2860 4244
121 2043 154 2058 ‘s'
254 2038 438 2071 inducendo
455 2040 594 2081 aliquem
611 2041 654 2072 ad
671 2041 879 2082 peccandum.
904 2041 997 2072 Unde
1019 2050 1085 2071 non
1103 2040 1244 2071 licuisset
1261 2040 1322 2081 ipsi

899 332 1167 378 QUAESTIO
1197 333 1410 381 LXXVIII,
1438 333 1734 370 ARTICULUS
1765 334 1816 370 lV

266 412 420 443 festarunt
442 411 512 441 loca
535 410 758 441 thesaurorum
781 420 924 446 suorum,
941 410 1030 450 quod
1054 410 1147 440 etiam
1169 410 1234 441 sine
1258 421 1329 450 pec-

267 463 337 487 cato
360 455 411 491 fit,
436 455 531 485 etiarn
555 465 629 485 cum
653 455 778 494 passivo
803 454 951 485 scandalo
975 454 1125 493 proximi,
1151 464 1188 484 ex
1210 455 1329 485 malitia

265 507 372 531 tamen
395 506 535 539 accepto,
552 499 697 539 quamvis
718 498 832 529 scirent
852 498 942 539 quod
957 508 994 528 ex
1013 498 1074 528 hoc
1093 505 1254 529 sumerent
1276 509 1328 529 oc-

267 544 428 575 casionem
450 543 577 583 rapinae
601 543 645 573 eis
675 543 782 574 minus
806 542 999 583 displicentis
1022 551 1121 582 quam
1144 543 1328 579 occisionis;

266 595 297 618 et
312 588 351 618 ad
365 594 516 618 neutrum
532 594 698 628 peccatum
713 596 768 616 eos
783 586 984 622 induxerunt,
998 586 1053 615 sed
1069 585 1117 616 usi
1131 593 1204 617 sunt
1219 587 1329 627 iniqua

266 642 380 662 eorum
394 632 558 662 voluntate
582 632 621 661 ad
646 631 779 661 salutern
803 630 950 672 propriae
968 629 1064 660 vitae:
1090 630 1131 660 ita
1156 631 1217 661 Lot
1240 630 1330 671 petiit

266 676 354 716 quod
375 686 442 706 non
466 675 701 706 committerent
730 674 912 705 sodomiam
935 683 1009 704 cum
1033 674 1180 705 masculis
1196 674 1329 715 hospiti-

265 721 335 756 bus,
351 720 440 761 quod
456 719 522 749 sine
538 725 668 759 peccato
692 719 864 749 concedere
882 724 1028 758 poterant
1038 727 1046 754 ;
1071 725 1102 748 et
1125 718 1240 749 obtulit
1255 725 1333 758 pro-¹

266 764 349 804 prias
378 773 411 794 se
438 762 517 793 filias
541 763 732 793 educturum
759 769 861 800 extra,
885 762 927 792 ita
958 762 1046 802 quod
1076 772 1142 792 non
1170 769 1330 802 oporteret

264 806 371 838 inferri
393 806 454 847 ipsi
473 806 553 847 patri
568 806 663 836 aliam
678 806 864 836 violentiam
887 806 927 836 ad
950 806 1012 836 hoc
1036 813 1071 837 ut
1084 806 1208 846 puellae
1225 812 1329 836 essent

265 858 357 887 extra,
382 851 471 891 quod
495 857 601 881 totum
624 850 692 880 sine
714 857 844 890 peccato
869 858 931 886 est,
955 850 1100 890 quamvis
1125 850 1216 881 sciret
1239 850 1328 891 quod

264 894 465 926 occasionem
485 894 705 925 abutendieis
727 894 801 925 inde
824 901 999 931 sumerent,
1025 902 1055 925 et
1077 894 1140 934 ipsi
1163 900 1329 934 peccarent

265 938 411 970 faciendo
426 938 592 974 iniustum,
616 937 698 969 filiae
721 946 828 969 autem
852 945 1032 979 paterentur
1046 938 1210 969 iniustum.
1236 937 1328 968 Unde

263 983 304 1013 ad
325 989 475 1014 neutrum
499 989 666 1023 peccatum
686 982 855 1014 inducebat
871 992 926 1013 eos
942 983 1013 1018 Lot,
1034 982 1134 1012 sciens
1153 981 1242 1022 quod
1262 991 1327 1011 non

263 1032 338 1058 sunt
355 1026 498 1057 facienda
514 1027 622 1057 minus
638 1027 722 1058 mala
745 1034 782 1058 ut
796 1027 953 1058 evitentur
969 1027 1053 1057 mala
1067 1025 1199 1062 maiora,
1215 1035 1328 1066 quam-

261 1070 310 1102 vis
325 1070 444 1107 dixerit,
460 1071 635 1102 Abutimini
657 1072 703 1102 eis
717 1076 752 1102 ut
768 1071 842 1102 libet
856 1069 1025 1113 (quoniam
1047 1069 1232 1110 permissive
1251 1069 1328 1099 haec

262 1113 413 1157 diceban:
439 1115 494 1146 sed
518 1115 564 1146 uti
579 1114 706 1146 volebat
728 1115 894 1156 iniquitate
908 1113 1040 1144 illorum
1056 1114 1095 1143 ad
1119 1114 1253 1149 bonum,
1270 1113 1328 1143 sci-

261 1157 335 1190 licet
349 1165 454 1190 tantae
470 1158 607 1190 offensae
623 1159 818 1190 vitationem.
842 1159 883 1189 Et
898 1157 1001 1188 simile
1015 1164 1062 1188 est
1083 1157 1122 1187 de
1137 1157 1230 1197 gestis
1248 1157 1328 1187 circa

215 1214 222 1222 ·
263 1212 395 1234 uxorem
417 1203 554 1239 Levitae,
579 1203 682 1234 Iudic.
697 1213 748 1233 xix
763 1202 793 1233 *ι
818 1201 963 1243 quamvis
988 1211 1054 1232 non
1076 1208 1223 1241 oporteat
1246 1200 1327 1232 forte

260 1246 305 1277 ita
318 1246 411 1278 illum
426 1257 573 1278 excusare
588 1246 670 1277 sicut
684 1247 756 1282 Lot,
774 1247 812 1276 de
829 1256 894 1287 quo
915 1245 1076 1286 Scriptura
1091 1252 1223 1276 testatur
1238 1246 1328 1287 quod

261 1295 333 1322 erat
355 1292 468 1329 iustus,
493 1290 519 1321 11
534 1291 600 1321 Pet.
616 1300 684 1330 cap.
699 1301 722 1321 11
735 1290 762 1320 *.

316 1334 358 1365 Et
378 1334 456 1365 haec
479 1334 562 1365 dicta
580 1333 643 1365 sint
666 1341 702 1365 ut
724 1344 791 1365 non
813 1341 905 1375 putet
929 1333 1010 1374 quis,
1036 1334 1182 1374 exemplo
1197 1333 1327 1364 illorum

260 1378 372 1410 decem
393 1378 546 1415 virorum,
569 1378 663 1420 licere
683 1378 833 1409 inducere
857 1379 896 1408 ad
919 1377 1026 1409 minus
1043 1378 1165 1408 malum
1189 1385 1325 1418 paratos,

260 1428 297 1453 ut
300 1421 452 1467 ‘agitetur
461 1419 576 1453 maius
585 1422 718 1454 malum.
744 1422 776 1454 Si
791 1422 877 1453 enim
894 1433 956 1453 non
973 1427 1050 1453 sunt
1063 1422 1222 1463 facienda
1239 1423 1326 1453 mala

248 1466 296 1497 ‘iit
318 1467 448 1498 veniant
470 1467 565 1505 bona,
590 1467 694 1498 multo
714 1467 820 1498 minus
845 1467 987 1497 facienda
1003 1473 1079 1497 sunt
1104 1473 1137 1497 ut
1159 1476 1227 1496 non
1249 1465 1327 1497 fiant

259 1509 382 1541 maiora
401 1510 496 1548 mala,
520 1511 610 1552 quod
633 1521 699 1542 non
722 1511 756 1542 in
779 1511 856 1542 boni
879 1511 1050 1551 positione,
1067 1511 1122 1540 sed
1141 1510 1217 1540 mali
1233 1520 1326 1550 nega-

258 1553 347 1589 Βότω
360 1555 522 1587 ‚consistit-
556 1556 672 1596 Magna
697 1565 836 1596 namque
860 1553 1034 1586 differentia
1057 1561 1104 1585 est
1130 1554 1212 1585 inter
1233 1554 1326 1585 indu-

259 1599 392 1643 φρικὶ
413 1599 521 1630 minus
537 1599 661 1631 malum
683 1606 720 1630 ut
741 1600 858 1631 vitetur
871 1599 992 1630 maius:
1016 1605 1047 1629 et
1070 1597 1181 1629 offerre
1204 1608 1240 1629 ac
1264 1605 1325 1629 tra-

259 1641 333 1684 dere
362 1642 565 1675 materialiter
591 1643 758 1676 materiam
785 1643 918 1674 minoris
949 1642 1034 1674 mali.
1067 1642 1213 1673 Primum
1241 1642 1326 1672 enim

257 1685 354 1718 ii't'ssla
368 1687 492 1718 ratione
517 1687 603 1724 licet,
634 1694 765 1729 propter
793 1687 950 1718 rationem
981 1686 1108 1718 dictam.
1140 1686 1325 1717 Secundum

258 1737 367 1763 autem
389 1730 600 1763 fecerunt·illi
614 1732 724 1762 decern
738 1731 807 1768 viri,
832 1730 904 1763 fecit
926 1732 999 1767 Lot,
1023 1730 1097 1761 fecit
1121 1730 1254 1766 Levites,
1279 1730 1324 1760 fa-

258 1773 361 1811 cimus
382 1775 527 1816 quotidie
549 1774 739 1807 redimentes
755 1775 970 1816 captivitatem
984 1775 1035 1806 vel
1049 1774 1251 1805 vexationem
1266 1784 1325 1805 no-

257 1825 357 1853 amm
378 1819 547 1856 iniustam,
557 1826 589 1851 et
605 1820 764 1852 solventes
783 1830 906 1852 usuras.
930 1819 1002 1851 Dixi
1018 1826 1126 1850 autern
1142 1818 1252 1850 offerre
1267 1829 1323 1850 seu

259 1899 265 1906 ⁵
307 1872 378 1906 ,ᾖτε
392 1863 637 1906 ,ιοιιιεενίαἱίΐιετ.·7
654 1864 717 1896 hoc
740 1871 796 1905 est,
820 1874 887 1895 non
910 1864 951 1894 ad
973 1863 1192 1894 inducendum
1214 1863 1323 1904 ipsum

290 1940 294 1946 ι
319 1907 509 1950 explendam
530 1907 650 1940 malam
670 1919 763 1940 suam
778 1909 978 1940 voluntatem
1001 1907 1081 1939 circa
1097 1907 1237 1939 oblatam
1257 1917 1323 1938 ma·
1349 1923 1350 1926 =

254 1945 378 1996 't's‘a'rm
402 1952 458 1982 sed
480 1951 520 1983 ad
542 1952 766 1984 redimendum
780 1952 982 1984 vexationem
997 1962 1089 1983 suam
1111 1952 1163 1982 vel
1186 1952 1324 1993 proximi
1348 1957 1350 1990 ξ

255 1993 311 2026 uli
333 1994 494 2027 oblatione
510 2005 566 2027 seu
581 1997 763 2035 traditione,
779 1997 899 2028 utendo
916 1996 1043 2028 alterius
1059 1996 1236 2037 iniquitate,
1255 2006 1322 2027 non
1348 1995 1350 2023 ἐ

254 2082 329 2120 Lot,
351 2083 410 2124 qui
433 2085 549 2119 obtulit
564 2086 728 2117 materiam
749 2086 840 2117 liberi
855 2085 983 2122 arbitrii,
1007 2084 1086 2116 filias
1102 2084 1231 2122 scilicet,
1248 2094 1324 2116 con-

255 2127 506 2161 sulen-estliabus
529 2129 595 2160 suis
618 2137 654 2162 ut
677 2130 891 2162 consentirent
914 2129 948 2160 in
964 2136 1125 2171 stuprum:
1151 2129 1206 2160 sed
1230 2135 1266 2160 ut
1287 2129 1321 2160 il·
1348 2155 1349 2169 ,

253 2168 357 2209 latum
372 2172 526 2205 violenter
549 2174 706 2205 constanti
724 2174 876 2216 patientia
894 2174 1084 2205 sustinerent
1100 2173 1143 2205 ad
1158 2183 1321 2210 coronam,

255 2215 413 2259 iitlLueia
434 2217 520 2248 dixit.
537 2235 556 2240 —
572 2217 613 2248 Et
638 2219 716 2249 haec
733 2219 815 2250 dicta
838 2219 900 2249 sint
924 2218 949 2248 si
966 2218 1029 2249 Lot
1052 2218 1248 2248 excusandus
1265 2225 1321 2254 est,

254 2259 387 2301 propter
405 2260 625 2292 auctoritatem
643 2262 726 2294 Petri
746 2263 904 2304 Apostoli.
927 2262 1034 2300 Quam
1057 2262 1172 2293 Glossa
1182 2262 1209 2298 *‚
1228 2271 1323 2302 super

257 2304 337 2336 Gen.
361 2314 428 2346 cap.
455 2305 554 2342 xrx*‚
578 2307 708 2346 exponit
731 2307 961 2348 comparative:
993 2307 1055 2337 hoc
1078 2313 1124 2337 est
1147 2307 1236 2346 quod
1259 2307 1323 2337 Lot
1348 2339 1349 2345 ἵ

255 2348 440 2383 noniustus
456 2349 648 2390 simpliciter,
671 2351 726 2381 sed
749 2351 988 2391 comparatione
1012 2350 1252 2382 Sodomitarum
1274 2350 1322 2381 iu—

256 2400 323 2433 stus
337 2393 463 2425 dicitur.
482 2394 524 2425 Et
537 2395 709 2435 Augustini
726 2395 850 2432 Glossa,
866 2395 986 2426 ibidem
1000 2395 1027 2431 *,
1043 2395 1107 2426 Lot
1121 2395 1322 2435 reprehendit

256 2437 295 2469 de
317 2437 479 2471 oblatione
502 2437 658 2476 filiarum,
681 2440 773 2480 quasi
803 2450 870 2470 non
897 2440 1011 2470 habeat
1040 2439 1149 2470 locum
1168 2438 1322 2470 redimere
1348 2443 1349 2447 ’

254 2481 455 2514 vexationem
472 2481 633 2514 offerendo
651 2484 815 2514 materiam
829 2483 919 2514 liberi
935 2483 1052 2514 arbitrii
1073 2483 1112 2513 ad
1135 2483 1322 2524 patiendum

254 2524 442 2564 huiusmodi
458 2535 556 2566 opera
571 2527 721 2558 nefanda:
746 2527 891 2569 quamvis
906 2526 1106 2567 Augustinus
1129 2527 1322 2567 redemptio·
1348 2537 1349 2550 ³

254 2570 526 2602 nemwexationis
550 2571 583 2602 in
606 2571 654 2602 his
677 2572 782 2612 gestis,
807 2578 843 2602 ut
866 2572 1087 2608 tractavimus,
1111 2581 1176 2602 non
1199 2578 1320 2602 tractet.

256 2635 267 2638 -
306 2614 360 2647 lv.
377 2615 412 2647 ln
428 2616 636 2655 responsione
651 2616 691 2646 ad
707 2617 836 2648 tertium
851 2616 995 2647 eiusdem
1011 2615 1133 2646 articuli
1148 2615 1252 2656 quarti
1265 2616 1322 2646 du·
1347 2615 1349 2656 ξ

254 2658 346 2700 bium
361 2659 508 2698 occurrit,
527 2660 682 2701 quoniam
698 2660 854 2692 adversari
869 2661 994 2691 videtur
1012 2659 1174 2691 doctrinae
1192 2659 1322 2691 traditae
1347 2677 1349 2700 ς

253 2702 289 2735 in
307 2702 369 2733 hoc
384 2703 527 2740 articulo,
547 2711 578 2735 et
596 2704 728 2741 veritati,
744 2715 802 2746 pro
822 2712 943 2746 quanto
961 2704 1074 2735 dicitur
1092 2704 1191 2746 quod,
1208 2705 1236 2735 si
1250 2706 1321 2744 quis
1346 2709 1348 2747 ἢ

255 2747 466 2779 committeret
487 2750 661 2789 pecuniam
689 2759 782 2780 suam
811 2750 964 2780 usurario
995 2759 1058 2779 non
1087 2749 1216 2779 habenti
1239 2749 1322 2779 alias

256 2790 343 2822 unde
369 2801 489 2822 usuras
511 2798 694 2831 exerceret,
719 2793 813 2824 daret
840 2794 1009 2823 materiam
1035 2793 1210 2833 peccandi,
1237 2793 1320 2823 unde
1346 2824 1347 2827 Ἴ

256 2838 287 2866 et
310 2835 376 2875 ipse
398 2840 480 2866 esset
497 2837 662 2876 particeps
683 2837 806 2877 culpae.
830 2838 914 2867 Nam
937 2837 1019 2867 sicut
1041 2843 1153 2877 petens
1168 2843 1320 2867 mutuum
1346 2838 1347 2877 ζ

256 2879 295 2910 ab
318 2879 463 2911 usurario
487 2880 541 2910 dat
562 2880 727 2911 materiam
743 2890 867 2917 usurae,
891 2881 1007 2921 pignus
1023 2880 1150 2916 scilicet,
1174 2881 1208 2911 in
1231 2881 1321 2921 quod
1346 2892 1347 2912 1

256 2929 397 2955 exerceat
421 2923 584 2955 avaritiam
611 2933 703 2955 suam
733 2925 918 2965 accipiendo
942 2933 1087 2960 usuram;
1120 2931 1151 2955 et
1178 2925 1320 2955 incidens
1345 2913 1347 2980 4

255 2967 290 2998 in
310 2967 450 2998 latrones
473 2974 504 2998 et
525 2968 650 2998 tradens
673 2968 733 2999 illis
756 2969 841 2999 bona
862 2979 919 2999 sua
941 2969 994 2999 dat
1017 2968 1062 2998 eis
1085 2968 1250 2999 materiam
1271 2978 1319 2998 ra·
1345 2981 1347 3006 f

256 3011 365 3053 pinae:
389 3014 433 3042 ita
455 3011 533 3042 dans
555 3011 726 3052 pecuniam
749 3012 781 3042 in
805 3012 988 3053 depositum
1007 3012 1152 3043 usurario
1176 3022 1242 3042 non
1266 3013 1320 3042 ha·
1345 3028 1347 3052 5

255 3056 342 3087 benti
366 3055 441 3086 alias
465 3055 549 3086 unde
569 3062 708 3086 exerceat
730 3066 851 3093 usuras,
877 3056 929 3087 dat
952 3056 1115 3087 materiam
1131 3066 1255 3087 usurae.
1279 3056 1320 3086 Et
1345 3055 1347 3094 i

256 3100 281 3130 si
304 3099 350 3130 illi
367 3106 554 3130 excusantur
577 3099 652 3140 quia
669 3110 735 3130 non
754 3100 938 3136 formaliter,
955 3101 1010 3131 sed
1025 3100 1226 3130 materialiter
1244 3100 1320 3131 dant
1345 3105 1346 3138 Ῑ

255 3144 421 3175 materiam
444 3144 605 3183 peccandi,
624 3144 701 3185 quia
715 3144 776 3185 ipsi
790 3154 856 3175 non
873 3145 949 3175 dant
971 3145 1012 3174 ad
1034 3145 1096 3175 hoc
1119 3151 1156 3175 ut
1178 3151 1318 3184 peccent,
1345 3139 1346 3180 ἶ

254 3188 312 3222 sed
335 3188 628 3228 patiuntur—potius
651 3188 724 3219 illos
747 3198 875 3229 peccare
905 3195 1036 3229 propter
1054 3198 1154 3222 ‚suum
1178 3189 1318 3219 bonum:
1345 3206 1346 3229 3

257 3232 368 3264 eadem
396 3232 518 3263 ratione
546 3232 605 3263 iste
634 3233 798 3273 deponens
826 3233 1022 3264 excusandus
1046 3239 1108 3269 est,
1133 3242 1208 3263 cum
1235 3233 1319 3263 bona
1345 3233 1346 3267 ξ

255 3275 431 3308 intentione
456 3276 517 3312 det,
542 3283 573 3308 et
595 3286 662 3307 non
684 3276 814 3308 inducat
836 3277 928 3308 illum
951 3278 991 3307 ad
1014 3276 1201 3308 violandum
1222 3277 1319 3318 depo-

256 3321 354 3352 situm
378 3327 432 3351 aut
448 3330 579 3351 usuram
594 3321 808 3358 exercendam,
833 3321 888 3351 sed
911 3321 1049 3362 patiatur
1066 3320 1151 3353 illius
1175 3320 1320 3352 futurum

255 3365 436 3406 praevisum
459 3371 625 3404 peccatum
648 3371 778 3405 propter
799 3365 923 3396 bonum
945 3365 1046 3406 ipsius
1070 3366 1268 3405 deponentis,
1285 3374 1321 3396 ut
1345 3391 1346 3402 2

255 3409 374 3441 scilicet
396 3415 463 3439 tute
487 3409 620 3450 pecunia
636 3418 694 3439 sua
716 3409 921 3445 custodiatur,
945 3409 1052 3446 Quare
1074 3410 1126 3441 hic
1150 3416 1196 3440 est
1218 3409 1319 3450 magis

255 3453 412 3495 particeps
435 3453 554 3493 peccati
577 3462 675 3494 quam
697 3452 764 3484 ille:
796 3463 870 3484 curn
893 3453 933 3484 sit
955 3463 1058 3495 aequa
1081 3454 1264 3490 necessitas,
1289 3461 1319 3484 et

257 3507 357 3538 aequa
373 3498 456 3527 bona
472 3497 616 3533 intentio,
638 3504 667 3528 et
691 3504 823 3537 uterque
843 3497 979 3537 patiatur
997 3498 1177 3538 praevisum
1193 3497 1319 3528 alterius
1345 3520 1347 3537 ἦ

257 3548 432 3581 peccatum,
458 3551 523 3571 non
548 3539 659 3571 faciat?

313 3585 364 3616 Ad
392 3585 473 3616 hanc
503 3585 735 3616 dubitationem
766 3584 879 3615 dicitur
909 3586 1014 3624 quod,
1046 3596 1120 3616 cum
1148 3579 1318 3616 verborum
1345 3612 1347 3634 ἶ

254 3637 368 3659 sensus
390 3638 428 3659 ex
450 3629 571 3660 ratione
595 3629 719 3659 dicendi
743 3629 916 3659 sumendus
941 3629 995 3664 sit;
1022 3637 1052 3659 et
1075 3629 1154 3659 ratio
1177 3629 1317 3665 dicendi,

259 3678 295 3702 ut
316 3679 444 3712 apparet
462 3673 494 3703 in
510 3680 698 3713 argumento
719 3673 769 3703 cui
790 3673 881 3703 datur
897 3673 974 3703 haec
990 3673 1164 3713 responsio,
1183 3680 1229 3703 est
1244 3673 1318 3713 quia
1345 3687 1346 3705 1

2372 337 2441 383 167

1384 410 1596 441 communiter
1618 420 1684 441 rem
1708 411 1832 441 custodi
1855 409 1974 441 infideli
1999 411 2197 442 committere
2221 421 2286 441 non
2303 418 2350 442 est
2373 412 2443 442 abs-

1384 464 1445 495 que
1463 455 1555 494 culpa
1579 454 1813 491 committentis,
1838 462 1874 485 ut
1896 461 1982 495 patet
2004 455 2036 485 in
2054 455 2162 486 multis
2179 455 2279 486 allatis
2295 456 2445 495 exemplis

1384 499 1422 528 de
1445 498 1609 528 luxurioso
1634 505 1664 529 et
1686 499 1818 538 guloso:
1843 509 1909 529 non
1931 506 2005 529 sunt
2028 499 2105 530 haec
2121 500 2215 530 verba
2238 500 2386 530 Auctoris
2411 508 2446 530 ut

1383 542 1485 582 prima
1500 541 1578 572 facie
1595 552 1707 573 sonare
1722 542 1868 574 videntur
1883 543 2094 583 intelligenda,
2111 544 2166 573 sed
2185 543 2445 583 distinguendum

1384 592 1438 621 est,
1463 586 1551 626 quod
1575 586 1656 616 sicut
1674 586 1743 617 talis
1759 587 1930 623 usurarius,
1947 597 2013 618 non
2030 587 2148 617 habens
2163 588 2239 617 alias
2260 589 2343 618 unde
2360 597 2444 618 exer-

1383 636 1449 659 ceat
1472 639 1597 665 usuras,
1623 630 1688 660 duo
1713 631 1882 661 committit
1904 638 2045 671 peccata,
2070 631 2186 662 scilicet
2209 632 2444 662 distractionem

1383 673 1517 712 depositi
1538 681 1568 704 et
1586 683 1716 705 usuram
1737 673 1833 716 (quae
1848 682 1934 715 patet
1950 685 2017 706 esse
2033 676 2209 706 secundum
2225 685 2257 706 se
2277 676 2353 711 duo,
2370 676 2445 716 quia

1383 717 1565 756 separabilia
1589 725 1680 748 sunt:
1708 726 1816 758 posset
1839 719 1924 749 enim
1947 719 2118 750 distrahere
2142 720 2326 760 depositum
2350 729 2444 760 expo-

1383 761 1488 791 nendo
1504 761 1674 801 pecuniam
1695 763 1871 802 depositam
1889 763 1921 793 in
1937 763 2012 793 alias
2030 764 2269 803 negotiationes,
2283 771 2319 794 ut
2334 762 2444 806 patet),

1381 803 1424 834 ita
1447 804 1480 834 in
1504 805 1682 845 deponente
1712 807 1799 846 apud
1821 807 1917 837 talem
1940 807 2120 838 usurarium
2150 808 2215 838 duo
2239 815 2314 838 sunt
2341 809 2445 838 consi-

1383 847 1535 884 deranda;
1551 849 1666 888 primo,
1683 851 1771 890 quod
1788 851 1919 891 deponit
1934 852 2019 891 apud
2035 852 2267 888 distractorem;
2292 853 2444 888 secundo,

1382 892 1471 932 quod
1501 892 1634 932 deponit
1660 894 1746 933 apud
1769 895 1950 926 usurarium
1978 905 2044 926 non
2066 896 2237 926 habentem
2260 897 2346 927 unde
2369 896 2445 928 alias

1383 943 1523 966 exerceat
1538 946 1659 968 usuras.
1684 938 1819 968 Ratione
1835 939 1939 979 primi,
1963 940 2120 980 particeps
2137 947 2183 970 est
2201 940 2312 981 culpae
2335 940 2446 971 distra-

1383 980 1504 1016 ctionis,
1529 980 1611 1011 sicut
1627 981 1828 1012 committens
1845 982 1951 1014 cibum
1969 984 2084 1023 guloso
2100 984 2255 1025 particeps
2272 991 2318 1015 est
2334 984 2444 1025 culpae

1383 1023 1602 1060 comestionis,
1628 1032 1659 1055 et
1686 1026 1888 1057 committens
1911 1027 2064 1067 virginem
2094 1027 2259 1058 luxurioso
2289 1028 2444 1068 particeps

1383 1074 1428 1098 est
1451 1068 1563 1108 culpae
1585 1068 1738 1103 libidinis:
1764 1079 1838 1099 narn
1862 1070 1928 1101 sine
1952 1071 2045 1111 culpa
2069 1072 2295 1103 committentis
2319 1082 2385 1102 non
2400 1080 2446 1103 est

1382 1118 1418 1142 ut
1446 1118 1553 1142 actum
1582 1112 1683 1152 exigat
1711 1113 1872 1144 custodiae
1903 1115 1941 1144 ab
1965 1125 2004 1145 eo
2035 1125 2132 1156 quem
2156 1115 2212 1147 scit
2242 1116 2445 1156 probabiliter

1383 1162 1489 1186 actum
1512 1156 1604 1186 illum
1628 1167 1694 1187 non
1718 1157 1885 1188 facturum.
1920 1158 1960 1188 Et
1983 1160 2090 1199 quoad
2113 1159 2175 1190 hoc
2198 1167 2245 1190 est
2273 1159 2445 1191 differentia

1382 1200 1462 1230 inter
1481 1207 1641 1240 petentem
1665 1202 1703 1231 ab
1721 1202 1864 1232 usurario
1882 1208 2043 1239 mutuum,
2068 1210 2098 1233 et
2121 1204 2335 1243 deponentem
2359 1205 2444 1244 apud

1382 1244 1520 1274 eundem
1543 1254 1609 1275 non
1633 1245 1802 1276 habentem
1817 1252 1893 1276 etc.:
1923 1246 1998 1286 quia
2022 1247 2065 1277 ibi
2089 1255 2176 1278 actus
2201 1248 2305 1278 bonus
2328 1249 2444 1287 petitus

1381 1288 1478 1319 scitur
1501 1290 1708 1326 exercendus,
1733 1290 1850 1320 scilicet
1873 1297 2040 1327 mutuum;
2073 1291 2124 1322 hic
2148 1299 2235 1322 actus
2259 1292 2363 1322 bonus
2392 1293 2445 1323 de-

1381 1332 1465 1363 bitus
1489 1333 1680 1364 commissus
1707 1334 1804 1365 scitur
1827 1344 1893 1364 non
1917 1335 2124 1371 exercendus,
2150 1335 2268 1366 scilicet
2290 1337 2443 1367 custodia.

1381 1376 1441 1408 Iste
1465 1386 1539 1417 ergo
1563 1384 1644 1408 errat
1666 1378 1699 1408 in
1723 1385 1794 1410 actu
1819 1379 1991 1409 commisso
2016 1379 2139 1410 debito:
2164 1380 2216 1410 ille
2238 1387 2346 1410 autem
2367 1391 2443 1412 non.

1380 1421 1421 1452 Et
1444 1427 1611 1462 propterea
1633 1422 1691 1452 iste
1714 1422 1828 1453 dicitur
1851 1423 1924 1453 dare
1947 1423 2111 1454 materiam
2134 1423 2295 1464 peccandi,
2320 1431 2351 1455 et
2373 1435 2443 1465 par-

1379 1464 1477 1505 ticeps
1493 1466 1621 1506 culpae:
1646 1466 1721 1507 quia
1737 1466 1770 1496 in
1786 1473 1858 1497 actu
1874 1467 2047 1498 commisso
2072 1467 2178 1498 debito
2203 1468 2254 1499 dat
2279 1469 2444 1499 materiam

1379 1510 1539 1549 peccandi,
1565 1517 1596 1540 et
1618 1517 1784 1550 propterea
1808 1518 1855 1541 est
1877 1511 2032 1552 particeps
2057 1512 2167 1552 culpae
2191 1522 2273 1553 quae
2297 1513 2444 1544 commit-

1380 1553 1456 1584 titur
1478 1553 1511 1584 in
1535 1560 1606 1585 actu
1630 1555 1804 1594 commisso
1828 1555 1935 1586 debito
1959 1557 1998 1586 ab
2022 1566 2060 1586 eo
2085 1557 2135 1587 cui
2155 1556 2365 1587 commissum
2381 1564 2427 1588 est
2435 1567 2442 1594 ;

1379 1598 1483 1628 malus
1507 1598 1593 1628 enim
1616 1605 1723 1629 custos
1746 1599 1875 1639 virginis
1900 1606 1946 1630 est
1976 1600 2032 1640 qui
2056 1601 2227 1631 committit
2254 1610 2326 1631 eam
2352 1602 2443 1632 luxu-

1379 1641 1476 1679 rioso,
1497 1648 1528 1672 et
1550 1642 1594 1672 sic
1612 1643 1649 1672 de
1665 1642 1743 1673 aliis.
1766 1643 1832 1673 Nec
1849 1643 2024 1675 excluditur
2039 1643 2101 1675 hoc
2116 1655 2134 1674 a
2154 1645 2330 1676 dicentibus
2353 1646 2443 1687 quod

1379 1685 1454 1726 quia
1482 1685 1615 1726 quilibet
1642 1693 1689 1717 est
1718 1686 1869 1717 dominus
1897 1687 1941 1717 rei
1965 1698 2056 1724 suae,
2086 1689 2241 1729 ponitque
2267 1689 2313 1719 illi
2340 1690 2443 1731 legem

1378 1739 1476 1770 quam
1491 1730 1569 1766 vult,
1584 1730 1657 1760 ideo
1673 1730 1731 1761 iste
1750 1731 1914 1771 deponens
1930 1733 2015 1771 apud
2031 1732 2247 1763 distractorem
2269 1743 2336 1763 rem
2351 1744 2443 1764 suam

1377 1783 1443 1804 non
1459 1781 1577 1815 peccat,
1593 1781 1705 1814 utpote
1729 1775 1807 1805 dans
1822 1775 1868 1806 illi
1882 1775 2033 1816 implicite
2056 1776 2216 1807 licentiam
2239 1777 2441 1809 distrahendi.

1377 1817 1507 1849 Errathr
1530 1818 1688 1859 siquidem
1712 1819 1755 1850 sic
1778 1819 2003 1860 respondendo
2021 1820 2054 1850 in
2069 1821 2187 1852 radice:
2212 1821 2366 1862 quoniam
2390 1823 2441 1853 de—

1377 1872 1501 1903 ponens
1518 1873 1575 1894 nec
1592 1863 1735 1903 explicite
1751 1873 1808 1894 nec
1823 1864 1975 1904 implicite
1993 1865 2045 1895 dat
2059 1865 2219 1896 licentiam
2235 1865 2442 1903 distrahendi;

1377 1916 1416 1937 eo
1440 1907 1530 1948 quod
1553 1908 1716 1947 deponens
1740 1908 1808 1939 vult
1832 1908 2062 1948 depositarium
2084 1909 2182 1940 teneri
2197 1909 2256 1940 sibi
2280 1911 2318 1941 de
2344 1911 2440 1952 depo-

1377 1951 1437 1981 sito
1461 1951 1639 1982 secundum
1661 1952 1730 1982 iura
1753 1952 1903 1993 depositi,
1929 1960 1959 1983 et
1982 1953 2035 1983 tali
2060 1953 2182 1984 actione
2206 1961 2311 1994 ageret
2334 1962 2442 1986 contra

1377 2002 1453 2025 eum
1482 1995 1507 2025 si
1531 2005 1579 2026 res
1607 1996 1647 2026 ad
1670 1996 1826 2027 iudicium
1848 1997 2068 2034 reduceretur;
2097 1998 2147 2028 ius
2170 2005 2278 2028 autem
2306 1999 2442 2040 depositi

1348 2045 1350 2069 ῑ
1377 2039 1613 2070 distractionem
1636 2040 1800 2081 prohibet,
1825 2048 1856 2071 et
1878 2041 1919 2072 ad
1942 2042 2121 2072 custodiam
2145 2042 2273 2082 obligat.
2305 2043 2346 2073 Et
2368 2053 2442 2084 pro-

1376 2090 1483 2124 pterea
1507 2085 1670 2124 deponens
1693 2092 1801 2125 peccat
1817 2085 2034 2125 participando
2052 2096 2126 2116 cum
2141 2087 2228 2116 malo
2248 2087 2440 2127 depositario

1375 2127 1408 2159 in
1432 2128 1515 2158 mala
1539 2129 1693 2166 custodia,
1709 2129 1749 2159 ad
1772 2139 1871 2170 quam
1894 2136 2000 2160 tamen
2021 2130 2114 2161 illum
2130 2131 2248 2171 obligat
2271 2141 2308 2162 ex
2330 2138 2441 2163 natura

1376 2179 1564 2203 contractus
1589 2190 1610 2195 -
1633 2172 1768 2204 Ratione
1783 2183 1859 2204 vero
1883 2174 2024 2211 secundi,
2048 2185 2115 2205 non
2132 2182 2179 2205 est
2201 2176 2357 2216 particeps
2373 2177 2440 2207 cul-

1375 2226 1444 2256 pae,
1469 2226 1572 2258 neque
1593 2217 1646 2247 dat
1661 2217 1825 2248 materiam
1844 2218 1996 2257 peccandi
2015 2228 2070 2249 seu
2090 2226 2231 2259 peccato,
2255 2220 2327 2260 plus
2343 2230 2441 2261 quam

1375 2261 1531 2301 accipiens
1546 2268 1698 2292 mutuum
1713 2269 1744 2292 et
1759 2262 1900 2293 incidens
1918 2262 1951 2292 in
1970 2263 2119 2299 latrones,
2139 2270 2270 2303 propter
2285 2264 2441 2295 rationem

1375 2305 1502 2336 allatam
1519 2305 1710 2336 obiiciendo.
1736 2306 1827 2337 Unde
1844 2313 1875 2338 et
1893 2306 1927 2337 in
1949 2306 2051 2337 littera
2066 2317 2133 2338 non
2155 2307 2268 2338 dicitur
2283 2309 2372 2348 quod
2388 2309 2441 2339 dat

1375 2349 1540 2380 materiam
1561 2350 1712 2390 peccandi
1735 2357 1864 2390 peccato
1889 2361 2017 2387 usurae,
2041 2361 2145 2392 neque
2168 2353 2258 2392 quod
2281 2359 2328 2383 est
2349 2353 2442 2393 parti-

1348 2396 1349 2408 ³
1374 2403 1448 2434 ceps
1460 2389 1572 2434 culpae
1588 2403 1717 2425 usurae:
1737 2395 1792 2425 sed
1802 2395 1960 2435 peccandi
1975 2402 2006 2426 et
2021 2397 2135 2436 culpae
2151 2396 2335 2436 simpliciter
2351 2397 2437 2428 dixit.

1430 2438 1470 2469 Et
1493 2438 1648 2479 quoniam
1663 2446 1830 2478 peccatum
1847 2439 2058 2470 distractionis
2082 2439 2218 2480 depositi
2233 2450 2299 2471 non
2317 2451 2441 2482 semper

1375 2488 1422 2512 est
1439 2483 1587 2513 mortale:
1611 2501 1632 2506 —
1656 2484 1786 2524 quando
1804 2483 1890 2513 enim
1906 2483 1977 2524 quis
1993 2484 2163 2524 pecuniam
2179 2485 2358 2524 depositam
2382 2485 2441 2515 dis-

1374 2526 1470 2557 trahit
1492 2537 1558 2556 non
1582 2526 1729 2557 habendo
1754 2527 1848 2557 aliam
1872 2537 1970 2568 quarn
1993 2529 2122 2558 reddere
2145 2528 2247 2569 possit
2270 2529 2440 2570 requisitus

1347 2582 1349 2614 ᾗ
1374 2571 1498 2607 statim,
1522 2578 1631 2611 peccat
1660 2569 1859 2614 (depositum
1888 2572 2148 2609 custodiendum,
2173 2583 2239 2603 non
2267 2573 2439 2604 distrahen-

1374 2615 1453 2645 dum
1476 2615 1609 2646 traditur
1632 2622 1663 2646 et
1685 2623 1883 2655 acceptatur:
1917 2624 2085 2657 propterea
2109 2627 2175 2647 non
2199 2617 2383 2649 transfertur
2405 2619 2438 2648 in

1374 2669 1413 2690 eo
1438 2658 1645 2701 dominium),
1661 2660 1716 2690 sed
1738 2660 1848 2691 leviter
1871 2667 1980 2700 peccat
2002 2661 2028 2691 si
2051 2660 2167 2692 fiducia
2189 2662 2311 2692 veritati
2333 2662 2439 2693 innixa

1373 2703 1447 2734 insit
1470 2704 1569 2744 quod,
1594 2703 1781 2744 requisitus,
1805 2705 1904 2745 paulo
1928 2711 2003 2744 post
2025 2705 2118 2736 faciat
2141 2705 2227 2736 satis:
2252 2706 2329 2736 levis
2353 2706 2438 2736 enim

1374 2747 1455 2778 inter
1469 2748 1616 2778 homines
1641 2748 1734 2788 culpa
1750 2749 1827 2779 haec
1843 2749 1991 2780 habetur:
2017 2767 2037 2772 -
2060 2749 2133 2779 ideo
2159 2750 2360 2780 committens
2383 2761 2436 2791 pe-

1374 2792 1502 2822 cuniam
1525 2802 1617 2822 suam
1641 2792 1827 2828 distractori‚
1851 2802 1948 2833 quem
1971 2799 2078 2823 tamen
2102 2793 2192 2824 novit
2213 2793 2346 2825 fideliter
2368 2796 2437 2825 red-

1373 2836 1516 2867 diturum
1539 2836 1637 2876 paulo
1661 2843 1735 2876 post
1749 2837 2000 2877 requisitionem,
2014 2837 2088 2868 licet
2105 2844 2222 2877 peccet,
2246 2847 2312 2868 non
2331 2845 2437 2869 tamen

1346 2884 1347 2887 ’
1373 2881 1565 2916 mortaliter;
1599 2880 1680 2910 sicut
1708 2881 1910 2911 committens
1933 2881 2042 2911 cibum
2063 2882 2196 2921 guloso,
2221 2882 2288 2912 sine
2310 2883 2437 2913 mortali

1373 2931 1480 2955 tamen
1503 2931 1634 2964 peccato
1657 2924 1766 2964 gulae;
1798 2932 1829 2955 et
1858 2925 1939 2955 sicut
1967 2925 2170 2956 committens
2197 2925 2230 2955 in
2253 2926 2435 2966 depositum

1373 2967 1544 3008 pecuniam
1562 2978 1654 2998 suam
1677 2968 1867 3008 negotiatori
1890 2978 1987 3008 quem
2003 2969 2093 2999 novit
2110 2979 2180 2999 non
2197 2979 2318 3000 servare
2341 2980 2436 3010 pecu-

1373 3012 1451 3048 nias,
1468 3012 1523 3042 sed
1540 3021 1661 3048 omnes,
1678 3012 1793 3052 quovis
1809 3012 1909 3042 modo
1925 3013 2048 3048 habeat,
2064 3013 2097 3043 in
2118 3013 2348 3053 negotiationes
2364 3024 2435 3045 suas

1373 3065 1541 3096 exponere.

1428 3099 1470 3130 Et
1484 3100 1547 3130 hoc
1569 3100 1669 3130 modo
1686 3107 1842 3131 consonat
1863 3100 1959 3131 huius
1978 3101 2192 3141 responsionis
2216 3101 2359 3132 doctrina
2377 3103 2435 3133 toti

1372 3144 1517 3175 articulo.
1541 3144 1634 3174 Unde
1654 3144 1826 3175 differentia
1844 3144 1987 3175 formalis
2010 3144 2091 3176 inter
2113 3145 2327 3186 deponentem
2350 3147 2434 3187 apud

1373 3188 1555 3219 usurarium
1570 3188 1741 3219 habentem
1757 3189 1842 3219 unde
1858 3188 1933 3219 alias
1950 3199 2061 3219 usuras
2081 3197 2229 3225 exerceat,
2247 3197 2277 3220 et
2300 3200 2366 3220 non
2382 3191 2436 3221 ha—

1371 3231 1516 3269 bentem,
1542 3239 1588 3262 est
1610 3232 1685 3273 quia
1708 3232 1761 3262 ille
1784 3232 1986 3273 probabiliter
2010 3233 2145 3264 creditur
2173 3233 2255 3264 fidus
2278 3235 2435 3274 deposita-

1373 3277 1452 3313 rius,
1470 3283 1500 3307 et
1522 3286 1589 3306 non
1612 3276 1778 3307 distractor
1800 3277 1945 3317 depositi,
1962 3287 1997 3308 ac
2020 3287 2077 3317 per
2099 3277 2160 3308 hoc
2183 3278 2392 3309 committitur
2407 3279 2433 3309 ei

1373 3328 1461 3352 actus
1477 3321 1592 3357 bonuz
1606 3320 1740 3357 debitus,
1754 3327 1897 3361 speratus
1913 3322 2001 3362 quod
2017 3321 2071 3352 fiet
2086 3322 2124 3351 ab
2140 3322 2211 3351 ino:
2232 3322 2283 3352 hic
2300 3323 2434 3353 creditur

1373 3365 1576 3401 contrarium,
1597 3373 1627 3396 et
1639 3365 1848 3396 committitur
1863 3372 1950 3396 actus
1970 3366 2073 3396 bonus
2097 3365 2219 3396 debitus
2239 3365 2267 3395 ei
2290 3366 2346 3406 qui
2360 3377 2433 3406 pro-

1345 3406 1347 3438 ὲ
1372 3409 1514 3440 babiliter
1526 3409 1655 3440 timetur
1671 3409 1811 3440 facturus
1825 3409 2023 3450 oppositum.
2047 3410 2089 3440 Et
2102 3415 2268 3450 propterea
2279 3409 2331 3440 hic
2347 3420 2433 3441 com-

1346 3459 1347 3462 ’
1373 3454 1489 3484 missor
1504 3453 1659 3494 particeps
1683 3461 1729 3484 est
1753 3453 1863 3493 culpae
1884 3453 2103 3484 distractionis.
2132 3454 2206 3483 Non
2230 3461 2336 3484 tamen
2359 3465 2433 3494 pro-

1374 3505 1489 3538 pterea,
1506 3497 1580 3538 quia
1598 3497 1714 3528 scilicet
1729 3497 1781 3528 dat
1796 3507 1925 3537 operam
1942 3497 1985 3527 rei
2001 3497 2126 3527 illicitae
2141 3497 2311 3533 venialiter,
2328 3498 2431 3538 impu-

1372 3548 1457 3572 tatur
1472 3541 1499 3571 ei
1515 3541 1793 3582 superappositum
1817 3551 1930 3571 usurae
1947 3541 2064 3571 crimen
2080 3551 2116 3571 ex
2135 3541 2253 3571 malitia
2271 3542 2431 3573 distracto-

1373 3585 1432 3615 ris:
1457 3586 1610 3625 quoniam
1628 3586 1688 3615 hoc
1713 3592 1759 3615 est
1774 3595 1829 3624 per
1844 3585 1997 3620 accidens,
2019 3592 2048 3615 et
2064 3585 2232 3625 displicens
2249 3586 2430 3626 deponenti,

1373 3639 1430 3659 nec
1441 3639 1477 3659 ex
1493 3639 1552 3659 suo
1568 3636 1639 3659 actu
1654 3639 1860 3669 consequenS,
1886 3629 1939 3658 sed
1955 3639 1991 3659 ex
2003 3629 2130 3659 alterius
2142 3629 2289 3660 adiuncta
2302 3631 2430 3666 malitia,

1373 3683 1469 3713 quam
1492 3673 1549 3703 iste
1573 3673 1685 3703 tolerat
1708 3679 1837 3713 propter
1860 3673 1983 3702 bonum
2006 3673 2063 3703 sibi
2089 3674 2308 3704 necessarium.
