2860 4244
150 2881 157 2888 ·
174 2879 210 2901 Cf.
225 2885 289 2901 num.
304 2885 336 2901 iv.

394 243 467 279 356

1109 238 1375 284 QUAESTIO
1406 238 1456 285 C,
1486 238 1782 275 ARTICULUS
1813 239 1843 275 11

392 320 593 353 confirmator
614 326 739 350 vexaret
762 319 895 348 electum
915 316 1054 346 nolendo
1073 325 1147 346 eum
1171 314 1365 350 confirmare,
1383 325 1449 345 non
1475 315 1477 350 ξ
1504 323 1534 346 et
1557 316 1747 347 venditionis
1771 316 1796 346 si
1819 327 1873 346 vas
1897 324 2080 356 argenteum
2104 317 2191 347 dono
2214 317 2315 353 datur,
2335 318 2385 348 vel
2407 317 2562 348 venditur.

390 367 494 397 liceret
518 365 545 395 ei
569 363 737 404 pecuniam
761 363 843 392 dare.
869 362 908 390 Et
928 360 1006 390 ratio
1023 359 1207 389 diversitatis
1232 366 1277 389 est
1293 359 1367 399 quia
1383 359 1450 389 istis

391 410 496 440 dando
527 415 648 448 pararet
678 407 735 436 sibi
767 406 851 435 viam
882 403 1063 444 acquirendi
1095 403 1325 444 episcopatum,
1353 403 1407 443 qui
1433 413 1450 432 a
1475 409 1476 440 j

391 454 610 485 confirmatore
627 452 727 480 datur.
752 450 792 479 Et
807 448 909 478 simile
931 455 976 478 est
991 447 1022 476 in
1045 447 1226 487 proposito:
1251 446 1326 487 quia
1350 447 1448 487 bapti·
1474 466 1475 482 3

390 505 477 528 zator
500 496 622 527 confert
645 495 852 524 characterem
877 491 1077 531 baptizando.

445 541 507 572 Alii
529 547 646 575 autem,
665 537 896 577 distinguendO,
913 536 1022 565 dicunt
1045 535 1134 575 quod
1158 545 1248 565 casus
1271 542 1376 575 potest
1391 536 1448 566 du-
1474 569 1475 581 ἶ

390 586 509 626 pliciter
525 583 715 622 contingere.
739 580 857 616 Primo,
875 580 907 609 in
927 579 1035 609 adulto
1052 589 1110 618 pro
1127 579 1230 619 seipso
1248 580 1447 620 baptizando.

389 631 429 660 Et
452 629 494 658 sic
518 627 710 658 concordant
734 624 870 654 dicentes
894 623 981 663 quod
1001 623 1107 663 potius
1132 623 1224 654 debet
1245 623 1327 654 mori
1350 634 1448 664 quam
1474 634 1475 668 ᾗ

389 674 508 704 solvere
532 681 625 701 avaro
654 668 816 700 sacerdoti.
833 686 851 690 -
875 667 1036 701 Secundo.
1052 667 1084 697 in
1108 667 1217 698 adulto
1242 678 1300 708 pro
1329 667 1448 698 infante
1473 683 1475 713 3

389 717 559 748 moriente:
591 713 736 744 addendo
768 712 854 742 casui
884 712 972 752 quod
1002 711 1069 751 ipse
1097 711 1223 742 adultus
1247 712 1287 743 sit
1314 712 1447 743 omnino
1473 731 1474 754 l

388 762 546 801 impotens
569 759 608 788 ad
631 757 872 797 baptizandum,
897 762 974 795 puta
1002 765 1110 786 carens
1145 757 1305 787 membris.
1334 757 1375 787 Et
1404 756 1448 786 sic
1473 755 1474 787 l

390 805 497 836 dicunt
526 803 614 844 quod
647 801 768 832 licitum
793 807 838 831 est
862 800 934 830 dare
967 800 1136 839 pecuniam
1160 800 1313 831 sacerdoti
1337 807 1372 831 ut
1395 801 1447 831 ba-
1473 803 1474 839 ξ

389 849 484 889 ptizet
502 847 665 882 infantem,
686 855 751 875 non
772 844 907 874 emendo
924 850 1167 880 sacramentum,
1192 845 1246 875 sed
1262 844 1447 875 redimendo

388 892 584 923 vexationem
602 889 702 930 pueri.
726 889 767 919 Et
782 889 862 919 ratio
880 888 1063 918 diversitatis
1080 888 1254 928 assignatur
1268 889 1342 930 quia
1358 889 1447 919 adul-
1472 891 1474 936 ξ

388 944 438 968 tus
463 941 567 976 potest
590 934 700 964 salvari
724 943 779 973 per
802 932 997 972 baptismum
1022 932 1175 963 flaminis:
1206 933 1309 964 infans
1340 939 1447 964 autem
1472 942 1474 949 ’

388 988 434 1011 est
457 981 488 1010 in
510 986 647 1010 extrema
662 977 855 1012 necessitate,
873 977 999 1007 nullum
1015 976 1102 1007 aliud
1125 977 1243 1007 habens
1259 977 1446 1008 remedium.
1472 975 1474 1009 l

388 1024 494 1056 Huius
515 1022 676 1063 opinionis
700 1028 745 1052 est
768 1021 1021 1057 Panormitanus,
1038 1021 1071 1051 in
1088 1031 1155 1061 cap.
1174 1021 1255 1052 Cum
1280 1023 1312 1052 in
1336 1022 1445 1053 Eccle-

386 1071 464 1108 siae,
479 1065 584 1105 Extra,
596 1067 635 1098 de
657 1066 818 1102 Simonia;
842 1071 872 1096 et
890 1065 1021 1106 quidam
1041 1065 1159 1096 recitati
1185 1076 1201 1096 a
1223 1066 1390 1102 Richardo,
1414 1066 1447 1096 in
1473 1091 1474 1105 ,

387 1124 446 1143 xxv
476 1111 677 1142 distinctione
708 1109 835 1147 Quarti,
861 1116 917 1140 art.
945 1110 977 1145 3,
1003 1119 1056 1150 qu.
1082 1120 1102 1146 1,
1127 1110 1165 1139 ad
1191 1110 1220 1140 8.
1247 1110 1317 1150 Ipse
1341 1117 1447 1141 tamen

387 1156 562 1187 Richardus
586 1154 720 1185 declinat
744 1154 783 1183 ad
807 1153 1003 1193 oppositum.

443 1201 494 1231 111.
520 1201 602 1230 Inter
625 1198 793 1238 opiniones
817 1204 924 1228 autem
947 1197 1013 1233 has,
1038 1197 1151 1228 rationi
1182 1197 1283 1236 magis
1307 1207 1448 1229 consona
1473 1214 1474 1219 =

386 1246 509 1276 videtur
533 1244 638 1273 dicens
662 1241 912 1281 redemptionem
935 1240 1108 1271 vexationis
1131 1241 1245 1271 habere
1265 1241 1315 1271 hic
1338 1242 1447 1272 locum

387 1296 530 1329 respectu
550 1287 677 1318 infantis
696 1286 728 1316 in
754 1285 885 1316 articulo
911 1284 1033 1320 mortis,
1049 1291 1079 1314 et
1098 1294 1163 1314 non
1179 1292 1322 1325 respectu
1338 1286 1446 1317 adulti.

387 1335 427 1364 Et
450 1333 528 1363 ratio
553 1342 603 1362 me
627 1340 759 1361 movens
783 1336 829 1359 est
847 1328 922 1369 quia
938 1328 1144 1368 baptizandus
1167 1328 1199 1359 in
1215 1329 1277 1360 hoc
1297 1340 1370 1360 casu
1394 1341 1448 1371 pa·
1473 1336 1475 1345 ⁴

386 1378 461 1408 titur
476 1376 631 1406 iniustum
654 1385 672 1404 a
695 1380 824 1414 potente
840 1380 870 1403 et
887 1372 1013 1403 nolente
1037 1372 1209 1412 baptizare:
1235 1374 1310 1414 quia
1326 1381 1449 1405 tenetur

387 1471 605 1496 occurrentem
629 1461 857 1502 baptizandum
881 1460 912 1490 in
938 1461 1070 1491 articulo
1094 1461 1205 1491 mortis
1229 1461 1295 1492 sine
1311 1463 1374 1493 alio
1398 1464 1450 1493 ba·
1473 1477 1475 1480 ⁴

386 1510 555 1549 ptizatore;
580 1507 661 1537 sicut
683 1512 842 1536 teneretur
865 1515 991 1545 pascere
1014 1505 1096 1535 fame
1117 1505 1324 1543 morientem,
1349 1507 1375 1537 si
1398 1517 1449 1538 oc-

386 1559 531 1584 curreret.
562 1551 696 1582 Constat
723 1559 862 1590 namque
890 1549 1106 1580 universaliter
1127 1560 1239 1580 verum
1269 1561 1336 1581 esse
1359 1552 1448 1592 quod

386 1597 606 1638 unusquisque
630 1601 734 1636 potest
755 1594 838 1624 licite
861 1604 878 1623 a
902 1604 934 1624 se
958 1594 1090 1624 abiicere
1106 1593 1261 1625 iniustum
1282 1596 1371 1635 quod
1394 1606 1448 1636 pa·

385 1642 461 1673 titur
484 1642 558 1671 dato
588 1639 690 1680 pretio
726 1638 833 1679 aliquo
859 1637 954 1679 (cum
977 1638 1039 1668 hoc
1067 1637 1145 1668 nihil
1173 1638 1259 1669 aliud
1287 1639 1327 1670 sit
1350 1650 1448 1680 quam
1473 1646 1475 1673 i

386 1687 432 1716 uti
455 1684 619 1725 iniquitate
642 1682 757 1723 parati,
782 1682 883 1712 immo
909 1681 1049 1712 facientis
1073 1682 1288 1722 iniquitatem,
1313 1684 1352 1713 ad
1376 1694 1449 1724 pro—

386 1731 492 1771 prium
515 1729 638 1759 bonum
657 1725 892 1768 necessarium),
913 1726 974 1756 hoc
998 1733 1056 1761 est,
1074 1726 1226 1757 redimere
1248 1728 1448 1758 vexationem
1472 1758 1474 1770 Ι

387 1784 487 1805 suam.
512 1773 605 1804 Unde
628 1771 703 1812 quia
726 1771 805 1801 inter
828 1770 981 1801 infantem
1005 1777 1035 1801 et
1058 1771 1204 1802 adultum
1224 1771 1256 1801 in
1281 1772 1447 1813 proposito

386 1819 463 1849 haec
486 1824 532 1848 est
556 1815 743 1851 differentia,
769 1815 857 1855 quod
880 1814 983 1844 infans
1008 1815 1124 1854 patitur
1153 1815 1307 1846 iniustum
1331 1817 1356 1846 si
1380 1826 1446 1847 non

386 1862 578 1903 baptizatur,
603 1860 705 1900 perdit
732 1859 816 1889 enim
847 1858 967 1889 aditum
998 1866 1140 1889 aeternae
1164 1859 1245 1890 vitae
1271 1860 1328 1890 sibi
1359 1861 1446 1891 debi-
1472 1876 1474 1901 ς

386 1914 455 1938 tum
479 1906 517 1936 ab
541 1905 602 1940 isto
618 1914 673 1944 per
697 1910 801 1934 actum
825 1903 990 1942 baptismi;
1015 1903 1142 1933 adultus
1166 1911 1272 1934 autem
1296 1915 1363 1934 non
1380 1915 1446 1945 per·
1472 1903 1474 1939 ’ῑ

387 1951 432 1981 dit
462 1950 571 1985 illum,
597 1949 671 1989 quia
701 1954 786 1987 patet
815 1947 842 1976 ei
872 1947 974 1977 aditus
1003 1957 1059 1987 per
1086 1947 1281 1987 baptismum
1311 1948 1446 1980 flaminis

386 1993 546 2037 (quamvis
569 1993 622 2022 ille
646 2002 756 2022 avarus
780 1991 892 2020 nolens
915 1990 1072 2031 baptizare
1094 1991 1216 2028 inferat,
1234 1999 1390 2033 quantum
1414 1994 1447 2023 in

386 2049 418 2069 se
442 2045 497 2074 est,
522 2037 647 2077 utrique
663 2036 831 2066 iniustum:
856 2035 930 2075 quia
947 2042 1071 2065 tenetur
1089 2042 1120 2066 et
1142 2035 1295 2067 infantem
1312 2044 1342 2068 et
1357 2038 1447 2068 adul·

385 2090 454 2114 tum
477 2078 662 2122 baptizare):
687 2080 759 2110 ideo
784 2080 902 2110 habens
922 2089 1030 2110 curam
1052 2079 1190 2116 infantis,
1208 2080 1233 2110 si
1252 2091 1318 2111 non
1342 2088 1448 2121 potest

385 2127 559 2167 baptizare,
584 2132 660 2165 puta
690 2124 765 2164 quia
797 2130 921 2160 mutus,
955 2123 1038 2154 licite
1061 2124 1229 2164 pecuniam
1253 2125 1307 2156 dat
1333 2136 1446 2163 avaro,

385 2181 449 2201 non
474 2177 510 2201 ut
523 2169 669 2209 baptizet,
687 2169 741 2199 sed
765 2174 800 2198 ut
823 2167 943 2198 auferat
958 2168 1081 2198 obicem
1097 2168 1319 2208 prohibentem
1338 2170 1447 2210 ipsum

384 2215 552 2255 baptizare,
569 2213 686 2244 scilicet
705 2212 867 2242 avaritiam
891 2212 979 2242 illam
997 2219 1031 2242 ut
1050 2211 1267 2253 impeditivam
1287 2214 1446 2255 baptismi.

385 2277 404 2282 -
427 2260 494 2289 Nec
517 2258 578 2288 hoc
603 2264 650 2288 est
674 2263 782 2287 contra
806 2258 980 2287 Auctorem
1004 2256 1037 2286 in
1068 2256 1185 2293 littera,
1210 2258 1265 2298 qui
1290 2258 1375 2289 hunc
1399 2269 1448 2290 ca—

386 2313 458 2334 sum
482 2313 548 2332 non
573 2302 663 2342 ponit
686 2301 718 2331 in
742 2300 854 2331 littera.

440 2347 480 2377 Et
503 2356 558 2385 per
581 2346 642 2376 hoc
666 2345 760 2375 etiam
783 2351 869 2384 patet
892 2345 1010 2375 solutio
1035 2345 1164 2375 rationis
1188 2346 1280 2382 Petri,
1296 2347 1321 2376 si
1338 2355 1446 2378 contra

386 2391 447 2421 hoc
467 2390 620 2421 afferatur.
645 2389 728 2426 Quia
749 2399 813 2419 non
831 2389 923 2419 datur
941 2389 1079 2419 vexatori
1104 2390 1238 2429 pecunia
1255 2397 1290 2421 ut
1305 2391 1354 2422 ius
1371 2402 1446 2422 con-

386 2434 478 2478 ferat:
504 2435 557 2464 sed
590 2441 626 2464 ut
649 2433 797 2474 iniquum
827 2433 1093 2472 impedimentum
1126 2434 1259 2470 auferat,
1285 2442 1315 2465 et
1337 2446 1447 2467 conse-

386 2485 518 2519 quenter
541 2478 636 2508 libere
659 2477 709 2507 ius
733 2476 883 2512 conferat,
909 2486 974 2506 non
998 2476 1179 2516 impeditus.
1204 2496 1224 2501 —
1248 2479 1314 2509 Nec
1339 2487 1384 2510 est
1407 2481 1447 2510 si-

386 2523 460 2553 mile
484 2523 522 2552 de
547 2521 768 2552 confirmatore
785 2520 957 2551 electionis.
983 2521 1066 2557 Quia
1091 2531 1156 2551 non
1182 2530 1227 2552 est
1250 2522 1292 2552 ibi
1317 2525 1450 2554 necessi—

388 2574 454 2603 tas,
478 2573 513 2596 ut
541 2566 602 2596 hic.
636 2566 702 2596 Nec
727 2571 850 2595 constat
876 2565 914 2594 de
945 2564 1106 2595 sanctitate
1130 2565 1314 2596 intentionis
1346 2568 1448 2598 dantis

386 2611 570 2650 pecuniam:
595 2617 631 2640 ut
653 2610 704 2640 hic
723 2615 855 2645 constat,
876 2608 1031 2649 quoniam
1056 2609 1135 2639 nihil
1158 2611 1332 2650 temporale
1355 2622 1449 2652 quae-

386 2662 473 2685 ritur.

417 2753 436 2772 N
461 2741 600 2772 articulis
624 2741 775 2776 secundo,
801 2740 893 2770 tertio
917 2747 947 2770 et
971 2748 1084 2781 quarto
1109 2741 1215 2778 simul,
1238 2743 1373 2774 dubium
1398 2754 1451 2775 oc-

390 2755 521 2822 Icurrit‚
552 2796 591 2815 an
621 2785 815 2825 stipendium
845 2785 1082 2816 sustentationis
1116 2787 1175 2816 sub
1203 2794 1297 2826 pacto
1329 2798 1447 2828 ponere

385 2831 476 2861 liceat
499 2830 728 2865 sacerdotibus,
753 2828 1035 2869 praedicatoribus,
1060 2829 1223 2871 divinique
1255 2831 1358 2862 cultus
1387 2833 1446 2863 mi-

387 2875 490 2905 nistris
506 2874 532 2905 *.
564 2874 605 2904 Et
629 2880 675 2904 est
704 2873 782 2903 ratio
814 2873 901 2904 dubii
932 2873 1085 2913 quoniam
1116 2882 1236 2915 partem
1270 2876 1446 2916 negativam

387 2919 495 2949 omnia
519 2919 586 2948 iura
610 2918 755 2953 clamant,
776 2924 867 2957 pacta
887 2918 924 2947 ab
950 2917 1133 2948 huiusmodi
1154 2920 1400 2957 exterminantia,
1418 2928 1448 2952 et

387 2962 550 3002 punientia
565 2962 589 2991 si
613 2961 700 2992 fiant.
725 2962 765 2991 Et
788 2961 820 2991 in
843 2961 943 2992 littera
968 2972 1109 3002 expresse
1130 2963 1243 2994 dicitur
1265 2964 1298 2994 in
1314 2965 1447 2996 articulo

387 3007 496 3041 tertio,
521 3006 553 3036 in
573 3006 778 3045 responsione
803 3006 841 3035 ad
872 3007 1063 3036 secundum:
1093 3006 1129 3037 Si
1151 3008 1332 3039 huiusmodi
1350 3016 1447 3050 pacto

389 3051 616 3081 interveniente
635 3050 741 3090 fiant,
766 3055 823 3080 aut
851 3051 944 3080 etiam
977 3060 1047 3081 cum
1079 3052 1253 3083 intentione
1282 3055 1448 3094 emptionis

388 3094 437 3124 vel
460 3093 657 3130 venditionis,
683 3094 819 3123 simonia
843 3099 933 3124 esset.

443 3138 503 3168 Pro
527 3144 614 3178 parte
638 3144 744 3167 autem
768 3137 951 3168 affirmativa
975 3146 1094 3179 pugnat
1118 3141 1315 3171 consuetudo
1332 3142 1370 3172 ab
1389 3142 1447 3172 Ec-

387 3182 479 3212 clesia
502 3182 691 3222 approbata,
717 3188 752 3211 ut
774 3180 917 3211 videlicet
939 3183 1114 3213 sacerdotes
1146 3184 1287 3215 servituri
1315 3195 1371 3224 per
1394 3196 1448 3215 an-

388 3236 467 3256 num
490 3225 583 3256 alicui
610 3225 763 3265 capellae,
787 3232 879 3266 pacto
909 3225 1101 3258 conveniunt
1125 3227 1163 3256 de
1187 3238 1291 3258 annua
1322 3229 1446 3268 quanti-
1473 3225 1475 3247 ²

387 3277 448 3300 tate
472 3269 633 3310 pecuniae.
657 3270 732 3300 Non
750 3269 863 3300 desunt
879 3279 1009 3310 quoque
1033 3270 1260 3310 praedicatores
1276 3272 1331 3312 qui
1347 3283 1447 3313 quan-
1474 3293 1475 3299 η

388 3321 457 3344 tum
481 3313 524 3344 eis
548 3324 606 3354 pro
630 3313 868 3354 quadragesima
891 3313 1080 3344 solvendum
1104 3321 1159 3350 est,
1183 3315 1355 3355 intelligere
1374 3327 1448 3348 cum

388 3364 480 3397 pacto
503 3358 629 3394 volunt,
654 3367 712 3397 pro
736 3357 963 3388 sustentatione
986 3367 1052 3388 sua.
1077 3376 1098 3382 -
1122 3359 1215 3389 Ratio
1239 3359 1351 3391 deinde
1384 3361 1448 3392 suf-

389 3401 534 3441 fragatur.
560 3401 723 3439 Quoniam
738 3401 816 3432 velle
840 3401 1035 3441 stipendium
1058 3403 1293 3434 sustentationis
1313 3415 1378 3435 non
1403 3412 1449 3436 est

388 3445 467 3475 velle
494 3446 667 3485 temporale
699 3455 756 3485 pro
787 3445 957 3486 spirituali:
990 3456 1064 3486 ergo
1097 3457 1132 3477 ex
1165 3454 1257 3487 pacto
1282 3448 1359 3479 velle
1389 3450 1448 3480 tale
1474 3439 1476 3462 ξ

389 3489 581 3529 stipendium
605 3499 670 3519 non
695 3497 740 3519 est
762 3490 895 3520 vendere
920 3490 1106 3530 spiritualia:
1132 3501 1198 3521 non
1222 3502 1295 3531 ergo
1320 3500 1366 3523 est
1388 3493 1448 3524 illi·
1475 3510 1476 3523 ι

389 3532 496 3563 citum.
520 3533 626 3563 Prima
649 3533 873 3573 consequentia
896 3541 990 3574 patet.
1016 3535 1090 3575 quia
1107 3542 1235 3575 pactum
1259 3547 1324 3566 non
1347 3544 1449 3568 mutat

389 3577 552 3607 materiam
576 3583 719 3607 actuum:
746 3578 854 3607 eadem
879 3588 1016 3618 namque
1041 3586 1087 3610 est
1110 3579 1238 3610 materia
1269 3581 1448 3612 donationis

1503 360 1543 390 Et
1566 367 1748 400 propterea,
1775 361 1800 390 si
1832 360 1974 390 absolute
1998 361 2077 390 velle
2105 360 2299 400 stipendium
2329 362 2564 392 sustentationis

1503 413 1569 433 non
1593 411 1640 434 est
1662 404 1742 434 velle
1764 404 1938 444 temporale
1962 414 2020 444 pro
2045 404 2208 444 spirituali,
2226 414 2301 445 ergo
2317 405 2397 436 velle
2419 405 2505 436 idem
2528 415 2565 436 ex

1502 453 1594 487 pacto
1623 457 1688 477 non
1721 455 1767 478 est
1789 449 1868 478 velle
1893 449 2077 488 temporale*
2097 459 2155 488 pro
2179 448 2349 489 spirituali,
2373 449 2462 490 quod
2485 456 2565 480 esset

1474 509 1475 534 ζ
1501 491 1646 522 vendere.
1670 509 1691 515 -
1715 492 1859 523 Secunda
1873 502 1947 522 vero
1964 493 2190 533 consequentia
2205 499 2300 532 patet,
2325 493 2401 533 quia
2422 502 2489 523 non
2505 493 2565 523 alia

1502 535 1623 565 ratione
1647 535 1709 566 hoc
1733 543 1813 567 esset
1836 536 1981 567 illicitum
2004 537 2064 566 nisi
2087 537 2163 577 quia
2186 544 2266 568 esset
2288 537 2435 572 simonia,
2458 536 2566 567 videli-

1502 586 1550 609 cet
1572 580 1653 610 velle
1676 581 1851 620 temporale
1874 590 1932 620 pro
1956 581 2120 621 spirituali.
2151 581 2280 612 Sublata
2306 591 2381 620 ergo
2408 581 2467 612 hac
2489 581 2565 612 mali

1501 623 1631 659 ratione,
1656 631 1751 655 restat
1773 625 1861 665 quod
1885 635 1950 655 non
1970 625 2010 656 sit
2032 625 2188 656 illicitum.

1557 667 1593 698 II.
1618 667 1762 698 Dubium
1793 670 1933 699 secundo
1964 669 2115 706 occurrit,
2141 679 2180 700 an
2204 669 2235 699 in
2260 668 2446 699 huiusmodi
2476 669 2564 709 spiri-

1500 711 1638 742 tualibus
1661 712 1752 742 liceat
1767 713 1901 743 vendere
1925 714 2066 744 laborem
2090 714 2299 754 personalem,
2312 721 2342 744 et
2361 713 2464 744 locare
2488 723 2564 753 ope-

1500 766 1549 786 ras
1573 765 1655 792 suaS,
1681 756 1739 786 sub
1763 756 1853 796 pretii
1876 764 1970 796 pacto
1991 757 2017 788 *.
2048 758 2089 788 Et
2112 764 2158 788 est
2181 757 2260 789 ratio
2284 758 2372 788 dubii
2395 757 2470 798 quia
2493 767 2565 797 pars

1500 800 1685 830 affirmativa
1709 799 1834 830 fovetur
1856 810 1893 830 ex
1911 801 1974 832 hoc
1997 802 2085 842 quod
2108 803 2198 832 labor
2220 811 2402 842 corporeuS‚
2426 808 2457 832 et
2480 801 2565 831 simi-

1499 844 1569 875 liter
1593 854 1689 884 opera
1713 854 1875 884 corporea,
1892 854 1958 875 non
1978 852 2052 876 sunt
2071 846 2110 876 de
2125 855 2238 886 genere
2262 846 2485 886 spiritualium,
2509 846 2564 876 sed

1499 889 1735 929 temporalium.
1760 889 1903 919 Vendere
1922 896 2030 920 autem
2043 897 2099 920 aut
2113 890 2218 921 locare
2233 890 2420 930 temporalia
2438 890 2564 920 nullum

1500 940 1666 973 peccatum
1689 940 1744 963 est.

1555 978 1596 1008 Et
1620 976 1832 1008 confirmatur.
1865 976 1949 1014 Quia
1973 976 1997 1007 si
2021 977 2083 1008 hoc
2107 985 2152 1008 est
2183 977 2330 1008 illicitum
2358 987 2395 1008 ex
2424 988 2483 1008 suo
2511 987 2563 1018 ge-

1472 1042 1474 1049 ,
1500 1031 1587 1058 nere,
1614 1032 1679 1052 non
1703 1021 1760 1051 erit
1788 1021 1910 1051 licitum
1936 1021 1968 1051 in
1993 1021 2101 1062 aliquo
2131 1021 2285 1062 spirituali
2309 1029 2340 1052 et
2361 1021 2508 1052 illicitum
2531 1021 2564 1052 in

1501 1066 1608 1107 aliquo
1633 1065 1694 1096 alio
1719 1065 1883 1105 spirituali,
1907 1066 1960 1096 sed
1983 1065 2016 1095 in
2039 1072 2109 1097 toto
2132 1075 2244 1106 genere
2269 1065 2480 1106 spiritualium
2503 1066 2565 1096 hoc

1501 1109 1558 1141 erit
1580 1110 1703 1141 licitum
1723 1117 1777 1140 aut
1799 1109 1954 1140 illicitum.
1980 1110 2051 1146 Sed,
2072 1110 2260 1150 experientia
2283 1117 2370 1146 teste,
2388 1117 2510 1141 constat
2531 1110 2564 1140 in

1501 1154 1609 1184 multis
1633 1153 1847 1193 spiritualibus
1871 1164 1937 1184 esse
1961 1154 2022 1185 hoc
2050 1154 2192 1185 licitum:
2218 1164 2293 1185 nam
2316 1154 2461 1184 sacerdos
2482 1153 2565 1185 licite

1500 1198 1583 1228 locat
1606 1207 1717 1238 operas
1741 1208 1812 1228 suas
1831 1198 1863 1228 in
1889 1198 2075 1229 celebrando
2099 1205 2145 1229 ter
2167 1198 2199 1229 in
2222 1198 2432 1235 hebdomada,
2456 1205 2487 1229 et
2509 1197 2567 1228 hu-

1501 1242 1658 1278 iusmodi;
1684 1248 1715 1272 et
1737 1242 1880 1272 laborem
1904 1252 2001 1282 quem
2025 1242 2178 1273 sustinere
2203 1243 2295 1274 debet
2322 1242 2429 1273 eundo
2451 1242 2484 1272 in
2507 1242 2564 1273 vil-

1500 1286 1564 1315 lam
1589 1286 1629 1315 ad
1652 1286 1886 1321 celebrandum,
1909 1285 1992 1316 licite
2015 1288 2075 1317 sub
2098 1287 2199 1327 pretio
2223 1287 2332 1327 ponit;
2358 1287 2470 1317 doctor
2485 1296 2565 1327 quo-

1501 1339 1564 1370 que
1587 1329 1784 1370 Theologiae
1806 1329 1914 1360 vendit
1945 1340 2018 1360 suas
2047 1340 2160 1371 operas
2187 1338 2218 1362 et
2240 1331 2397 1368 laborem,
2428 1331 2509 1362 sicut
2535 1337 2566 1362 et

1501 1375 1673 1404 advocatus
1696 1373 1817 1405 iustum
1836 1373 2061 1413 patrocinium.
2085 1375 2121 1405 In
2144 1375 2212 1405 aliis
2227 1375 2323 1415 igitur
2340 1375 2565 1416 spiritualibus.

1502 1428 1576 1449 cum
1599 1427 1665 1448 non
1689 1418 1751 1448 sint
1773 1418 1839 1449 istis
1863 1418 2084 1458 spiritualiora,
2103 1419 2226 1450 licitum
2250 1419 2316 1450 erit.

1556 1463 1680 1492 Partem
1696 1472 1771 1492 vero
1788 1462 1966 1502 negativam
1981 1463 2118 1503 probant
2134 1464 2210 1494 duo.
2226 1463 2380 1500 Primum,
2397 1462 2473 1504 quia
2491 1473 2565 1494 cum

1501 1506 1611 1537 omnia
1633 1506 1840 1537 ecclesiastica
1863 1516 1944 1547 quae
1961 1506 2134 1547 spiritualia
2157 1508 2314 1544 dicuntur,
2332 1514 2368 1538 ut
2390 1517 2566 1538 sacramen-

1501 1558 1610 1582 torum
1633 1550 1872 1587 administratio,
1897 1550 2085 1582 sacrificium
2113 1552 2236 1588 missae,
2262 1551 2462 1592 praedicatio,
2487 1551 2565 1582 divi-

1501 1605 1626 1636 nusque
1649 1595 1768 1631 cultus,
1793 1601 1938 1626 constent
1960 1605 1997 1626 ex
2020 1597 2160 1632 duobus,
2178 1596 2330 1627 ,videlicet
2353 1605 2390 1626 ex
2412 1595 2566 1636 spirituali

1501 1646 1531 1670 et
1554 1640 1722 1680 temporali
1745 1638 1835 1682 (nam
1857 1639 2019 1679 spirituale
2041 1640 2073 1670 in
2097 1640 2141 1671 eis
2162 1648 2208 1671 est
2223 1641 2331 1680 gratia,
2346 1640 2470 1676 veritas,
2491 1646 2565 1676 etc.;

1500 1684 1675 1724 temporale
1697 1694 1772 1714 vero
1796 1690 1842 1714 est
1865 1684 1946 1714 actio
1970 1683 2146 1727 humana);
2171 1684 2197 1715 si
2219 1684 2343 1715 licitum
2363 1692 2409 1716 est
2431 1685 2566 1716 vendere

1500 1735 1555 1758 aut
1576 1728 1680 1758 locare
1703 1728 1780 1758 haec
1803 1728 1924 1758 ratione
1945 1728 2078 1759 actionis
2101 1729 2269 1766 humanae,
2294 1729 2404 1760 omnia
2426 1728 2567 1760 ecclesia-

1501 1772 1576 1803 stica
1591 1772 1713 1802 venalia
1729 1771 1812 1802 licite
1828 1779 1940 1808 essent,
1957 1773 2101 1804 absolute
2116 1773 2294 1814 loquendo;
2317 1773 2360 1804 ita
2374 1773 2463 1814 quod
2485 1774 2567 1804 sicut

1499 1816 1622 1847 licitum
1645 1823 1691 1847 est
1706 1816 1841 1846 vendere
1858 1816 1986 1847 calicem
2004 1817 2124 1848 ratione
2140 1817 2298 1854 materiae,
2313 1817 2365 1854 ita,
2381 1818 2566 1858 proportio-

1501 1861 1627 1897 naliter,
1651 1860 1774 1891 licitum
1798 1860 1855 1891 erit
1877 1861 2012 1891 vendere
2042 1861 2150 1892 omnia
2176 1861 2362 1892 huiusmodi
2392 1861 2566 1901 spiritualia

1500 1905 1622 1935 ratione
1651 1905 1783 1935 actionis
1807 1905 1974 1936 humanae.
1991 1922 2012 1928 -
2030 1906 2072 1936 Et
2095 1904 2300 1937 confirmatur
2322 1915 2360 1936 ex
2383 1905 2566 1937 definitione

1501 1949 1655 1980 simoniae
1670 1949 1696 1986 *,
1721 1949 1753 1979 in
1778 1959 1841 1990 qua
1865 1949 1996 1989 ponitur
2017 1950 2151 1980 vendere
2176 1959 2306 1981 annexa
2332 1949 2564 1990 spiritualibus.

1502 1993 1636 2024 Constat
1659 2000 1766 2024 autem
1790 1994 1878 2034 quod
1902 1993 2002 2033 magis
2032 2004 2152 2024 annexa
2175 2001 2250 2026 sunt
2279 1993 2496 2035 spiritualibus
2526 1994 2566 2026 si-

1501 2038 1662 2068 multanea
1685 2047 1783 2078 quam
1806 2037 1860 2068 illa
1883 2038 1922 2067 ad
1946 2047 2027 2079 quae
2051 2038 2223 2078 spiritualia
2247 2048 2279 2068 se
2302 2038 2421 2069 habent
2443 2043 2565 2080 antece-

1501 2083 1619 2113 denter.
1643 2082 1704 2112 Sed
1729 2081 1811 2112 actio
1836 2081 1976 2112 humana
1998 2081 2030 2112 in
2054 2082 2119 2113 istis
2144 2089 2190 2114 est
2205 2082 2302 2112 simul
2325 2091 2399 2113 cum
2422 2082 2566 2123 spiritua-

1499 2127 1592 2157 libus.
1617 2127 1703 2166 Ergo
1727 2134 1773 2157 est
1796 2126 1896 2166 magis
1919 2126 2119 2157 invendibilis
2142 2137 2241 2167 quam
2263 2126 2452 2158 beneficium
2469 2128 2566 2158 eccle—

1501 2171 1671 2207 siasticum,
1688 2170 1727 2201 ad
1751 2171 1840 2210 quod
1863 2171 2024 2211 spirituale
2048 2181 2080 2202 se
2107 2171 2201 2202 habet
2224 2171 2452 2208 antecedenter,
2469 2179 2500 2202 et
2519 2172 2566 2203 di-

1500 2215 1580 2246 citur
1604 2215 1738 2245 omnino
1762 2215 1962 2246 invendibile.

1556 2259 1739 2290 Secundum
1755 2266 1802 2290 est
1825 2259 1909 2300 quia,
1930 2259 1988 2290 nisi
2013 2258 2067 2289 fiat
2090 2259 2262 2290 differentia
2275 2259 2357 2290 inter
2372 2259 2566 2300 stipendium

1501 2303 1737 2335 sustentationis
1761 2310 1791 2334 et
1812 2303 2030 2334 venditionem
2052 2303 2169 2335 laboris
2193 2313 2248 2334 seu
2271 2303 2465 2335 locationem
2488 2314 2566 2345 ope-

1500 2358 1621 2383 rarum,
1646 2348 1726 2378 sicut
1749 2348 1902 2378 advocato
1927 2354 1958 2378 et
1981 2348 2117 2384 doctori,
2142 2355 2439 2389 quantumcumque
2463 2348 2565 2386 diviti,

1499 2392 1572 2423 licet
1595 2393 1728 2423 vendere
1752 2402 1848 2422 suum
1871 2393 1984 2422 docere
2006 2399 2036 2422 et
2054 2392 2258 2432 patrocinari3
2282 2392 2325 2422 ita
2351 2393 2566 2424 sacerdotibus

1500 2436 1832 2477 praedicatoribusque
1849 2436 1998 2467 divitibus
2018 2436 2140 2467 licitum
2164 2437 2222 2467 erit
2236 2437 2341 2467 locare
2357 2447 2429 2467 suas
2442 2446 2565 2477 operas,

1500 2481 1635 2511 vendere
1659 2491 1734 2511 suos
1749 2481 1882 2516 labores,
1900 2490 1935 2510 ac
1959 2490 2015 2520 per
2029 2480 2101 2516 hoc,
2122 2490 2187 2511 non
2205 2481 2440 2511 sustentationis
2457 2481 2564 2521 gratia,

1502 2525 1556 2555 sed
1585 2524 1737 2554 mercedis
1767 2524 1876 2561 titulo,
1902 2535 1918 2554 a
1948 2524 2071 2564 populo
2102 2525 2288 2565 temporalia
2321 2525 2489 2565 suscipere.
2525 2525 2567 2556 Et

1502 2575 1733 2609 consequenter
1756 2568 1864 2598 omnia
1888 2568 1955 2599 iura
1979 2575 2079 2599 ruent.

1557 2613 1609 2643 111.
1634 2613 1684 2642 Ad
1708 2612 1899 2643 evidentiam
1922 2613 2049 2648 horum,
2069 2612 2234 2643 sciendum
2250 2619 2296 2644 est
2310 2614 2399 2654 quod
2421 2613 2503 2644 inter
2516 2614 2568 2644 sti-

1501 2657 1656 2696 pendium
1679 2656 1914 2687 sustentationis
1937 2663 1967 2687 et
1990 2657 2183 2697 stipendium
2198 2657 2374 2688 locatarum
2396 2667 2567 2698 operarum

1502 2701 1579 2731 haec
1602 2708 1648 2732 est
1670 2700 1852 2737 differentia,
1877 2701 1965 2741 quod
1988 2701 2182 2741 stipendium
2197 2702 2373 2732 locatarum
2396 2712 2566 2742 operarum

1502 2745 1595 2775 habet
1624 2745 1779 2775 rationem
1809 2745 1977 2781 mercedis,
2010 2745 2095 2776 iuxta
2124 2745 2203 2776 illud
2230 2746 2342 2777 Matth.
2368 2756 2407 2776 xx
2422 2746 2454 2783 *,
2485 2747 2567 2778 Voca

1501 2791 1678 2829 operarios,
1703 2795 1733 2820 et
1756 2789 1854 2820 redde
1877 2789 1940 2820 illis
1956 2790 2149 2821 mercedem:
2173 2789 2366 2830 stipendium
2384 2797 2491 2821 autem
2515 2801 2567 2822 su-

1502 2833 1699 2864 stentationis
1719 2843 1785 2864 non
1805 2833 1898 2864 habet
1921 2834 2077 2864 rationem
2093 2834 2255 2871 mercedis,
2276 2835 2331 2866 sed
2347 2834 2567 2866 subventionis

1502 2878 1692 2908 necessariae
1715 2878 1765 2908 vel
1795 2879 1984 2908 commodae
2014 2878 2174 2910 ministris.
2206 2879 2247 2910 Et
2277 2889 2314 2909 ex
2336 2878 2399 2910 hoc
2425 2879 2568 2920 sequitur

1501 2923 1590 2962 quod
1614 2922 1669 2963 qui
1694 2923 1746 2952 dat
1770 2922 1888 2962 aliquid
1912 2923 2097 2963 temporale,
2122 2930 2199 2963 puta
2222 2923 2401 2963 pecuniam,
2417 2923 2568 2955 ministris

1501 2966 1658 2997 Ecclesiae
1678 2976 1735 3006 pro
1760 2966 1988 2997 sustentatione
2011 2977 2134 3003 eorum,
2159 2977 2224 2998 non
2248 2967 2300 2998 dat
2317 2968 2485 3007 pecuniam
2508 2978 2566 3009 pro

1501 3010 1603 3050 pretio
1628 3020 1797 3050 operarum
1821 3018 1876 3041 aut
1899 3011 2014 3041 laboris
2038 3020 2167 3042 eorum:
2193 3011 2247 3042 sed
2271 3012 2378 3042 solum
2401 3012 2454 3043 dat
2477 3019 2512 3043 ut
2534 3022 2567 3043 se

1502 3061 1677 3086 sustentent
1700 3055 1733 3085 in
1748 3054 1834 3085 victu
1854 3061 1884 3085 et
1903 3055 2027 3092 vestitu,
2048 3062 2116 3092 etc.,
2134 3062 2169 3086 ut
2192 3055 2246 3091 sic,
2261 3056 2412 3087 habentes
2433 3056 2566 3088 alimen-

1502 3104 1567 3129 tum
1586 3105 1616 3130 et
1629 3099 1743 3139 quibus
1759 3104 1914 3140 tegantur
1927 3099 1954 3136 *,
1974 3107 2085 3131 vacent
2100 3100 2314 3131 ecclesiasticis
2334 3099 2446 3131 officiis
2460 3100 2564 3141 gratis.
2594 3105 2602 3113 ·

1502 3143 1567 3180 Qui
1590 3153 1665 3174 vero
1690 3144 1743 3174 dat
1766 3143 1885 3183 aliquid
1908 3144 2083 3184 temporale
2105 3144 2225 3175 eisdem
2248 3154 2307 3185 pro
2330 3144 2441 3176 locatis
2463 3142 2566 3185 operi·

1502 3187 1578 3223 bus,
1603 3187 1781 3218 mercedem
1805 3187 1944 3218 debitam
1975 3188 2089 3224 reddit,
2114 3189 2204 3229 quasi
2233 3189 2371 3229 pretium
2397 3189 2514 3219 laboris
2535 3194 2567 3226 et

1502 3240 1673 3270 operarum
1696 3231 1887 3262 eorundem:
1912 3238 1948 3262 ut
1962 3231 2070 3272 ipsum
2092 3232 2260 3264 locationis
2276 3243 2394 3264 nomen
2417 3232 2564 3264 ostendit.

1559 3275 1611 3305 IV.
1635 3275 1682 3305 Ex
1704 3275 1767 3306 hoc
1786 3281 1893 3306 autem
1908 3276 1997 3316 quod
2020 3276 2215 3316 stipendium
2230 3276 2466 3308 sustentationis
2489 3286 2565 3307 con-

1503 3318 1599 3350 currit
1622 3325 1658 3349 ut
1681 3319 1891 3350 necessarium
1915 3320 1981 3351 sine
2005 3330 2071 3361 quo
2095 3330 2162 3351 non
2185 3327 2292 3361 potest
2305 3321 2456 3356 minister,
2480 3320 2565 3351 saiva

1474 3367 1476 3398 l,
1502 3362 1551 3393 sui
1575 3369 1673 3394 status
1697 3363 1870 3399 honestate,
1896 3363 2000 3395 divina
2019 3374 2160 3396 exercere
2182 3364 2296 3402 officia,
2316 3364 2460 3405 sequitur
2476 3364 2565 3405 quod

1503 3413 1607 3447 potest
1637 3408 1696 3438 sub
1725 3414 1817 3448 pacto
1846 3408 1924 3448 poni
1952 3409 2148 3448 stipendium
2179 3407 2415 3440 sustentationis
2437 3406 2467 3444 ⁸,
2499 3418 2564 3438 non

1503 3451 1609 3482 minus
1632 3461 1730 3491 quam
1754 3452 1951 3492 reliquorum
1970 3460 2230 3493 opportunorum
2252 3453 2292 3483 ad
2313 3451 2417 3482 divina
2440 3452 2564 3484 servitia

1503 3495 1653 3535 provisio,
1671 3495 1797 3531 scilicet,
1814 3503 1901 3536 puta,
1918 3497 2031 3533 calicis,
2056 3507 2214 3528 sacrarum
2232 3496 2378 3533 vestium,
2404 3503 2434 3527 et
2456 3496 2564 3527 huius-

1503 3539 1601 3570 modi.
1627 3539 1672 3570 lta
1699 3541 1787 3580 quod
1811 3540 1892 3571 sicut
1915 3542 2060 3572 sacerdos
2084 3541 2295 3572 celebraturus
2318 3541 2357 3570 ad
2380 3540 2563 3571 instantiam

1474 3604 1476 3610 .
1503 3583 1649 3619 alicuius,
1676 3592 1780 3624 potest
1803 3585 1861 3615 sub
1885 3592 1979 3625 pacto
2003 3595 2121 3625 ponere
2145 3585 2233 3625 quod
2256 3594 2374 3614 vocans
2397 3594 2471 3615 eum
2495 3595 2565 3624 pro-

2592 763 2601 771 '
2616 761 2654 784 Cf.
2667 768 2731 785 num.
2747 769 2768 785 v.

2593 1954 2804 1983 ’ct-utiam„

2593 2755 2604 2765 ⁸
2618 2754 2685 2777 ven.
2699 2753 2721 2776 8.

2594 3411 2600 3418 ·
2616 3409 2653 3432 Cf.
2667 3416 2731 3433 num.
2747 3417 2763 3432 ι.
