2860 4244
66 1551 206 1580 ’Vatu-

63 2286 76 2299 ⁴
90 2286 157 2310 Vm.
170 2293 194 2314 4.-

26 2978 33 3012 ‘J
65 2982 242 3012 *Ριᾴ-νιῃνεη.
248 2990 276 3007 ιι.

922 266 1187 311 QUAESTIO
1218 267 1429 314 LXXXIII,
1458 267 1754 304 ARTICULUS
1782 267 1868 303 VIIl

360 346 419 381 An
439 356 629 381 SECUNDUM
648 355 832 381 Dicennum
852 343 958 392 quod
976 355 1047 392 pro
1068 342 1080 368 ζ
1109 356 1149 379 se
1169 356 1279 380 orare
1298 357 1366 393 po-

2414 278 2483 314 199

1423 347 1549 394 rigere
1576 357 1686 393 quem
1715 346 1819 381 Deus
1845 345 2064 392 despexerit.
2105 345 2154 380 Et
2181 343 2268 381 ideo
2307 343 2440 380 dicitur
2470 345 2482 379 I

307 397 407 434 nitur
435 396 602 434 conditio
623 397 814 444 orationis,
836 409 914 433 non
933 396 1088 445 quidem
1117 397 1330 433 necessaria
1349 402 1367 424 η
1423 399 1526 434 Ioan.
1547 410 1570 434 v
1589 398 1628 434 *ε
1663 398 1738 439 Qui
1752 398 1821 434 scit
1832 399 2003 446 fratrem
2021 409 2131 434 suum
2153 408 2316 445 peccare
2328 402 2483 444 peccato

307 449 355 486 ad
386 449 564 486 effectum
584 450 768 496 merendi,
789 450 856 486 sed
885 450 978 486 sicut
997 449 1209 485 necessaria
1238 451 1285 487 ad
1314 450 1368 486 in-

307 502 563 539 deficientiam
582 502 822 551 impetrandi.
853 502 1044 549 Contingit
1069 502 1169 539 enim
1198 503 1368 550 quando-

307 567 381 604 que
417 555 522 604 quod
558 555 677 592 oratio
714 567 784 603 pro
818 555 891 591 alio
926 555 1023 591 facta
1057 567 1135 591 non
1173 555 1366 603 impetrat,

308 608 422 645 etiam
441 608 472 645 si
499 608 566 645 fiat
582 607 644 656 pie
675 615 711 644 et
736 615 1025 656 perseveranter
1045 615 1081 643 et
1110 607 1156 644 de
1178 608 1367 656 pertinen-

306 660 407 698 tibus
435 661 484 697 ad
511 661 694 707 salutem,
722 667 880 709 propter
915 660 1233 708 impedimentum
1262 662 1367 709 quod

307 721 363 750 est
389 725 435 750 ex
462 720 568 761 parte
598 712 678 749 eius
705 724 775 761 pro
804 725 882 760 quo
912 721 1056 749 oratur:
1087 713 1298 750 secundum
1327 713 1367 750 il-

305 765 372 802 lud
400 766 534 802 terem.
563 777 611 801 xv
629 765 669 802 *z
699 766 741 802 Si
765 766 902 802 steterit
920 764 933 787 θ
962 767 1120 814 Moyses
1153 772 1188 802 et
1214 766 1369 803 Samuel

305 829 436 855 coram
455 829 526 863 me,
547 830 621 854 non
643 823 698 854 est
721 819 851 855 anima
874 831 958 856 mea
978 820 1029 856 ad
1039 819 1223 867 populum
1244 820 1365 855 istum.

305 870 564 908 Nihilominus
591 878 721 908 tamen
750 872 871 908 oratio
906 871 1098 909 meritoria
1127 871 1196 908 erit
1223 871 1366 918 oranti,

270 942 276 949 ·
305 923 370 973 qui
398 935 443 960 ex
478 923 630 960 caritate
659 932 760 961 orat:
790 926 1001 962 secundum
1038 924 1128 961 illud
1164 925 1304 960 Psalm.
1324 924 1365 960 *ε

309 976 438 1014 Oratio
466 988 551 1013 mea
580 977 616 1013 in
645 977 728 1013 sinu
766 989 849 1014 meo
887 983 1161 1023 converteturr
1180 977 1317 1013 Glossa
1336 982 1365 1012 ‘:

305 1029 412 1066 idest:
431 1030 514 1066 Etsi
531 1042 605 1066 non
625 1031 677 1066 eis
689 1031 847 1078 profuit,
863 1042 935 1080 ego
950 1036 1074 1067 tamen
1093 1040 1168 1065 non
1187 1040 1270 1065 sum
1279 1029 1366 1075 fru-

303 1088 441 1119 stratus
468 1094 553 1119 mea
581 1083 762 1119 mercede.

357 1137 416 1172 An
443 1147 602 1172 ’mnrium
630 1147 815 1172 mCENDUM
850 1136 954 1182 quod
985 1134 1097 1171 etiarn
1132 1146 1202 1182 pro
1231 1145 1366 1182 pecca-

304 1187 449 1225 toribus
477 1188 667 1224 orandum
692 1195 758 1234 est,
778 1195 820 1223 ut
839 1194 1129 1224 convertantur:
1159 1194 1196 1223 et
1219 1199 1290 1235 pro
1310 1186 1365 1222 iu-

303 1241 378 1288 stis,
398 1248 440 1277 ut
466 1247 712 1289 perseverent
740 1247 777 1276 et
801 1239 1014 1288 proficiant.
1044 1241 1208 1277 Orantes
1235 1247 1366 1276 tamen

303 1305 382 1330 non
408 1304 479 1342 pro
508 1293 688 1330 omnibus
715 1293 979 1341 peccatoribus
1009 1293 1270 1340 exaudiuntur,
1298 1293 1365 1329 sed

301 1358 373 1395 pro
402 1345 653 1406 quibusdam:
690 1345 940 1383 exaudiuntur
977 1346 1079 1384 enim
1107 1359 1178 1394 pro
1206 1346 1364 1394 praede-

285 1399 575 1446 Vstinatis5non
608 1406 736 1436 autem
763 1411 834 1448 pro
870 1399 1063 1448 praescitis
1100 1399 1149 1436 ad
1187 1405 1363 1435 mortem.

303 1452 410 1489 Sicut
436 1451 548 1490 etiam
577 1452 761 1489 correctio
790 1464 867 1500 qua
894 1452 1026 1489 fratres
1055 1452 1291 1511 corrigimus,
1313 1451 1365 1488 ef-

301 1505 443 1542 fectum
463 1505 605 1542 habet
597 1517 635 1542 in
653 1505 952 1554 praedestinatis,
974 1517 1053 1541 non
1072 1504 1111 1541 in
1132 1504 1364 1552 reprobatis:

302 1558 515 1596 secundum
539 1558 636 1609 ,illud
662 1558 785 1595 Eccle.
812 1570 860 1594 vn
878 1557 919 1593 *ε
955 1557 1081 1594 Nemo
1100 1562 1223 1605 potest
1247 1557 1365 1593 corri-

354 1669 380 1703 ζ)
394 1677 458 1702 pro.
470 1683 490 1690 -
506 1669 650 1695 secundum
669 1669 848 1701 ABEFLpr.

354 1705 382 1738 η)
401 1705 506 1738 quidem
521 1705 679 1730 necessaria.
692 1718 711 1723 —
729 1704 834 1737 quidem
849 1705 992 1730 necessarii
1010 1705 1121 1738 BEpr,
1140 1706 1205 1738 quid
1223 1706 1366 1731 necessarii

301 1740 333 1771 A.
351 1740 687 1808 gizieznripeiesszrgiffz
705 1739 835 1800 guiddam
855 1740 998 1765 necessarii
1016 1741 1066 1773 pK-

1422 463 1496 487 non
1525 451 1577 487 ad
1602 456 1773 496 mortem,
1787 456 1903 498 petat,
1924 456 1960 487 et
1985 451 2135 487 dabitur
2152 450 2188 486 ei
2213 450 2289 486 vita
2312 449 2487 497 peccanti

1415 509 1613 550 peccatum
1639 515 1712 540 non
1741 504 1793 540 ad
1819 509 1988 540 mortem.
2020 504 2096 540 Sed
2116 502 2213 539 sicut
2241 502 2345 549 nulli,
2365 514 2484 550 quan-

1422 555 1485 592 diu
1514 555 1575 591 hic
1601 556 1705 602 vivit,
1727 556 2030 593 subtrahendum
2059 563 2115 592 est
2148 554 2391 592 correctionis
2420 555 2484 591 be-

1422 608 1615 655 neficium,
1636 609 1724 656 quia
1744 621 1822 645 non
1850 621 2056 657 possumus
2077 608 2306 656 distinguere
2326 608 2484 656 praede-

1421 660 1578 696 stinatos
1597 672 1619 696 a
1647 661 1868 709 reprobatis,
1889 670 1931 698 ut
1949 661 2182 709 Augustinus
2211 661 2310 708 dicit,
2330 661 2369 697 in
2388 661 2483 697 libro

1421 713 1466 749 de
1498 713 1606 749 Corr.
1636 719 1671 749 et
1701 714 1833 751 Gratia
1854 715 1892 760 ’¹²3
1921 714 1970 751 ita
2007 714 2122 751 etiam
2157 714 2248 751 nulli
2278 721 2334 750 est
2369 714 2483 750 dene-

1421 765 1588 813 gandum
1618 766 1799 803 orationis
1827 767 2061 814 suffragium.

1474 818 1549 854 Pro
1578 818 1683 854 iustis
1712 819 1824 855 etiam
1855 827 1910 856 est
1937 821 2142 866 orandum,
2164 819 2298 867 triplici
2327 819 2483 856 ratione.

1420 869 1551 906 Primo
1588 871 1765 918 quidem,
1804 872 1894 920 quia
1931 874 2138 909 multorum
2171 884 2304 920 preces
2340 872 2484 909 facilius

1422 922 1683 960 exaudiuntur.
1714 924 1824 961 Unde
1853 926 1965 962 Rom.
1986 937 2034 961 xv
2051 925 2082 971 ²¹²,
2104 936 2219 972 super
2241 924 2343 971 illud,
2368 925 2485 961 Adiu-

1421 976 1511 1011 vetis
1538 988 1599 1012 me
1630 977 1668 1012 in
1706 977 1937 1013 orationibus
1974 978 2124 1022 vestris,
2156 977 2244 1013 dicit
2281 978 2417 1014 Glossa
2442 977 2483 1014 *τ

1420 1029 1524 1065 Bene
1543 1034 1658 1078 rogat
1673 1029 1874 1078 Apostolus
1892 1030 2056 1066 minores
2070 1042 2143 1077 pro
2162 1042 2202 1066 se
2220 1042 2343 1066 orare.
2368 1030 2487 1067 Multi

1421 1081 1519 1117 enim
1548 1082 1705 1127 minimi,
1731 1083 1820 1118 dum
1849 1088 2136 1132 congregantur
2164 1083 2371 1128 unanimes,
2380 1085 2486 1131 fiunt

1421 1134 1574 1183 magni:
1602 1140 1640 1170 et
1664 1135 1869 1171 multorum
1891 1147 2025 1183 preces
2053 1135 2278 1183 impossibile
2305 1141 2359 1172 est
2384 1137 2486 1183 quod

1420 1199 1494 1223 non
1515 1187 1721 1236 impetrent,
1742 1188 1832 1225 illud
1852 1188 1992 1224 scilicet
2011 1189 2116 1236 quod
2132 1195 2187 1224 est
2201 1188 2484 1236 impetrabile.-

1421 1240 1612 1287 Secundo,
1633 1248 1675 1277 ut
1703 1253 1748 1277 ex
1777 1241 1903 1277 multis
1931 1241 2047 1288 gratia
2075 1248 2206 1288 agatur
2227 1242 2312 1277 Deo
2343 1241 2390 1277 de
2419 1242 2483 1278 be-

1421 1292 1565 1329 neficiis
1594 1305 1691 1342 quae
1722 1295 1867 1330 confert
1886 1300 1902 1315 ἰ
1929 1294 2052 1341 iustis,
2080 1306 2177 1343 quae
2207 1293 2321 1330 etiam
2348 1294 2386 1330 in
2414 1294 2484 1330 uti-

1419 1346 1561 1396 litatem
1590 1347 1798 1383 multorum
1818 1354 1998 1395 vergunt:
2028 1354 2070 1384 ut
2096 1353 2200 1395 patet
2221 1359 2291 1395 per
2318 1347 2483 1395 Aposto-

1420 1399 1516 1445 lum,
1547 1400 1579 1435 Il
1613 1400 1664 1436 ad
1695 1400 1781 1436 Cor.
1810 1400 1869 1436 1³¹⁶.
1898 1420 1922 1427 -
1953 1400 2104 1446 Tertio,
2134 1407 2176 1436 ut
2209 1400 2374 1437 maiores
2403 1413 2482 1437 non

1419 1451 1650 1500 superbiant,
1672 1452 1765 1489 dum
1795 1453 2038 1490 considerant
2064 1465 2104 1489 se
2127 1452 2321 1490 minorum
2350 1453 2483 1490 suffra-

1419 1504 1486 1552 giis
1514 1504 1693 1552 indigere.

1471 1670 1489 1702 ι)
1512 1670 1615 1694 Glossa.
1632 1683 1652 1688 -
1669 1670 1735 1695 dicit
1760 1670 1855 1695 Glossa
1878 1677 1904 1700 x,
1924 1678 1979 1695 om.
2003 1671 2065 1694 A.-
2083 1670 2134 1695 Pro
2158 1671 2225 1701 Etsi,
2252 1671 2284 1696 Si
2305 1672 2415 1702 ABGH;
2435 1680 2483 1704 pro

1415 1705 1529 1739 profuit,
1544 1706 1654 1737 prosint
1673 1705 1843 1737 ABCEFLpI‚
1857 1705 1949 1737 prosit
1967 1705 2079 1737 PHszI
2099 1711 2125 1730 et
2142 1714 2169 1731 a.

1472 1742 1497 1774 κ)
1516 1742 1629 1774 confert.
1641 1754 1660 1759 —
1677 1741 1821 1775 conserunt
1839 1741 1880 1766 ed.
1898 1747 1924 1770 a,
1943 1742 2120 1775 conseruntur
2139 1741 2168 1766 P.

1079 1922 1399 1965 ARTICULUS
1429 1922 1704 1965 OCTAVUS

946 2023 1101 2054 UTRUM
1123 2023 1355 2055 DEBEAMUS
1378 2024 1463 2055 PRO
1487 2023 1662 2055 1N1Micls
1693 2023 1839 2055 ORARE

1008 2103 1099 2135 Supra,
1119 2110 1164 2135 qu.
1182 2111 1238 2134 xxv,
1258 2108 1304 2128 art.
1324 2111 1355 2137 93
1375 2104 1406 2128 ΙΙΙ
1426 2103 1509 2135 Sent„
1529 2103 1589 2128 dist.
1607 2110 1662 2134 xxx,
1682 2108 1728 2127 art.
1749 2109 1774 2128 2.

486 2210 490 2218 «
514 2197 537 2222 n
557 2197 730 2222 OCTAVUM
750 2197 804 2222 Sic
823 2197 1064 2223 enocemrun.
1085 2186 1247 2223 Videtur
1262 2186 1367 2235 quod

341 2206 365 2231 ιβ
368 2207 401 2243 »2
419 2207 474 2233 ss

332 2217 488 2300 ›⁷2⁴‹
515 2250 596 2275 non
616 2239 827 2275 debeamus
841 2250 912 2287 pro
932 2238 1094 2275 inimicis
1109 2251 1230 2276 orare.
1254 2240 1367 2286 Quia,

321 2291 441 2339 Agr,
451 2278 484 2333 ‘6
498 2291 503 2295 “
515 2298 557 2328 ut
571 2290 707 2328 dicitur
720 2293 832 2328 Rom.
848 2291 937 2338 xv*,
958 2303 1216 2340 quaecumque
1228 2293 1367 2341 scripta

326 2339 335 2345 ”
360 2339 456 2386 5¹³3)
471 2338 504 2381 Χ
515 2350 612 2390 sunt,
628 2344 680 2381 ad
697 2350 864 2381 nostram
884 2345 1092 2382 doctrinam
1111 2346 1250 2394 scripta
1268 2352 1365 2383 sunt.

303 2396 408 2434 Sed
400 2409 439 2433 111
458 2409 566 2434 sacra
590 2373 781 2446 Scriptura
801 2397 1031 2434 inducuntur
1058 2399 1199 2435 multae
1227 2399 1367 2447 impre-

268 2493 274 2500 .
302 2449 497 2486 cationes²
512 2457 644 2487 contra
657 2450 850 2487 inimicos:
867 2450 1001 2488 dicitur
1016 2451 1117 2488 enim
1133 2451 1172 2488 in
1182 2452 1364 2488 Psalm.*:

300 2503 536 2540 Erubescant
571 2509 607 2540 et
631 2505 900 2540 conturbentur
935 2516 1065 2540 omnes
1092 2505 1236 2541 inimici
1270 2505 1365 2541 mei:

301 2557 524 2593 erubescant
543 2561 581 2592 et
605 2557 874 2594 conturbentur
891 2555 907 2586 β
932 2557 1042 2594 valde
1054 2557 1240 2594 velociter.
1263 2558 1364 2605 Ergo

302 2615 340 2646 et
366 2621 438 2646 nos
472 2609 660 2646 debemus
689 2621 798 2646 orare
834 2617 966 2647 contra
994 2610 1171 2647 inimicos
1190 2615 1218 2658 Υ,
1244 2610 1364 2659 magis

303 2673 421 2710 quam
448 2674 520 2710 pro
549 2661 613 2699 eis.

357 2726 392 2752 2.
413 2715 647 2762 Pium-Em,
667 2714 852 2752 vindicari
870 2713 884 2736 ὅ
912 2715 960 2752 de
979 2715 1142 2752 inimicis
1161 2715 1200 2753 in
1219 2716 1364 2753 malum

301 2766 545 2804 inimicorum
574 2767 683 2805 cedit.
723 2767 801 2804 Sed
833 2768 952 2805 sancti
978 2768 1187 2806 vindictam
1222 2769 1270 2806 de
1298 2769 1366 2805 ini-

303 2820 412 2857 micis
435 2827 588 2869 petunt:
617 2820 829 2857 secundum
848 2820 938 2858 illud
956 2821 1075 2869 Apoc.
1095 2833 1131 2858 vi
1150 2821 1190 2858 *ε
1226 2823 1365 2870 Usque-

303 2884 377 2922 quo
406 2884 481 2910 non
509 2873 678 2910 vindicas
702 2873 928 2922 sanguinem
957 2879 1126 2910 nostrum
1154 2874 1200 2910 de
1226 2874 1282 2910 his
1301 2874 1368 2922 qui

303 2926 473 2963 habitant
490 2926 527 2963 in
548 2924 682 2963 terra?
714 2925 826 2962 Unde
847 2933 883 2962 et
902 2926 950 2962 de
968 2925 1137 2963 vindicta
1155 2926 1364 2974 impiorum

303 2979 512 3016 laetantur:
546 2978 760 3016 secundum
788 2978 882 3015 illud
909 2979 1050 3015 Psalm.
1070 2978 1110 3015 *ε
1146 2980 1366 3016 Laetabitur

303 3032 421 3069 iustus
447 3043 534 3069 cum
560 3031 696 3068 viderit
710 3031 926 3068 vindictam.
955 3032 1057 3079 Ergo
1081 3044 1160 3068 non
1181 3039 1236 3069 est
1255 3044 1365 3069 oran-

305 3084 398 3122 dum
426 3097 497 3133 pro
525 3084 698 3131 inimicis,
728 3084 797 3121 sed
825 3084 944 3132 magis
973 3091 1105 3121 contra
1133 3097 1212 3122 eos.

359 3139 394 3175 3.
415 3138 652 3185 PRAETEREA,
682 3137 854 3185 operatio
882 3137 1050 3174 hominis
1079 3144 1116 3174 et
1144 3137 1224 3174 eius
1244 3137 1363 3174 oratio

297 3191 383 3227 ‘non
412 3191 553 3228 debent
580 3202 662 3228 esse
691 3190 891 3227 contraria.
929 3190 1006 3227 Sed
1038 3190 1217 3228 homines
1245 3202 1364 3240 quan-

304 3243 432 3292 doque
452 3243 550 3280 licite
574 3243 799 3292 impugnant
817 3243 1012 3280 inimicos:
1042 3243 1210 3292 alioquin
1234 3243 1364 3281 omnia

241 3314 248 3322 ·
270 3316 276 3322 ·
302 3296 401 3333 bella
429 3303 555 3333 essent
582 3296 718 3343 illicita,
741 3296 846 3344 quod
867 3303 922 3333 est
941 3303 1072 3334 contra
1097 3297 1313 3345 supradicta
1332 3296 1363 3333 ³¹⁸.

303 3349 406 3398 Ergo
435 3362 514 3386 non
533 3354 546 3370 ⁸
574 3349 760 3386 debemus
789 3361 898 3386 orare
925 3361 996 3398 pro
1025 3349 1197 3387 inimicis.

356 3462 384 3495 ιι)
404 3461 617 3495 imprecationes.
628 3475 647 3481 —
665 3461 899 3494 interpretationes
916 3462 1033 3495 LpACE.

357 3496 382 3530 β)
402 3497 558 3523 erubescant
575 3500 602 3522 et
618 3498 818 3522 conturbentur.
831 3510 850 3516 —
868 3498 1024 3523 erubescant
1042 3498 1073 3529 D,
1092 3499 1247 3524 erubescant
1264 3502 1291 3524 et
1304 3506 1365 3523 con-

304 3535 446 3558 vertantur
463 3533 493 3564 L,
512 3535 704 3558 convertantur
721 3536 748 3557 et
766 3532 920 3558 erubescant
939 3533 989 3557 PC.

356 3568 383 3601 γ)
404 3567 533 3593 inimicos.
546 3582 564 3587 —
583 3571 689 3593 nostros
707 3568 804 3592 addunt
822 3568 869 3592 Pa.

1473 2188 1547 2223 SED
1568 2198 1714 2223 CONTRA
1733 2198 1799 2223 EST
1818 2187 1923 2235 quod
1945 2186 2080 2223 dicitur
2099 2187 2234 2224 Matth.
2254 2199 2278 2224 v
2296 2188 2334 2225 *ε
2370 2189 2520 2227 Orate

1413 2251 1487 2287 pro
1511 2240 1818 2288 persequentibus
1845 2245 1880 2275 et
1907 2240 2222 2277 calumniantibus
2249 2252 2328 2278 vos.

1472 2294 1700 2329 RESPONDEO
1729 2304 1913 2329 DICENDUM
1941 2293 2047 2341 quod
2075 2305 2185 2330 orare
2218 2305 2288 2341 pro
2318 2294 2392 2331 alio
2422 2307 2482 2331 ca-

1419 2345 1546 2382 ritatis.
1556 2353 1624 2393 est,
1654 2346 1750 2382 sicut
1769 2345 1910 2382 dictum
1931 2353 1987 2382 est
2004 2345 2035 2382 *.
2065 2345 2177 2383 Unde
2198 2346 2337 2383 eodem
2363 2347 2520 2384 modo

1419 2410 1496 2446 quo
1525 2406 1702 2435 tenemur
1721 2398 1874 2446 diligere
1903 2397 2090 2446 inimicos,
2119 2407 2296 2436 tenemur
2321 2412 2392 2448 pro
2414 2400 2483 2437 ini-

1419 2451 1527 2488 micis
1557 2464 1678 2488 orare.
1719 2451 1890 2498 Qualiter
1918 2459 2047 2488 autem
2078 2459 2280 2489 teneamur
2306 2452 2482 2490 inimicos

1420 2504 1570 2552 diligere
1606 2516 1721 2553 supra
1739 2504 1759 2526 ’³‘
1785 2505 1956 2541 habiturn
1985 2512 2061 2551 est,
2091 2504 2129 2541 in
2157 2512 2316 2542 tractatu
2345 2507 2392 2543 de
2422 2519 2483 2543 ca-

1418 2557 1546 2594 ritate:
1575 2565 1617 2594 ut
1645 2557 1786 2594 scilicet
1813 2557 1851 2594 in
1879 2558 1934 2594 eis
1963 2557 2163 2605 diligamus
2192 2566 2378 2606 naturam,
2402 2571 2482 2596 non

1419 2610 1592 2659 culpam;
1622 2618 1659 2647 et
1679 2610 1785 2658 quod
1806 2610 1960 2658 diligere
1987 2610 2161 2647 inimicos
2180 2611 2218 2648 in
2237 2611 2403 2659 generali
2427 2619 2483 2649 est

1418 2663 1457 2700 in
1474 2671 1694 2712 praecepto,
1723 2663 1762 2700 in
1781 2663 1934 2711 speciali
1962 2670 2091 2700 autem
2119 2676 2199 2700 non
2227 2671 2284 2701 est
2309 2665 2348 2701 in
2371 2677 2481 2713 prae-

1419 2723 1530 2764 cepto
1565 2716 1637 2753 nisi
1664 2717 1878 2753 secundum
1906 2716 2240 2765 praeparationem
2277 2717 2410 2765 animi,
2440 2725 2481 2754 ut

1417 2769 1558 2806 scilicet
1585 2769 1704 2806 homo
1733 2777 1832 2806 esset
1858 2775 2012 2817 paratus
2042 2769 2155 2806 etiam
2185 2769 2395 2817 specialiter
2412 2770 2481 2807 ini-

1418 2822 1563 2858 micum
1591 2821 1747 2869 diligere
1776 2829 1812 2858 et
1837 2833 1926 2858 eum
1954 2821 2086 2858 iuvare
2115 2822 2153 2858 in
2172 2822 2404 2859 necessitatis
2423 2835 2481 2859 ar-

1417 2874 1544 2921 ticulo,
1572 2875 1636 2911 vel
1660 2874 1690 2910 si
1709 2874 1863 2911 veniam
1889 2881 2055 2922 peteret;
2085 2874 2152 2911 sed
2179 2874 2218 2911 in
2242 2875 2394 2923 speciali
2415 2876 2480 2912 ab·

1418 2927 1539 2963 solute
1554 2925 1567 2952 (
1586 2926 1762 2964 inimicos
1778 2926 1931 2974 diligere
1952 2934 1989 2963 et
2008 2939 2075 2963 eos
2094 2927 2224 2964 iuvare
2238 2928 2480 2976 perfectionis

1419 2986 1486 3016 est.
1511 2980 1560 3016 Et
1579 2979 1749 3016 similiter
1767 2979 1998 3016 necessitatis
2019 2987 2075 3017 est
2092 2987 2134 3016 ut
2151 2980 2191 3017 in
2211 2981 2479 3018 communibus

1418 3032 1555 3069 nostris
1593 3032 1828 3069 orationibus
1856 3044 1951 3081 quas
1988 3044 2058 3081 pro
2095 3032 2176 3069 aliis
2203 3033 2382 3081 facimus,
2411 3033 2479 3070 ini-

1417 3085 1538 3122 micos
1557 3097 1636 3122 non
1657 3085 1914 3122 excludamus.
1945 3085 2063 3131 Quod
2083 3093 2212 3123 autem
2231 3098 2303 3135 pro
2323 3086 2376 3123 eis
2395 3099 2479 3135 spe-

1418 3138 1559 3175 cialiter
1579 3139 1746 3186 oremus,
1774 3138 2015 3187 perfectionis
2035 3146 2103 3187 est,
2132 3151 2211 3176 non
2234 3139 2477 3188 necessitatis,

1418 3190 1489 3228 nisi
1517 3191 1556 3228 in
1584 3191 1711 3239 aliquo
1742 3203 1831 3228 casu
1860 3191 2024 3240 speciali.

1471 3245 1530 3281 An
1550 3256 1687 3281 PRIMUM
1707 3255 1808 3281 ERGO
1827 3256 2012 3282 DICENDUM
2031 3244 2138 3293 quod
2157 3244 2477 3292 imprecationes*1

1419 3309 1520 3344 quae
1548 3297 1586 3334 in
1612 3309 1719 3334 sacra
1748 3297 1941 3345 Scriptura
1968 3304 2164 3346 ponuntur
2182 3297 2479 3346 quadrupliciter

1419 3357 1580 3398 possunt
1597 3349 1762 3398 intelligi.
1783 3350 1871 3387 Uno
1890 3352 2021 3397 modo,
2037 3349 2250 3386 secundum
2269 3350 2374 3398 quod
2387 3361 2478 3398 pro-

1413 3483 1417 3491 .
1472 3462 1497 3495 δ)
1517 3463 1659 3489 vindicari.
1672 3477 1691 3482 -
1709 3463 1847 3488 vindicare
1865 3463 1959 3487 PDKa.

1473 3499 1494 3530 ε)
1515 3505 1608 3523 ηοη.-
1626 3505 1674 3523 nos
1692 3506 1744 3523 non
1764 3498 1792 3522 P.

1471 3533 1497 3565 ζ)
1517 3534 1645 3558 absolute.
1656 3546 1676 3551 -
1694 3533 1755 3558 Om.
1775 3534 1804 3557 L.

1472 3569 1499 3600 η)
1520 3568 1732 3600 imprecationes.
1745 3581 1764 3587 -
1781 3567 2014 3599 interpretationes
2034 3567 2104 3599 LpA,
2123 3575 2176 3592 om.
2196 3567 2243 3600 pC.

2513 409 2523 421 ¹⁸
2537 409 2604 431 Vers.
2620 410 2652 431 16.

2511 727 2522 738 ⁸
2536 727 2594 754 Cup.
2609 732 2648 748 xv.

2511 935 2522 946 ⁸
2536 934 2604 956 vm.
2618 940 2657 963 3⁰-

2511 983 2522 994 ⁸
2540 982 2666 1004 Lombard.
2679 983 2723 1004 sub

2511 1015 2576 1031 nom.
2587 1010 2699 1031 Ambros.

2510 1411 2522 1423 ⁸
2536 1411 2604 1434 Vers.
2621 1418 2647 1434 11.

2534 2200 2600 2223 Vere.
2614 2208 2655 2228 44.

2534 2359 2586 2380 Art.
2605 2359 2713 2386 praeced.

2509 2514 2579 2541 Qu.
2602 2520 2656 2541 xxv,
2678 2517 2721 2536 art.
