2860 4238
1026 169 1292 216 QUAESTIO
1322 170 1424 217 CXI,
1453 170 1749 208 ARTICULUS
1779 171 1828 207 111
2438 172 2510 217 431

343 245 566 292 intentione,
587 246 655 283 sed
673 246 712 283 in
740 247 915 284 exteriori
939 247 1180 296 operatione:
1214 247 1316 284 unde
1345 260 1406 284 su·
1514 250 1573 285 An
1602 260 1738 285 PRIMUM
1762 259 1859 285 ERGO
1889 259 2072 285 mensuum
2096 247 2200 296 quod
2227 259 2324 296 opus
2357 248 2517 284 exterius

106 307 197 330 ·ven
212 313 242 335 ¹³
343 310 413 346 per
440 298 532 335 illud
557 300 629 336 Iob
655 311 763 336 xxxvi
782 299 822 347 ²⁸,
851 300 1095 337 Simulatores
1118 305 1152 335 et
1170 300 1296 336 callidi
1313 311 1406 347 pro·
1461 301 1677 337 naturaliter
1713 300 1896 348 significat
1928 300 2189 337 intentionem.
2224 300 2390 347 Quando
2426 312 2515 348 ergo

105 352 317 407 {sffggflgp‘uffis
343 356 482 388 vocant
507 352 606 388 iram
633 353 726 398 Dei,
757 352 844 390 dicit
872 353 1007 390 Glossa
1030 352 1050 374 '¹‘
1078 352 1182 400 quod
1210 353 1406 389 simulator
1460 353 1594 402 aliquis
1622 365 1691 402 per
1719 354 1821 389 bona
1840 365 1957 402 opera
1976 365 2075 401 quae
2104 353 2201 399 facit,
2223 365 2267 389 ex
2289 365 2359 389 suo
2379 365 2516 400 genere

107 411 220 466 vern-17·¹3
344 403 450 440 aliud
473 404 635 449 simulat,
655 405 760 442 aliud
777 403 792 434 β
819 406 920 455 agit.-
948 405 1151 442 castitatem
1169 407 1351 453 praefert,
1371 411 1406 441 et
1459 407 1507 442 ad
1540 406 1612 442 Dei
1646 406 1840 442 servitium
1869 406 2112 454 pertinentia,
2142 418 2220 443 non
2257 405 2404 454 quaerit
2430 407 2516 442 Deo

344 455 538 493 lasciviam
564 458 747 505 sequitur;
774 463 933 495 ostentat
952 463 1224 506 paupertatem,
1245 464 1281 494 et
1303 470 1403 494 mar·
1458 459 1620 506 placere,
1646 460 1711 495 sed
1741 459 1972 504 hominibus,
1992 459 2144 495 simulat
2171 466 2311 495 rectam
2341 458 2516 495 intentio-

342 509 491 557 supium
511 510 636 557 replet.
658 511 760 558 Ergo
773 511 985 559 hypocrisis
1006 522 1084 547 non
1104 518 1159 546 est
1177 510 1280 547 idem
1301 511 1404 558 quod
1459 523 1570 556 nem,
1601 523 1717 559 quam
1755 523 1833 548 non
1868 512 1994 548 habet.
2030 512 2139 548 Unde
2174 511 2377 561 Gregorius
2409 511 2515 558 dicit,

344 561 548 599 simulatio.
1459 564 1584 599 XXXI
1603 563 1747 600 Moral.
1768 563 1799 610 ²⁸,
1829 564 1934 612 quod
1952 565 2171 612 hypocritae
2193 576 2265 613 per
2288 575 2422 600 causas
2443 564 2553 601 Dei

398 615 472 652 SED
500 626 647 652 CONTRA
674 626 742 651 Es'r
767 616 873 664 quod
911 615 1077 652 Isidorus
1106 615 1212 661 dicit,
1241 616 1279 652 in
1307 616 1403 652 libro
1458 616 1651 652 intentioni
1668 617 1880 652 deserviunt
1894 617 2053 653 saeculi:
2081 618 2168 665 quia
2181 628 2254 665 per
2272 617 2351 665 ipsa
2371 628 2517 676 quoque

105 667 180 715 {g-ib·
195 666 316 695 ¹·⁸‘¹¹¹¹¹·
342 667 509 715 Etymol.
530 667 569 703 *z
601 682 620 700 ι
641 668 858 716 Hypocrita
881 684 899 701 ι»
928 680 1070 718 graeco
1092 680 1265 705 sermone
1289 669 1326 705 in
1351 669 1404 705 la·
1457 680 1554 716 quae
1571 680 1610 704 se
1628 680 1745 717 agere
1762 674 1891 706 sancta
1912 670 2118 714 ostendunt,
2139 682 2214 706 non
2234 670 2515 706 conversionem

201 729 219 756 τ
343 720 419 756 tino
451 735 469 752 ι
491 719 689 757 simulator
710 735 729 754 »
760 721 1035 769 interpretatur,
1056 722 1131 769 qui,
1155 721 1244 757 dum
1264 725 1279 748 Υ
1307 721 1404 758 intus
1458 727 1645 769 quaerunt
1673 722 1886 767 hominum,
1913 723 1979 758 sed
2004 734 2120 759 auras
2146 723 2346 770 favorum.
2382 723 2431 759 Et
2467 722 2516 758 ita

343 772 465 809 malus
483 772 540 818 sit,
556 773 696 809 bonum
715 785 756 810 se
762 774 895 822 palam
915 775 1086 811 ostendit.-
1108 789 1127 807 e:
1143 774 1245 822 hypo
1263 788 1282 806 »
1304 774 1402 810 enim
1458 773 1637 810 simulant
1664 774 1896 810 mendaciter
1931 775 2178 812 intentionem
2208 783 2349 812 rectam
2362 803 2371 821 ,
2400 786 2516 822 quam

345 839 364 858 α
374 825 525 873 salsum
547 840 582 871 τι,
611 826 716 862 crisis
745 841 764 859 ι
787 827 965 864 iudicium
989 842 1008 860 »
1039 827 1314 874 interpretatur.
1458 838 1536 862 non
1563 826 1716 872 habent,
1738 826 1914 874 quamvis
1933 839 2011 863 non
2031 827 2210 864 simulent
2229 834 2247 855 η
2276 828 2430 876 aliquod
2460 839 2516 863 re-

395 878 621 915 REsponmzo
641 890 826 916 montinum
847 880 964 928 quod,
985 880 1080 916 sicut
1108 879 1274 916 Isidorus
1303 878 1403 925 dicit,
1459 886 1562 914 ctum
1591 891 1689 928 opus
1718 879 1821 927 quod
1850 891 1929 916 non
1957 887 2078 927 agant.

340 930 503 977 ibidem,
533 943 668 969 nomen
705 932 926 980 hypocritae
961 938 1121 970 tractum
1154 936 1209 968 est
1233 942 1257 967 a
1284 931 1405 978 specie
1429 953 1431 972 :
1511 933 1570 968 AD
1590 943 1779 968 SECUNDUM
1797 943 1980 969 DlCENDUM
2003 933 2108 979 quod
2127 932 2276 969 habitus
2299 931 2515 979 sanctitatis,

341 995 474 1020 eorum
501 985 568 1033 qui
593 985 630 1022 in
657 986 876 1032 spectaculis
904 991 1070 1022 contecta
1088 984 1199 1033 facie
1218 984 1403 1028 incedunt,
1458 991 1548 1031 puta
1568 984 1757 1031 religionis
1776 985 1837 1021 vel
1857 984 2062 1030 clericatus,
2078 985 2261 1032 significat
2279 993 2417 1021 statum
2438 997 2515 1033 quo

341 1037 607 1087 distinguentes
632 1038 776 1074 vultum
803 1039 912 1075 vario
940 1038 1066 1074 colore
1085 1042 1124 1074 ut
1145 1037 1197 1073 ad
1216 1048 1405 1084 personae
1459 1037 1542 1085 quis
1562 1037 1747 1084 obligatur
1767 1038 1814 1074 ad
1834 1049 1952 1085 opera
1971 1038 2223 1085 perfectionis.
2253 1039 2300 1074 Et
2319 1038 2406 1074 ideo
2427 1049 2515 1074 cum

341 1101 456 1138 quam
479 1090 659 1127 simulant
675 1090 840 1128 colorem
863 1091 1099 1139 perveniant,
1120 1090 1230 1126 modo
1259 1090 1296 1125 in
1324 1101 1404 1137 spe·
1458 1090 1542 1137 quis
1571 1090 1743 1126 habitum
1771 1090 1974 1126 sanctitatis
2003 1090 2160 1127 assumit
2182 1090 2380 1127 intendens
2399 1102 2438 1126 se
2467 1089 2516 1126 ad

341 1143 398 1180 cie
423 1143 508 1189 viri,
538 1144 650 1180 modo
678 1143 715 1180 in
743 1144 864 1191 specie
879 1144 1067 1192 feminae,
1089 1149 1129 1179 ut
1150 1143 1188 1179 in
1216 1143 1313 1179 ludis
1334 1153 1403 1190 po-
1458 1150 1596 1180 statum
1625 1142 1867 1191 perfectionis
1886 1143 2097 1190 transferre,
2119 1143 2150 1180 si
2167 1155 2236 1191 per
2257 1143 2516 1180 infirmitatem

334 1197 471 1244 pulum
495 1195 643 1241 fallant.
680 1196 791 1233 Unde
826 1196 1060 1244 Augustinus
1097 1195 1202 1241 dicit,
1233 1195 1270 1232 in
1306 1194 1402 1232 libro
1458 1196 1627 1242 deficiat,
1657 1208 1736 1232 non
1770 1203 1825 1232 est
1852 1195 2048 1233 simulator
2074 1197 2136 1233 vel
2171 1195 2389 1244 hypocrita:
2428 1195 2517 1244 quia

79 1266 82 1268 ·
100 1255 173 1279 ·-Ι-ῑΙ’
182 1255 276 1286 lue-v·
286 1261 315 1278 ¹1·
340 1248 387 1286 de
404 1249 530 1295 Serm
540 1250 655 1286 Dom.
676 1249 713 1286 in
732 1249 906 1287 Monte*
906 1250 1043 1298 ,quod
1060 1250 1156 1286 sicut
1171 1248 1402 1296 hypocritae,
1458 1261 1535 1286 non
1564 1256 1712 1285 tenetur
1740 1249 1980 1285 manifestare
2009 1261 2120 1286 suum
2150 1257 2349 1297 peccatum
2384 1247 2517 1285 sancti-

199 1301 215 1331 Ι
291 1299 575 1339 simulatores
596 1314 850 1350 personarum
878 1303 1043 1340 aliarum
1069 1300 1095 1350 δ,
1124 1306 1245 1362 agunt
1273 1306 1404 1349 partes
1457 1301 1541 1338 tatis
1569 1302 1741 1338 habitum
1762 1301 2005 1350 deponendo.
2037 1302 2076 1339 Si
2104 1310 2231 1338 autem
2259 1302 2308 1338 ad
2336 1302 2410 1338 hoc
2430 1313 2514 1338 san-

340 1354 438 1392 illius
465 1356 567 1403 quod
592 1367 667 1392 non
704 1361 793 1392 sunt
818 1355 918 1404 (non
939 1356 1038 1393 enim
1075 1356 1140 1404 qui
1165 1354 1248 1404 agit
1273 1359 1403 1402 partes
1459 1354 1592 1390 ctitatis
1607 1354 1779 1390 habitum
1800 1362 2009 1391 assumeret
2023 1362 2063 1391 ut
2082 1367 2121 1391 se
2139 1355 2279 1392 iustum
2300 1361 2515 1401 ostentaret,

338 1407 657 1457 Agamemnonis,
686 1420 776 1446 vere
803 1409 880 1457 ipse
907 1415 976 1454 est,
1005 1409 1071 1445 sed
1099 1407 1253 1444 simulat
1266 1407 1404 1466 ‘eum)‚·
1458 1416 1558 1443 esset
1584 1407 1783 1455 hypocrita
1812 1415 1848 1443 et
1875 1407 2082 1444 simulator.

53 1458 55 1462 ⁴
169 1469 228 1515 ’χρ
338 1460 393 1498 sic
420 1461 457 1498 in
486 1461 647 1498 ecclesiis
665 1462 755 1498 etin
784 1462 890 1498 omni
910 1462 987 1499 vita
1010 1462 1179 1498 humana
1207 1459 1372 1508 quisquis
1391 1464 1403 1480 ⁸
1511 1461 1569 1496 An
1587 1471 1748 1497 'reni-um
1775 1471 1960 1497 mensuum
1988 1460 2094 1508 quod
2122 1460 2160 1497 in
2188 1460 2440 1506 simulatione,
2470 1459 2517 1496 si-

218 1539 220 1541 »
297 1513 300 1518 ’
338 1525 379 1550 se
395 1514 477 1551 vult
497 1515 619 1551 videri
635 1515 736 1563 quod
753 1526 828 1552 non
849 1520 913 1560 est,
932 1514 1131 1563 hypocrita
1155 1518 1226 1549 est:
1252 1512 1406 1549 simulat
1458 1520 1520 1548 cut
1546 1512 1584 1548 in
1614 1512 1829 1559 mendacio,
1851 1514 1927 1549 duo
1953 1522 2058 1550 sunt:
2087 1525 2208 1550 unum
2237 1513 2392 1561 quidem
2422 1513 2518 1549 sicut

195 1563 214 1600 Β
339 1567 438 1604 enim
464 1579 505 1604 se
532 1568 680 1612 iustum,
705 1579 779 1604 non
807 1568 966 1604 exhibet.
997 1565 1090 1604 Sict
1119 1566 1323 1604 dicendum
1348 1572 1404 1602 est
1457 1565 1619 1613 signum,
1641 1573 1677 1602 et
1705 1565 1806 1602 aliud
1826 1565 1920 1602 sicut
1938 1565 2137 1613 signatum.
2168 1567 2270 1602 Mala
2290 1578 2378 1613 ergo
2398 1565 2518 1602 inten-

339 1620 444 1669 quod
471 1620 683 1669 hypocrisis
703 1620 895 1657 simulatio
915 1628 991 1657 est:
1021 1632 1099 1657 non
1123 1627 1251 1656 autem
1277 1618 1403 1655 omnis
1457 1617 1508 1655 tio
1529 1618 1567 1655 in
1585 1618 1776 1666 hypocrisi
1796 1618 2054 1655 consideratur
2073 1620 2168 1655 sicut
2192 1618 2391 1666 signatum,
2413 1619 2516 1666 quod

338 1672 549 1720 simulatio,
579 1673 646 1710 sed
675 1674 800 1710 solum
829 1673 890 1710 illa
923 1686 998 1722 qua
1027 1673 1112 1721 quis
1141 1672 1293 1709 simulat
1319 1684 1404 1720 per-
1457 1683 1535 1708 non
1565 1671 1770 1720 respondet
1788 1671 1906 1719 signo.
1937 1671 2134 1708 Exteriora
2162 1679 2288 1708 autem
2317 1672 2379 1708 vel
2398 1671 2518 1708 verba

337 1737 474 1763 sonam
502 1726 674 1773 alterius;
703 1726 799 1763 sicut
826 1739 914 1764 cum
934 1733 1112 1776 peccator
1139 1725 1291 1762 simulat
1318 1737 1402 1773 per·
1455 1725 1517 1761 vel
1537 1736 1666 1773 opera,
1687 1725 1749 1761 vel
1772 1737 2038 1773 quaecumque
2057 1724 2255 1771 sensibilia,
2278 1724 2519 1761 consideran-

338 1790 473 1819 sonam
501 1779 597 1816 iusti.
1427 1797 1429 1824 Ι
1455 1784 1516 1814 tur
1534 1777 1572 1814 in
1596 1778 1703 1814 omni
1726 1777 1967 1814 simulatione
1993 1785 2028 1814 et
2046 1777 2249 1814 mendacio
2278 1777 2372 1814 sicut
2400 1777 2517 1825 signa.

392 1901 417 1935 β)
436 1900 521 1927 aliud.
538 1915 557 1921 —-
574 1905 601 1927 et
618 1901 696 1926 aliud
714 1902 770 1933 PL;
790 1909 838 1934 pro
857 1904 982 1930 ostentat,
1001 1901 1118 1926 ostendit
1135 1901 1237 1926 PCGH.

389 1938 417 1971 γ)
437 1937 510 1962 dum.
526 1951 546 1956 -
563 1944 624 1962 cum
643 1937 699 1968 PL;
718 1945 766 1970 pro
789 1937 870 1965 intus,
895 1937 967 1962 vitiis
992 1937 1016 1966 1;
1040 1944 1088 1969 pro
1112 1936 1184 1970 hypo
1209 1936 1279 1961 enim
1296 1936 1400 1969 salsum

336 1973 422 2003 crisis,
442 1973 585 2007 hypocrita
603 1973 639 2004 D3
659 1980 707 2006 pro
725 1973 809 2002 crisis,
829 1972 909 1998 crisin
933 1972 1113 2001 ABCEFIKa,·
1136 1971 1183 2004 qui
1205 1972 1296 1996 dum...
1321 1971 1402 1996 inter-

333 2011 463 2042 pretatur
480 2016 535 2034 om.
552 2009 585 2033 H.

1507 1898 1532 1931 δ)
1548 1906 1727 1932 personarum
1745 1899 1870 1924 aliarum.
1888 1913 1907 1918 -
1920 1907 2098 1931 personarum
2117 1900 2270 1931 aliquarum
2289 1899 2321 1929 G,
2337 1906 2518 1932 personarum

1454 1942 1568 1967 quarum
1588 1935 1618 1964 L,
1636 1935 1752 1960 aliarum
1768 1942 1947 1966 personarum
1966 1935 2036 1960 PDa.

1509 1970 1531 2002 ε)
1551 1970 1676 2003 quisquis.
1694 1985 1713 1989 -
1729 1970 1776 2003 qui
1794 1971 1851 1996 Pla.

1510 2005 1535 2037 ζ)
1557 2006 1611 2031 Sic.
1628 2019 1647 2025 -
1666 2006 1751 2039 igitur
1770 2006 1866 2030 addunt
1885 2006 1962 2031 PDG.

1510 2041 1537 2073 η)
1557 2041 1689 2066 simulent.
1706 2054 1726 2060 —
1743 2041 1872 2066 simulant
1890 2041 1947 2071 PL;
1967 2049 2014 2073 pro
2032 2044 2124 2074 agant,
2144 2044 2231 2074 agunt
2249 2041 2325 2065 PBH.
2345 2040 2384 2065 Cf.
2402 2045 2455 2065 not.
2475 2048 2500 2064 α.

1137 2202 1456 2244 ARTICULUS
1486 2202 1716 2252 TERTIUS

842 2297 998 2328 UTRUM
1022 2296 1273 2328 HYPOCRISIS
1297 2296 1563 2327 OPPONATUR
1587 2296 1766 2326 VIRTUTI
1791 2296 2021 2326 VERITATIS

1118 2376 1151 2400 lV
1171 2376 1254 2404 Sent„
1274 2375 1332 2400 dist.
1350 2383 1400 2405 xvi,
1419 2383 1463 2408 qu.
1482 2383 1516 2405 iv.
1536 2380 1582 2401 art.
1606 2383 1627 2405 1,
1649 2374 1698 2408 qu·
1718 2382 1741 2399 2.

98 2463 310 2487 ’‘lid-&mmm-
388 2475 437 2512 ἧι
452 2473 508 2501 ss
487 2479 525 2522 ⁴5<
548 2470 571 2495 n
586 2470 747 2495 TERTmM
762 2469 816 2495 s1c
831 2456 1103 2494 PROCEDl‘mR*.
1120 2456 1279 2493 Videtur
1294 2454 1428 2503 quod'
1455 2456 1517 2492 vel
1545 2455 1667 2492 inanis
1694 2454 1855 2502 gloriae:
1884 2455 1988 2491 unde
2017 2465 2131 2503 super
2158 2453 2250 2490 illud
2274 2454 2344 2490 Iob
2366 2466 2463 2491 xxvn
2482 2454 2518 2502 ³¹²,

304 2507 310 2518 ’
364 2491 523 2572 ’νὶᾓ
548 2511 761 2571 hypocrisis
781 2523 859 2548 non
879 2518 1096 2559 opponatur
1118 2509 1245 2547 virtuti
1264 2509 1401 2545 verita-
1461 2509 1566 2550 Quae
1593 2514 1647 2544 est
1672 2519 1754 2556 spes
1774 2512 1791 2528 ‘²
1818 2507 2055 2556 hypocritae,
2083 2507 2117 2543 si
2141 2518 2259 2544 avare
2285 2507 2408 2555 rapiat
2434 2515 2516 2554 etc„

355 2559 517 2640 ,yer-
491 2559 606 2602 vstis.
637 2566 679 2601 In
703 2563 943 2601 simulatione
978 2563 1081 2600 enim
1106 2563 1187 2600 sive
1211 2562 1402 2611 hypocrisi
1458 2561 1545 2598 dicit
1574 2561 1711 2598 Glossa
1731 2562 1766 2597 *:
1795 2560 2033 2608 Hypocrita,
2069 2560 2135 2608 qui
2159 2560 2272 2597 latine
2307 2560 2441 2596 dicitur
2471 2561 2519 2596 si-

394 2589 538 2649 3³33>
506 2606 606 2654 &est
633 2617 783 2665 signum
809 2625 845 2654 et
877 2617 1077 2664 signatum.
1113 2616 1190 2653 Sed
1216 2623 1400 2664 quantum
1457 2615 1632 2660 mulator,
1652 2625 1794 2651 avarus
1813 2619 1943 2662 raptor
1969 2619 2033 2659 est,
2053 2614 2118 2661 qui
2144 2613 2234 2649 dum
2253 2613 2378 2661 inique
2399 2624 2518 2662 agens

339 2667 388 2704 ad
417 2675 635 2719 utrumque,
656 2682 734 2707 non
762 2670 912 2707 videtur
940 2669 1083 2718 opponi
1113 2668 1224 2705 alicui
1252 2668 1404 2717 speciali
1456 2668 1641 2704 desiderat
1657 2667 1703 2703 de
1721 2667 1914 2703 sanctitate
1930 2667 2117 2711 venerari,
2137 2666 2286 2702 laudem
2304 2666 2403 2702 vitae
2421 2666 2520 2713 rapit

337 2720 482 2757 virtuti:
507 2721 706 2772 hypocrita
730 2723 831 2760 enim
852 2723 1005 2759 simulat
1023 2734 1308 2770 quamcumque
1327 2721 1402 2758 vir·
1456 2721 1613 2758 alienae.
1645 2720 1745 2756 Cum
1766 2731 1855 2767 ergo
1875 2719 2042 2766 avaritia,
2062 2720 2124 2755 vel
2144 2718 2264 2755 inanis
2288 2718 2418 2766 gloria,
2439 2731 2517 2755 non

339 2780 475 2819 tutem3
502 2783 538 2812 et
566 2775 678 2812 etiam
706 2788 774 2824 per
801 2787 1068 2823 quaecumque
1096 2774 1243 2811 virtutis
1273 2787 1401 2822 opera,
1457 2774 1596 2811 directe
1626 2780 1843 2821 opponatur
1869 2772 2032 2818 veritati,
2062 2772 2213 2808 videtur
2240 2771 2344 2819 quod
2373 2783 2443 2807 nec
2472 2771 2518 2807 si-

338 2833 429 2875 puta
449 2838 516 2875 per
534 2828 728 2876 ieiunium,
750 2829 963 2865 orationem
984 2835 1021 2864 et
1044 2828 1341 2875 eleemosynam,
1361 2835 1403 2864 ut
1457 2826 1613 2863 mulatio
1644 2825 1723 2862 sive
1751 2825 1974 2873 hypocrisis.

99 2882 298 2912 ‘Vm-²2⁵⁸&
338 2880 501 2917 habetur
528 2882 663 2918 Matth.
687 2894 723 2918 vi
746 2881 777 2918 *.
807 2882 909 2929 Ergo
938 2880 1147 2929 hypocrisis
1176 2893 1253 2917 non
1282 2892 1403 2929 oppo-
1511 2880 1585 2916 SED
1605 2890 1751 2915 CONTRA
1770 2890 1836 2915 EST
1855 2878 1944 2926 quia
1963 2877 2088 2914 omnis
2108 2876 2296 2914 simulatio
2327 2883 2382 2913 est
2409 2889 2517 2913 men-

339 2932 438 2970 nitur
466 2934 678 2983 specialiter
703 2934 836 2972 virtuti
859 2933 1037 2970 veritatis.
1457 2932 1608 2970 dacium
1645 2931 1862 2980 quoddam,
1891 2938 1932 2967 ut
1960 2930 2101 2967 dictum
2135 2937 2190 2966 est
2207 2929 2238 2966 ²¹⁶.
2268 2929 2516 2966 Mendacium

394 2997 429 3023 2.
451 2987 686 3034 Pmmmm,
708 2987 833 3024 omnis
862 2986 1052 3024 simulatio
1083 2998 1127 3022 ex
1155 2985 1282 3034 aliquo
1311 2985 1401 3022 dolo
1457 2992 1584 3022 autem
1613 2984 1751 3021 directe
1781 2983 1987 3032 opponitur
2013 2983 2173 3020 veritati.
2207 2983 2309 3031 Ergo
2340 2990 2375 3019 et
2403 2983 2518 3019 simu·-

327 3040 548 3088 —procedere
566 3041 738 3078 videtur:
761 3040 862 3078 unde
884 3048 920 3077 et
938 3038 1165 3088 simplicitati
1184 3038 1400 3088 opponitur.
1456 3038 1544 3075 latio
1574 3037 1654 3074 sive
1681 3037 1904 3085 hypocrisis.

100 3099 212 3148 'ui-33
219 3103 312 3148 3⁴3-
339 3093 461 3130 Dolus
494 3101 622 3131 autem
662 3093 868 3142 opponitur
903 3091 1142 3141 prudentiae,
1172 3099 1213 3129 ut
1250 3104 1364 3140 supra
1382 3091 1402 3113 *
1427 3092 1429 3116 ⁵
1510 3092 1736 3127 Responmzo
1765 3102 1947 3127 mcENDUM
1967 3089 2084 3137 quod,
2114 3088 2326 3125 secundum
2346 3088 2518 3124 Philoso-

276 3132 297 3155 ³
338 3146 511 3184 habitum
533 3155 600 3184 est.
630 3147 733 3195 Ergo
761 3146 985 3195 hypocrisis,
1006 3157 1105 3194 quae
1126 3152 1181 3181 est
1200 3145 1401 3191 simulatio,
1456 3144 1590 3192 phum,
1606 3143 1644 3180 in
1664 3144 1698 3180 X
1712 3144 1927 3191 Metaphys.
1945 3144 1977 3189 ³¹²,
1999 3142 2242 3179 contrarietas
2257 3149 2313 3177 est
2327 3140 2558 3194 oppositio

339 3211 418 3236 non
447 3200 652 3248 opponitur
679 3199 839 3246 veritati,
859 3199 927 3237 sed
957 3198 1076 3246 magis
1097 3198 1320 3247 prudentiae
1339 3197 1403 3235 vel
1457 3197 1669 3234 secundum
1707 3197 1893 3242 formam,
1923 3208 1945 3232 a
1974 3207 2050 3243 qua
2087 3194 2225 3231 scilicet
2262 3206 2321 3230 res
2349 3194 2516 3242 speciem

339 3251 578 3301 simplicitati.
1457 3251 1581 3287 habet.
1612 3250 1661 3286 Et
1679 3249 1766 3286 ideo
1792 3249 1996 3286 dicendum
2017 3255 2072 3284 est
2098 3247 2204 3295 quod
2227 3246 2416 3283 simulatio
2437 3247 2516 3283 sive

395 3306 429 3342 3.
460 3307 692 3352 PRAETEREA,
714 3305 860 3355 species
889 3303 1092 3341 moralium
1117 3303 1404 3340 considerantur
1457 3302 1668 3351 hypocrisis
1693 3310 1818 3351 potest
1845 3301 1988 3350 opponi
2017 3300 2126 3337 alicui
2144 3300 2271 3337 virtuti
2302 3299 2515 3348 dupliciter:

341 3370 385 3395 ex
411 3359 500 3396 fine.
540 3359 617 3396 Sed
645 3358 731 3396 finis
757 3357 969 3407 hypocrisis
998 3365 1054 3394 est
1082 3355 1280 3404 acquisitio
1313 3356 1402 3392 lucri
1457 3368 1536 3393 uno
1557 3355 1688 3401 modo,
1710 3355 1866 3399 directe;
1896 3352 1961 3391 et?
1987 3353 2059 3390 alio
2079 3353 2210 3400 modo,
2231 3352 2422 3390 indirecte.
2452 3351 2518 3389 Di-

394 3482 421 3515 α)
440 3489 507 3514 spes.
524 3496 543 3501 -
560 3482 658 3514 species
678 3482 811 3514 PEGLpG
830 3487 856 3507 et
874 3488 900 3506 a.
1511 3478 1537 3512 β)
1557 3483 1591 3505 et.
1607 3493 1627 3499 -
1645 3480 1707 3504 Om.
1726 3478 1868 3510 PDGHpC.

2567 572 2623 594 Loc.
2639 572 2678 594 cit.

2639 835 2655 858 η

2546 2462 2556 2472 ⁸
2570 2461 2638 2484 Ven.
2654 2462 2675 2484 8.

2644 2520 2661 2536 α

2546 2569 2556 2579 ’
2570 2568 2626 2590 Ord.
2643 2567 2711 2595 Greg.

2545 2938 2555 2948 ⁸
2568 2938 2620 2959 Art.
2634 2943 2650 2959 1.

2543 3147 2554 3158 “
2582 3147 2608 3168 S.
2629 3146 2673 3168 Th.
2702 3147 2722 3168 le
2724 3151 2754 3169 ct.

2544 3179 2595 3248 {ihi
2586 3173 2754 3228 vichapDi‘wivJ
