2860 4238
942 278 1209 325 QUAESTIO
1240 279 1361 327 cxx,

258 355 409 396 Aequitas
433 363 541 386 autem
564 362 594 386 et
617 356 735 387 iustitia
757 356 864 396 legalis
889 366 954 386 non
974 355 1018 386 sic
1041 365 1073 386 se
1093 356 1209 387 habent
1232 357 1319 397 quod

257 399 425 439 respiciant
448 400 530 430 duos
548 399 636 436 fines,
653 400 769 431 scilicet
784 400 980 440 superiorem
1005 406 1035 430 et
1058 399 1249 436 inferiorem,
1266 401 1319 430 sed

258 443 429 483 respiciunt
459 444 597 474 eundem
624 443 737 474 finem:
759 451 804 474 *ut
830 450 917 485 patet
943 443 976 474 in
999 444 1068 484 lege
1099 454 1137 474 ne
1165 444 1319 484 peregrini

257 487 427 518 ascendant
450 488 578 518 moenia
597 487 744 523 civitatis,
769 495 799 519 et
821 487 854 518 in
878 488 946 527 lege
977 487 1205 527 depositorum.
1236 489 1320 519 Nam

257 530 328 561 finis
351 531 428 571 legis
451 531 494 562 ibi
519 539 565 562 est
587 532 671 562 salus
695 531 837 565 civitatis.
854 541 894 561 ne
913 531 1068 571 peregrini
1092 539 1245 562 noceant:
1270 543 1320 563 ac·
1345 514 1347 565 Ι

258 575 379 606 cidente
403 582 509 606 autem
538 585 612 606 casu
636 586 702 616 quo
726 576 908 617 perderetur
941 575 1047 606 civitas
1076 576 1134 606 nisi
1166 576 1319 616 peregrini
1344 577 1346 609 1'

257 619 460 650 ascenderent
488 619 629 655 moenia,
653 619 724 649 finis
754 619 919 660 aequitatis
943 626 989 650 est
1017 619 1111 650 etiam
1139 620 1222 650 salus
1246 621 1318 651 civi·
1344 636 1346 652 ς

256 662 338 694 tatis.
362 663 404 694 Et
418 663 562 694 similiter
579 663 730 693 reddendi
753 663 936 703 depositum
958 663 1029 693 finis
1044 671 1091 694 est
1105 664 1228 694 bonum
1243 664 1319 694 utile
1344 683 1345 699 ;

257 706 397 737 domini:
424 707 458 737 in
480 716 555 738 casu
579 713 684 737 autem
709 717 775 748 quo
804 707 943 738 furiosus
970 715 1032 744 est,
1056 708 1197 748 aequitas
1226 715 1320 748 negat
1344 711 1345 744 1

256 750 440 792 depositum
463 760 500 781 ex
524 750 638 781 eodem
661 750 741 787 fine,
766 751 841 792 quia
864 751 981 782 scilicet
1011 758 1092 782 esset
1115 752 1143 782 ei
1167 752 1319 782 nocivum
1343 745 1346 791 ξ

1391 279 1687 317 ARTICULUS
1717 281 1747 316 II
2355 291 2405 327 47
2416 292 2428 316 1

1373 356 1406 386 in
1430 366 1503 387 casu
1527 363 1574 387 est
1588 357 1674 393 utile,
1692 357 1766 397 quia
1790 357 1907 388 scilicet
1922 357 1954 387 in
1972 367 2045 387 casu
2068 357 2131 387 hoc
2154 356 2233 387 illud
2250 367 2344 387 suum
2368 367 2433 387 non

1374 407 1421 430 est
1443 401 1488 431 illi
1512 400 1598 436 utile,
1616 401 1670 431 sed
1687 401 1855 431 nocivum:
1880 408 2002 432 constat
2018 407 2125 431 autem
2140 401 2229 441 quod
2249 401 2340 431 altior
2363 400 2434 431 finis

1374 451 1420 475 est
1439 444 1511 475 dare
1535 444 1628 475 alicui
1652 454 1745 475 suum
1777 444 1854 475 utile
1884 455 1983 486 quam
2005 454 2116 481 suum;
2144 445 2219 485 quia
2246 445 2318 475 ideo
2343 446 2434 475 datur

1374 487 1467 518 alicui
1490 498 1586 518 suum
1602 495 1638 519 ut
1653 488 1693 519 sit
1715 488 1801 525 utile,
1819 489 1910 520 datur
1924 489 2010 519 enim
2033 490 2091 519 sub
2107 489 2228 519 ratione
2248 489 2334 519 finali
2357 489 2433 519 boni

1373 532 1469 562 utilis.
1494 532 1598 562 Habet
1621 542 1696 572 ergo
1720 542 1752 563 se
1775 533 1916 573 aequitas
1940 533 1979 563 ad
2002 533 2153 564 iustitiam
2179 533 2312 573 legalem
2341 534 2434 573 quasi

1374 577 1489 616 regula
1512 577 1670 616 superior,
1688 576 1763 617 quia
1779 586 1897 607 nomen
1921 577 2045 617 regulae
2069 577 2108 607 ad
2132 583 2254 616 partem
2269 577 2432 616 cognosci-

1373 619 1470 650 tivam
1494 627 1632 659 spectare
1656 620 1797 650 videtur:
1822 628 1868 651 est
1890 628 1995 652 tamen
2019 630 2090 651 vere
2113 621 2266 661 superior,
2283 621 2357 661 quia
2381 631 2432 651 su-

1372 663 1530 703 periorem
1553 663 1687 694 intendit
1709 663 1816 694 finem.
2320 666 2324 669 ’

1428 707 1466 738 V.
1491 708 1542 737 Ad
1564 708 1741 738 secundum
1756 708 1890 739 dubium
1905 707 1922 727 *
1945 708 2059 739 dicitur
2074 709 2161 749 quod
2186 718 2260 739 cum
2283 708 2316 739 in
2331 708 2433 739 littera

1372 749 1574 790 distinguitur
1596 752 1645 781 lex
1668 759 1825 792 quantum
1848 753 1887 782 ad
1909 753 2003 783 verba
2022 759 2156 788 tantum,
2174 759 2204 783 et
2219 758 2377 793 quantum
2393 753 2432 782 ad

255 801 332 825 tunc
353 793 468 825 habere
491 794 644 834 gladium.
673 795 749 827 Non
773 802 819 826 est
842 805 916 836 ergo
941 796 1081 836 aequitas
1106 796 1250 836 superior
1273 806 1319 826 re·
1343 795 1346 849 ⁸
1370 794 1590 831 intentionem,
1608 795 1792 835 intelligitur
1815 796 1965 835 distingui
1983 796 2116 827 intentio
2137 796 2307 827 extrinseca
2323 803 2432 827 contra

254 838 330 878 gula
352 838 572 869 humanorum
595 846 737 870 actuum.
1343 850 1346 871 x

310 882 363 912 1v.
375 883 427 913 Ad
439 882 515 913 haec
528 883 624 913 dubia
637 883 746 914 ordine
756 884 938 923 retrogrado
958 883 1190 924 respondendo,
1205 883 1319 914 dicitur
1343 872 1346 942 ἰ

221 942 226 948 -
254 926 294 956 ad
317 926 477 957 tertium*
499 927 589 968 quod
624 928 899 968 quemadmodum
926 928 959 957 in
989 927 1149 958 intellectu
1182 927 1319 967 practico
1343 948 1346 974 Ι

253 969 425 1001 indicativo
437 978 581 1011 respectu
598 971 807 1011 singularium
823 971 996 1011 agibilium,
1010 971 1131 1011 positae
1147 978 1222 1002 sunt
1237 971 1319 1001 duae
1343 978 1345 1016 ξ

253 1014 394 1052 virtutes,
419 1015 536 1046 scilicet
559 1016 679 1056 synesis
702 1022 733 1046 et
759 1025 896 1056 gnome,
920 1025 1058 1056 quarum
1081 1015 1184 1054 prima
1207 1024 1318 1045 secun·
1343 1018 1345 1054 ᾖ

254 1059 334 1089 dum
358 1068 546 1090 communes
569 1060 692 1099 regulas
717 1066 763 1090 est
788 1067 870 1090 recte
893 1058 1061 1089 iudicativa
1089 1059 1127 1089 de
1151 1058 1318 1098 agibilibus
1343 1057 1345 1109 j

254 1102 510 1140 occurrentibus,
535 1103 630 1133 altera
652 1110 760 1133 autem
788 1109 835 1133 est
863 1109 944 1133 recte
967 1101 1137 1133 iudicativa
1161 1103 1199 1133 de
1224 1103 1320 1143 agibi-
1343 1114 1345 1125 =

253 1146 337 1178 libus
360 1147 598 1178 occurrentibus
613 1154 735 1187 praeter
750 1156 938 1178 communes
957 1147 1096 1186 regulas:
1120 1147 1163 1177 ita
1178 1147 1211 1177 in
1231 1154 1319 1188 parte
1343 1127 1345 1190 i

254 1190 426 1232 appetitiva
449 1197 496 1223 est
518 1191 636 1231 duplex
665 1190 800 1228 iustitia,
831 1201 895 1221 una
922 1191 1103 1222 inclinativa
1132 1191 1172 1221 ad
1197 1191 1318 1222 iustum
1342 1195 1344 1222 l

253 1234 432 1267 secundum
446 1235 531 1275 leges
551 1245 750 1272 communes,
767 1242 798 1266 et
813 1234 889 1265 haec
907 1241 1040 1265 vocatur
1054 1234 1173 1266 iustitia
1190 1235 1317 1275 legalis;

253 1277 610 1319 dl'teranclinafi'vaad
624 1279 746 1310 iustum
766 1286 850 1309 extra
865 1288 1054 1309 communes
1076 1279 1170 1319 leges,
1188 1286 1218 1310 et
1239 1279 1318 1310 haec
1342 1312 1344 1316 ,

252 1320 385 1354 Vocatur
414 1323 566 1364 aequitas.
597 1323 638 1353 Et
668 1323 944 1364 quemadmodum
973 1323 1044 1353 illae
1067 1333 1150 1363 quae
1173 1323 1212 1353 ad
1235 1323 1317 1354 iudi·
1342 1318 1344 1350 ἶ

253 1366 393 1400 mudum
421 1366 590 1407 perficiunt
621 1367 666 1398 sic
694 1377 727 1398 se
757 1367 887 1402 habent,
906 1367 996 1407 quod
1025 1367 1167 1397 iudicans
1196 1375 1318 1407 praeter
1342 1361 1344 1369 '

253 1419 443 1447 communes
465 1411 591 1451 regulas
613 1411 654 1442 ad
677 1411 787 1442 altiora
809 1411 936 1452 respicit
966 1410 1119 1451 principia
1142 1421 1241 1451 quam
1269 1412 1318 1442 iu-

252 1453 361 1487 dIcans
384 1455 563 1487 secundum
589 1465 777 1486 communes
799 1455 895 1495 leges,
919 1461 955 1486 ut
978 1455 1123 1495 superius
1147 1454 1181 1485 in
1205 1458 1260 1495 qu.
1276 1466 1317 1492 ιι,
1342 1475 1343 1495 3

252 1496 310 1531 afl-
328 1495 365 1539 4,Ἰ
384 1501 508 1530 Auctor
522 1499 614 1530 dixit:
639 1499 681 1529 ita
699 1499 776 1530 istae
792 1509 874 1540 quae
897 1499 936 1528 ad
959 1499 1134 1530 volendum
1152 1498 1319 1539 perficiunt

252 1540 534 1619 mnionaliter
561 1553 595 1574 se
626 1543 742 1574 habent
769 1543 813 1574 sic
842 1543 932 1583 quod
959 1542 1078 1574 iustitia
1108 1542 1216 1582 legalis
1238 1542 1317 1573 infe·
1342 1558 1343 1563 =

269 1587 277 1595 '
375 1586 506 1619 sortitur
519 1586 608 1623 fines,
625 1593 656 1618 et
678 1586 819 1628 aequitas
834 1586 1029 1627 superiores;
1052 1585 1131 1617 fines
1154 1586 1240 1616 enim
1264 1597 1317 1628 ap-

253 1630 434 1674 petibilium
455 1630 610 1672 principia
633 1631 803 1671 appetendi
826 1637 856 1662 et
879 1630 1032 1671 operandi
1055 1637 1139 1661 sunt.
1342 1644 1343 1668 l

308 1675 402 1709 Unde
420 1675 460 1707 ad
483 1675 620 1716 primam
643 1674 858 1706 obiectionem
882 1674 995 1706 dicitur
1017 1675 1107 1716 quod
1129 1674 1246 1706 falsum
1269 1685 1317 1706 as·
1342 1672 1343 1688 ¹

253 1719 407 1754 sumitur:
431 1725 468 1750 ut
491 1719 572 1751 clare
593 1718 628 1750 in
650 1719 724 1750 loco
748 1719 883 1759 allegato
906 1721 1029 1750 Auctor
1051 1719 1137 1750 dixit.
1342 1690 1343 1779 i

307 1763 360 1795 Ad
383 1763 556 1794 secundam
579 1769 702 1800 autem,
727 1770 858 1804 negatur
880 1763 996 1794 minor.
1027 1763 1068 1794 Et
1091 1763 1129 1793 ad
1160 1762 1317 1803 exempla·
1342 1782 1343 1806 1

251 1803 321 1839 ιὲιὲιὲι
342 1807 565 1851 probationem
580 1807 695 1838 dicitur
709 1808 798 1848 quod
814 1807 909 1838 etiarn
927 1807 960 1837 in
983 1806 1050 1837 istis
1066 1807 1216 1847 exemplis
1232 1813 1318 1847 patet
1342 1810 1343 1847 ᾗ

252 1851 458 1893 propositum
480 1858 638 1882 nostrum.
661 1852 746 1882 Nam
761 1851 794 1881 in
809 1851 879 1892 lege
893 1851 1134 1891 peregrinorum
1148 1850 1220 1881 finis
1244 1861 1316 1891 pro-

251 1895 357 1930 ximus
380 1902 428 1927 est
449 1895 599 1927 securitas
622 1895 755 1927 civitatis
778 1906 796 1926 a
818 1895 1004 1936 peregrinis;
1033 1894 1105 1926 finis
1128 1902 1236 1926 autem
1266 1905 1316 1925 ae-

253 1939 382 1983 quitatis
405 1939 439 1970 in
466 1949 540 1971 casu
571 1946 618 1971 est
646 1940 730 1970 salus
758 1939 906 1970 civitatis:
938 1946 1060 1970 constat
1090 1946 1197 1970 autem
1226 1940 1315 1980 quod
1341 1973 1343 1979 A

252 1982 347 2016 altior
369 1982 440 2017 finis
463 1991 510 2014 est
532 1984 616 2015 salus
640 1983 772 2015 civitatis
796 1994 894 2025 quam
921 1983 1070 2014 securitas
1094 1993 1111 2013 a
1133 1983 1314 2023 peregrinis,
1341 1983 1343 2009 Ι

253 2027 328 2069 quia
357 2027 506 2059 securitas
535 2028 594 2058 ista
628 2028 792 2059 ordinatur
819 2028 858 2058 ad
886 2027 1021 2058 salutem
1051 2027 1182 2058 civitatis
1212 2034 1249 2057 ut
1275 2028 1314 2058 ad
1341 2021 1342 2062 ]

251 2070 358 2103 finem.
383 2071 426 2102 Et
447 2071 591 2103 similiter
613 2072 644 2102 in
668 2072 737 2112 lege
761 2071 980 2112 depositorum
995 2071 1066 2102 finis
1089 2071 1253 2112 proximus
1270 2078 1316 2102 est
1340 2068 1342 2103 f

253 2123 290 2148 ut
308 2116 427 2158 cuique
451 2126 546 2147 suum
569 2116 733 2152 reddatur;
757 2115 829 2146 finis
852 2122 961 2146 autem
984 2115 1149 2157 aequitatis
1174 2115 1315 2155 negantis
1340 2134 1342 2138 =

1371 839 1466 868 verba
1496 849 1571 869 cum
1593 849 1650 869 sua
1673 839 1840 870 intrinseca
1870 840 2060 871 intentione:
2089 840 2131 871 ita
2160 841 2248 880 quod
2277 841 2372 871 verba
2401 846 2432 871 et

1372 881 1443 912 finis
1466 892 1579 913 eorum
1602 883 1788 914 intrinsecus
1811 890 1885 914 sunt
1908 894 2009 914 unum
2034 884 2224 920 membrum,
2242 890 2272 914 et
2294 883 2365 914 finis
2381 894 2431 914 ex-

1371 926 1525 958 trinsecus
1549 933 1595 957 est
1617 927 1704 957 aliud
1727 928 1918 964 membrum,
1938 935 1974 958 ut
1996 935 2082 968 patet
2103 928 2136 958 in
2160 928 2310 968 exemplis
2334 938 2430 968 expo-

1372 970 1438 1000 sitis
1457 970 1483 1000 *.
1508 971 1611 1000 Verba
1634 970 1719 1000 enirn
1742 971 1820 1010 legis
1848 972 1994 1012 depositi,
2019 972 2145 1008 scilicet,
2161 972 2335 1003 Reddenda
2356 978 2432 1003 sunt

1371 1014 1524 1054 deposita,
1541 1024 1615 1044 cum
1639 1024 1698 1044 suo
1722 1015 1890 1045 intrinseco
1906 1015 1978 1052 fine,
1995 1015 2120 1052 scilicet,
2138 1021 2172 1046 ut
2186 1026 2279 1047 suum
2303 1016 2431 1046 domino

1371 1058 1545 1095 reddatur,
1574 1065 1649 1088 sunt
1672 1068 1774 1088 unum
1797 1060 1991 1089 membrum:
2023 1067 2052 1090 et
2075 1059 2145 1089 finis
2169 1060 2314 1096 ulterior,
2342 1062 2429 1100 quia,

1372 1101 1497 1138 scilicet,
1518 1107 1564 1132 est
1588 1102 1636 1132 illi
1658 1102 1773 1132 bonum
1798 1104 1884 1139 utile,
1902 1110 1948 1133 est
1963 1103 2097 1133 alterum
2112 1105 2303 1134 membrum.
2327 1104 2368 1134 Et
2387 1104 2431 1135 sic

1370 1147 1410 1177 de
1433 1146 1510 1177 aliis.
1534 1146 1609 1176 Non
1625 1146 1801 1177 excluditur
1817 1156 1890 1187 ergo
1908 1157 1926 1177 a
1939 1147 2042 1177 verbis
2057 1147 2161 1178 omnis
2184 1147 2265 1184 finis,
2282 1148 2338 1178 sed
2360 1147 2430 1178 finis

1371 1190 1572 1221 extrinsecus.
1597 1190 1689 1221 Unde
1708 1197 1794 1230 patet
1817 1190 1936 1221 solutio
1959 1191 2156 1222 obiectionis.

1426 1234 1479 1265 Vl.
1504 1235 1555 1264 Ad
1578 1234 1720 1274 primum
1753 1234 1887 1265 dubium
1901 1234 1919 1254 *
1942 1234 2055 1265 dicitur
2077 1235 2166 1276 quod
2196 1234 2310 1275 procul
2331 1235 2430 1266 dubio
2456 1238 2467 1249 ⁸

1371 1285 1402 1310 et
1429 1278 1606 1309 secundum
1629 1281 1802 1309 Auctorem
1835 1286 1866 1309 et
1893 1279 2070 1310 secundum
2097 1279 2316 1315 Aristotelem,
2345 1278 2378 1309 in
2401 1279 2430 1310 V

1370 1323 1486 1359 Ethic„
1504 1322 1645 1363 aequitas
1661 1329 1708 1352 est
1722 1322 1929 1362 praestantior
1944 1322 2061 1354 iustitia
2084 1323 2176 1363 legali
2194 1323 2328 1354 limitata
2349 1322 2431 1353 infra

1371 1376 1560 1397 communes
1575 1366 1668 1405 leges.
1692 1366 1815 1397 Dicitur
1830 1367 1916 1397 enim
1932 1376 2074 1407 expresse
2088 1367 2122 1397 in
2137 1367 2166 1398 V
2181 1367 2285 1398 Ethic.
2301 1366 2319 1386 *
2341 1367 2431 1407 quod
2457 1370 2466 1378 ⁸

1371 1420 1507 1451 aequum
1532 1415 1578 1441 est
1594 1411 1708 1440 melius
1731 1411 1813 1441 iusto
1829 1411 1984 1451 quodam:
2006 1418 2038 1442 et
2051 1411 2195 1451 loquitur
2218 1411 2257 1442 de
2279 1411 2364 1442 iusto
2383 1420 2430 1441 se-

1372 1455 1515 1485 cundum
1530 1463 1718 1484 communes
1740 1454 1834 1494 leges.
1859 1455 1943 1485 Laus
1967 1462 2074 1486 autem
2097 1455 2148 1486 illa
2171 1454 2206 1485 in
2219 1455 2322 1495 prima
2344 1455 2431 1485 obie-

1372 1498 1475 1529 ctione
1501 1498 1608 1534 allata,
1633 1498 1671 1528 de
1694 1498 1812 1528 iustitia
1839 1498 1932 1538 legali
1962 1509 2027 1529 non
2050 1498 2199 1535 limitata,
2224 1499 2278 1529 sed
2305 1505 2431 1530 extensa

1370 1543 1410 1572 ad
1443 1541 1608 1582 aequitatis
1631 1541 1785 1582 principia
1812 1548 1843 1572 et
1866 1542 2152 1583 comprehendente
2180 1543 2371 1583 aequitatem
2395 1549 2431 1573 ut

1370 1593 1503 1627 partem,
1527 1585 1709 1625 accipienda
1732 1592 1787 1616 est.

1426 1630 1524 1667 Quod
1548 1636 1656 1660 autem
1678 1629 1711 1659 in
1734 1630 1871 1660 secunda
1901 1629 2079 1660 obiectione
2108 1630 2236 1666 dicitur,
2264 1630 2431 1671 dupliciter

1369 1674 1512 1705 solvitur.
1535 1673 1653 1709 Primo,
1670 1673 1855 1704 sustinendo
1870 1674 1959 1714 quod
1975 1674 2127 1714 aequitas,
2143 1674 2250 1715 quoad
2267 1684 2324 1704 sua
2347 1674 2431 1714 prin-

1371 1718 1462 1759 cipia,
1478 1725 1524 1748 est
1540 1717 1669 1748 directio
1692 1717 1770 1758 legis
1793 1718 1937 1748 absolute
1961 1724 1992 1748 et
2014 1717 2206 1758 simpliciter,
2226 1728 2284 1758 pro
2308 1725 2429 1759 quanto

1369 1761 1524 1803 principia
1555 1761 1720 1802 aequitatis
1751 1768 1825 1792 sunt
1858 1761 1936 1793 fines
1966 1761 2128 1793 extrinseci
2158 1762 2266 1802 legum
2304 1762 2430 1792 altiores

1369 1805 1484 1836 finibus
1508 1805 1660 1845 proximis
1683 1805 1823 1846 ipsarum
1839 1805 1957 1846 legum.
1982 1823 2003 1829 -
2026 1805 2183 1842 Secundo,
2203 1806 2292 1846 quod
2308 1816 2345 1836 ex
2367 1806 2430 1837 hoc

1342 1850 1343 1857 ¹
1369 1851 1440 1891 ipso
1459 1849 1549 1891 quod
1565 1849 1704 1891 aequitas
1721 1856 1767 1880 est
1781 1849 1911 1880 directio
1934 1850 2012 1890 legis
2028 1850 2060 1880 in
2081 1859 2154 1880 casu
2170 1859 2237 1890 quo
2254 1850 2431 1890 obliquaret

1369 1901 1499 1935 propter
1521 1893 1708 1930 universale,
1732 1894 1806 1925 dato
1830 1894 1920 1934 quod
1942 1904 2008 1924 non
2031 1900 2190 1934 sequatur,
2209 1894 2302 1935 Ergo
2316 1894 2431 1935 dirigit

1370 1940 1474 1980 legem
1497 1939 1683 1978 simpliciter
1690 1946 1703 1975 ;
1732 1937 1874 1979 sequitur
1902 1945 2026 1974 tamen,
2055 1939 2148 1979 Ergo
2170 1944 2219 1969 est
2244 1939 2429 1978 simpliciter

1370 1983 1506 2014 nobilior
1529 1983 1597 2022 ipsa
1621 1982 1722 2024 legali
1745 1983 1884 2013 iustitia:
1913 1982 1988 2023 quia
2011 1982 2153 2023 sequitur
2175 1982 2263 2023 quod
2287 1982 2429 2012 intendat

1369 2027 1408 2057 ad
1432 2027 1575 2057 altiorem
1595 2025 1701 2061 finem,
1719 2033 1755 2056 ut
1778 2036 1814 2056 ex
1836 2026 1926 2056 dictis
1942 2025 1959 2045 *
1978 2026 2088 2062 habes;
2120 2036 2154 2056 ac
2177 2036 2233 2066 per
2252 2025 2323 2062 hoc,
2339 2026 2427 2066 quod

1369 2071 1407 2101 sit
1430 2070 1613 2110 simpliciter
1636 2070 1783 2101 nobilior.

2458 712 2468 722 ⁸
2482 710 2552 733 Num.
2568 717 2594 733 n.

2457 972 2468 983 ⁸
2478 971 2548 994 Num.
2562 973 2667 1000 praeced.

2453 2031 2463 2040 ⁸
2477 2029 2550 2051 Num.
2565 2035 2596 2051 tv.
