2860 4244
61 901 82 930 j'
93 879 142 928 ᾤ’,
149 883 204 922 'm

6 2487 23 2935 WWW-'m“²c

9 2943 15 2973 l

9 2980 17 3065 ἕ

10 3154 21 3179 μ,

50 843 78 873 'j'
90 842 129 866 Cf
142 847 183 871 qu.
198 847 278 868 mxi,

345 1302 349 1314 l
374 1303 399 1314 χγ
422 1303 431 1317 Q
490 1310 491 1313 ,

201 1333 211 1341 ¹
229 1336 249 1349 et
271 1335 273 1339 ’
336 1316 400 1340 flR'
427 1313 492 1347 11-ξῖ

68 2479 78 2494 5
92 2456 162 2482 Van.
174 2461 208 2488 7.‘

63 2755 154 2804 stae.
169 2776 208 2799 dt.

70 2939 74 2954 ἵ
97 2939 146 2969 Qu.
160 2944 192 2967 ez,
211 2942 254 2961 m.
269 2945 286 2961 1.

171 3093 188 3128 β

171 3323 189 3350 ‘i

1022 285 1289 332 QUAESTIO
1319 285 1405 332 CII,
1435 284 1733 322 ARTICULUS
1762 285 1776 320 I
1803 287 1806 289 ’

2419 281 2492 330 373

745 496 1159 576 QUAESTIO
1199 494 2057 553 CENTESIMASECUNDA

1080 619 1170 658 DE
1216 618 1718 659 OBSERVANTIA

1148 735 1183 759 IN
1202 734 1294 759 TRES
1311 733 1516 758 ARTICULOS
1535 733 1652 757 DlVlSA

390 842 499 869 EINDE
536 829 858 868 considerandum
895 836 950 866 est
984 829 1032 867 de
1069 827 1312 866 observantia
1338 826 1369 873 ²¹³,

308 841 427 924 Det
469 883 638 933 partibus
675 883 755 920 eius
780 882 812 920 ³¹⁸.
851 884 925 920 Per
962 894 1061 932 quae
1102 882 1148 918 de
1186 879 1371 929 oppositis

305 937 406 975 vitiis
439 937 508 974 erit
534 936 788 974 manifestum.

307 989 419 1028 Circa
447 989 731 1028 observantiam
760 996 888 1028 autem
917 995 1151 1038 quaeruntur
1177 986 1257 1024 tria.

1481 825 1633 862 Primo:
1662 834 1790 862 utrum
1820 827 2063 864 observantia
2092 828 2138 864 sit
2171 827 2342 877 specialis
2370 828 2490 865 virtus

1534 879 1583 915 ab
1613 878 1691 915 aliis
1720 878 1902 916 distincta.

1482 932 1684 969 Secundo:
1716 932 1806 981 quid
1836 933 2078 970 observantia
2108 933 2293 971 exhibeat.

1481 984 1636 1022 Tertio:
1667 985 1714 1022 de
1743 985 2029 1034 comparatione
2058 986 2138 1023 eius
2167 987 2216 1024 ad
2242 987 2436 1036 pietatem.

1124 1094 1442 1138 ARTICULUS
1472 1094 1678 1137 PRIMUS

607 1234 614 1236 a.
669 1191 825 1223 UTRUM
849 1190 1154 1222 OBSERVANTIA
1177 1189 1244 1220 srr
1268 1188 1482 1220 SPECIALIS
1505 1188 1663 1219 VIRTUS
1685 1188 1741 1219 AB
1763 1188 1872 1219 ALns
1894 1188 2128 1219 DISTINCTA

519 1294 543 1318 n
567 1293 706 1318 Paruum
733 1293 788 1319 sm
816 1291 1057 1318 PROCEDITUR.
1082 1279 1242 1316 Videtur
1269 1278 1375 1328 quod

340 1344 396 1387 Ψ
400 1345 423 1378 ,Ἀ
440 1342 488 1396 ’μ
519 1335 763 1396 observantia
797 1347 876 1372 non
904 1333 951 1370 sit
978 1332 1150 1383 specialis
1178 1332 1297 1369 virtus
1326 1332 1374 1368 ab

304 1476 574 1533 observantiae
603 1507 682 1532 non
710 1494 948 1542 distinguitur
966 1494 1015 1530 ab
1035 1493 1186 1530 obiecto
1214 1491 1373 1540 pietatis.

227 1547 409 1602 „Dicit
437 1546 539 1585 enim
567 1548 757 1595 Tullius,
748 1560 788 1584 in
807 1560 876 1584 sua
903 1546 1106 1583 Rhetorica
1124 1545 1156 1593 *,
1186 1544 1292 1594 quod
1311 1545 1374 1581 ob-

305 1600 497 1638 servantia
524 1607 579 1638 est
596 1613 672 1650 per
697 1612 812 1650 quam
839 1600 1009 1638 homines
1035 1599 1163 1648 aliqua
1195 1599 1376 1648 dignitate

307 1653 563 1693 antecedentes
590 1654 754 1704 quodam
789 1654 889 1691 cultu
918 1658 954 1690 et
978 1653 1122 1690 honore
1155 1651 1373 1702 dignantur.

309 1706 389 1747 Sed
417 1708 559 1753 cultum
585 1715 622 1745 et
638 1707 830 1745 honorem
851 1706 965 1744 etiam
992 1705 1112 1755 pietas
1139 1704 1290 1742 exhibet
1308 1717 1373 1753 pa-

308 1760 490 1808 rentibus,
520 1761 584 1810 qui
619 1760 798 1809 dignitate
826 1759 1068 1798 antecedunt.
1106 1758 1210 1806 Erg‘o
1245 1758 1375 1796 obser-

306 1814 437 1852 vantia
465 1826 544 1851 non
573 1821 631 1851 est
655 1814 775 1851 virtus
804 1813 977 1851 distincta
1005 1825 1028 1849 a
1055 1813 1205 1861 pietate.

362 1878 399 1905 2.
419 1869 658 1915 PRAETEREA,
675 1867 770 1904 sicut
788 1866 1010 1904 hominibus
1028 1866 1067 1903 in
1087 1865 1265 1914 dignitate
1286 1877 1375 1902 con-

309 1920 442 1959 stitutis
471 1921 631 1958 debetur
649 1921 775 1958 honor
794 1928 831 1957 et
859 1921 992 1967 cultus,
1013 1919 1064 1956 ita
1088 1919 1200 1956 etiam
1231 1918 1282 1955 eis
1311 1918 1376 1968 qui

311 1974 495 2013 excellunt
522 1973 561 2011 in
590 1973 746 2011 scientia
774 1981 811 2010 et
836 1973 986 2011 virtute.
1018 1972 1096 2010 Sed
1123 1985 1203 2010 non
1228 1979 1283 2009 est
1309 1971 1376 2009 ali-

309 2040 387 2077 qua
413 2027 588 2076 specialis
613 2027 734 2064 virtus
762 2039 831 2075 per
859 2039 975 2076 quam
1013 2026 1203 2063 honorem
1233 2033 1269 2062 et
1297 2026 1372 2062 cul—

307 2088 391 2119 tum
419 2080 640 2119 exibeamus
668 2079 890 2117 hominibus
917 2079 983 2128 qui
1012 2079 1189 2116 scientiae
1208 2079 1272 2116 vel
1299 2079 1375 2116 vir-

305 2134 398 2182 tutis
426 2134 686 2171 excellentiam
713 2134 868 2171 habent.
898 2133 1002 2181 Ergo
1030 2132 1144 2170 etiam
1168 2132 1375 2169 observan-

308 2186 375 2236 tia,
405 2200 474 2238 per
510 2199 630 2236 quam
668 2187 812 2224 cultum
851 2193 887 2223 et
922 2187 1113 2224 honorem
1151 2185 1375 2222 exhibemus

309 2242 369 2280 his
396 2241 462 2290 qui
489 2253 561 2278 nos
588 2240 626 2278 in
647 2240 825 2288 dignitate
854 2239 1094 2287 antecedunt,
1116 2251 1195 2276 non
1216 2245 1272 2275 est
1291 2251 1374 2288 spe-

309 2293 415 2332 cialis
441 2293 562 2332 virtus
591 2294 639 2331 ab
654 2293 748 2330 »aliis
777 2292 961 2331 distincta.

367 2349 401 2386 3.
431 2349 674 2394 PRAETEREA,
703 2346 924 2383 hominibus
959 2345 997 2382 in
1034 2345 1211 2393 dignitate
1241 2345 1376 2382 consti-

309 2400 398 2439 tutis
426 2401 546 2438 multa
576 2401 762 2437 debentur
790 2399 838 2436 ad
872 2411 969 2448 quae
1003 2398 1188 2435 solvenda
1216 2399 1275 2435 lex
1313 2410 1375 2435 co-

308 2454 380 2504 git:
410 2453 622 2492 secundum
642 2453 732 2490 illud
751 2454 864 2490 Rom.
883 2465 945 2490 xm
963 2451 999 2488 ²⁸:
1028 2452 1185 2489 Reddite
1203 2452 1376 2488 omnibus

310 2506 454 2545 dehita:
482 2508 546 2544 cui
571 2507 761 2552 tributum,
782 2506 973 2552 tributum,
1004 2513 1073 2542 etc.
1108 2506 1166 2542 Ea
1193 2517 1287 2542 vero
1325 2505 1375 2542 ad

309 2573 410 2610 quae
437 2573 507 2610 per
533 2561 657 2608 legem
686 2559 965 2608 compellimur,
995 2558 1183 2607 pertinent
1206 2559 1256 2595 ad
1275 2558 1376 2595 iusti-

309 2614 399 2651 tiam
429 2614 602 2662 legalem,
632 2624 699 2650 seu
729 2613 841 2650 etiam
871 2613 920 2650 ad
948 2612 1128 2649 iustitiam
1157 2611 1374 2660 specialem.

310 2667 414 2715 Ergo
443 2666 686 2704 observantia
713 2679 792 2704 non
821 2673 877 2704 est
895 2678 964 2715 per
991 2677 1031 2702 se
1060 2665 1233 2714 specialis
1256 2665 1376 2702 virtus

311 2721 359 2759 ab
388 2719 469 2758 aliis
498 2719 680 2758 distincta.

366 2774 441 2810 SED
474 2784 621 2810 CONTRA
652 2784 719 2809 EST
750 2773 856 2820 quod
892 2772 1042 2809 Tullius
1067 2771 1088 2793 ³¹²
1125 2770 1333 2809 condividit
1359 2777 1376 2793 α

312 2825 596 2865 observantiam
626 2825 706 2862 aliis
739 2825 898 2862 iustitiae
934 2825 1125 2874 partibus,
1156 2837 1254 2873 quae
1290 2832 1376 2861 sunt

313 2879 496 2929 speciales
514 2878 683 2915 virtutes.

367 2934 593 2970 RESPONDEO
612 2942 797 2979 mcENDUM
826 2930 943 2980 quod,
963 2930 1058 2966 sicut
1087 2942 1132 2966 ex
1152 2929 1257 2966 dictis
1271 2929 1291 2951 ³¹⁶
1309 2942 1375 2979 pa-

314 2994 382 3034 tet,
418 2997 575 3022 necesse
604 2991 660 3021 est
686 2991 728 3020 ut
757 2995 804 3020 eo
832 2983 952 3020 modo
980 2994 1049 3032 per
1086 2983 1280 3031 quendam
1315 2995 1374 3019 or-

315 3035 486 3077 dinatum
525 3038 751 3075 descensum
780 3036 1055 3084 distinguantur
1081 3035 1251 3083 virtutes,
1282 3035 1377 3072 sicut

314 3090 389 3130 etss
423 3090 639 3128 excellentia
673 3101 924 3138 personarum
962 3089 1101 3138 quibus
1138 3096 1194 3126 est
1235 3088 1376 3147 aliquid

314 3144 566 3183 reddendum.
597 3143 700 3180 Sicut
728 3150 856 3180 autem
886 3142 1044 3179 carnalis
1075 3149 1183 3191 pater
1215 3141 1377 3201 particu-

313 3199 439 3237 lariter
465 3196 664 3246 participat
686 3196 872 3233 rationem
900 3194 1085 3244 principii,
1106 3207 1204 3244 quae
1225 3195 1376 3232 univer-

314 3252 438 3290 saliter
465 3249 657 3287 invenitur
675 3250 713 3286 in
733 3250 840 3295 De03
870 3248 920 3286 ita
941 3248 1054 3286 etiam
1082 3260 1248 3298 persona
1276 3260 1376 3297 quae

313 3311 500 3355 quantum
529 3304 579 3341 ad
598 3302 739 3351 aliquid
757 3307 774 3331 Υ
801 3301 1081 3362 providentiam
1102 3301 1200 3339 circa
1223 3314 1294 3339 nos
1314 3314 1376 3350 ge-

313 3359 370 3406 rit,
399 3356 673 3407 particulariter
699 3355 898 3405 participat
933 3355 1205 3405 proprietatem
1240 3354 1375 3404 patris:

366 3508 394 3541 α)
412 3507 570 3533 condividit.
587 3520 607 3526 -
624 3506 690 3531 dicit
707 3505 903 3531 condividendo
923 3505 969 3530 Pa.

367 3542 382 3576 β
411 3547 446 3568 et.
463 3545 483 3563 -'—
501 3543 562 3568 Om.
581 3541 722 3574 PADGpC.

365 3543 392 3611 ‘73
411 3578 523 3611 aliquid.
541 3591 560 3597 —
577 3577 693 3610 aliquam
712 3575 928 3609 BCEHLpADlK
942 3580 968 3602 et
987 3583 1012 3605 a,
1031 3575 1121 3608 aliqua
1140 3575 1242 3607 FleK,
1260 3574 1376 3607 aliquam

313 3613 537 3646 (misericordiam
551 3621 631 3646 quam
650 3613 722 3638 circa
741 3619 803 3641 nos;
822 3611 952 3644 margine:
972 3611 1013 3636 vel
1030 3612 1135 3642 curam)
1155 3611 1187 3635 G.

1429 1277 1518 1326 quia
1545 1285 1653 1326 pater
1681 1285 1736 1314 est
1754 1277 1983 1326 principium
2004 1285 2040 1315 et
2058 1278 2312 1326 generationis
2341 1286 2378 1316 et
2401 1280 2491 1317 edu-

1429 1331 1586 1368 cationis
1615 1338 1652 1368 et
1680 1330 1913 1380 disciplinae,
1944 1339 1980 1368 et
2009 1332 2184 1368 omnium
2204 1344 2302 1381 quae
2332 1333 2377 1369 ad
2406 1345 2490 1382 per·
2543 1360 2547 1362 -

1428 1384 1630 1421 sectionem
1660 1385 1853 1421 humanae
1881 1384 1981 1421 vitae
2009 1385 2208 1434 pertinent.
2237 1386 2408 1423 Persona
2427 1399 2491 1423 au-

1428 1445 1507 1474 tem
1534 1437 1574 1474 in
1603 1437 1780 1486 dignitate
1817 1438 2018 1475 constituta
2047 1446 2102 1475 est
2130 1438 2225 1475 sicut
2260 1439 2490 1489 principium

1427 1491 1711 1538 gubernationis
1749 1498 1922 1539 respectu
1959 1491 2171 1540 aliquarum
2209 1504 2358 1530 rerum:
2396 1493 2491 1530 sicut

1427 1544 1604 1592 princeps
1633 1544 1792 1581 civitatis
1821 1543 1858 1580 in
1887 1543 2001 1581 rebus
2030 1545 2222 1592 civilibus,
2254 1545 2330 1582 dux
2362 1554 2490 1583 autem

1429 1597 1614 1634 exercitus
1651 1597 1691 1634 in
1729 1598 1841 1634 rebus
1877 1597 2040 1646 bellicis,
2070 1598 2250 1646 magister
2286 1607 2415 1636 autem
2452 1600 2491 1636 in

1429 1650 1632 1699 disciplinis
1646 1648 1671 1697 δ,
1694 1658 1730 1687 et
1749 1650 1871 1687 simile
1892 1658 1947 1687 est
1966 1651 2004 1687 in
2023 1651 2113 1688 aliis.
2135 1652 2184 1688 Et
2202 1651 2291 1689 inde
2311 1660 2367 1689 est
2386 1653 2490 1701 quod

1429 1716 1566 1741 omnes
1588 1704 1680 1740 tales
1708 1716 1896 1752 personae
1910 1714 2039 1752 patres
2067 1705 2315 1753 appellantur,
2335 1714 2492 1755 propter

1429 1757 1712 1795 similitudinem
1751 1769 1880 1794 curae:
1920 1757 2016 1794 sicut
2050 1758 2102 1794 IV
2133 1759 2231 1808 Reg.
2260 1770 2285 1795 v
2314 1759 2353 1806 *,
2386 1760 2492 1797 “servi
2518 1763 2529 1772 ⁴
2544 1762 2652 1791 Ver-213-

1430 1811 1608 1848 Naaman
1638 1810 1811 1847 dixerunt
1829 1810 1878 1847 ad
1899 1822 2009 1848 eum:
2037 1811 2161 1857 Pater,
2191 1812 2258 1848 etsi
2275 1824 2355 1848 rem
2373 1824 2491 1862 gran-

1428 1865 1512 1901 dem
1532 1864 1686 1900 dixisset
1702 1863 1767 1900 tihi
1777 1865 1975 1912 propheta,
1997 1871 2065 1901 ete.
2096 1865 2146 1901 Et
2164 1865 2251 1902 ideo
2272 1865 2366 1902 sicut
2381 1870 2394 1886 ²
2420 1867 2490 1903 sub

1430 1917 1622 1965 religione,
1642 1929 1711 1966 per
1730 1929 1846 1966 quam
1868 1918 1989 1955 cultus
2008 1917 2181 1955 tribuitur
2199 1919 2296 1966 Deo,
2323 1919 2492 1968 quodam

1430 1969 1594 2008 ordine<
1623 1970 1812 2007 invenitur
1839 1970 1971 2019 pietas,
1991 1983 2060 2019 per
2087 1984 2204 2020 quarn
2234 1973 2408 2009 coluntur
2426 1985 2492 2022 pa-

1430 2031 1574 2070 rentes;
1604 2023 1656 2060 ita
1674 2024 1745 2060 sub
1772 2023 1910 2073 pietate
1930 2024 2121 2061 invenitur
2149 2025 2403 2073 observantia,
2423 2039 2493 2075 per

1429 2089 1546 2126 quam
1576 2078 1697 2113 cultus
1726 2084 1763 2113 et
1790 2078 1915 2114 honor
1943 2077 2142 2114 exhibetur
2169 2078 2343 2127 personis
2372 2078 2411 2116 in
2439 2079 2493 2117 di-

1429 2131 1568 2179 gnitate
1597 2130 1818 2167 constitutis.

1482 2186 1540 2221 AD
1577 2195 1715 2221 PRIMUM
1735 2195 1834 2220 ERGO
1862 2195 2046 2221 D1CENDUM
2075 2184 2182 2232 quod
2219 2184 2314 2222 sicut
2341 2197 2456 2234 supra
2474 2185 2494 2207 '³‘
2520 2196 2594 2244 *dQ²u·

1431 2237 1573 2274 dictum
1604 2244 1659 2274 est
1687 2237 1792 2286 quod
1821 2236 1950 2285 religio
1978 2249 2048 2285 per
2063 2237 2257 2286 quandam
2286 2238 2493 2287 superemi-

1431 2290 1599 2327 nentiam
1627 2290 1748 2337 pietas
1778 2289 1933 2337 dicitur,
1964 2298 2000 2327 et
2027 2298 2156 2327 tamen
2185 2291 2315 2351 ‘pietas
2339 2291 2493 2341 proprie

1430 2343 1528 2381 dicta
1548 2356 1570 2380 a
1590 2343 1771 2391 religione
1791 2343 2046 2391 distinguitur;
2076 2343 2126 2380 ita
2146 2343 2259 2381 etiam
2279 2343 2398 2393 pietas
2426 2357 2494 2395 per

1429 2397 1624 2446 quandam
1655 2396 1915 2434 excellentiam
1934 2404 2060 2445 potest
2079 2397 2151 2434 dici
2182 2398 2436 2446 observantia,
2459 2406 2495 2435 et

1429 2459 1558 2488 tamen
1596 2450 1839 2487 observantia
1867 2450 2020 2499 proprie
2062 2450 2160 2488 dicta
2190 2463 2212 2487 a
2245 2451 2384 2499 pietate
2422 2452 2493 2489 dis-

1428 2504 1617 2552 tinguitur.

1482 2559 1541 2594 An
1570 2568 1761 2593 SECUNDUM
1797 2567 1982 2594 DlCENDuM
2020 2556 2125 2605 quod
2163 2556 2296 2604 aliquis
2339 2570 2383 2594 ex
2419 2559 2494 2595 hoc

1431 2610 1535 2660 quod
1574 2617 1629 2646 est
1660 2609 1699 2646 in
1737 2609 1913 2658 dignitate
1933 2615 1951 2637 η
1981 2609 2242 2658 constitutus>
2253 2622 2331 2647 non
2368 2612 2492 2648 solum

1430 2664 1626 2712 quandam
1665 2670 1782 2699 status
1818 2663 2077 2700 excellentiam
2109 2664 2244 2709 habet,
2274 2663 2342 2700 sed
2380 2664 2493 2701 etiam

1431 2713 1627 2765 quandam
1645 2723 1874 2765 potestatem
1902 2716 2139 2764 gubernandi
2168 2716 2352 2754 subditos.
2382 2717 2494 2755 Unde

1432 2769 1613 2818 competit
1641 2769 1712 2806 sibi
1741 2769 1834 2806 ratio
1871 2769 2065 2818 principii,
2094 2778 2208 2818 prout
2241 2777 2296 2806 est
2331 2770 2492 2807 aliorum

1431 2823 1672 2871 gubernator.
1711 2823 1768 2858 Ex
1805 2823 1879 2858 hoc
1907 2830 2035 2859 autem
2071 2823 2178 2870 quod
2213 2822 2346 2870 aliquis
2379 2824 2494 2861 habet

1431 2875 1704 2925 perfectionem
1742 2874 1918 2911 scientiae
1946 2876 2008 2912 vel
2035 2874 2202 2923 virtutis,
2232 2888 2312 2913 non
2340 2877 2493 2914 sortitur

1432 2929 1619 2966 rationem
1646 2928 1819 2976 principii
1849 2936 2035 2976 quantum
2064 2928 2114 2965 ad
2141 2929 2245 2975 alios,
2275 2929 2343 2966 sed
2367 2930 2491 2967 solum

1433 2981 1627 3031 quandam
1656 2980 1916 3017 excellentiam
1936 2981 1974 3018 in
1994 2981 2132 3030 seipso.
2163 2982 2212 3019 Et
2231 2982 2318 3019 ideo
2348 2983 2492 3031 specia-

1431 3035 1513 3072 liter
1531 3034 1723 3083 quaedam
1737 3033 1855 3070 virtus
1875 3034 2147 3072 determinatur
2166 3035 2215 3072 ad
2235 3035 2491 3073 exhibendum

1431 3089 1620 3124 honorem
1641 3094 1678 3123 et
1697 3087 1840 3123 cultum
1859 3087 1917 3124 his
1946 3087 2011 3136 qui
2039 3095 2125 3125 sunt
2144 3087 2182 3125 in
2203 3088 2380 3136 dignitate
2404 3102 2493 3126 con-

1433 3141 1557 3178 stituti.
1588 3162 1612 3168 -
1631 3140 1777 3177 Verum
1805 3139 1894 3189 quia
1917 3153 1987 3189 per
2014 3141 2209 3178 scientiam
2239 3149 2274 3178 et
2298 3141 2491 3189 virtutem,

1434 3201 1471 3231 et
1498 3194 1628 3231 omnia
1648 3193 1719 3230 alia
1737 3192 1969 3241 huiusmodi,
1991 3194 2123 3243 aliquis
2144 3194 2305 3232 idoneus
2325 3195 2493 3232 redditur

1434 3247 1483 3284 ad
1525 3246 1712 3296 dignitatis
1750 3253 1910 3293 statum,
1948 3247 2160 3284 reverentia
2197 3259 2297 3296 quae
2338 3256 2494 3297 propter

1435 3312 1720 3350 quamcumque
1758 3300 2017 3337 excellentiam
2053 3300 2240 3349 aliquibus
2276 3301 2491 3349 exhibetur,

1432 3355 1480 3391 ad
1502 3355 1664 3391 eandem
1692 3353 1872 3391 virtutem
1901 3353 2073 3401 pertinet.

1486 3502 1511 3535 δ)
1531 3503 1685 3535 disciplinis.
1704 3517 1724 3522 -—
1742 3502 1877 3534 discipulis
1896 3501 2095 3534 BCDHIKLpA.

1485 3539 1507 3571 ε)
1526 3539 1604 3564 sicut.
1622 3552 1641 3558 -
1659 3541 1722 3563 sunt
1740 3537 1935 3570 BEFleACK.

1484 3573 1509 3606 ζ)
1529 3574 1632 3599 ordine.
1649 3587 1668 3593 —
1686 3574 1764 3599 modo
1783 3573 1830 3598 Pa.

1485 3610 1511 3641 η)
1532 3609 1672 3642 dignitate.
1691 3623 1709 3629 -
1726 3609 1817 3640 aliqua
1836 3608 1970 3641 dignitate
1988 3608 2034 3633 Pa.

2616 1648 2630 1674 δ

2619 2617 2634 2641 η
