2860 4244
143 857 208 878 νει-ε.
223 862 255 884 25.

356 216 408 251 40
1044 205 1309 251 QUAESTIO
1339 206 1442 253 Lx1,

358 282 493 313 occurrit
508 283 548 312 ad
563 282 737 319 hominem,
753 282 828 323 quia
843 285 964 313 Auctor
984 282 1016 312 in
1034 283 1044 312 1
1058 283 1150 319 Part„
1167 292 1221 323 qu.
1237 292 1298 318 xxr,
1313 289 1369 314 art.
1388 293 1414 317 ι,

357 333 387 357 et
410 326 552 357 similiter
566 327 598 357 in
619 338 630 356 1
650 334 706 358 art.
718 326 735 345 *
751 326 820 357 dist.
835 337 905 356 va1
929 325 1040 363 Quarti
1064 326 1162 362 Sent„
1179 333 1272 366 negat
1294 326 1326 356 in
1346 326 1415 357 Deo

356 370 510 401 iustitiam
532 371 809 401 commutativam:
833 370 866 400 in
889 370 950 400 hoc
974 379 1048 399 vero
1071 369 1144 400 loco
1165 369 1238 400 dicit
1261 370 1300 399 ad
1323 369 1416 400 ratio-

357 424 443 444 nem·
454 414 697 445 commutativae
720 414 854 444 iustitiae
871 420 1008 453 spectare
1024 422 1262 454 recompensare
1278 413 1418 453 praemia

357 457 475 488 meritis
503 465 533 489 et
563 458 716 499 supplicia
746 458 890 497 peccatis.
925 458 1101 494 Quomodo
1132 464 1215 488 stant
1246 458 1322 488 haec
1351 458 1416 488 duo

357 500 472 532 simul?

411 546 462 575 Ad
486 546 547 576 hoc
570 545 683 576 dicitur
706 544 795 586 quod
817 544 1044 584 proculdubio
1063 545 1144 576 inter
1159 546 1266 576 Deum
1289 553 1319 577 et
1335 556 1417 576 crea-
1444 548 1445 557 ¹

357 596 461 620 turam
483 599 550 620 non
573 588 677 630 potest
699 599 765 620 esse
788 588 905 620 iustitia
929 589 1164 626 commutativa,
1185 590 1288 621 multo
1311 590 1418 621 minus

357 643 454 674 quam
478 634 558 664 inter
577 633 746 663 dominum
765 640 796 664 et
814 642 954 664 servum:
979 633 1134 674 quoniam
1149 634 1236 665 Deus
1252 633 1331 664 nihil
1350 644 1415 665 non

357 687 453 707 suurn
475 683 580 718 potest
603 687 620 707 a
639 677 730 707 nobis
754 677 903 717 accipere,
928 684 964 708 ut
986 684 1130 708 teneatur
1145 679 1289 714 reddere;
1314 687 1418 719 neque

357 730 416 750 nos
439 720 639 761 aequivalens
663 721 798 761 acceptis
826 731 1000 760 possumus
1023 722 1162 752 reddere.
1191 722 1319 753 Punitio
1342 732 1418 753 vero
1444 732 1446 760 ς

357 771 559 804 peccatorum
589 765 628 795 ad
657 765 887 796 distributivam
914 765 1067 797 iustitiam
1093 766 1153 797 Dei
1180 766 1330 807 pertinet,
1355 777 1420 807 qua
1444 764 1446 786 ἶ

357 818 620 850 unamquamque
641 809 778 840 universi
801 816 925 850 partem
947 810 980 841 in
996 810 1055 841 sibi
1077 810 1184 841 debito
1206 811 1280 842 loco
1303 811 1419 842 consti-

356 851 416 883 tuit
431 863 467 883 ac
490 853 604 883 salvat:
628 853 715 884 iuxta
730 853 810 884 illud
831 855 901 885 Act.
917 854 958 884 1*
981 854 1018 884 de
1034 854 1112 885 Iuda
1131 854 1294 895 scriptum,
1310 861 1346 886 ut
1364 856 1418 886 ab·

356 897 416 927 iret
440 898 472 927 in
497 898 600 928 locum
623 907 728 929 suum.
751 898 793 928 Et
815 897 888 928 licet
910 898 1054 929 divinum
1070 898 1225 929 iudicium
1249 899 1419 930 distributi—

355 950 412 971 vae
436 951 511 972 suae
533 941 668 972 iustitiae
691 941 731 972 sit
754 948 852 978 actus,
877 942 1036 974 concurrit
1057 949 1163 973 tamen
1178 943 1211 973 in
1227 953 1266 974 eo
1289 943 1419 984 quidam

356 985 473 1016 modus
504 985 722 1016 commutativi
745 985 835 1022 iusti,
865 996 924 1026 pro
954 993 1075 1027 quanto
1099 997 1147 1018 res
1173 997 1232 1027 pro
1255 997 1288 1017 re
1312 988 1419 1024 datur,

357 1035 434 1070 puta
461 1030 639 1070 praemium
669 1040 728 1070 pro
751 1030 865 1061 merito
888 1038 920 1061 et
945 1040 1050 1071 poena
1073 1041 1132 1071 pro
1155 1031 1284 1062 offensa.
1318 1031 1420 1062 Cuius

357 1073 484 1114 signum
503 1080 550 1104 est
571 1075 661 1115 quod
684 1084 789 1114 poena
812 1075 886 1105 citra
902 1075 1108 1115 condignum,
1125 1082 1156 1106 et
1179 1076 1358 1116 praemium
1374 1076 1421 1106 ul-
1446 1074 1448 1109 ἱ

1471 206 1767 244 ARTICULUS
1798 207 1848 243 lV

1469 290 1515 313 tra
1538 284 1733 324 condignum
1757 285 1861 316 datur:
1886 285 1990 316 forma
2013 291 2120 316 autem
2142 285 2216 316 iusti
2241 285 2460 317 commutativi
2483 295 2532 316 ae-

1469 327 1604 367 quaiitas
1627 327 1810 368 simpliciter
1833 336 1887 360 est.
1913 329 2006 360 Unde
2022 339 2088 359 non
2105 328 2164 359 sibi
2179 329 2317 360 invicem
2331 330 2535 360 adversantur
2563 360 2565 362 ,

1471 370 1552 401 dicta
1574 371 1625 401 hic
1648 378 1679 402 et
1700 372 1789 402 alibi:
1814 373 1869 403 sed
1892 372 1965 403 alibi
1989 379 2170 403 removetur
2184 382 2202 403 a
2217 373 2286 404 Deo
2309 373 2428 405 iustitia
2447 383 2535 404 com·

1471 415 1777 456 mutativarproprie
1808 417 1906 453 dicta;
1936 417 1987 447 hic
2010 426 2084 447 vero
2115 417 2247 457 ponitur
2275 417 2364 458 quod
2386 417 2474 448 Deus
2501 418 2535 448 in

1471 458 1669 499 quibusdam
1691 460 1755 490 suis
1778 460 1929 501 operibus
1956 461 2093 491 modum
2115 461 2256 502 aliquem
2283 461 2420 492 iustitiae
2447 470 2536 492 com-

1444 541 1445 544 *
1471 502 1642 533 mutativae
1664 504 1823 540 observat,
1846 504 1889 536 ita
1917 505 2007 545 quod
2031 504 2244 536 distributioni
2274 505 2412 536 modum
2434 515 2536 546 quen-

1444 560 1445 571 1
1471 547 1546 577 dam
1569 548 1828 579 commutationis
1850 548 2016 580 immiscet.
2042 549 2078 580 In
2093 549 2185 580 cuius
2201 549 2338 589 signum,
2353 548 2534 589 paterfami-

1470 591 1527 621 lias
1542 590 1569 627 *,
1593 591 1650 631 qui
1673 591 1800 629 dixerat,
1823 592 1905 624 Voca
1920 594 2086 634 operarios
2105 599 2135 624 et
2154 593 2251 624 redde
2266 593 2331 624 illis
2347 593 2536 631 mercedem,

1471 635 1560 676 quod
1583 635 1623 665 ad
1645 636 1930 667 commutationem
1953 644 2088 678 spectat,
2111 637 2251 669 subdidit
2273 637 2363 668 datae
2386 636 2537 668 mercedis

1471 679 1641 715 rationem,
1665 679 1716 710 An
1740 689 1803 710 non
1827 681 1900 711 licet
1921 681 2000 712 mihi
2021 681 2106 722 quod
2128 681 2362 722 valefacere?
2384 681 2475 722 quod
2497 681 2538 712 ad

1472 723 1728 754 distributionem
1742 723 1829 755 iuxta
1843 734 1920 755 sune
1933 725 2106 756 voluntatis
2121 725 2392 766 dignificationem
2406 731 2537 766 spectat.

1472 767 1527 798 Ille
1549 767 1708 808 siquidem
1730 774 1778 798 est
1799 767 1954 808 cuiusque
1975 779 2130 809 personae
2156 771 2274 810 gradus
2296 780 2364 811 quo
2393 779 2470 800 eum
2492 769 2539 800 di-

1445 830 1447 847 e
1471 812 1544 842 vina
1566 812 1714 842 voluntas
1736 812 1854 844 donat..
1875 814 1923 843 Ac
1945 822 2002 853 per
2023 813 2102 850 hoc,
2131 814 2344 845 novissimum
2372 813 2539 854 aequalem

1471 855 1576 896 primo
1600 855 1735 886 reddidit
1755 855 1790 886 in
1813 855 1973 896 dignitate,
1989 856 2046 898 qui
2062 857 2168 891 minor
2186 865 2252 889 erat
2273 858 2306 889 in
2328 857 2445 894 labore,
2462 857 2539 898 quia

1473 900 1516 931 sic
1540 900 1568 930 ei
1592 899 1793 940 complacuit.
1827 900 1868 931 Et
1891 900 1934 931 sic
1957 910 2058 942 aeque
2081 900 2182 942 dignis
2205 901 2348 943 nequalia
2381 901 2539 934 distribuit

1473 951 1509 975 ut
1524 945 1568 974 sic
1582 954 1672 984 pares
1684 943 1785 975 facere
1800 943 1894 975 fuerit
1908 944 2044 975 liberalis
2061 945 2290 977 distributionis
2302 945 2426 988 (contra
2439 955 2538 987 quam

1473 988 1525 1019 alii
1541 987 1806 1031 murmurabant),
1822 989 1952 1019 reddere
1967 994 2080 1020 'autem
2101 989 2167 1020 iam
2188 989 2279 1021 factis
2301 990 2431 1030 paribus
2452 989 2539 1030 paria

1447 1047 1448 1067 ς
1473 1033 1574 1064 iustae
1597 1032 1826 1064 distributionis
1849 1032 1952 1064 fuerit.

2471 1932 2544 1968 mii

2470 3040 2471 3045 =
2487 3031 2545 3050 ’.ἱείς

2563 601 2574 612 ’
2583 600 2664 623 Mutth.
2673 606 2724 629 etp.
2734 607 2774 627 xx,

2563 633 2624 650 ven.
2638 633 2647 649 ι
2661 633 2712 655 sqq.
