2860 4244
192 677 202 686 ⁴
217 675 286 697 Num.
303 681 318 696 1.

191 985 240 1005 <¹
250 983 339 1004 Inst.111
354 989 399 1006 xix'.

191 1010 279 1037 Quibus
294 999 354 1031 mori.
374 1015 400 1029 re

190 1036 337 1083 contr'ahttur
360 1036 398 1056 ob-

250 1062 319 1089 3.1Ed
326 1062 398 1083 Kreu-

198 1069 236 1119 ’ξ”,ι-
244 1069 386 1114 κει-01480)

219 1114 309 1142 g.XVI.
316 1120 346 1138 111

186 1122 277 1168 post'lw
279 1141 301 1162 el
307 1143 374 1162 conti
375 1147 398 1164 α,

191 1174 225 1189 ’.ν-ε
252 1184 270 1190 A.
291 1173 350 1193 xvn,
371 1167 400 1188 de

189 1183 396 1221 Liiv.1-eg.!uris.

435 248 481 284 56
1110 244 1375 291 QUAESTIO
1406 244 1526 289 LXII,
1558 245 1849 282 ARTICULUS
1878 245 1927 281 Vl

431 325 525 356 etiam
550 325 574 354 si
598 334 664 354 rem
689 323 843 359 amiserit;
875 329 905 353 et
935 322 1112 357 decretalis,
1138 321 1291 360 aspiciens
1320 320 1359 349 ad
1385 330 1492 356 casus,

430 379 503 399 vera
525 378 655 418 quoque
679 374 733 403 est,
759 367 928 397 decernens
951 366 1040 406 quod
1063 364 1227 404 accipienti
1251 364 1492 394 commodatum
1519 385 1520 390 ,

431 423 525 443 causa
547 412 596 442 sui
620 421 685 441 non
709 411 801 441 debet
825 410 973 440 fortuitus
997 419 1086 439 casus
1109 408 1270 457 imputari..

487 457 538 487 VI.
563 455 709 486 Tertium
732 455 912 484 membrum
928 459 974 483 est
997 453 1128 501 quando
1149 451 1290 501 acceptio
1315 458 1361 481 est
1384 461 1421 482 ex
1435 460 1493 480 vo-

429 500 549 530 luntate
573 498 711 534 domini,
737 508 800 528 non
829 507 887 537 pro
913 496 1042 527 utilitate
1067 495 1256 535 accipientis.
1290 495 1384 525 Tunc
1407 494 1491 524 enim

431 543 570 583 acceptio
598 543 666 582 ipsa
696 552 762 572 non
791 541 909 580 obligat
936 539 1142 579 accipientem
1174 539 1214 569 ad
1243 539 1492 588 restitutionem,

430 587 505 628 quia
521 586 703 626 accipiendo
720 585 911 624 obsequium
927 583 1096 623 impendit:
1121 583 1176 613 sed
1199 592 1247 613 res
1263 590 1401 623 accepta,
1419 582 1493 623 quia

431 631 531 661 aliena
554 637 613 665 est,
639 629 757 668 obligat
780 628 917 658 eundern
940 628 980 657 ad
1009 627 1250 658 restitutionem.
1281 627 1322 658 Et
1344 627 1416 657 ideo
1447 636 1493 656 se-

431 675 572 705 cundum
588 674 730 712 regulam
750 672 836 712 prius
848 672 866 691 *
881 672 986 701 datam
1002 671 1041 701 de
1058 671 1251 711 obligatione
1275 681 1312 701 ex
1335 677 1422 710 parte
1438 670 1492 706 rei,

429 718 538 749 tandiu
557 718 613 747 iste
635 717 691 756 qui
706 715 750 745 sic
765 715 876 755 accipit
899 721 1031 750 tenetur,
1048 715 1190 756 quandiu
1206 725 1273 746 rem
1288 715 1391 746 habet.
1415 715 1492 745 Pro-

429 769 498 802 pter
520 761 617 801 quod,
635 760 660 790 si
684 769 751 789 rem
773 759 917 799 perdidit,
934 769 1000 789 non
1015 765 1154 790 tenetur:
1179 759 1239 789 nisi
1253 769 1290 790 ex
1304 769 1420 798 magna
1435 769 1492 789 sua

430 806 531 845 culpa,
551 804 654 844 inquit
669 806 799 839 Auctor,
817 803 955 833 amiserit
969 803 1066 833 illam.
1092 803 1190 840 Quod
1205 803 1332 834 iuristae
1352 803 1410 833 sub
1425 802 1492 833 aliis

428 849 528 879 verbis
552 849 676 883 docent,
697 846 834 878 dicentes
857 847 946 887 quod
969 853 1093 878 tenetur
1112 847 1150 877 de
1166 847 1243 878 dolo
1263 854 1293 879 et
1310 847 1372 878 lata
1388 847 1491 887 culpa,

427 903 493 923 non
509 899 616 922 autem
632 891 670 922 de
684 891 746 921 levi
762 898 817 922 aut
831 891 1004 921 levissima:
1029 898 1060 922 et
1072 897 1205 922 vocatur
1219 901 1334 931 magna
1356 901 1411 921 seu
1429 891 1492 922 lata

428 937 521 976 culpa
544 935 672 976 quando
688 945 755 965 non
770 935 940 966 custodivit
955 945 991 965 88
1008 935 1169 975 diligentia
1190 945 1239 966 res
1255 935 1413 975 depositas
1428 945 1492 976 qua

428 979 598 1011 custodivit
620 989 692 1010 suas
706 979 734 1010 *.

482 1024 523 1054 Et
545 1030 622 1054 nota
645 1023 733 1064 quod
755 1022 818 1053 hoc
841 1023 970 1053 tertium
993 1023 1175 1053 membrum
1194 1033 1212 1053 a
1228 1023 1394 1063 negatione
1419 1033 1491 1063 pro-

393 1068 512 1111 priae
535 1065 677 1098 utilitatis
700 1066 842 1097 definivit
859 1069 990 1103 Auctor,
1015 1073 1046 1097 et
1068 1077 1134 1097 non
1150 1067 1189 1097 ab
1205 1066 1414 1097 affirmatione
1431 1067 1491 1097 uti-

390 1112 520 1143 ·litatis
544 1111 702 1142 tradentis.
735 1111 819 1148 Quia
842 1111 920 1141 nihil
942 1110 1036 1141 refert
1058 1121 1099 1141 an
1122 1110 1253 1151 accipiat
1276 1121 1334 1151 pro
1361 1110 1491 1142 utilitate

426 1155 585 1191 tradentis,
610 1165 649 1185 an
673 1154 805 1185 alicuius
828 1154 923 1185 tertii:
948 1161 995 1185 sat
1011 1161 1057 1185 est
1073 1155 1159 1185 enim
1175 1155 1263 1195 quod
1280 1165 1345 1185 non
1360 1155 1491 1195 accipiat

426 1210 485 1240 pro
509 1199 642 1230 utilitate
658 1209 724 1235 sua,
749 1199 789 1229 ad
812 1199 874 1229 hoc
897 1208 936 1228 ne
959 1205 1103 1229 teneatur
1124 1199 1164 1229 ad
1187 1199 1422 1230 restitutionem
1443 1209 1490 1229 ra—

426 1244 513 1275 tione
536 1242 738 1283 acceptioniS,
762 1243 817 1273 sed
840 1242 894 1273 rei.

482 1287 550 1318 VII.
575 1287 636 1318 Sed
660 1287 795 1317 occurrit
817 1286 897 1317 circa
912 1286 993 1316 hanc
1016 1285 1232 1316 trimembrem
1257 1286 1491 1316 distinctionem

427 1332 570 1367 dubium,
595 1330 670 1371 quia
693 1330 837 1370 pluribus
853 1329 957 1359 modis
981 1339 1079 1369 quam
1101 1329 1150 1359 his
1165 1329 1264 1359 tribus
1289 1330 1430 1369 acceptio
1446 1330 1490 1360 rei

426 1376 545 1406 alienae
569 1381 674 1415 potest
696 1384 729 1404 58
751 1374 875 1408 habere.
899 1373 1008 1403 Potest
1028 1383 1168 1412 namque
1192 1382 1259 1403 esse
1282 1383 1341 1413 pro
1358 1373 1491 1404 utilitate

426 1419 591 1459 utriusque
619 1418 730 1458 partis,
755 1418 871 1448 scilicet
894 1416 1043 1447 tradentis
1067 1423 1097 1447 et
1120 1416 1316 1456 accipientis:
1348 1424 1383 1448 ut
1406 1424 1492 1457 patet

425 1463 458 1493 in
482 1462 693 1493 conductione
717 1467 748 1491 et
774 1461 949 1496 locatione;
980 1460 1013 1490 in
1037 1461 1281 1491 accommodato
1312 1468 1348 1491 ut
1377 1462 1491 1492 servire

425 1513 480 1537 aut
502 1506 678 1536 ministrare
700 1505 801 1545 possit
824 1504 1095 1541 accommodanti,
1120 1511 1157 1535 ut
1179 1515 1254 1535 cum
1278 1506 1489 1536 accommodo

426 1560 546 1591 equum
570 1557 605 1580 ut
622 1550 717 1579 vadas
740 1549 780 1579 ad
802 1548 968 1589 negotium
987 1557 1115 1584 meum;
1141 1555 1171 1579 et
1188 1548 1222 1579 in
1247 1549 1393 1589 deposito
1416 1560 1489 1580 cum

425 1594 496 1635 quis
513 1604 571 1634 pro
587 1594 730 1624 mercede
747 1593 894 1629 custodit,
912 1599 942 1623 et
957 1592 1153 1623 huiusmodi.
1174 1592 1399 1624 Insufficienter
1415 1604 1489 1634 ergo

425 1642 547 1669 Auctor
565 1638 680 1668 modos
702 1637 818 1678 quibus
835 1636 975 1677 acceptio
991 1637 1035 1667 rei
1052 1637 1170 1667 alienae
1194 1647 1226 1667 se
1249 1637 1363 1668 habere
1386 1645 1491 1678 potest

426 1682 575 1713 distinxit.

481 1727 532 1756 Ad
550 1726 612 1756 hoc
636 1725 749 1756 dicitur
771 1725 860 1765 quod
883 1727 1005 1755 Auctor
1020 1734 1086 1754 non
1102 1698 1284 1755 intendebat
1298 1725 1490 1765 distinguere

426 1769 641 1801 universaliter
664 1769 780 1799 modos
807 1768 998 1809 acceptionis
1021 1768 1125 1799 alieni.
1157 1768 1255 1805 Quod
1277 1778 1315 1799 ex
1338 1779 1376 1799 eo
1405 1776 1491 1810 patet

426 1814 515 1855 quod
542 1815 580 1844 de
603 1813 786 1854 acceptione
809 1813 852 1843 rei
877 1823 914 1843 ex
937 1813 1024 1843 dono
1055 1812 1134 1842 nihil
1160 1812 1294 1843 omnino
1322 1813 1405 1844 dicit.
1440 1814 1490 1844 In-

426 1858 526 1889 tendit
549 1867 623 1897 ergo
652 1858 692 1888 de
719 1857 828 1897 aliquo
856 1856 1047 1897 acceptionis
1076 1866 1189 1896 genere
1217 1856 1418 1897 distinguere.
1449 1858 1491 1890 Et

425 1902 548 1933 videtur
570 1900 649 1931 mihi
672 1901 762 1942 quod
791 1911 890 1940 genus
914 1900 975 1931 hoc
998 1900 1038 1930 sit
1065 1902 1205 1940 acceptio
1227 1901 1362 1941 simplex
1391 1912 1490 1932 anne-

425 1957 503 1977 xum
527 1945 647 1976 habens
669 1946 878 1976 restitutionis
900 1945 1047 1975 debitum.
1071 1945 1212 1975 Vocatur
1227 1951 1335 1975 autern
1353 1947 1491 1986 simplex

426 2001 482 2031 per
505 1989 719 2020 exclusionem
743 1988 983 2029 compositionis
1007 1998 1082 2018 cum
1100 1988 1209 2029 aliquo
1225 1991 1491 2029 correspondente

426 2035 508 2064 dare.
534 2033 699 2073 Contingit
722 2033 807 2063 enim
830 2040 967 2073 utroque
983 2033 1084 2063 modo
1098 2033 1252 2073 accipere:
1276 2033 1394 2064 scilicet
1416 2044 1491 2065 cum

426 2078 690 2117 correspondente
714 2077 797 2113 dare,
814 2084 850 2108 ut
868 2077 901 2107 in
917 2077 1139 2112 conductione,
1156 2077 1300 2117 pignore,
1316 2078 1490 2118 emptione,

426 2129 457 2153 et
479 2121 682 2157 huiusmodi,
706 2121 819 2161 accipit
848 2121 932 2151 enim
963 2128 1039 2151 tunc
1070 2120 1142 2161 quis
1169 2121 1310 2151 alienum
1340 2132 1398 2162 pro
1423 2133 1489 2163 quo

426 2167 518 2196 datur
534 2165 652 2206 aliquid
669 2165 931 2205 correspondens;
952 2171 982 2195 et
997 2165 1064 2195 sine
1079 2165 1184 2206 aliqua
1201 2165 1328 2197 datione
1343 2166 1490 2203 admixta,

426 2216 462 2241 ut
488 2215 574 2249 patet
596 2209 630 2239 in
652 2209 793 2246 mutuis,
817 2209 850 2239 in
873 2209 990 2250 quibus
1020 2209 1046 2239 si
1074 2209 1200 2240 daretur
1221 2211 1490 2250 correspondens,

426 2263 493 2284 non
516 2260 597 2283 esset
619 2259 780 2284 mutuum.
805 2253 877 2284 Dixi
900 2263 1046 2294 quoque,
1070 2253 1190 2284 habens
1210 2263 1374 2284 annexum
1399 2256 1490 2286 resti-

427 2298 557 2328 tutionis
578 2297 727 2334 debitum,
752 2304 881 2337 propter
904 2297 1123 2337 acceptionem
1146 2298 1233 2335 doni,
1253 2308 1334 2338 quae
1357 2298 1430 2330 licet
1452 2299 1492 2330 sit

426 2341 578 2381 simplex,
602 2341 678 2381 quia
699 2348 806 2373 tamen
830 2351 896 2371 non
920 2342 1014 2371 habet
1037 2341 1242 2372 restitutionis
1266 2343 1409 2373 debiturn
1437 2353 1490 2373 an-

427 2395 560 2421 nexum,
585 2391 668 2415 extra
691 2394 790 2424 genus
813 2385 875 2416 hoc
903 2385 1042 2425 ponitur.
1075 2385 1294 2425 Distinguatur
1316 2396 1391 2426 ergo
1415 2387 1490 2417 sim-

426 2430 498 2470 plex
517 2438 739 2469 annexumque
755 2429 961 2460 restitutionis
980 2429 1124 2460 debitum
1146 2429 1265 2460 habens
1289 2431 1430 2471 acceptio
1446 2432 1491 2462 rei

426 2473 561 2509 alienae,
587 2479 617 2503 et
640 2473 761 2503 dicatur
786 2474 875 2513 quod
902 2473 1064 2513 tripliciter
1087 2483 1119 2504 se
1149 2473 1263 2504 habere
1286 2481 1408 2514 potest:
1433 2475 1491 2506 sci-

425 2518 498 2548 licet
517 2527 591 2547 cum
606 2516 735 2553 iniuria,
755 2523 785 2547 et
807 2517 870 2547 hoc
894 2524 940 2548 est
963 2517 1104 2557 primurn
1123 2519 1319 2554 membrum;
1342 2518 1393 2549 vel
1417 2529 1491 2550 cum

426 2562 590 2592 voluntate
606 2561 739 2597 domini,
756 2567 787 2591 et
810 2561 853 2591 sic
877 2568 931 2591 aut
949 2561 982 2591 in
998 2561 1100 2591 solam
1116 2562 1296 2603 accipientis
1311 2563 1490 2600 utilitatem,

428 2612 458 2636 et
481 2605 542 2635 hoc
566 2605 742 2635 secundum
759 2611 805 2635 est
828 2606 1021 2641 membrum;
1047 2612 1101 2636 aut
1123 2615 1189 2636 non
1210 2606 1244 2636 in
1260 2606 1428 2638 utilitatem
1441 2617 1490 2638 ac—

428 2648 582 2690 cipientis,
596 2655 626 2679 et
641 2649 703 2679 hoc
718 2655 764 2679 est
779 2649 907 2679 tertium
921 2650 1112 2679 membrum.
1129 2650 1165 2680 In
1179 2649 1229 2680 his
1241 2650 1327 2680 enim
1340 2651 1490 2682 omnibus

428 2693 562 2733 simplex
589 2700 635 2723 est
661 2694 820 2733 acceptio,
845 2700 881 2724 ut
906 2700 992 2733 patet
1018 2693 1217 2724 discurrenti:
1254 2702 1284 2725 et
1306 2694 1339 2725 in
1367 2702 1491 2726 tantum

428 2744 474 2768 est
498 2737 630 2776 simplex
653 2743 698 2773 ut,
723 2737 748 2767 s'i
771 2737 989 2768 admisceatur·
1002 2737 1108 2778 aliqua
1123 2739 1372 2778 correspondens
1392 2739 1491 2778 datio,

428 2788 464 2812 ut
493 2790 611 2811 merces
642 2791 700 2822 pro
731 2781 877 2821 deposito
904 2782 954 2812 vel
982 2781 1332 2822 aliquid·huiusmodi,
1356 2784 1493 2815 varietur

429 2825 572 2856 debitum
587 2825 787 2862 restituendi;
812 2832 848 2856 ut
870 2832 956 2866 patet
979 2835 1015 2856 ex
1038 2825 1100 2856 hoc
1123 2826 1212 2866 quod
1235 2827 1290 2868 qui
1304 2827 1417 2868 accipit
1440 2829 1491 2859 de-

428 2869 571 2910 positum
590 2869 734 2900 mercede
757 2875 811 2900 aut
829 2869 935 2910 aliqua
953 2870 1081 2917 propria
1098 2870 1239 2907 utilitate,
1256 2878 1381 2902 tenetur
1397 2872 1492 2903 etiam

428 2914 467 2944 de
489 2913 560 2950 levi,
585 2919 615 2944 et
638 2912 718 2943 forte
743 2913 781 2943 de
802 2913 961 2944 levissima
984 2909 1092 2954 culpa,
1117 2914 1155 2945 de
1179 2925 1316 2955 quarum
1339 2916 1426 2946 nulla
1449 2923 1492 2947 te-

429 2958 561 2988 nebatur
584 2957 610 2987 si
633 2957 767 3007 simplex
790 2957 900 2988 fuisset
922 2957 1074 2998 accepti0,
1092 2965 1149 2989 etc.

483 3001 658 3038 Quartum'
650 3001 745 3041 igitur
757 3002 844 3042 quod
858 3002 1005 3033 obiicitur
1016 3008 1146 3033 restasse
1159 3003 1351 3043 membrum,
1362 3004 1492 3045 quando

430 3045 545 3075 scilicet
560 3045 701 3085 acceptio
718 3051 764 3075 est
778 3045 812 3075 in
826 3045 967 3076 favorem
983 3047 1157 3087 utriusque,
1171 3057 1237 3077 non
1250 3054 1297 3078 est
1312 3048 1494 3079 membrum

431 3088 567 3119 distincti
591 3088 728 3138 generis:
753 3089 828 3129 quia
847 3099 913 3119 non
929 3096 975 3120 est
991 3090 1131 3130 acceptio
1146 3090 1278 3131 simplex
1301 3093 1431 3132 quando
1448 3098 1495 3123 est

430 3133 463 3163 in
487 3132 627 3163 favorem
645 3132 819 3173 utriusque,
844 3133 899 3163 sed
922 3134 1063 3174 acceptio
1080 3135 1284 3174 componitur
1297 3145 1373 3166 cum
1388 3136 1494 3176 aliqua

431 3176 696 3217 correspondente
717 3175 856 3215 datione,
873 3183 909 3208 ut
931 3184 1016 3217 patet
1034 3178 1220 3209 discurrenti
1240 3188 1296 3218 per
1309 3179 1495 3210 huiusmodi

432 3227 622 3252 contractus.

486 3267 529 3295 At
551 3264 576 3294 si
600 3263 672 3304 quis
695 3270 826 3305 quaerat
855 3274 953 3305 quare
975 3266 1098 3296 Auctor
1119 3265 1259 3305 suscepit
1280 3275 1363 3297 onus
1386 3266 1494 3297 distin-

431 3308 548 3349 guendi
571 3307 757 3339 huiusmodi
780 3309 997 3349 acceptionem
1020 3309 1213 3349 simplicem,
1239 3317 1269 3341 et
1295 3319 1362 3340 non
1387 3310 1494 3351 potius

432 3352 608 3393 simplicem
637 3358 668 3383 et
695 3352 842 3383 mixtam:
874 3370 895 3376 -
922 3353 1131 3393 respondetur
1161 3354 1249 3394 quod
1277 3363 1371 3385 causa
1397 3364 1494 3395 quare

432 3407 498 3427 non
519 3396 734 3427 universaliter
757 3397 796 3427 de
812 3397 993 3437 acceptione
1017 3397 1093 3428 dixit
1116 3404 1162 3428 est
1184 3397 1260 3438 quia
1283 3398 1433 3430 tractabat
1456 3399 1494 3429 de

431 3440 566 3471 iustitiae
597 3441 841 3471 commutativae
869 3448 958 3477 actu,
981 3452 1000 3472 a
1023 3451 1087 3482 qua
1115 3441 1312 3482 acceptiones
1329 3442 1494 3482 'gratuitae

431 3485 527 3525 longe
550 3490 639 3520 sunt;
671 3491 702 3515 et
724 3485 922 3525 acceptiones
952 3485 991 3516 ad
1014 3485 1136 3516 iustum
1159 3492 1214 3516 aut
1239 3485 1396 3517 iniustum
1425 3497 1494 3527 spe-

433 3535 550 3560 ctantes
573 3528 688 3559 mixtae
711 3536 784 3569 post
807 3529 964 3570 simplices
988 3530 1165 3561 tractandae
1185 3537 1268 3567 sunt,
1291 3537 1345 3561 aut
1368 3541 1404 3561 ex
1420 3531 1494 3562 sim-

432 3572 567 3614 plicibus
590 3572 784 3604 iudicandae.

1597 321 1679 352 VIII.
1693 322 1728 352 In
1741 322 1948 362 responsione
1962 322 2000 352 ad
2012 321 2153 361 primurn
2166 320 2307 351 eiusdem
2320 321 2396 351 sexti
2409 320 2530 352 articuli
2539 321 2610 351 vide

1548 365 1796 403 conclusionem,
1812 367 1901 406 quod
1915 366 2044 407 quando
2061 365 2117 405 qui
2132 365 2253 395 ratione
2274 365 2464 405 acceptionis
2487 371 2611 396 tenetur

1547 409 1705 440 transtulit
1727 419 1794 440 rem
1817 410 1849 440 in
1874 410 1981 446 alium,
2006 416 2139 449 uterque
2162 415 2295 444 tenetur,
2324 409 2402 439 alter
2424 408 2544 441 tatione
2564 419 2611 439 ac-

1548 452 1701 492 ceptionis
1725 460 1755 484 et
1778 454 1855 484 alter
1877 454 1999 485 ratione
2014 453 2072 489 rei,
2090 459 2124 484 ut
2140 453 2218 483 scias
2239 453 2403 483 decernere
2425 452 2459 482 in
2475 452 2609 483 casibus.

1603 497 1638 526 In
1662 498 1868 536 responsione
1891 499 1931 528 ad
1954 497 2140 533 secundum,
2158 496 2237 526 circa
2252 496 2337 526 illius
2353 496 2531 535 argumenti
2547 506 2612 526 ma—

1546 540 1656 570 teriam
1680 541 1814 572 dubium
1837 542 1974 572 occurrit
1995 551 2044 577 an,
2061 540 2087 570 si
2107 540 2302 571 restituendo
2325 549 2381 580 per
2396 539 2611 570 confessorem

1547 584 1681 614 eandem
1703 594 1770 615 rem
1794 593 1976 626 sequeretur
1999 584 2136 616 criminis
2160 585 2306 620 detectio,
2329 590 2473 615 teneatur
2495 583 2609 623 aliquis

1546 628 1586 658 ad
1610 628 1835 659 restituendam
1858 639 1925 660 rem
1941 635 2118 670 acceptam:
2143 638 2184 659 an
2199 627 2333 659 sufficiat
2351 627 2512 658 restituere
2526 627 2611 658 illius

1546 671 1809 704 aestimationem.
1834 674 1875 704 Et
1896 674 1969 704 licet
1990 674 2052 704 hoc
2076 672 2210 703 dubium
2234 678 2352 712 spectet
2375 671 2490 702 directe
2505 671 2545 701 ad
2564 681 2611 701 81·-

1546 716 1680 746 ticulum
1704 717 1896 753 secundum,
1922 717 1976 747 ubi
1999 723 2148 748 tractatur
2176 716 2254 757 quid
2283 723 2329 747 est
2358 715 2609 752 restituendum,

1546 767 1675 800 propter
1698 761 1861 791 materiam
1885 768 1990 791 tamen
2014 760 2190 799 argumenti
2213 760 2309 790 huius
2333 759 2382 790 hic
2405 766 2533 790 motum
2552 766 2608 790 est.

1546 805 1587 834 Et
1611 810 1657 834 est
1679 804 1757 834 ratio
1775 805 1938 835 dubitandi
1962 804 2037 845 quia
2053 814 2118 834 non
2138 804 2230 835 debet
2248 803 2315 834 fieri
2339 803 2549 834 commutatio
2565 803 2610 834 rei

1546 848 1645 878 invito
1670 848 1816 878 domino:
1842 848 1997 887 contingit
2017 847 2102 878 enim
2126 847 2259 878 domino
2283 847 2447 889 displicere
2462 857 2609 878 commu—

1546 892 1699 923 tationem
1722 892 1766 922 rei
1790 902 1864 923 suae
1892 892 1925 922 in
1948 891 2201 922 aestimationem
2223 891 2324 928 illius;
2355 891 2381 921 si
2408 889 2494 922 8111111
2521 891 2610 922 illam

1545 937 1685 972 haberet,
1710 937 1799 966 nullo
1823 943 1917 976 pacto
1941 936 2098 966 venderet.
2123 952 2144 958 —
2167 935 2215 965 Ex
2237 935 2298 966 alia
2320 941 2429 965 autem
2451 942 2540 976 parte
2562 942 2610 966 est

1546 981 1620 1021 quia
1650 981 1750 1010 homo
1774 991 1840 1011 non
1864 987 1987 1011 tenetur
2010 980 2050 1010 ad
2077 978 2347 1010 damnificandum
2375 978 2495 1010 famam
2517 989 2610 1010 suam

1546 1032 1582 1055 ut
1604 1025 1746 1055 restituat
1769 1025 1856 1055 alteri
1880 1034 1946 1054 rem
1971 1033 2072 1054 suam.

1601 1069 1651 1099 Ad
1674 1068 1736 1099 1108
1759 1069 1873 1099 dicitur
1895 1069 1994 1109 quod,
2018 1067 2091 1098 licet
2114 1076 2204 1096 casus
2223 1066 2282 1096 iste
2306 1075 2371 1096 non
2395 1065 2486 1096 facile
2509 1066 2610 1106 possi-

1545 1112 1615 1142 bilis
1637 1112 1685 1149 sit,
1703 1122 1741 1143 80
1765 1113 1853 1153 quod
1874 1119 2034 1153 oporteret
2057 1110 2153 1142 simul
2168 1119 2353 1140 concurrere
2369 1109 2459 1150 quod
2482 1119 2540 1140 nec
2555 1119 2612 1150 per

1545 1166 1578 1186 se
1602 1166 1659 1187 nec
1687 1166 1743 1196 per
1765 1156 1879 1192 alium,
1904 1166 1962 1187 nec
1985 1164 2061 1187 tunc
2086 1164 2144 1185 nec
2168 1161 2258 1185 nacta
2286 1160 2360 1193 post
2386 1153 2519 1193 congrui
2541 1163 2610 1184 1118-

1544 1200 1673 1231 diatoris
1697 1201 1944 1240 opportunitate,
1968 1199 2070 1240 possit
2091 1198 2212 1229 restitui
2235 1208 2284 1228 res
2306 1197 2360 1228 1118
2381 1197 2414 1228 111
2437 1197 2556 1238 specie,
2579 1204 2612 1228 et

1545 1254 1619 1274 cum
1642 1244 1703 1274 hoc
1726 1254 1774 1275 res
1797 1245 1837 1275 sit
1859 1244 1928 1275 talis
1951 1244 2041 1284 quod
2063 1243 2154 1274 nullo
2171 1242 2271 1272 modo
2295 1241 2446 1272 dominus
2462 1251 2609 1272 commu-

1544 1288 1697 1318 tationem
1719 1295 1908 1328 acceptaret:
1932 1288 1958 1318 si
1981 1295 2088 1318 tamen
2108 1296 2198 1317 casus
2214 1286 2376 1322 accideret,
2390 1285 2515 1316 videtur
2530 1285 2610 1316 mihi

1543 1332 1633 1372 quod
1659 1341 1726 1361 non
1749 1338 1892 1362 teneatur
1919 1332 1958 1362 ad
1981 1330 2213 1362 restitutionem
2235 1329 2321 1360 illius
2343 1329 2405 1366 rei,
2434 1330 2490 1360 sed
2519 1330 2610 1361 aesti-

1545 1375 1694 1405 mationis
1717 1375 1869 1406 eiusdem.
1894 1375 1935 1405 Et
1957 1375 2036 1406 ratio
2061 1384 2112 1405 me
2135 1383 2268 1404 movens
2292 1380 2339 1404 est
2360 1373 2436 1414 quia
2459 1374 2500 1404 ob
2521 1373 2610 1405 resti-

1543 1419 1701 1450 tutionem
1730 1420 1891 1449 bonorum
1917 1418 2073 1449 inferioris
2096 1417 2216 1448 ordinis
2247 1427 2314 1447 non
2336 1423 2462 1448 tenetur
2483 1418 2607 1459 aliquis,

1544 1473 1581 1494 ex
1603 1463 1634 1493 vi
1658 1463 1763 1499 debiti,
1787 1463 1828 1493 ad
1851 1462 2121 1493 damnificandum
2144 1472 2177 1492 se
2199 1461 2232 1491 in
2255 1461 2349 1491 rebus
2372 1461 2544 1500 superioris
2559 1471 2609 1492 01·-

1544 1507 1635 1538 dinis.
1659 1508 1722 1538 Res
1737 1513 1844 1538 autem
1860 1507 2036 1543 exteriores,
2058 1506 2167 1547 quales
2190 1511 2265 1536 sunt
2287 1514 2400 1535 omnes
2424 1505 2464 1535 ad
2486 1505 2610 1537 divitias

1544 1558 1728 1592 spectanteS,
1745 1557 1819 1582 sunt
1837 1551 1922 1581 bona
1937 1550 2094 1581 inferioris
2110 1549 2242 1580 ordinis:
2268 1548 2353 1579 fama
2368 1555 2476 1579 autem
2490 1556 2537 1580 est
2551 1550 2611 1580 bo·
2657 1577 2660 1582 .

1543 1605 1624 1626 num
1640 1595 1811 1635 superioris
1833 1595 1963 1631 ordinis,
1981 1595 2067 1625 iuxta
2089 1594 2182 1624 illud:
2207 1594 2328 1623 Melius
2350 1598 2397 1624 est
2420 1602 2534 1624 nomen
2556 1593 2609 1624 bo—

1544 1649 1620 1670 num
1637 1649 1732 1680 quam
1749 1639 1878 1670 divitiae
1893 1640 2014 1670 multae
2025 1638 2051 1669 *.
2073 1639 2165 1669 Unde
2177 1647 2244 1668 non
2259 1643 2384 1668 tenetur
2399 1636 2471 1677 quis
2486 1637 2609 1668 damni-

1542 1683 1635 1714 ficare
1658 1693 1690 1714 se
1714 1683 1747 1713 in
1770 1683 1855 1713 fama
1878 1690 1913 1714 ut
1935 1683 2078 1714 restituat
2099 1692 2166 1712 rem
2189 1681 2277 1712 illam
2299 1681 2331 1712 111
2357 1681 2471 1721 specie.

1598 1728 1640 1758 Et
1662 1727 1688 1758 si
1711 1727 1782 1768 quis
1806 1727 1933 1757 obiiciat
1961 1727 2051 1767 quod
2078 1736 2144 1757 non
2171 1732 2302 1766 propter
2327 1734 2396 1755 rem
2423 1725 2529 1762 illam,
2553 1724 2610 1756 sed

1543 1777 1672 1812 propter
1686 1778 1793 1802 actum
1806 1771 1940 1807 virtutis,
1963 1770 2100 1802 iustitiae
2123 1769 2250 1808 scilicet,
2275 1770 2494 1805 exercendum,
2519 1769 2609 1811 quod

1543 1817 1667 1846 bonum
1691 1822 1737 1845 est
1759 1814 1930 1855 superioris
1953 1814 2072 1845 ordinis
2095 1824 2194 1855 quam
2217 1813 2257 1844 sit
2279 1813 2378 1850 fama,
2402 1819 2527 1844 tenetur
2548 1813 2608 1845 iste

1545 1860 1699 1890 damnum
1723 1858 1875 1889 sustinere
1898 1859 2015 1889 famae:
2041 1858 2121 1889 sicut
2139 1858 2191 1888 ille
2206 1857 2261 1898 qui
2277 1857 2358 1888 iuste
2374 1863 2542 1898 torquetur
2563 1865 2608 1888 te·

1544 1910 1636 1934 netur
1652 1903 1770 1933 crimen
1786 1913 1882 1934 suum
1901 1902 2017 1933 dicere:
2041 1919 2063 1925 -
2087 1902 2331 1942 responderetur
2353 1901 2443 1942 quod
2461 1901 2609 1942 quamvis

1542 1947 1679 1978 iustitiae
1702 1947 1782 1978 ratio
1806 1947 1907 1987 exigat
1936 1953 1972 1977 ut
1993 1946 2081 1976 illam
2103 1956 2171 1976 rem
2194 1945 2346 1981 alienam,
2371 1952 2402 1976 et
2422 1955 2490 1975 11011
2512 1944 2609 1976 aliam

1544 2002 1603 2032 pro
1627 2002 1663 2022 ea
1693 1991 1850 2027 restituat;
1880 1991 1956 2032 quia
1985 1997 2092 2021 tamen
2115 1989 2264 2021 exhibitio
2287 1988 2364 2020 iusti
2389 1989 2428 2020 ab
2452 1989 2515 2020 hoc
2540 1987 2609 2021 fieri

1545 2046 1610 2066 non
1633 2042 1738 2076 potest
1768 2035 1834 2065 sine
1862 2036 1982 2065 damno
2009 2034 2141 2075 proprio
2163 2034 2197 2064 in
2219 2043 2253 2063 re
2276 2032 2448 2073 superioris
2470 2032 2608 2069 ordinis,

1544 2089 1741 2120 consequens
1766 2086 1812 2110 est
1841 2079 1931 2120 quod
1959 2088 2015 2120 per
2038 2078 2182 2109 accidens
2209 2076 2364 2108 restitutio
2392 2076 2478 2107 illius
2501 2076 2546 2108 rei
2574 2076 2609 2108 in

1543 2124 1646 2164 specie
1669 2123 1790 2154 desinat
1813 2123 1927 2153 habere
1945 2122 2102 2153 rationem
2117 2128 2206 2153 actus
2221 2121 2373 2157 iustitiam
2397 2131 2433 2151 ac
2455 2131 2512 2161 per
2534 2121 2608 2158 hoc,

1542 2167 1601 2198 iste
1631 2167 1782 2198 omittens
1811 2167 1940 2197 reddere
1969 2176 2037 2197 rem
2067 2166 2200 2197 eandem
2227 2175 2294 2196 non
2323 2164 2443 2196 omittit
2470 2164 2608 2196 iustitiae

1544 2214 1651 2243 actum
1668 2211 1821 2242 debitum.
2555 2217 2577 2226 2

1599 2255 1701 2286 Maior
1723 2255 1903 2295 propositio
1926 2254 2145 2285 manifestatur
2167 2263 2205 2284 ex
2226 2253 2290 2283 hoc
2307 2253 2399 2294 quod
2416 2252 2517 2284 homo
2539 2262 2608 2284 11011

1544 2306 1676 2335 tenetur,
1694 2309 1731 2329 ex
1747 2306 1858 2330 natura
1873 2299 1980 2335 debiti,
1996 2299 2131 2328 vendere
2147 2297 2289 2337 seipsum
2305 2304 2340 2328 ut
2355 2297 2498 2328 restituat
2515 2306 2610 2338 pecu-

1543 2343 1630 2374 niam
1649 2353 1746 2384 quam
1762 2343 1884 2374 furatus
1901 2350 1962 2374 est:
1987 2342 2062 2383 quia
2077 2342 2203 2372 libertas
2226 2347 2274 2372 est
2295 2341 2419 2371 bonum
2435 2340 2608 2382 superioris

1544 2387 1664 2418 ordinis
1680 2387 1913 2418 inaestimabile
1926 2387 1957 2423 *;
1982 2387 2051 2418 Nec
2065 2386 2144 2417 bene
2152 2395 2218 2426 pro
2234 2390 2299 2416 toto
2313 2385 2444 2416 libertas
2459 2385 2611 2416 venditur
2634 2388 2707 2437 ῡᾨὶε·
2717 2389 2809 2437 LRmJ
2817 2388 2847 2410 ae

1543 2441 1637 2462 auro.
1654 2431 1695 2462 Et
1715 2431 1817 2462 simile
1833 2438 1879 2462 est
1895 2432 1934 2461 de
1949 2430 2044 2461 fama.
2056 2447 2077 2453 —
2089 2430 2161 2460 Dixi
2177 2435 2294 2466 autem,
2305 2438 2348 2460 ex
2362 2434 2482 2460 natura
2496 2429 2610 2460 debiti.-
2635 2421 2726 2464 ,ἔξω
2749 2421 2781 2442 ‘⁸
2801 2420 2846 2441 '‘⁷''

1544 2475 1619 2516 quia
1634 2475 1707 2505 licet
1722 2485 1759 2505 ex
1782 2482 1893 2506 natura
1908 2474 1986 2514 legis
2009 2474 2171 2515 punitivae
2186 2473 2238 2503 fur
2256 2478 2399 2504 teneatur
2414 2483 2447 2503 58
2462 2473 2608 2510 vendere,

1544 2519 1570 2549 si
1592 2518 1681 2550 fieret
1703 2518 1773 2549 talis
1795 2518 1861 2555 lex,
1886 2525 1922 2550 ut
1943 2518 2019 2548 olim
2045 2525 2109 2549 erat
2131 2517 2165 2548 in
2186 2517 2255 2557 lege
2277 2517 2393 2558 Moysi,
2416 2516 2503 2548 iuxta
2529 2517 2610 2554 illud

1543 2563 1648 2593 Exod.
1664 2573 1726 2592 xx11
1741 2560 1767 2598 ¹⁸¹,
1791 2563 1828 2593 Si
1850 2573 1913 2593 non
1936 2562 2084 2593 habuerit
2095 2561 2164 2602 sur
2185 2561 2270 2602 quod
2285 2571 2350 2601 pro
2364 2561 2463 2601 furto
2478 2561 2604 2599 reddat,

1544 2607 1796 2644 venundabitur;
1818 2617 1884 2637 non
1898 2613 2004 2637 tamen
2021 2607 2062 2636 ad
2081 2606 2143 2636 hoc
2163 2611 2288 2636 tenetur
2308 2615 2345 2636 ex
2367 2611 2480 2636 natura
2503 2605 2610 2637 debiti.

1545 2651 1637 2682 Unde
1661 2650 1756 2681 etiam
1779 2657 1879 2682 stante
1902 2651 1980 2691 lege,
2006 2660 2072 2680 non
2086 2656 2212 2680 tenetur
2231 2649 2292 2680 nisi
2313 2656 2388 2690 post
2410 2649 2610 2681 sententiam.

1601 2695 1653 2725 IX.
1679 2695 1714 2725 In
1729 2695 1935 2735 responsione
1951 2694 1991 2725 ad
2009 2694 2147 2731 tertium,
2164 2694 2299 2725 dubium
2318 2693 2455 2725 occurrit
2476 2703 2527 2730 an,
2542 2702 2611 2725 8110

1544 2739 1663 2779 integre
1686 2739 1878 2776 restituente,
1902 2739 1955 2769 alii
1978 2739 2034 2780 qui
2054 2738 2149 2770 etiam
2163 2737 2196 2768 in
2213 2738 2353 2769 solidum
2369 2738 2556 2769 tenebantur
2570 2737 2612 2768 ad

1544 2783 1786 2820 restituendum,
1803 2790 1978 2820 teneantur,
1994 2784 2033 2814 de
2048 2782 2231 2814 necessitate
2247 2782 2367 2819 salutis,
2383 2782 2423 2812 ad
2442 2781 2612 2813 refunden-

1546 2828 1624 2858 dum
1637 2827 1683 2858 illi
1698 2827 1753 2868 qui
1767 2827 1916 2864 restitum
1937 2834 1968 2858 et
1979 2827 2019 2858 ad
2030 2834 2188 2868 quantum
2204 2827 2341 2867 quisque
2357 2832 2512 2862 teneatur,
2524 2825 2551 2856 si
2566 2832 2610 2858 ta-

1545 2878 1648 2902 netur.
1672 2871 1713 2902 Et
1736 2878 1783 2902 est
1798 2871 1878 2902 ratio
1897 2871 1985 2902 dubii
2001 2871 2086 2912 quia,
2103 2881 2178 2902 cum
2201 2870 2253 2902 isti
2277 2870 2357 2901 nihil
2379 2869 2558 2911 acceperint
2571 2870 2611 2901 ab

1544 2916 1606 2947 isto
1630 2915 1686 2956 qui
1702 2915 1934 2947 restitutionem
1958 2915 2039 2952 fecit,
2060 2925 2126 2946 non
2142 2921 2289 2946 tenentur
2304 2915 2333 2946 ei
2349 2914 2459 2956 aliquo
2482 2913 2611 2947 restim·

1545 2959 1642 2990 tionis
1661 2959 1746 2990 iure:
1772 2959 1928 2991 restitutio
1957 2959 2042 2990 enim
2065 2959 2296 3000 praesupponit
2318 2958 2537 2999 acceptionem
2557 2958 2612 2989 vel

1545 3014 1613 3034 rem
1636 3010 1808 3044 acceptam,
1824 3011 1861 3034 ut
1876 3003 1997 3035 dictum
2014 3010 2062 3035 est
2073 3003 2101 3035 *.
2126 3004 2202 3041 Quo
2217 3010 2325 3034 autem
2341 3003 2404 3033 alio
2420 3002 2490 3034 iure
2503 3009 2612 3034 tenea-

1546 3055 1607 3084 tur,
1620 3054 1747 3088 oportet
1759 3048 1933 3079 ostendere.
1944 3048 2010 3078 -In
2024 3048 2213 3089 oppositum
2224 3053 2333 3078 autem
2345 3053 2392 3078 est
2404 3046 2507 3078 littera
2519 3054 2614 3087 pue-

1546 3102 1632 3128 sens,
1657 3092 1709 3123 cui
1731 3101 1912 3123 consonare
1931 3102 2044 3123 omnes
2066 3093 2104 3122 de
2127 3092 2190 3122 1108
2217 3091 2387 3122 scribentes
2408 3091 2567 3122 videntur.

1601 3136 1652 3166 Ad
1676 3135 1737 3166 hoc
1768 3135 1880 3166 dicitur
1902 3136 1992 3177 quod
2013 3135 2046 3166 in
2069 3136 2128 3166 hac
2157 3145 2191 3166 re
2214 3142 2261 3166 est
2283 3135 2404 3176 aliquid
2423 3135 2555 3171 clarum,
2574 3139 2610 3165 et

1547 3179 1667 3220 aliquid
1689 3180 1871 3210 obscurum.
1896 3179 2075 3219 Tripliciter
2097 3189 2236 3220 namque
2254 3179 2272 3199 *
2294 3179 2476 3219 contingere
2505 3183 2611 3218 potest
2636 3180 2768 3235 ’ἴξιν
2746 3180 2847 3228 ''¹3¹‘'ss

1547 3233 1637 3254 casus
1651 3223 1722 3254 iste:
1747 3223 1863 3263 primo,
1879 3224 1973 3254 rebus
1989 3223 2123 3263 acceptis
2151 3223 2354 3254 existentibus
2370 3223 2456 3264 apud
2479 3231 2535 3253 808
2554 3221 2612 3262 qui
2636 3213 2730 3255 ἷῗοιιι
2705 3235 2730 3255 et
2719 3213 2848 3288 “lamiae-

1547 3273 1750 3317 acceperunt;
1767 3267 1918 3304 secundo,
1935 3267 2028 3298 rebus
2044 3267 2180 3318 acceptis
2196 3267 2395 3308 consumptis
2410 3267 2449 3298 ab
2473 3266 2606 3302 eisdem3
2637 3261 2704 3286 *Μ’
2712 3259 2748 3281 “¹''

1546 3311 1649 3347 tertio,
1669 3311 1759 3351 quod
1781 3311 1869 3342 nulla
1891 3311 1985 3342 fuerit
2007 3311 2148 3351 acceptio
2171 3311 2296 3343 lucrosa
2311 3311 2414 3347 alicui,
2430 3310 2487 3342 sed
2503 3309 2612 3340 solum
2637 3259 2850 3360 2299433έὲξέ

1547 3354 1813 3391 damnificatoria‚
1838 3362 1874 3386 ut
1895 3355 1928 3386 in
1952 3355 2164 3386 destructione
2188 3356 2320 3406 domus,
2344 3354 2509 3390 incendio,
2534 3363 2609 3385 8011-
2636 3338 2848 3413 &afflueb-

1546 3399 1721 3430 culcatione
1738 3399 1908 3436 seminum,
1927 3406 1958 3430 et
1973 3399 2170 3430 huiusmodi.
2194 3400 2260 3431 Et'
2252 3409 2286 3430 111
2303 3399 2409 3440 primo
2423 3405 2455 3429 et
2469 3398 2610 3429 secundo
2634 3390 2767 3446 par'uffofe
2781 3396 2848 3438 ,ξρζῖ

1547 3453 1620 3473 8858
1645 3443 1765 3474 clarum
1789 3450 1835 3474 est
1857 3444 1945 3484 quod
1969 3444 2020 3474 alii
2043 3450 2191 3475 tenentur
2212 3443 2377 3474 refundere
2393 3442 2422 3473 ei
2445 3442 2501 3483 qui
2524 3441 2612 3472 resti·
2638 3444 2691 3492 22¹-
2699 3443 2795 3491 eet-31
2809 3442 2851 3491 ¹131·

1546 3487 1622 3523 tuit,
1651 3493 1803 3528 tanquam
1833 3487 2004 3518 substituto
2035 3488 2169 3518 domino
2191 3487 2323 3518 illarum
2349 3494 2472 3517 rerum:
2505 3495 2542 3516 ex
2569 3495 2609 3516 8ο
2670 3476 2738 3499 ''⁸⁹¹“

1546 3541 1683 3572 namque
1707 3532 1797 3572 quod
1819 3541 1903 3562 unus
1926 3531 2062 3564 restituit
2084 3532 2222 3572 pretium
2237 3531 2344 3566 totius,
2369 3530 2470 3561 factus
2485 3536 2531 3560 est
2554 3530 2612 3560 do-

1547 3574 1653 3606 minus
1669 3585 1775 3606 rerum
1797 3575 1970 3607 extantium
1993 3576 2079 3616 apud
2095 3575 2183 3612 alios,
2201 3581 2231 3606 et
2247 3581 2294 3606 est
2309 3575 2499 3614 subrogatus
2518 3574 2550 3604 in
2566 3573 2613 3606 iu-

2635 1644 2644 1654 ¹·
2651 1643 2721 1665 Ρνον.
2729 1648 2781 1671 esp.
2789 1649 2845 1671 xxn,

2634 1675 2694 1692 veru.
2709 1676 2725 1692 1.

2635 2566 2646 2578 ’
2661 2566 2728 2588 Ven.
2742 2571 2764 2595 3.

2637 3003 2647 3012 ·
2661 3000 2732 3024 Num.
2748 3007 2764 3022 1.
