2814 4250
1016 249 1281 295 QUAESTIO
1311 251 1394 297 Lx,

1423 250 1718 288 ARTICULUS
1748 252 1761 288 1
2423 264 2444 289 2
2453 254 2471 290 5

901 469 1307 544 QUAEsTm
1354 470 1887 527 SEXAGEsmA

26 795 27 798 ’
62 806 274 856 {gaiu-nvmin-
303 807 492 889 Damna
520 796 839 835 considerandum
869 806 924 835 est
952 798 998 835 de
1028 798 1167 836 iudicio
1187 799 1219 835 *.

116 849 122 855 '
385 850 433 886 Et
461 850 559 886 circa
587 850 661 886 hoc
690 858 924 897 quaeruntur
951 863 1027 887 sex.

354 902 506 939 Primo:
534 910 662 939 utrum
689 903 871 940 iudicium
900 904 945 940 sit
973 911 1078 941 actus
1106 902 1276 940 iustitiae.

355 955 554 992 Secundo:
585 963 711 992 utrum
741 955 787 993 sit
813 956 954 992 licitum
984 955 1162 992 iudicare.
1389 993 1390 996 ,

354 1007 510 1044 Tertio:
553 1016 680 1045 utrum
722 1020 790 1058 per
835 1007 1069 1057 suspiciones
1111 1007 1156 1043 sit
1197 1006 1391 1061 iudican-3

409 1061 511 1097 dum.
1390 1067 1392 1102 Ι

453 1386 469 1392 q
520 1364 529 1381 ι
560 1356 698 1384 ramum
725 1359 779 1385 sxc
807 1359 1048 1385 moeson-ua.
1068 1348 1228 1385 Videtur
1255 1349 1360 1396 quod

310 1383 694 1460 &bsx-iudoemm
729 1413 807 1437 non
841 1401 886 1437 sit
917 1409 1023 1438 actus
1055 1401 1226 1438 iustitiae.
1262 1400 1363 1438 Dicit

308 1446 904 1554 iwkzssfflqisszlft’effl‘?
915 1453 1211 1565 ῑ-ηἷιῖεῇιΕΐᾷξιε
1217 1453 1363 1555 ’ωέῗιῖῗ

298 1557 384 1595 seit:
412 1565 448 1595 et
476 1558 531 1595 sic
558 1559 741 1596 iudicium
769 1559 819 1596 ad
846 1558 927 1595 vim
952 1558 1250 1618 cognoscitivam
1279 1571 1362 1607 per-

145 1611 236 1658 ”³2³5ss
298 1610 417 1648 tinere
445 1611 607 1648 videtur.
636 1611 704 1648 Vis
731 1619 860 1652 autem
889 1611 1148 1659 cognoscitiva
1179 1623 1247 1660 per
1274 1623 1363 1670 pru-

151 1663 253 1710 maj&
300 1662 468 1702 dentiam
495 1663 699 1713 perficitur.
730 1665 832 1712 Ergo
852 1663 1033 1702 iudicium
1053 1663 1174 1712 magis
1201 1664 1364 1713 pertinet

138 1732 169 1750 -m
187 1735 227 1749 υ-
299 1717 355 1767 ad·-
379 1715 622 1765 prudentiam
655 1728 771 1766 quam
805 1716 855 1754 ad
882 1716 1082 1764 iustitiam,
1113 1729 1211 1765 quae
1241 1724 1297 1754 est
1324 1717 1362 1754 in

42 1772 275 1804 “Qu-zm·
298 1769 506 1816 voltmtate,
535 1777 577 1807 ut
604 1769 748 1807 dictum
778 1777 834 1806 est
851 1769 883 1806 ²⁸.

43 1817 153 1842 ‘'V“
166 1824 197 1847 ¹⁵·
353 1833 390 1858 2.
415 1822 658 1870 PRAETEREA,
686 1823 895 1871 Apostolus
929 1822 1033 1869 dicit,
1063 1824 1078 1858 I
1098 1822 1150 1859 ad
1171 1823 1258 1859 Cor.
1280 1834 1303 1860 11
1321 1822 1362 1859 *τ

299 1874 511 1923 spirituale
538 1875 679 1912 iudicat
703 1875 844 1912 omnia.
875 1875 952 1912 Sed
979 1875 1098 1912 homo
1123 1875 1289 1912 maxime
1312 1876 1363 1912 ef-

298 1927 424 1966 ficitur
450 1928 650 1977 spiritualis
676 1939 745 1976 per
762 1927 942 1965 virtutem
967 1927 1140 1975 caritatis,
1169 1940 1266 1977 quae
1293 1929 1363 1976 dif-

38 2003 39 2018 ;
287 1980 470 2028 finditur
487 1981 525 2018 in
545 1981 719 2018 cordibus
736 1981 871 2018 nostris
886 1992 958 2029 per
975 1981 1156 2029 Spiritum
1170 1982 1362 2027 Sanctum,

31 2083 33 2086 .
63 2034 250 2082 *m.‡?2‘“2·{¹‡2³*
283 2033 367 2083 qui·
389 2033 498 2071 datm
516 2040 570 2071 est
595 2034 712 2080 nobis,
742 2041 783 2071 ut
802 2033 937 2071 dicitur
954 2034 1067 2071 Rom.
1088 2046 1112 2070 v
1125 2033 1156 2071 *.
1187 2034 1290 2082 Ergo
1309 2035 1363 2071 iu—

144 2094 157 2107 ·-'
175 2089 236 2108 ³¹⁷⁵*
273 2091 275 2095 '
299 2085 443 2125 dicium
471 2087 592 2135 magis
618 2087 781 2136 pertinet
801 2087 850 2124 ad
875 2087 1067 2123 caritatem
1095 2098 1212 2134 quam
1241 2087 1288 2124 ad
1308 2088 1363 2124 iu-

299 2138 450 2176 §titiam

353 2192 390 2229 3.
419 2191 653 2239 Pmmnm,
674 2192 724 2229 ad
742 2203 1057 2252 unamquamque
1076 2191 1257 2229 virtutem
1277 2205 1363 2242 per-

298 2243 391 2282 tinet
417 2252 563 2282 rectum
591 2244 772 2282 iudicium
802 2245 899 2282 circa
927 2244 1122 2294 propriam
1141 2243 1361 2282 materiam.

298 2296 389 2347 quia
414 2298 602 2334 virtuosus
625 2298 662 2334 in
681 2297 839 2348 singulis
866 2303 920 2336 est
945 2297 1081 2347 regula
1109 2303 1145 2334 et
1171 2309 1361 2344 mensura,

59 2355 270 2433 ¹²ssae
299 2349 512 2387 secundum
545 2348 842 2410 Philosophum,
871 2350 911 2387 in
943 2350 1040 2387 libro
1075 2350 1207 2387 Ethic.
1216 2350 1236 2372 '¹‘
1269 2351 1361 2388 Non

299 2410 393 2451 ergo
417 2402 599 2440 iudicium
627 2403 748 2451 magis
775 2403 938 2452 pertinet
965 2404 1012 2440 ad
1040 2403 1218 2440 iustitiam
1246 2415 1362 2452 quam

299 2455 348 2494 ad
376 2455 466 2493 alias
493 2456 653 2493 virtutes
679 2456 856 2493 morales.

350 2519 388 2556 4.
409 2509 642 2555 PRAETEREA‚
659 2508 841 2546 iudicium
861 2507 1009 2545 videtur
1027 2509 1077 2545 ad
1097 2508 1200 2545 solos
1219 2508 1362 2546 iudices

297 2561 497 2610 pertinere.
517 2565 635 2599 Actus
655 2569 783 2599 autem
802 2561 960 2598 iustitiae
981 2561 1170 2599 invenitur
1186 2561 1225 2598 in
1241 2563 1362 2599 omni·
1388 2562 1390 2567 ’

298 2613 371 2651 bus
397 2614 514 2652 iustis.
545 2615 646 2652 Cum
674 2614 783 2663 igitur
811 2626 889 2651 non
913 2614 983 2651 soli
1001 2614 1143 2651 iudices
1167 2614 1240 2651 sint
1264 2615 1361 2662 iusti,

296 2665 447 2704 videtur
473 2668 580 2716 quod
599 2667 782 2705 iudicium
811 2679 889 2704 non
909 2667 954 2704 sit
980 2674 1085 2704 actus
1112 2667 1289 2716 proprius
1309 2669 1363 2704 iu-

300 2718 432 2757 stitiae.

353 2773 428 2809 SED
452 2784 598 2809 CONTRA
617 2784 684 2809 EST
702 2773 808 2820 quod
826 2773 863 2808 in
883 2773 1024 2809 Psalm.
1040 2772 1060 2793 ³¹⁶
1080 2772 1229 2809 dicitur:
1263 2774 1362 2815 Quo-

299 2824 466 2872 adusque
493 2825 630 2861 iustitia
658 2830 898 2862 convertatur
925 2825 962 2861 in
991 2824 1181 2861 iudicium.

353 2877 580 2914 Responnso
598 2889 782 2915 mcENDUM
801 2877 907 2925 quod
925 2877 1107 2914 iudicium
1125 2877 1276 2926 proprie
1294 2891 1362 2914 no-

300 2929 419 2966 minat
447 2937 574 2966 actum
593 2929 727 2966 iudicis
755 2929 981 2978 inquantum
1009 2936 1065 2966 est
1091 2929 1214 2966 iudex.
1246 2931 1362 2968 Iudex

152 2983 171 3003 ¹¹
301 2989 429 3019 autem
459 2982 596 3019 dicitur
628 2982 736 3030 quasi
768 2983 824 3019 ius
852 2982 988 3018 dicens.
1024 2983 1085 3018 Ius
1113 2989 1240 3019 autem
1271 2990 1325 3019 est
1345 2987 1362 3004 α

237 3049 272 3064 -¹·
301 3034 495 3072 obiectum
527 3034 708 3080 iustitiae,
742 3042 784 3071 ut
815 3046 930 3083 supra
953 3034 972 3056 ’¹‘
1004 3033 1175 3071 habitum
1209 3042 1275 3072 est.
1313 3035 1362 3072 Et

300 3087 388 3125 ideo
417 3087 599 3124 iudicium
626 3087 827 3136 importat,
856 3086 1066 3124 secundum
1102 3087 1266 3136 primam
1294 3099 1362 3124 no·

299 3139 414 3177 minis
441 3139 738 3189 impositionem,
759 3139 1020 3178 definitionem
1046 3140 1109 3176 vel
1137 3140 1363 3178 determina-

299 3193 445 3231 tionem
473 3193 558 3230 iusti
587 3193 667 3230 sive
691 3193 792 3230 iuris.
823 3192 940 3240 Quod
960 3199 1087 3230 autem
1107 3192 1240 3242 aliquis
1261 3194 1361 3230 bene

301 3245 455 3284 definiat
475 3244 616 3294 aliquid
640 3245 681 3283 in
698 3245 879 3294 operibus
896 3245 1075 3283 virtuosis
1101 3245 1257 3294 proprie
1281 3258 1329 3296 pr
1340 3259 1379 3283 o—

301 3297 400 3336 cedit
427 3310 474 3335 ex
491 3298 623 3336 habitu
641 3298 807 3336 virtutis:
835 3298 933 3335 sicut
959 3305 1083 3335 castus
1111 3306 1211 3336 recte
1240 3298 1361 3336 deter-

301 3350 420 3388 minat
447 3362 493 3388 ea
520 3363 618 3399 quae
650 3351 838 3400 pertinent
865 3351 914 3388 ad
942 3350 1161 3388 castitatem.
1197 3352 1246 3388 Et
1273 3351 1360 3389 ideo

354 3494 383 3527 a)
401 3499 450 3521 est.
461 3508 481 3514 —
499 3496 599 3522 dicitur
617 3496 663 3521 Pa.

356 3529 381 3563 β)
401 3529 522 3556 iudicem.
533 3545 553 3551 -
571 3529 698 3557 iudicium
716 3531 851 3564 ABEpr,
871 3530 982 3556 invicem
1001 3531 1032 3556 L.

443 3583 553 3607 Sinum-s
572 3583 675 3608 Τιῐιςοι.
692 3583 724 3607 D.
738 3582 853 3607 TnoMAt
872 3582 904 3607 T.
918 3582 960 3607 VI.

1177 589 1269 628 DE
1312 588 1599 637 IUDICIO

1142 703 1177 728 IN
1205 703 1270 728 SEX
1297 700 1498 728 ARTICULOS
1526 701 1642 727 DIVISA

1470 799 1635 845 Quarto:
1665 807 1792 836 utrum
1820 800 1933 838 dubia
1958 801 2031 837 sint
2053 801 2091 838 in
2111 802 2308 839 meliorem
2328 810 2475 851 partem

1523 851 1817 899 interpretanda.

1471 903 1631 949 Quinto:
1659 911 1786 940 utrum
1810 904 1991 941 iudicium
2019 917 2171 955 semper
2194 906 2239 942 sit
2264 908 2474 944 secundum

1523 956 1624 1003 leges
1653 956 1807 1004 scriptas
1834 957 2118 1004 proferendum.

1471 1008 1602 1044 Sexto:
1632 1016 1760 1046 utrum
1786 1008 1966 1046 iudicium
1990 1022 2059 1058 per
2082 1011 2369 1059 usurpationem
2393 1023 2476 1060 per-

1525 1068 1704 1098 vertatur.

1113 1173 1429 1215 ARTICULUS
1461 1163 1666 1215 PRIMUS

950 1260 1106 1291 UTRUM
1130 1260 1330 1292 iunicum
1354 1260 1420 1291 SIT
1443 1260 1586 1292 ACTUS
1611 1262 1826 1292 IUSTITIAE

1414 1348 1607 1395 iudicium,
1635 1351 1740 1397 quod
1763 1349 1944 1398 importat
1963 1358 2104 1387 rectam
2125 1350 2476 1390 determinationem

1415 1401 1495 1438 eius
1524 1403 1628 1450 quod
1657 1410 1713 1438 est
1740 1401 1903 1449 iustum,
1931 1403 2084 1451 proprie
2111 1403 2272 1451 pertinet
2300 1405 2349 1442 ad
2378 1405 2479 1442 iusti-

1413 1454 1515 1490 tiam.
1536 1455 1697 1502 Propter
1712 1456 1818 1503 quod
1833 1455 2087 1504 Philosophus
2103 1456 2202 1503 dicit,
2221 1457 2431 1495 inVEthic.
2445 1460 2476 1505 *,
2506 1465 2628 1514 *chqgffvs
2600 1493 2634 1513 'ec
2622 1473 2662 1514 cg
2705 1478 2715 1483 -

1415 1507 1520 1555 quod
1548 1507 1725 1543 homines
1753 1507 1804 1543 ad
1840 1508 1998 1544 iudicem
2018 1507 2034 1537 β
2060 1509 2285 1558 confugiunt
2309 1511 2404 1547 sicut
2429 1513 2480 1548 ad
2602 1519 2616 1552 β

1415 1559 1606 1607 quandam
1635 1559 1811 1596 iustitiam
1838 1561 2057 1596 animatam.

1468 1613 1527 1648 An
1547 1623 1684 1648 ptumum
1703 1623 1802 1649 ERGO
1824 1610 2008 1649 memnon
2034 1613 2139 1660 quod
2168 1626 2311 1651 nomen
2339 1615 2478 1663 iudicii,

1417 1664 1522 1713 quod
1550 1664 1762 1701 secundum
1791 1665 1954 1713 primam
1981 1665 2264 1714 impositionem
2294 1667 2479 1715 significat

1417 1724 1558 1754 rectam
1575 1717 1928 1754 determinationem
1943 1718 2141 1765 iustorum,
2157 1719 2378 1768 ampliatum
2389 1726 2405 1749 ἵ
2425 1729 2480 1758 est
2602 1741 2618 1766 γ

1416 1770 1465 1807 ad
1484 1770 1776 1818 significandum
1797 1778 1938 1807 rectam
1962 1770 2316 1809 determinationem
2337 1772 2375 1809 in
2400 1774 2479 1822 qui-

1416 1823 1656 1872 buscumque
1685 1823 1817 1870 rebus,
1846 1831 1924 1860 tam
1952 1823 1990 1860 in
2020 1825 2260 1872 speculativis
2294 1837 2409 1873 quam
2438 1826 2476 1863 in

1415 1876 1600 1924 practicis.
1630 1877 1672 1912 In
1692 1876 1869 1913 omnibus
1897 1884 2026 1913 tamen
2054 1877 2103 1914 ad
2132 1884 2276 1914 rectum
2296 1878 2478 1916 iudicium

1417 1929 1494 1966 duo
1524 1929 1775 1977 requiruntur.
1811 1929 1989 1975 Quorum
2017 1941 2137 1966 unum
2167 1938 2223 1967 est
2249 1930 2331 1979 ipsa
2358 1931 2478 1968 virtus

1416 1982 1611 2031 proferens
1630 1981 1822 2018 iudicium.
1853 1983 1902 2018 Et
1929 1981 1982 2018 sic
2000 1982 2183 2019 iudicium
2212 1990 2267 2020 est
2295 1991 2401 2020 actus
2421 1995 2478 2020 ra-

1416 2034 1548 2071 tionis:
1584 2034 1707 2071 dicere
1740 2034 1842 2071 enim
1869 2035 1932 2071 vel
1964 2035 2121 2071 definire
2154 2035 2294 2084 aliquid
2326 2036 2478 2074 rationis

1418 2095 1483 2124 est.
1512 2087 1626 2124 Aliud
1645 2094 1774 2124 autem
1794 2095 1850 2124 est
1877 2087 2074 2135 dispositio
2095 2088 2303 2135 iudicantis,
2327 2101 2372 2125 ex
2401 2102 2475 2137 qua

1416 2141 1531 2177 habet
1562 2140 1807 2177 idoneitatem
1841 2140 1890 2176 ad
1923 2147 2022 2176 recte
2054 2140 2312 2178 iudicandum.
2349 2142 2398 2178 Et
2425 2143 2478 2179 sic

1415 2194 1454 2230 in
1472 2193 1530 2230 his
1558 2205 1657 2241 quae
1685 2193 1735 2230 ad
1762 2192 1938 2229 iustitiam
1966 2193 2154 2241 pertinent
2181 2193 2360 2230 iudicium
2388 2207 2476 2242 pro-

1417 2246 1515 2283 cedit
1542 2257 1588 2282 ex
1607 2245 1763 2282 iustitia:
1792 2245 1888 2282 sicut
1916 2252 1952 2282 et
1979 2245 2017 2282 in
2044 2246 2102 2282 his
2131 2258 2230 2294 quae
2259 2247 2306 2283 ad
2335 2247 2476 2284 fortitu-

1416 2298 1758 2346 dinem0pertinent
1777 2309 1823 2334 ex
1844 2298 2072 2335 fortitudine.
2104 2299 2164 2335 Sic
2185 2311 2273 2346 ergo
2293 2299 2478 2336 iudicium

1416 2359 1472 2388 est
1491 2351 1649 2399 quidam
1668 2358 1773 2388 actus
1787 2350 1948 2388 iustitiae
1968 2351 2062 2387 sicut
2081 2351 2292 2388 inclinantis
2311 2352 2359 2389 ad
2379 2360 2478 2389 recte

1416 2404 1679 2442 iudicandum:
1700 2403 1924 2453 prudentiae
1939 2411 2068 2440 autem
2084 2404 2179 2440 sicut
2193 2404 2373 2441 iudicium
2391 2417 2478 2453 pro-

1416 2457 1578 2494 ferentis.
1599 2457 1711 2494 Unde
1727 2464 1764 2493 et
1782 2456 1939 2504 synesis,
1956 2456 2003 2494 ad
2019 2457 2257 2505 prudentiam
2272 2457 2476 2505 pertinens,

1417 2509 1550 2547 dicitur
1581 2511 1674 2546 bene
1701 2509 1922 2555 indicativa,
1951 2517 1993 2546 ut
2020 2521 2134 2558 supra
2152 2509 2172 2531 '¹‘
2199 2510 2371 2546 habitum
2410 2518 2476 2547 est.
2504 2521 2569 2548 ‘Qu

1469 2565 1529 2600 An
1557 2572 1748 2600 SECUNDUM
1776 2573 1959 2599 D1CENDUM
1992 2562 2097 2610 quod
2128 2563 2248 2598 homo
2277 2563 2478 2611 spiritualis

2591 2527 2622 2547 ιι,
2637 2525 2678 2543 art.
2692 2527 2713 2549 3.

1417 2628 1463 2652 ex
1491 2615 1622 2652 habitu
1650 2615 1810 2653 caritatis
1844 2615 1959 2651 habet
1987 2615 2267 2651 inclinationem
2301 2616 2349 2652 ad
2378 2623 2477 2652 recte

1416 2668 1662 2705 iudicandum
1691 2669 1738 2705 de
1767 2667 1945 2704 omnibus
1973 2667 2183 2704 secundum
2209 2669 2356 2715 regulas
2385 2668 2478 2705 divi-

1417 2733 1500 2766 nas,
1531 2733 1576 2757 ex
1608 2721 1745 2769 quibus
1777 2720 1958 2756 iudicium
1994 2732 2063 2768 per
2094 2720 2240 2757 donum
2274 2721 2477 2769 sapientiae

1388 2793 1390 2796 ·
1417 2773 1654 2822 pronuntiat:
1689 2773 1784 2810 sicut
1811 2773 1928 2809 iustus
1957 2785 2026 2821 per
2051 2772 2229 2809 virtutem
2257 2773 2477 2821 prudentiae

1415 2826 1634 2875 pronuntiat
1662 2826 1842 2862 iudicium
1871 2837 1917 2861 ex
1946 2825 2081 2873 regulis
2109 2825 2209 2861 iuris.

1468 2881 1527 2915 AD
1554 2890 1714 2915 TERTIUM
1741 2889 1924 2914 DICENDUM
1952 2877 2056 2925 quod
2085 2877 2177 2913 aliae
2197 2877 2352 2913 virtutes
2377 2877 2476 2914 ordi-

1417 2938 1508 2968 nant
1534 2930 1731 2967 hominem
1751 2930 1791 2966 in
1810 2930 1948 2978 seipsQ
1977 2929 2044 2966 sed
2072 2929 2207 2966 iustitia
2230 2929 2380 2966 ordinat
2407 2931 2475 2966 ho-

1417 2983 1561 3020 minem
1589 2983 1637 3020 ad
1665 2982 1795 3029 alium,
1821 2990 1862 3019 ut
1881 2994 1926 3019 ex
1946 2982 2052 3019 dictis
2070 2981 2090 3003 ’¹‘
2117 2989 2231 3030 patet.
2261 2983 2390 3019 Homo
2410 2995 2474 3019 au·
2502 2997 2601 3024 ·Qu.2v

1416 3043 1493 3072 tem
1515 3043 1570 3072 est
1589 3035 1766 3072 dominus
1787 3047 1920 3071 eorum
1946 3047 2045 3082 quae
2064 3035 2112 3072 ad
2131 3034 2256 3083 ipsum
2277 3035 2473 3083 pertinent,

1417 3100 1495 3125 non
1524 3095 1652 3125 autem
1681 3095 1736 3125 est
1768 3087 1946 3124 dominus
1975 3099 2109 3124 eorum
2145 3099 2243 3136 quae
2276 3088 2325 3124 ad
2359 3088 2475 3125 alium

1416 3141 1616 3190 pertinent.
1654 3141 1703 3177 Et
1733 3140 1820 3177 ideo
1853 3140 1891 3177 in
1923 3140 1980 3177 his
2014 3152 2112 3188 quae
2147 3147 2233 3176 sunt
2264 3141 2474 3177 secundum

1417 3194 1506 3232 alias
1525 3193 1681 3231 virtutes
1701 3205 1780 3230 non
1798 3192 1998 3242 requiritur
2017 3193 2086 3230 nisi
2103 3192 2285 3230 iudicium
2304 3192 2473 3239 virtuosi,

2603 3002 2682 3024 imai-1.
2691 3003 2710 3019 2.

1418 3255 1571 3284 extenso
1590 3254 1719 3283 tamen
1734 3245 1890 3284 nomine
1910 3245 2047 3293 iudicii,
2062 3253 2104 3282 ut
2123 3245 2263 3282 dictum
2279 3253 2335 3282 est
2344 3245 2375 3282 ²⁸.
2398 3246 2474 3283 Sed
2501 3259 2511 3270 ⁸
2526 3259 2551 3280 In
2565 3264 2624 3287 resp.
2641 3259 2668 3280 ad
2685 3265 2701 3280 ι.

1416 3300 1456 3337 in
1482 3299 1540 3337 his
1568 3311 1666 3347 quae
1699 3298 1886 3348 pertinent
1912 3299 1962 3336 ad
1989 3297 2165 3335 iustitiam
2194 3297 2395 3345 requiritur
2421 3299 2475 3335 ul-

1388 3377 1391 3394 a
1416 3352 1529 3389 terius
1557 3352 1738 3389 iudicium
1762 3351 1918 3388 alicuius
1940 3350 2161 3399 superioris,
2191 3351 2256 3398 qui
2278 3356 2475 3399 utrumque

1467 3496 1494 3530 γ)
1513 3497 1680 3529 amp11'atum.
1693 3510 1712 3515 -
1729 3496 1891 3528 applicatum
1910 3496 1940 3525 Α,
1962 3498 2026 3527 post
2043 3495 2199 3528 ampliatum
2224 3495 2278 3526 CH,
2302 3495 2473 3528 amplicatum

1414 3532 1443 3561 F,
1458 3532 1549 3564 primo
1568 3532 1723 3564 ampliatum
1743 3532 1784 3556 ed.
1802 3538 1828 3556 a.

2315 3590 2332 3613 4
