2860 4244
51 431 260 459 ’Art.1.ad4;

50 447 260 511 :iatimdubrtffi

47 1002 58 1014 ⁸
67 1001 131 1024 lom.
142 1007 193 1029 cap.
207 1007 257 1030 xix,

48 1034 109 1051 vera.
121 1034 160 1058 ³⁰·

931 306 1197 352 QUAESTIO
1228 307 1453 354 LXXXVII,
1481 307 1776 345 ARTICULUS
1806 309 1819 344 I

287 395 376 426 peres
402 384 445 415 ibi
468 385 586 415 mortui
610 392 702 422 sunt,
727 392 762 416 ut
789 385 920 415 habetur
943 384 1071 420 ibidem,
1096 395 1164 425 cap.
1184 386 1346 416 Decimae.

287 432 408 459 Auctor
431 438 561 469 quoque
589 438 730 469 expresse
753 429 786 459 in
814 429 871 459 hac
894 428 1079 469 quaestione
1103 429 1220 468 pluries
1234 429 1251 448 *
1275 429 1348 460 dicit

287 473 424 503 decimas
443 472 508 502 dari
525 472 674 503 ministris
694 479 731 503 ut
753 483 809 513 per
824 483 878 503 eos
902 473 1122 513 dispensentur
1145 473 1346 514 pauperibus.

287 517 334 547 Ex
356 516 415 547 hac
430 526 569 557 namque
585 517 687 548 radice
711 517 828 547 solutio
845 517 992 547 omnium
1008 517 1117 547 oritur.
1142 517 1224 547 Nam
1248 517 1272 547 si
1298 518 1348 548 de-

287 560 387 591 cimae
413 560 447 591 in
475 560 653 591 subsidium
680 567 804 591 tantum
833 561 1050 591 ministrorum
1080 561 1200 591 dandae
1228 568 1345 597 essent,

288 612 322 635 ut
345 604 378 634 in
401 605 497 635 veteri
520 604 708 635 mandatum
731 611 796 635 erat
817 605 900 644 lege,
925 604 1077 635 nescirem
1101 614 1160 644 ego
1185 605 1347 645 oppositas

287 647 480 679 obiectiones
496 648 630 678 solvere:
646 647 843 688 libenterque
855 648 1030 679 solutiones
1046 649 1188 679 audirem
1200 649 1346 685 aliorum,

285 691 341 733 qui
358 691 472 723 scirent
493 698 559 723 tam
574 691 763 723 excessivam
786 692 1042 723 distributionem
1063 694 1103 723 ad
1126 692 1347 733 aequalitatem

286 736 450 767 deducere.
482 753 502 759 -
530 735 659 766 Solvere
681 742 790 766 autem
820 746 856 767 ex
879 736 941 767 hoc
972 737 1061 777 quod
1084 737 1171 767 Deus
1194 737 1238 767 sic
1261 746 1348 767 man-

287 779 380 816 davit,
404 785 459 810 aut
480 778 570 820 quod
592 779 732 810 Ecclesia
755 780 799 811 sic
815 780 975 812 mandavit
997 788 1033 811 ut
1055 781 1180 811 daretur
1199 780 1279 816 Deo,
1296 781 1347 811 cui

286 833 352 853 non
374 829 480 864 potest
501 822 656 854 excessive
672 823 748 860 dari,
765 823 844 854 nihil
858 825 949 855 valet.
973 825 1061 855 Tum
1084 825 1239 865 quoniam
1262 833 1348 864 prae-

286 873 415 906 ceptum
444 865 589 896 divinum
612 865 651 897 'in
673 867 741 907 lege
764 868 860 899 veteri
891 869 928 899 de
952 875 1039 909 parte
1063 869 1184 899 decima
1214 868 1252 898 ab
1275 867 1346 908 ipso

285 910 355 941 Deo
377 911 447 940 lesu
472 910 599 941 Christo
623 919 806 942 revocatum
828 919 875 943 est
896 913 928 943 in
953 923 1053 949 cruce,
1078 922 1153 943 cum
1175 911 1284 942 ceteris
1299 911 1345 941 iu-

284 954 449 985 dicialibus
473 961 504 986 et
525 955 806 987 caeremonialibus
833 957 1022 997 praeceptis,
1047 966 1122 987 cum
1145 955 1234 986 dixit:
1262 955 1345 986 Con-

283 1003 476 1030 summatum
493 1004 539 1030 est
549 998 576 1029 *.
599 1000 688 1029 Tum
702 1000 858 1041 quoniam
875 1008 1080 1042 praeceptum
1095 1006 1160 1030 erat
1174 1005 1209 1030 ut
1224 999 1346 1029 decima

284 1052 355 1084 pars
373 1041 516 1079 realium,
540 1053 606 1073 non
629 1044 855 1095 personalium,
872 1045 1026 1086 cuiusque
1040 1043 1189 1075 undecim
1204 1042 1346 1073 tribuum

285 1087 409 1117 daretur
423 1086 630 1118 duodecimae
645 1088 726 1128 parti
742 1089 838 1119 totius
853 1087 983 1130 populi:
1009 1095 1039 1119 et
1061 1097 1126 1118 non
1143 1086 1232 1127 quod
1255 1086 1346 1137 quin-

284 1130 486 1171 quagesimae
507 1131 589 1172 parti
612 1132 710 1162 totius
733 1132 846 1172 populi
869 1133 995 1163 daretur
1018 1131 1139 1162 decima
1155 1140 1226 1171 pars
1242 1130 1346 1161 cuius-

283 1184 347 1215 que
371 1174 714 1215 quadragintanovem.
742 1176 964 1206 -Ecclesiam
995 1182 1102 1206 autem
1132 1174 1282 1206 mandare
1309 1182 1346 1205 ut

282 1219 346 1250 hoc
369 1219 553 1251 deturDeo
573 1219 765 1255 immediate,
789 1219 905 1251 falsum
927 1219 960 1251 in
983 1219 1094 1259 primis
1109 1226 1170 1250 est:
1194 1219 1270 1260 quia
1293 1219 1346 1250 de-

280 1262 387 1297 cimae
403 1261 504 1312 ’quasi
526 1262 682 1302 stipendia
708 1271 783 1294 sunt
809 1264 1008 1295 clericorum.
1037 1264 1079 1294 Et
1106 1263 1220 1295 deinde
1246 1273 1345 1304 quarn

281 1306 365 1338 iusta
387 1305 428 1337 sit
447 1305 507 1337 ista
527 1316 635 1339 rerum
657 1306 846 1344 distributio,
871 1308 897 1338 si
920 1308 958 1339 ab
981 1307 1122 1338 Ecclesia
1145 1306 1194 1344 fit,
1219 1314 1346 1348 oportet

159 1389 160 1392 Ἴ
231 1380 234 1382 ,
275 1347 461 1381 ostendere:
492 1356 619 1391 oportet
642 1350 728 1383 enim
750 1350 885 1383 iustitiae
909 1351 1124 1382 distributivae
1147 1351 1256 1382 locum
1279 1361 1345 1382 esse

111 1388 119 1398 ‘
276 1393 314 1425 in
341 1393 582 1437 distribuendis
586 1395 752 1431 oneribus,
777 1396 871 1437 quale
898 1403 946 1426 est
973 1406 1056 1426 onus
1086 1395 1291 1427 decimarum.

304 1437 488 1468 Dicamus
521 1438 617 1488 igitur
651 1439 741 1479 quod
777 1440 852 1480 quia
880 1440 1020 1471 decimae
1049 1440 1164 1470 dantur
1194 1439 1345 1470 ministris

238 1454 342 1515 uDei
356 1492 415 1523 pro
436 1482 547 1523 seipsis
570 1489 603 1515 et
624 1483 827 1523 pauperibus,
841 1494 925 1524 quos
938 1494 1064 1524 semper
1077 1484 1230 1515 habemus
1245 1484 1346 1515 nobis-

273 1535 367 1569 cum,
378 1526 471 1558 ideo'
462 1533 546 1559 iusta
559 1534 605 1559 est
619 1527 798 1559 distributio
814 1528 918 1559 oneris
929 1528 1034 1564 huius,
1047 1535 1345 1578 quantumcumque

282 1571 424 1622 excedat:
456 1570 611 1615 quoniam
639 1581 807 1612 nunquam
829 1579 914 1603 tanta
945 1579 991 1603 est
1014 1571 1153 1603 decimae
1185 1571 1344 1613 quantitas

282 1604 321 1646 t’i't
347 1611 540 1666 pauperibus
563 1613 712 1651 sufficiat,
736 1616 792 1646 sed
822 1625 949 1656 semper
965 1625 1128 1657 pauperes
1156 1621 1346 1646 remaneant

43 1661 254 1712 wiffam,
276 1657 455 1696 nobiscum,
478 1659 566 1697 iuxta
586 1660 720 1690 verbum
742 1659 875 1690 Domini
889 1660 916 1691 *.

331 1702 378 1736 Et
398 1712 457 1742 per
476 1703 540 1733 hoc
562 1709 649 1743 patet
671 1704 760 1744 quod
783 1713 840 1734 nec
855 1704 967 1745 iniqua
990 1713 1047 1734 nec
1062 1703 1284 1734 irrationabilis
1298 1710 1346 1734 est

275 1745 340 1782 iata
355 1745 549 1780 distributio.
572 1747 628 1777 sed
651 1747 703 1787 pia
716 1754 817 1779 mater
839 1749 980 1788 provide,
1001 1758 1180 1788 pauperum
1203 1747 1344 1779 filiorum
1369 1765 1371 1775 ι

274 1789 425 1830 mam,
453 1791 579 1824 salubre
607 1791 785 1823 subsidium
813 1792 932 1823 eisdem
961 1792 1076 1824 attulit.
1103 1809 1125 1819 „-
1152 1792 1194 1822 Et
1221 1792 1247 1822 si
1272 1792 1344 1833 quis

272 1829 409 1881 obiiciat
431 1835 520 1876 quod
542 1832 636 1869 multi
659 1836 794 1868 ministri
809 1835 966 1874 Ecclesiae
988 1846 1056 1870 non
1072 1846 1104 1867 se
1121 1835 1267 1867 exhibent
1291 1846 1343 1876 pa-

272 1876 343 1911 tte!
357 1885 552 1919 pauperum:
573 1879 783 1920 respondetur
805 1881 894 1922 quod
918 1880 1051 1921 cogendi
1067 1887 1142 1911 sunt
1157 1889 1222 1910 non
1237 1880 1343 1911 minus

270 1920 415 1954 ministri
437 1923 478 1953 ad
499 1923 751 1963 dispensandum
767 1924 961 1965 pauperibus
980 1934 1078 1965 quam
1094 1924 1208 1965 populi
1228 1924 1267 1954 ad
1282 1925 1344 1954 sol-

279 1967 399 1997 vendas
429 1966 583 2004 decimas,
608 1975 730 2009 quanto
752 1968 823 2009 ipsi,
846 1969 879 1999 in
907 1969 1010 2000 altiori
1037 1969 1137 2009 gradu
1161 1968 1343 2005 constituti,

279 2011 381 2051 magis
403 2017 560 2044 tenentur.
591 2012 646 2044 Sat
669 2012 755 2044 enim
777 2019 824 2044 est
846 2013 982 2044 iustitiae
1005 2013 1096 2053 legali
1120 2012 1344 2044 ecclesiasticae

280 2061 319 2087 ut
337 2054 398 2087 illis
421 2055 592 2087 commissa
614 2057 655 2087 sit
684 2057 876 2098 dispensatio
899 2057 933 2088 in
956 2067 1111 2098 pauperes
1135 2057 1191 2097 qui
1214 2057 1252 2088 de
1276 2057 1343 2088 iure

280 2096 395 2131 debent
418 2109 484 2130 esse
506 2106 610 2141 patres
631 2110 821 2142 pauperum.

332 2143 373 2173 Et
395 2143 439 2174 sic
456 2147 544 2183 patet
566 2145 655 2185 quod
670 2155 737 2175 non
753 2151 847 2177 restat
861 2145 1120 2187 respondendum
1138 2144 1197 2175 nisi
1213 2144 1343 2176 obiectis

243 2212 250 2224 ,
272 2191 387 2218 ”contra
411 2187 549 2218 rationes
572 2187 681 2219 allatas
706 2189 738 2219 in
764 2188 865 2220 littera
880 2189 907 2220 *.
931 2189 973 2220 Et
995 2190 1035 2220 ad
1055 2196 1222 2230 utramque
1247 2189 1343 2220 simul

277 2230 392 2262 dicitur
410 2232 501 2271 quod
523 2234 646 2263 Auctor
659 2243 725 2263 non
741 2233 865 2264 induxit
879 2233 949 2264 illas
963 2234 1004 2263 ad
1019 2233 1220 2264 inferendum
1243 2234 1343 2264 deter-

276 2274 488 2307 minationem
501 2275 643 2307 decimae
661 2277 772 2317 partis:
792 2278 847 2309 sed
866 2277 905 2308 ad
924 2278 1158 2309 ostendendum
1177 2278 1266 2318 quod
1285 2288 1343 2318 po-

276 2319 372 2360 pulus
396 2329 498 2351 novae
519 2320 598 2360 legis
620 2321 660 2350 ad
682 2321 804 2352 maiora
823 2321 981 2362 obligetur
996 2322 1146 2352 ministris
1162 2321 1221 2352 Dei
1244 2332 1342 2362 quam

272 2363 417 2415 'populus
432 2364 545 2395 veteris
560 2364 648 2404 legis
669 2364 767 2402 Quod
783 2365 857 2396 satis
873 2365 1099 2396 rationabiliter
1113 2365 1291 2396 ostenditur
1306 2376 1343 2396 ex

274 2405 347 2445 illis,
372 2414 409 2438 ut
430 2414 526 2448 patet.

329 2450 368 2482 V.
390 2451 452 2482 Sed
474 2452 578 2482 adhuc
601 2459 696 2485 restat
722 2451 853 2483 litterale
876 2453 1021 2490 dubium,
1045 2453 1213 2495 quomodo
1237 2453 1269 2484 in
1292 2453 1341 2484 lit-

272 2501 341 2528 tera
351 2493 467 2526 dicitur
480 2496 569 2536 quod
584 2496 724 2526 Ecclesia
739 2497 914 2527 secundum
930 2498 1092 2548 quandam
1109 2499 1339 2528 humanitatem

273 2539 495 2573 determinavit
516 2540 673 2571 decimam
688 2547 810 2580 partem
830 2541 980 2572 ministris
1003 2542 1198 2578 solvendam,
1214 2541 1341 2573 confor-

275 2583 394 2617 mando
424 2584 585 2625 populum
613 2594 715 2615 novae
742 2585 819 2625 legis
849 2586 973 2636 populo
1001 2586 1112 2617 veteris
1139 2586 1235 2626 legis:
1266 2596 1340 2617 cum

272 2627 338 2658 hoc
361 2627 414 2665 sit,
438 2634 474 2659 ut
495 2635 604 2670 patet
604 2638 642 2659 ex
669 2628 760 2659 dictis
773 2629 801 2666 *,
827 2629 936 2670 potius
958 2630 1136 2660 secundum
1158 2630 1340 2661 inhumani-

269 2711 285 2726 ³''
307 2735 310 2739 ⁴
329 2715 393 2746 Sed
412 2715 452 2746 ad
470 2715 532 2746 hoc
548 2715 661 2747 dicitur
682 2717 772 2758 quod
794 2717 870 2758 quia
885 2717 1003 2748 solutio
1019 2718 1159 2749 decimae
1182 2725 1228 2749 est
1251 2725 1339 2749 actus

270 2759 389 2800 populi
411 2760 452 2789 ad
474 2759 635 2790 ministr-os
658 2761 728 2797 Dei,
752 2761 901 2801 utrinque
924 2768 1030 2812 potest
1053 2762 1257 2793 considerari:
1282 2762 1339 2793 sci-

272 2803 349 2837 licet
371 2813 409 2835 ex
431 2810 518 2843 parte
538 2804 664 2844 populi,
684 2811 716 2835 et
737 2815 775 2835 ex
793 2812 880 2844 parte
896 2805 1126 2837 ministrorum.
1150 2806 1190 2837 Et
1208 2806 1280 2838 licet
1303 2816 1339 2837 ex

271 2854 365 2898 parte
389 2846 618 2884 ministrorum,
642 2849 841 2881 considerato
865 2859 978 2880 eorum
997 2859 1174 2890 paucorum
1201 2850 1339 2881 honora-

276 2889 332 2922 bili
355 2891 440 2921 victu
465 2898 500 2922 ut
524 2891 622 2928 decet,
643 2902 708 2922 non
725 2900 879 2924 consonet
900 2893 996 2924 veteri
1026 2894 1088 2933 legi
1119 2893 1337 2924 determinatio

277 2934 418 2966 decimae
448 2934 481 2965 in
505 2944 604 2972 nova,
630 2943 761 2976 propter
780 2937 971 2987 supradicta;
1003 2937 1029 2967 si
1051 2944 1158 2968 tamen
1181 2937 1339 2968 ministro-

276 2988 350 3010 rum
373 2977 507 3018 dignitas
530 2980 717 3016 attendatur,
742 2980 815 3020 plus
838 2980 882 3010 eis
905 2981 1036 3011 debetur
1068 2991 1166 3021 quarn
1188 2981 1338 3011 ministris

273 3022 388 3054 veteris
403 3022 490 3062 legis.
520 3023 568 3053 Ex
583 3030 670 3063 parte
693 3030 799 3054 tamen
822 3024 945 3064 populi,
962 3024 1144 3064 simpliciter
1162 3025 1337 3065 loquendo,

275 3067 455 3098 humanum
478 3066 569 3097 valde
591 3074 638 3098 est
661 3074 697 3098 ut
719 3078 785 3099 non
805 3068 877 3108 plus
892 3068 925 3099 in
948 3078 1034 3099 novo
1057 3069 1280 3106 Testamento,
1304 3068 1337 3099 in

276 3120 342 3153 quo
366 3111 439 3151 plus
462 3117 602 3147 tenetur,
627 3118 663 3147 ut
677 3111 711 3142 in
733 3112 835 3143 littera
851 3113 1012 3152 probatur,
1029 3112 1100 3153 quis
1123 3113 1225 3144 solvat
1239 3122 1338 3154 quam

277 3154 418 3185 solvebat
440 3154 473 3184 in
496 3155 602 3186 veteri.
626 3155 668 3186 Et
689 3156 866 3187 secundum
890 3156 966 3188 haec
991 3156 1193 3197 intelligenda
1220 3165 1266 3188 est
1287 3156 1336 3187 lit-

277 3202 357 3230 tera:
392 3205 428 3229 ut
454 3198 487 3229 in
514 3198 614 3238 ipsius
636 3199 814 3231 rationibus
838 3207 933 3241 patet.

331 3242 385 3273 VI.
409 3243 445 3272 In
468 3243 582 3273 eodem
604 3243 738 3274 articulo
753 3244 888 3275 dubium
911 3244 1056 3281 occurrit,
1074 3254 1132 3285 pro
1148 3251 1268 3285 quanto
1293 3245 1337 3276 di-

276 3287 357 3317 citur
379 3287 468 3327 quod
490 3286 629 3319 decimae
643 3297 710 3319 non
726 3288 842 3324 divina,
857 3289 913 3319 sed
931 3288 1138 3320 ecclesiastica
1148 3289 1338 3320 auctoritate

276 3330 444 3373 impositae
461 3337 535 3361 sunt
553 3331 678 3372 populo
694 3331 884 3364 Chaistiano.
903 3333 988 3364 Nam
1003 3333 1190 3373 oppositum
1206 3333 1338 3364 habetur

276 3374 380 3411 Extra,
398 3375 437 3405 de
451 3375 602 3413 Decimis,
617 3375 651 3405 in
665 3375 810 3415 pluribus
826 3376 980 3417 capitulis,
993 3383 1030 3408 ut
1043 3383 1130 3418 patet
1145 3377 1178 3408 in
1193 3387 1260 3417 cap.
1277 3378 1338 3408 Pa-

276 3419 456 3456 rochianos,
472 3426 503 3449 et
518 3429 585 3459 cap.
607 3419 686 3457 Tua,
704 3427 734 3450 et
753 3430 820 3460 cap.
835 3420 1014 3461 Aliquibus,
1030 3420 1086 3451 ubi
1100 3421 1233 3452 habetur
1248 3422 1337 3462 quod

276 3462 348 3493 ideo
369 3463 508 3493 decimae
532 3463 686 3493 debentur
709 3464 783 3504 quia
806 3464 902 3500 Deus,
927 3474 993 3495 non
1016 3465 1127 3501 homo,
1151 3465 1196 3495 sic
1218 3466 1335 3496 statuit.

331 3507 382 3537 Ad
397 3507 459 3537 hoc
474 3507 607 3538 breviter
620 3507 732 3538 dicitur
747 3508 836 3549 quod
850 3508 963 3548 procul
979 3508 1076 3540 dubio
1093 3515 1216 3540 constat
1231 3509 1336 3540 Deum

276 3550 310 3580 in
326 3560 382 3581 sua
398 3550 503 3581 divina
517 3551 585 3591 lege
602 3551 738 3582 decimas
753 3551 871 3582 dandas
888 3552 1072 3584 decrevisse:
1097 3563 1154 3583 nec
1177 3552 1239 3583 hoc
1257 3553 1338 3584 inter

277 3592 384 3624 fideles
407 3595 538 3625 vertitur
560 3595 592 3624 in
617 3595 761 3626 dubium.
793 3596 854 3626 Sed
878 3595 1020 3626 divinum
1045 3597 1205 3627 decretum
1233 3603 1337 3637 potest

278 3637 383 3668 referri
411 3639 451 3668 ad
480 3639 640 3679 populum
668 3639 780 3670 veteris
811 3640 1023 3676 Testamenti,
1048 3647 1079 3671 et
1109 3641 1148 3670 ad
1177 3641 1337 3681 populum

2386 317 2460 353 229

1401 395 1501 415 novae
1524 385 1611 424 legis.
1636 385 1676 416 Et
1698 385 1723 415 si
1748 385 1786 415 ad
1811 385 1951 425 primum
1970 383 2130 422 referatur,
2151 383 2244 413 habet
2260 383 2325 413 vim
2345 383 2464 423 obliga-

1400 429 1513 459 tivam:
1539 429 1564 459 si
1587 429 1627 459 ad
1650 429 1836 465 secundum,
1861 428 1954 459 habet
1976 428 2041 458 vim
2061 427 2281 467 exemplarem.
2307 427 2351 457 Ita
2375 429 2464 468 quod

1400 482 1510 503 sensus
1540 473 1726 503 huiusmodi
1756 472 1958 503 decretalium
1987 479 2051 503 est:
2085 471 2169 508 Quia
2196 472 2283 502 Deus
2311 471 2344 501 in
2367 472 2464 502 veteri

1399 517 1468 556 lege
1495 517 1646 556 obligavit
1674 517 1834 557 populum
1863 526 1960 547 suum
1990 517 2030 547 ad
2057 516 2233 552 decimam,
2258 515 2344 546 dedit
2372 516 2464 546 nobis

1399 561 1583 600 exemplum
1601 560 1710 591 similis
1727 560 1928 600 obligationis
1943 560 2160 600 suscipiendae
2179 561 2218 590 ab
2238 559 2377 590 Ecclesia
2396 567 2464 590 tan-

1400 613 1497 644 quam
1516 604 1616 634 iustae
1635 611 1665 634 et
1684 605 1876 635 rationabilis
1895 612 1926 636 et
1944 605 2025 645 piae.
2047 604 2132 635 Cum
2149 613 2223 644 ergo
2242 603 2356 634 dicitur
2374 605 2463 644 quod

1399 647 1467 687 lege
1490 647 1605 683 divina,
1630 655 1684 678 aut
1707 648 1776 678 Deo
1799 648 1940 685 iubente,
1964 649 2004 679 ad
2028 648 2165 679 decimas
2187 655 2349 684 tenemur,
2373 648 2464 678 intel—

1398 691 1470 731 lige,
1486 692 1724 731 exemplariter.
1743 693 1809 723 Nec
1825 693 1911 723 aliud
1927 692 2025 724 sancti
2041 692 2147 723 Patres
2162 692 2392 728 intellexerunt,
2407 692 2463 733 qui

1399 745 1417 765 a
1437 735 1517 774 legis
1533 745 1628 765 onere
1652 746 1711 766 nos
1735 746 1802 766 esse
1826 737 1941 767 liberos
1964 743 2028 767 tam
2053 737 2161 778 quoad
2184 735 2342 767 iudicialia
2364 746 2462 777 quam

1399 778 1639 811 caeremonialia
1663 780 1849 811 docuerunt.

1453 822 1520 853 VII.
1546 822 1581 852 ln
1604 823 1810 863 responsione
1826 824 1864 854 ad
1882 831 2041 865 quartum,
2058 831 2119 855 tres
2139 824 2276 854 decimas
2293 823 2319 854 si
2332 824 2379 854 vis
2402 824 2464 855 late

1398 865 1588 905 intelligere,
1611 867 1683 897 vide
1706 867 1954 908 Hieronymum,
1979 878 2075 909 super
2096 868 2269 899 Malachiae
2293 878 2326 898 ιιι
2343 878 2410 909 cap.
2427 868 2460 904 *;

1398 916 1430 940 et
1452 910 1585 940 recitatis
1607 910 1640 940 in
1670 911 1825 947 Decretis,
1850 912 1939 948 XVI,
1963 922 2018 952 qu.
2039 922 2064 948 1,
2090 922 2157 952 cap.
2182 913 2411 950 Revertimini;
2434 919 2464 943 et

1399 953 1502 990 Extra,
1526 954 1566 984 de
1587 955 1739 992 Decimis,
1765 965 1831 995 cap.
1849 966 1870 986 1.

1453 997 1490 1027 In
1519 998 1727 1039 responsione
1759 999 1798 1029 ad
1825 999 1975 1040 quintum
2005 1000 2147 1030 eiusdem
2175 1000 2299 1030 articuli
2327 1000 2462 1031 dubium

1399 1041 1543 1078 occurrit,
1561 1042 1646 1082 quia,
1667 1052 1741 1072 cum
1765 1043 1938 1074 debeantur
1961 1043 2101 1074 decimae
2125 1044 2240 1084 partim
2263 1054 2300 1074 ex
2321 1044 2390 1075 iure
2409 1055 2463 1074 na-

1397 1092 1484 1116 turae
1509 1092 1538 1116 et
1561 1086 1677 1126 partim
1701 1096 1737 1116 ex
1760 1087 1945 1117 auctoritate
1968 1087 2134 1123 Ecclesiae,
2156 1088 2302 1128 quamvis
2322 1088 2463 1119 Ecclesia

1398 1129 1499 1169 possit
1527 1129 1725 1161 dissimulare
1755 1131 1844 1171 quod
1874 1141 1910 1161 ex
1933 1131 2091 1162 Ecclesiae
2115 1132 2299 1162 auctoritate
2331 1133 2462 1172 pendet,

1398 1183 1464 1204 non
1487 1180 1594 1205 tamen
1617 1181 1722 1214 potest
1748 1174 1849 1205 facere
1880 1175 1958 1215 quin
1982 1181 2111 1206 naturae
2134 1175 2183 1206 ius
2206 1176 2386 1216 impleatur.
2417 1179 2463 1207 Ac

1397 1228 1453 1258 per
1475 1218 1547 1254 hoc,
1573 1219 1628 1259 qui
1651 1219 1730 1249 nihil
1753 1219 1893 1249 decimae
1908 1219 2012 1255 solvit,
2030 1226 2065 1250 ut
2083 1219 2115 1249 in
2136 1219 2244 1250 multis
2261 1220 2366 1250 Italiae
2385 1221 2464 1251 locis

1398 1262 1561 1302 contingit,
1585 1273 1622 1293 ex
1638 1263 1867 1294 consuetudine
1891 1273 1909 1293 a
1932 1270 2062 1304 peccato
2078 1273 2143 1294 non
2161 1270 2334 1300 excusatur,
2351 1271 2463 1304 utpote

1398 1306 1473 1337 iuris
1497 1313 1628 1338 naturae
1650 1307 1796 1339 violator.

1453 1351 1504 1381 Ad
1519 1351 1582 1381 hoc
1597 1350 1711 1382 dicitur
1726 1351 1904 1391 dupliciter.
1928 1352 2046 1388 Primo,
2058 1352 2147 1393 quod
2167 1358 2462 1393 quantumcumque

1398 1395 1511 1435 aliquis
1534 1394 1574 1426 sit
1596 1395 1720 1426 debitor
1743 1395 1847 1431 alicui,
1871 1395 1897 1426 si
1916 1395 1943 1426 is
1966 1396 2017 1426 cui
2041 1396 2172 1426 debetur
2191 1395 2386 1427 satisfactum
2405 1396 2463 1426 sibi

1398 1439 1484 1477 dicit,
1507 1439 1595 1469 nulla
1618 1447 1664 1470 est
1686 1439 1816 1471 violatio
1839 1439 1916 1470 iuris
1939 1440 2103 1480 cuiusque.
2127 1439 2262 1470 Ministri
2281 1447 2389 1470 autem
2403 1441 2462 1471 Ec-

1397 1483 1518 1519 clesiae,
1542 1484 1598 1515 ubi
1620 1493 1687 1515 non
1710 1491 1832 1524 petunt,
1857 1484 1946 1515 fateri
1966 1484 2113 1515 videntur
2135 1483 2194 1514 sibi
2217 1484 2421 1516 satisfactum.
2441 1502 2462 1508 -

1398 1528 1462 1558 Nec
1481 1528 1586 1558 obstat
1606 1528 1696 1568 quod
1721 1528 1839 1558 omittit
1861 1534 1967 1568 petere
1989 1535 2119 1568 propter
2134 1528 2328 1566 scandalum,
2348 1539 2384 1559 ac
2407 1539 2463 1570 per

1399 1571 1459 1602 hoc
1481 1581 1548 1602 non
1563 1579 1686 1611 sponte.
1711 1572 1876 1609 Quoniam
1898 1572 1955 1602 viri
1972 1571 2158 1612 spirituales,
2175 1572 2230 1613 qui
2252 1573 2294 1603 ob
2318 1583 2462 1603 amorem

1398 1614 1558 1655 profectus
1575 1615 1745 1655 spiritualis
1768 1615 1801 1646 in
1820 1615 1892 1647 filiis
1908 1616 2061 1647 omittunt
2079 1616 2266 1656 temporalia
2281 1617 2340 1647 sibi
2359 1617 2463 1648 debita

1398 1666 1519 1699 petere,
1544 1659 1654 1700 quales
1677 1666 1752 1690 sunt
1773 1659 1844 1696 isti,
1868 1667 1982 1699 sponte
2005 1660 2067 1691 hoc
2090 1659 2223 1690 faciunt:
2248 1661 2403 1701 quoniam
2426 1671 2463 1691 ex

1397 1713 1506 1734 amore
1529 1703 1664 1734 caritatis
1687 1711 1866 1734 moventur.
1886 1721 1908 1727 -
1927 1704 2077 1735 Similiter
2092 1714 2157 1734 non
2173 1705 2278 1735 obstat
2300 1706 2389 1745 quod
2413 1707 2463 1736 de-

1398 1748 1498 1778 cimae
1521 1757 1588 1777 non
1603 1748 1709 1778 solum
1733 1755 1863 1787 propter
1880 1748 2053 1784 ministros,
2077 1749 2131 1778 sed
2156 1756 2286 1788 propter
2308 1759 2462 1789 pauperes

1397 1792 1512 1823 dantur
1530 1802 1548 1822 a
1566 1792 1690 1832 populo
1710 1791 1902 1823 Christiano.
1928 1792 2090 1829 Quoniam
2107 1792 2242 1823 ministri
2258 1793 2302 1823 sic
2317 1800 2392 1824 sunt
2410 1804 2464 1834 pa-

1397 1843 1457 1867 tres
1481 1846 1660 1876 pauperum
1682 1835 1715 1866 in
1739 1836 1968 1877 temporalibus
1992 1843 2028 1867 ut
2051 1836 2151 1876 magis
2174 1836 2236 1867 sint
2258 1844 2361 1877 patres
2383 1848 2461 1877 pau-

1397 1890 1510 1920 perum
1534 1887 1564 1910 et
1587 1880 1722 1910 divitum
1745 1880 1779 1910 in
1803 1880 2027 1922 spiritualibus
2053 1881 2093 1911 Et
2116 1887 2282 1922 propterea
2304 1891 2377 1911 curn
2402 1882 2463 1922 spi-

1396 1923 1500 1955 rituali
1530 1924 1688 1963 profectui
1718 1924 1832 1964 populi
1860 1923 2071 1955 omissionem
2099 1924 2294 1955 decimarum
2318 1926 2462 1965 expedire

1396 1969 1513 2005 vident,
1530 1978 1597 1998 non
1621 1975 1695 1999 sunt
1717 1969 1761 1999 rei
1784 1969 1887 1999 malae
1911 1979 2004 1999 curae
2019 1979 2207 2009 pauperum.
2237 1969 2392 2006 Quamvis
2415 1970 2461 2000 fa-

1397 2013 1487 2044 cilius
1511 2012 1572 2043 dici
1595 2013 1696 2052 possit
1719 2013 1757 2043 de
1780 2013 1856 2049 hoc,
1882 2014 1970 2054 quod
1994 2013 2134 2044 decimae
2157 2020 2233 2044 sunt
2255 2014 2293 2043 de
2316 2013 2384 2044 iure
2407 2025 2461 2045 na-

1398 2064 1484 2088 turae
1507 2057 1547 2086 ad
1561 2056 1681 2088 victum
1697 2057 1925 2094 ministrorum,
1943 2067 2007 2087 non
2028 2067 2086 2098 pro
2107 2058 2309 2098 pauperibus,
2326 2059 2381 2088 sed
2400 2059 2462 2089 hoc

1397 2101 1436 2132 ad
1460 2101 1679 2142 eleemosynae
1703 2101 1752 2131 ius
1776 2108 1903 2142 spectat.

1452 2145 1599 2176 Secundo
1630 2145 1744 2176 dicitur
1773 2146 1878 2186 quod,
1907 2145 1982 2187 quia
2010 2145 2048 2176 de
2072 2145 2139 2175 iure
2163 2152 2292 2176 naturae
2321 2146 2460 2176 decimae

1396 2190 1515 2220 dandae
1538 2189 1662 2219 suntin
1688 2189 1865 2220 subsidium
1889 2189 2117 2225 ministrorum,
2134 2189 2262 2226 idcirco,
2285 2189 2311 2219 si
2327 2190 2461 2225 ministri

1395 2240 1532 2264 tacentes
1555 2243 1621 2263 non
1644 2233 1794 2274 indigent,
1819 2241 1918 2265 cessat
1941 2233 2020 2264 ratio
2045 2233 2247 2273 obligationis
2270 2234 2346 2264 iuris
2369 2242 2459 2270 natu-

1396 2288 1456 2308 rae.
1482 2277 1574 2308 Unde
1598 2278 1622 2307 si
1646 2277 1797 2317 indigent,
1822 2278 1917 2309 etiarn
1940 2278 1966 2308 si
1990 2288 2056 2308 non
2079 2284 2198 2318 petant,
2223 2284 2370 2309 tenentur
2392 2279 2459 2309 iure

1396 2329 1524 2352 naturae
1540 2322 1584 2352 eis
1599 2322 1766 2353 subvenire
1785 2331 1898 2352 omnes
1920 2329 2066 2362 potentes
2082 2329 2113 2353 et
2127 2322 2260 2353 scientes
2276 2333 2351 2353 suae
2368 2333 2459 2353 curae

1396 2365 1572 2403 commissi:
1596 2365 1681 2396 iuxta
1705 2366 1784 2396 illud
1807 2365 1967 2407 Apostoli,
1991 2366 2034 2398 ad
2050 2365 2121 2397 Gal.
2138 2377 2168 2396 vi
2184 2366 2213 2395 *z
2242 2366 2460 2398 Communicet

1395 2412 1422 2441 is
1444 2411 1500 2451 qui
1520 2410 1737 2451 catechizatur
1759 2411 1789 2441 ei
1810 2411 1866 2450 qui
1887 2420 1921 2440 se
1944 2410 2117 2451 catechizat
2142 2411 2174 2440 in
2194 2411 2341 2441 omnibus
2359 2411 2458 2442 bonis.

1394 2455 1502 2485 Nolite
1521 2462 1650 2484 errare:
1673 2454 1763 2484 Deus
1778 2464 1840 2484 non
1864 2455 2030 2485 irridetur.
2055 2454 2259 2496 Quandoque
2275 2462 2382 2485 autern
2401 2455 2459 2485 hu-

1393 2498 1532 2528 iusmodi
1557 2498 1699 2534 omissio,
1724 2498 1930 2528 subveniendi
1954 2498 2072 2528 scilicet
2095 2498 2160 2528 suis
2179 2498 2293 2529 curatis
2316 2499 2460 2539 indigen-

1393 2543 1486 2578 tibus,
1503 2549 1550 2572 est
1571 2549 1735 2582 peecatum
1750 2541 1881 2578 veniale,
1899 2549 1930 2572 et
1947 2542 2145 2586 quandoque
2157 2543 2300 2573 mortale.
2324 2542 2356 2574 Si
2373 2544 2459 2574 enim

1394 2586 1572 2617 notabiliter
1603 2597 1640 2617 ex
1668 2586 1854 2618 huiusmodi
1886 2586 2059 2617 omissione
2092 2586 2273 2626 patiuntur,
2305 2588 2459 2618 nescirem

1393 2631 1574 2662 omittentes
1597 2630 1730 2661 scienter
1759 2640 1818 2672 pro
1840 2630 1976 2661 modulo
1999 2640 2060 2661 suo
2083 2631 2249 2661 subvenire
2273 2631 2459 2662 huiusmodi

1393 2674 1532 2715 patribus
1563 2684 1710 2705 excusare
1740 2684 1758 2704 a
1787 2674 1924 2705 mortali.
1956 2674 2104 2705 Violatur
2131 2685 2270 2716 namque
2300 2675 2379 2705 adeo
2407 2676 2457 2706 ius

1393 2726 1521 2750 naturae
1543 2725 1620 2749 tunc
1649 2725 1685 2748 ut
1707 2718 1807 2749 virtus
1830 2718 1983 2755 iustitiae,
2008 2729 2071 2759 qua
2101 2718 2244 2749 debitum
2270 2719 2456 2750 huiusmodi

1391 2763 1531 2803 patribus
1555 2762 1717 2798 debemus,
1734 2772 1800 2792 non
1819 2769 1988 2793 remaneat.
2012 2763 2190 2800 Quomodo
2214 2763 2299 2793 enim
2321 2763 2456 2794 iustitiae

1391 2817 1462 2847 pars
1493 2807 1570 2836 haec
1597 2806 1734 2837 salvatur
1764 2816 1838 2836 cum
1858 2806 1993 2839 notabili
2020 2806 2210 2838 detrimento
2234 2807 2302 2838 eius
2333 2807 2383 2838 cui
2406 2808 2456 2838 ius

1391 2850 1589 2882 reddendum
1612 2848 1678 2880 est?

1444 2894 1526 2925 VIII.
1546 2894 1582 2924 In
1597 2894 1708 2924 eadem
1730 2894 1936 2933 responsione
1953 2894 1992 2923 ad
2011 2893 2170 2935 quintum,
2187 2894 2322 2924 dubium
2346 2905 2455 2925 occur—

1391 2938 1430 2968 rit
1444 2948 1542 2978 quare
1557 2940 1677 2967 Auctor
1693 2937 1725 2967 in
1748 2938 1832 2968 calce
1855 2937 1939 2967 illius
1963 2938 2112 2978 apposuit
2126 2938 2159 2979 ly
2177 2938 2281 2978 forte,
2299 2939 2453 2969 dicendo:

1391 2983 1453 3012 nisi
1470 2981 1566 3022 forte
1591 2987 1726 3022 propter
1752 2981 1993 3012 obstinationem
2017 2982 2127 3013 animi.
2159 2982 2292 3013 Videtur
2315 2993 2454 3023 namque

1390 3035 1457 3056 rem
1481 3025 1597 3055 claram
1620 3026 1678 3055 sub
1703 3025 1801 3055 dubio
1826 3025 1938 3056 dicere.

1445 3069 1495 3099 Ad
1519 3069 1580 3099 hoc
1603 3069 1716 3100 dicitur
1738 3070 1828 3109 quod
1851 3069 1926 3110 quia
1940 3069 2084 3100 nolentes
2104 3070 2178 3100 dare
2201 3070 2380 3109 petentibus
2395 3071 2454 3100 mi-

1389 3113 1492 3144 nistris
1515 3113 1653 3144 decimas
1681 3120 1811 3153 possent
1840 3113 1883 3144 all
1921 3123 1972 3146 are
1996 3120 2051 3144 aut
2077 3114 2375 3156 praescriptionem,
2400 3123 2454 3145 aut

1390 3157 1546 3188 Ecclesiae
1562 3157 1725 3188 Romanae
1746 3157 1873 3188 tacitam
1911 3157 2105 3194 ouationem,
2121 3168 2159 3188 eo
2183 3159 2273 3199 quod
2295 3165 2360 3188 tam
2385 3159 2453 3189 diu-

1390 3208 1484 3236 turno
1508 3208 1651 3241 tempore
1674 3201 1763 3232 scivit
1787 3208 1817 3232 et
1840 3201 2001 3237 toleravit;
2030 3201 2146 3232 idcirco
2168 3204 2290 3232 Auctor
2313 3203 2371 3233 sub
2395 3203 2452 3233 du-

1390 3245 1551 3276 bitationis
1574 3252 1651 3276 nota
1673 3245 1751 3276 haec
1775 3245 1860 3276 dixit.

1444 3289 1480 3319 In
1499 3289 1610 3320 eadem
1624 3289 1841 3329 responsione,
1857 3289 1964 3320 iuncta
1980 3289 2106 3328 corpori
2122 3289 2252 3326 articuli,
2268 3297 2344 3320 nota
2363 3291 2452 3330 quod

1389 3333 1415 3364 si
1435 3343 1512 3373 gens
1528 3333 1633 3374 aliqua
1656 3333 1749 3364 vellet
1770 3333 1867 3364 fidem
1883 3333 2095 3365 Christianam
2110 3334 2257 3373 amplecti
2272 3334 2340 3364 sine
2354 3344 2451 3364 onere

1391 3377 1595 3414 decimarum,
1619 3387 1686 3409 non
1702 3378 1808 3408 solum
1831 3377 1971 3408 Ecclesia
1993 3383 2102 3417 posset
2124 3377 2168 3408 eis
2191 3377 2253 3409 hoc
2269 3378 2450 3414 concedere,

1390 3422 1465 3462 quia
1479 3421 1685 3452 ecclesiastica
1699 3422 1883 3452 auctoritate
1902 3421 2040 3451 decimae
2057 3420 2222 3451 debentur:
2247 3422 2301 3451 sed
2325 3421 2451 3452 deberet

1391 3465 1433 3496 eis
1457 3465 1518 3496 hoc
1539 3466 1719 3496 concedere.
1745 3465 1828 3502 Quia
1843 3464 1976 3494 ministri
1992 3464 2147 3495 Ecclesiae
2163 3465 2317 3496 maiorem
2337 3466 2451 3496 debent

1390 3509 1502 3539 habere
1518 3519 1626 3540 curam
1642 3509 1852 3550 spiritualium
1871 3509 2032 3539 bonorum
2055 3508 2087 3538 in
2111 3510 2234 3550 populo
2257 3519 2449 3550 promoven-

1391 3553 1507 3583 dorum
1537 3563 1633 3594 quam
1664 3552 1888 3592 temporalium
1920 3552 2190 3592 colligendorum:
2225 3560 2271 3591 et,
2301 3554 2449 3594 Apostoli

1391 3597 1552 3637 exemplo,
1577 3596 1696 3627 efficere
1719 3597 1867 3626 deberent
1897 3606 1935 3626 ne
1959 3596 2154 3627 decimarum
2177 3607 2259 3628 onus
2282 3604 2449 3638 praestaret

1390 3641 1654 3680 impedimentum
1678 3640 1849 3680 Evangelio
1875 3639 1999 3671 Christi.

2489 867 2500 879 ’
2514 867 2581 889 Vere.
2597 874 2609 894 7
2625 874 2676 895 sqq.

2486 2372 2497 2382 ⁸
2511 2371 2577 2394 Vers.
2593 2372 2615 2399 6,
2630 2378 2652 2399 7.
