2860 4244
253 1195 267 1226 β

155 1261 365 1310 ansius-2

250 1323 267 1349 Υ

179 1625 257 1646 Primi.
306 1640 310 1644 .

155 1652 176 1662 “·
180 1651 236 1673 Can.
242 1651 311 1672 Hanc
316 1655 368 1672 con-

156 1677 307 1700 suetudinem.

255 1782 270 1806 δ

155 2045 164 2056 ’
181 2044 245 2066 Vers.
261 2051 281 2072 5.

156 2310 166 2319 '⁴
180 2309 248 2331 Vers.
263 2315 279 2330 1.

161 3166 171 3177 ¹⁸
179 3165 207 3187 Di
225 3181 231 3187 .
243 3164 286 3187 111
307 3171 330 3191 v,
341 3165 370 3187 de

160 3171 264 3223 Congift.
270 3181 299 3213 ob
307 3193 370 3219 turp.

158 3219 195 3271 ze!
204 3219 284 3240 imust.
294 3224 369 3245 caus„

159 3378 170 3388 '⁴
184 3377 250 3399 Vero.
265 3378 296 3399 18.

390 250 462 275 222

1155 382 1367 425 ARTICU
1374 382 1472 425 LUS

985 234 1250 282 QUAEsTlo
1281 233 1491 279 LXXXVI,

1521 232 1816 269 ARTICULUS
1847 233 1890 278 11,
1914 233 1961 267 111

1502 381 1802 426 SECUNDUS

846 478 999 509 UTRUM
1024 475 1296 507 OBLATIONES
1320 475 1465 506 SOLUM
1489 474 1814 506 SACERDOTIBUS
1837 475 2101 506 DEBEANTUR

511 591 555 618 ,a
586 580 626 604 D
642 578 831 603 SECUNDUM
847 577 899 601 stc
915 575 1155 601 PROCEDITUR.
1170 562 1330 600 Videtur
1343 562 1449 610 quod
1475 566 1477 613 ᾗ

536 632 546 641 ·
581 620 814 656 -oblationes
844 630 922 654 non
951 618 1074 653 solum
1105 615 1364 653 sacerdotibus
1386 616 1450 652 de-

586 670 773 708 beantur.
818 672 916 706 Inter
954 669 1164 706 oblationes
1203 669 1305 705 enirn
1342 681 1477 721 prae-¹

560 718 713 773 &cipue
741 723 918 760 videmus
939 728 955 743 ‘²
985 735 1066 759 esse
1105 734 1202 770 quae
1240 721 1449 758 hostiarum
1476 735 1477 754 1

392 777 582 816 sacrificiis
611 778 848 826 deputantur.
888 776 964 812 Sed
1003 787 1047 812 ea
1081 787 1179 822 quae
1217 774 1449 823 pauperibus
1476 787 1477 827 ἦ

392 833 527 869 dantur
555 830 593 866 in
620 829 819 878 Scripturis
847 829 992 865 hostiae
1014 828 1207 865 dicuntur:
1237 827 1449 864 secundum

391 883 482 921 illud
510 883 609 919 Heb.
639 884 703 919 ult.
724 882 763 919 *ε
805 881 1080 929 Beneficentiae
1107 886 1144 917 et
1177 881 1450 917 communionis

393 1043 588 1079 debentur.

447 1107 482 1132 2.
503 1095 737 1141 PRAETEREA,
768 1094 805 1130 in
833 1093 960 1130 multis
988 1092 1177 1141 parochiis
1205 1092 1383 1128 monachi
1405 1091 1451 1127 de

393 1147 649 1184 oblationibus
678 1154 825 1195 partem
852 1146 1006 1182 habent.
1035 1146 1124 1182 Alia
1144 1152 1270 1181 autem
1294 1150 1349 1180 est
1365 1155 1453 1180 cau-

392 1212 434 1237 sa
453 1199 468 1230 β
497 1200 719 1237 clericorum
728 1228 738 1245 ,
768 1199 844 1236 alia
872 1199 1163 1243 monachorum,
1193 1205 1233 1233 ut
1265 1197 1453 1244 Hierony·
1479 1194 1481 1221 l

393 1263 477 1290 mus
499 1252 585 1290 dicit
603 1253 633 1290 ²⁸.
663 1253 766 1300 Ergo
788 1264 866 1288 non
886 1252 1010 1287 solum
1030 1256 1046 1279 Υ
1071 1249 1330 1287 sacerdotibus
1351 1249 1453 1285 obla-

393 1307 515 1343 tiones
544 1306 741 1342 debentur.

449 1360 482 1395 3.
492 1360 724 1403 PRAETEREA,
741 1357 823 1393 laici
839 1356 886 1392 de
901 1356 1096 1392 voluntate
1112 1354 1306 1391 Ecclesiae
1323 1361 1453 1390 emunt

394 1411 616 1457 oblationes,
637 1417 678 1446 ut
691 1422 811 1458 panes
826 1416 863 1445 et
876 1408 1107 1445 huiusmodi.
1130 1407 1207 1444 Sed
1226 1419 1304 1444 non
1325 1406 1395 1443 nisi
1413 1414 1454 1443 ut

393 1465 487 1500 haec
519 1463 558 1500 in
587 1475 677 1499 suos
710 1475 801 1499 usus
830 1461 1065 1498 convertant.
1110 1461 1211 1508 Ergo
1242 1460 1453 1497 oblationes

392 1523 553 1565 possunt
581 1516 693 1552 etiam
720 1516 768 1552 ad
798 1514 914 1551 laicos
942 1514 1141 1563 pertinere.

393 1635 466 1671 pae
480 1623 511 1670 *,
528 1629 564 1658 et
582 1623 743 1662 habetur
762 1622 809 1668 X,
830 1633 893 1670 qu.
907 1632 918 1657 1
932 1619 988 1657 **:
1014 1620 1225 1657 Oblationes
1240 1631 1337 1667 quae
1355 1619 1453 1655 intra

392 1680 561 1712 sanctam
592 1675 785 1711 ecclesiam
810 1674 1033 1724 offeruntur,
1054 1672 1311 1710 tantummodo
1332 1683 1454 1708 sacer·
1480 1677 1482 1724 ᾖ

394 1729 550 1774 dotibus,
571 1729 637 1776 qui
653 1728 815 1776 quotidie
829 1727 994 1763 Domino
1013 1726 1155 1763 servire
1168 1725 1352 1771 videntur,
1373 1724 1456 1761 licet
1480 1726 1482 1779 ᾗ

395 1782 589 1818 comedere
616 1786 652 1817 et
677 1781 802 1817 bibere
820 1777 845 1816 ὅ.
878 1779 975 1821 Quia
1004 1779 1041 1815 in
1073 1778 1191 1816 veteri
1220 1779 1256 1814 T
1252 1783 1454 1814 estamento
1480 1781 1481 1794 *

388 1835 583 1883 prohibuit
608 1834 795 1870 Dominus
821 1844 942 1880 panes
968 1837 1116 1868 sanctos
1148 1831 1343 1868 comedere
1359 1831 1454 1878 filiis
1480 1857 1481 1860 η

393 1887 526 1932 Israel,
557 1887 629 1923 nisi
654 1886 910 1923 tantummodo
938 1884 1071 1921 Aaron
1099 1890 1134 1920 et
1149 1884 1246 1932 filiis
1273 1884 1362 1920 eius.

449 1941 674 1976 RESPONDEO
703 1950 887 1976 DlCENDUM
921 1937 1027 1986 quod
1060 1936 1239 1974 sacerdos
1267 1937 1454 1985 quodam-

394 1993 514 2030 modo
550 1992 787 2029 constituitur
813 1996 1000 2040 sequester
1026 1995 1061 2026 et
1087 1990 1231 2027 medius
1262 1989 1359 2026 inter
1385 2002 1454 2038 po-

393 2047 526 2094 pulum
555 2053 592 2082 et
610 2046 750 2092 Deum,
772 2044 867 2081 sicut
891 2044 938 2080 de
958 2044 1096 2091 Moyse
1115 2042 1248 2090 legitur
1261 2044 1372 2080 Deut.
1388 2042 1452 2079 v*.

394 2099 443 2135 Et
470 2099 556 2136 ideo
586 2098 634 2135 ad
663 2110 751 2134 eum
780 2097 941 2146 pertinet
968 2096 1096 2133 divina
1126 2096 1306 2144 dogmata
1335 2103 1372 2132 et
1397 2107 1455 2132 sa-

395 2159 589 2189 cramenta
604 2151 780 2188 exhibere
800 2150 961 2199 populo:
984 2157 1020 2186 et
1033 2149 1171 2186 iterum
1189 2161 1233 2186 ea
1248 2160 1347 2196 quae
1368 2156 1454 2185 sunt

393 2204 537 2253 populi,
559 2212 650 2253 puta
676 2216 809 2252 preces
829 2211 866 2240 et
885 2202 1068 2240 sacrificia
1088 2210 1123 2239 et
1143 2202 1365 2249 oblationes,
1385 2214 1455 2250 per

395 2270 484 2294 eum
521 2257 690 2294 Domino
720 2257 860 2294 debent
897 2255 1086 2301 exhiberi;
1115 2255 1328 2292 secundum
1362 2254 1455 2292 illud

395 2310 580 2359 Apostoli,
609 2311 661 2347 ad
676 2311 776 2347 Heb.
796 2309 872 2346 v*:
907 2309 1036 2346 Omnis
1058 2309 1233 2356 pontifex
1260 2321 1309 2344 ex
1335 2308 1454 2345 homi-

395 2364 502 2400 nibus
530 2361 740 2411 assumptus
762 2375 836 2411 pro
855 2363 1066 2399 hominibus
1090 2362 1324 2398 constituitur
1342 2361 1379 2397 in
1398 2362 1455 2398 his

395 2427 492 2464 quae
518 2422 604 2452 sunt
629 2416 681 2452 ad
697 2417 834 2461 Deum,
865 2421 906 2451 ut
930 2415 1067 2464 offerat
1093 2415 1192 2451 dona
1216 2420 1252 2451 et
1267 2414 1454 2462 sacrificia

409 2547 412 2551 ι
449 2529 476 2562 α)
492 2530 620 2554 videmus.
631 2543 650 2548 -
669 2529 795 2554 videntur
812 2528 870 2554 DG.

449 2563 474 2597 β)
494 2568 534 2590 est
550 2571 640 2589 causa.
653 2578 670 2583 -
687 2571 769 2589 causa
788 2567 827 2589 est
845 2564 996 2595 aliquorum
1017 2563 1039 2595 1,
1058 2566 1098 2588 est
1116 2570 1182 2588 cura
1201 2563 1275 2587 ceteri
1296 2568 1320 2587 et
1340 2563 1385 2586 Ρα.

448 2600 474 2633 γ)
493 2601 587 2626 solum.
599 2613 618 2618 -
635 2599 699 2624 soh's
716 2600 782 2625 BHI.

448 2634 473 2668 δ)
493 2636 589 2660 bibere.
602 2649 621 2654 -
639 2635 735 2660 habere
752 2634 987 2659 ABEFGHIKLsC
1006 2638 1031 2658 et
1049 2641 1085 2658 Ea
1091 2641 1099 2664 3
1119 2633 1210 2658 abrasa
1233 2633 1281 2665 pC.

1349 2749 1444 2757 wa*

1498 574 1570 610 pro
1593 563 1767 609 peccatis.
1805 563 1852 599 Et
1880 563 1967 599 ideo
1998 563 2211 600 oblationes
2241 575 2339 610 quae
2369 576 2391 600 a
2418 565 2562 612 populo

1503 616 1587 651 Deo
1631 615 1853 652 exhibentur
1899 615 1947 652 ad
1985 616 2201 653 sacerdotes
2238 616 2445 665 pertinent,
2485 629 2564 653 non

1475 663 1477 706 f
1503 668 1627 704 solum
1666 675 1707 703 ut
1735 679 1798 704 eas
1835 668 1874 704 in
1902 681 1992 705 suos
2026 682 2117 706 usus
2154 676 2396 716 convertant,
2426 681 2564 706 verum

1504 721 1617 756 etiam
1647 727 1688 756 ut
1715 720 1876 757 fideliter
1896 733 1959 758 eas
1979 721 2215 770 dispensent:
2244 722 2382 771 partim
2409 722 2565 770 quidem

1505 773 1755 821 expendendo
1777 785 1841 809 eas
1870 773 1907 810 in
1935 773 1994 810 his
2014 787 2113 823 quae
2140 775 2328 823 pertinent
2351 775 2400 812 ad
2420 776 2564 811 cultum

1505 825 1697 870 divinum3
1731 825 1868 874 partim
1896 838 1990 863 vero
2019 826 2057 863 in
2085 827 2143 863 his
2173 839 2270 875 quae
2299 828 2487 876 pertinent
2516 828 2564 864 ad

1476 898 1478 918 ε
1504 879 1700 927 proprium
1728 878 1885 925 victum,
1915 878 2004 927 quia
2032 880 2096 928 qui
2113 879 2227 916 altari
2243 881 2456 918 deserviunt
2479 893 2565 918 cum

392 937 504 974 nolite
535 936 720 972 obliuisci:
757 935 890 972 talibus
927 934 1025 972 enim
1054 934 1180 971 hostiis
1212 939 1452 982 promeretur
1477 960 1479 979 ἓ

391 991 505 1027 Deus.
546 989 646 1036 Ergo
676 989 795 1025 multo
825 988 945 1035 magis
978 986 1188 1024 oblationes
1220 986 1451 1035 pauperibus
1477 985 1479 1027 Ξ

1505 932 1619 990 altari
1635 937 1647 952 ε
1670 932 1958 991 participantur,
1988 939 2029 968 ut
2061 931 2195 969 dicitur
2223 934 2236 969 I
2268 934 2319 970 ad
2350 934 2437 970 Cor.
2463 946 2499 971 tx
2522 934 2564 980 *ς

1506 993 1642 1033 partim
1668 993 1780 1021 etiam
1809 985 1847 1021 in
1871 997 1962 1021 usus
1989 997 2215 1033 pauperum,
2238 985 2301 1034 qui
2330 993 2427 1033 sunt,
2448 999 2566 1035 quan-

1478 1055 1479 1063 *
1506 1046 1587 1074 tum
1616 1038 1698 1074 fieri
1725 1045 1861 1086 potest,
1884 1038 1931 1074 de
1952 1038 2064 1074 rebus
2092 1037 2285 1074 Ecclesiae
2310 1039 2566 1085 sustentandi3

1507 1090 1596 1139 quia
1616 1098 1652 1127 et
1670 1090 1861 1127 Dominus
1884 1091 1922 1127 in
1942 1103 2055 1127 usum
2084 1103 2298 1139 pauperum
2327 1092 2473 1128 loculos
2501 1092 2567 1128 ha·-

1507 1143 1633 1190 bebat,
1662 1151 1704 1179 ut
1732 1143 1989 1192 Hieronymus
2019 1144 2116 1191 dicit,
2144 1156 2257 1192 super
2275 1144 2412 1181 Matth.
2441 1144 2462 1166 ’¹‘

1560 1197 1619 1232 AD
1649 1208 1785 1233 PRIMUM
1813 1208 1910 1234 ano
1939 1204 2123 1234 DlCENDUM'
2152 1197 2257 1246 quod
2287 1209 2331 1234 ea
2351 1209 2448 1246 quae
2473 1210 2567 1246 pau-

1507 1248 1661 1296 peribus
1682 1248 1829 1295 dantur,
1860 1249 1954 1286 sicut
1981 1262 2060 1286 non
2087 1250 2239 1298 proprie
2260 1258 2346 1287 sunt
2372 1250 2567 1298 sacrificia,

1507 1299 1682 1337 dicuntur
1715 1308 1844 1337 tamen
1877 1301 2061 1339 sacrificia
2088 1303 2314 1351 inquantum
2348 1303 2401 1340 eis
2430 1305 2567 1341 dantur

1506 1360 1662 1401 propter
1681 1354 1820 1399 Deum,
1851 1354 1901 1390 ita
1930 1354 2044 1391 etiarn
2074 1355 2284 1392 secundum
2314 1356 2477 1393 eandem
2509 1369 2568 1393 ra-

1507 1405 1651 1443 tionem
1682 1406 1893 1443 oblationes
1916 1407 1989 1443 dici
2016 1415 2194 1455 possunt:
2223 1415 2352 1445 tamen
2375 1421 2453 1446 non
2481 1421 2568 1458 pro-

1507 1458 1587 1507 prie
1607 1458 1631 1507 ζ,
1659 1459 1746 1508 quia
1765 1472 1843 1496 non
1862 1459 2080 1497 immediate
2099 1461 2185 1498 Deo
2205 1460 2429 1499 offeruntur.
2453 1462 2569 1499 Obla-

448 1570 473 1606 S
768 1580 791 1604 τ
891 1567 915 1604 d
935 1567 969 1605 d'
998 1567 1023 1603 't
1043 1567 1179 1603 Canon
1207 1566 1364 1603 Damasi
1383 1566 1438 1602 Pa
1480 1554 1482 1577 l
1507 1511 1629 1548 tiones
1658 1524 1752 1549 vero
1790 1513 1943 1561 proprie
1972 1513 2093 1550 dietae
2130 1514 2169 1551 in
2203 1525 2316 1551 usum
2355 1527 2569 1563 pauperum

477 1581 522 1606 ΕΙ)
551 1581 698 1606 CONTRA
725 1581 767 1605 Es
810 1580 887 1617 quo
962 1580 1007 1604 lcl
1439 1587 1454 1593 -
1480 1580 1482 1588 =

1509 1565 1659 1612 cedunt,
1688 1577 1767 1602 non
1787 1578 1856 1614 per
1875 1565 2198 1614 dispensationem
2223 1567 2480 1615 offerentium,
2501 1567 2569 1605 sed

1507 1630 1577 1666 per
1606 1618 1926 1666 dispensationem
1955 1619 2208 1657 sacerdotum.

1561 1673 1620 1707 An
1640 1682 1830 1708 SECUNDUM
1856 1683 2039 1709 DiCENDUM
2069 1673 2175 1720 quod
2199 1673 2377 1709 monachi
2409 1673 2490 1711 sive
2510 1673 2570 1710 alii

2593 965 2603 976 ⁸
2617 964 2686 987 Vei-s.
2701 970 2731 992 ¹3·

2594 1146 2605 1156 ⁸
2611 1145 2663 1167 Lib.
2668 1145 2709 1172 m,
2717 1145 2746 1167 nd
2754 1150 2806 1174 cup.

2593 1177 2651 1199 xvxi,
2666 1177 2727 1194 vers.
2742 1171 2779 1194 26.

1509 1723 1671 1771 religiosi
1711 1732 1870 1772 possunt
1910 1725 2121 1762 oblationes
2162 1725 2330 1775 recipere
2366 1726 2597 1775 tripliciter.·

1508 1777 1596 1814 Uno
1626 1777 1763 1824 modo,
1793 1777 1888 1814 sicut
1914 1790 2118 1826 pauperes,
2147 1790 2217 1827 per
2245 1778 2570 1827 dispensationem

1508 1830 1715 1867 sacerdotis
1743 1835 1761 1856 η
1789 1831 1852 1867 vel
1881 1830 2160 1867 ordinationem
2198 1831 2402 1869 Ecclesiae.
2427 1853 2452 1860 -
2480 1832 2568 1869 Alio

1508 1882 1648 1930 modo,
1678 1883 1709 1919 si
1737 1883 1810 1919 sint
1845 1883 2003 1920 ministri
2032 1883 2169 1920 altaris.
2208 1885 2258 1921 Et
2284 1891 2374 1921 tunc
2410 1891 2571 1934 possunt

1480 1929 1481 1988 ξ
1508 1935 1679 1984 accipere
1714 1936 1925 1973 oblationes
1958 1944 2093 1985 sponte
2122 1937 2279 1974 oblatas.
2305 1958 2329 1965 -
2358 1938 2510 1985 Tertio,
2539 1937 2571 1975 si

1507 1988 1711 2037 parochiae
1737 1989 1810 2026 sint
1834 2001 1980 2026 eorum.
2011 1990 2060 2026 Et
2085 1997 2175 2026 tunc
2195 2002 2240 2026 ex
2255 1989 2383 2027 debito
2410 1987 2572 2039 possunt

1508 2041 1679 2090 accipere
1699 2039 1724 2088 θ,
1754 2049 1934 2090 tanquam
1963 2042 2144 2079 ecclesiae
2173 2050 2350 2080 rectores.

1561 2096 1621 2131 An
1631 2106 1791 2132 TERTlUM
1805 2107 1991 2132 DICENDUM
2005 2095 2109 2144 quod
2125 2096 2350 2144 oblationes,
2365 2104 2571 2145 postquam

1508 2147 1645 2184 fuerint
1672 2156 1926 2194 consecratae,
1955 2160 2033 2185 non
2052 2156 2214 2197 possunt
2239 2149 2375 2186 cedere
2401 2149 2439 2186 in
2457 2161 2572 2187 usum

1508 2200 1712 2237 laicorum:
1741 2201 1837 2237 sicut
1859 2213 1953 2238 vasa
1973 2208 2010 2238 et
2026 2201 2252 2239 vestimenta
2273 2213 2390 2239 sacra.
2420 2203 2470 2239 Et
2496 2203 2573 2240 hoc

1508 2255 1627 2291 modo
1643 2253 1856 2302 intelligitur
1867 2253 2008 2291 dictum
2020 2254 2178 2292 Damasi
2188 2255 2317 2304 Papae
2324 2254 2356 2292 ²¹⁸.
2365 2255 2466 2292 —Illa
2475 2267 2571 2293 vero

1508 2319 1608 2355 quae
1629 2319 1706 2344 non
1727 2314 1813 2344 sunt
1833 2314 2064 2354 consecrata,
2085 2316 2246 2357 possunt
2268 2308 2307 2345 in
2325 2321 2438 2346 usum
2457 2308 2572 2346 laico-

1510 2372 1595 2397 rum
1611 2360 1745 2396 cedere
1766 2372 1811 2396 ex
1835 2360 2116 2408 dispensatione
2133 2361 2387 2408 sacerdotum,
2404 2361 2485 2398 sive
2503 2373 2575 2410 per

1509 2414 1671 2450 modum
1701 2412 1915 2450 donationis
1944 2413 2024 2450 sive
2048 2412 2126 2464 per}
2139 2413 2302 2451 modum
2329 2413 2570 2452 venditionis.

1563 2527 1585 2559 ε)
1604 2526 1697 2551 altari.
1713 2539 1733 2545 -
1750 2526 1849 2551 altarIo
1867 2526 1909 2551 hic
1928 2526 1957 2556 F,
1975 2527 2059 2551 altari
2077 2526 2119 2551 hic
2136 2526 2284 2558 ABCEHK,
2301 2527 2386 2552 altari
2402 2526 2452 2552 hoc
2469 2527 2505 2558 D;
2524 2535 2572 2560 pro

1483 2557 1485 2562 ¹
1506 2562 1716 2594 participantur,
1735 2561 1933 2593 participentur
1948 2561 1979 2592 D,
1994 2562 2163 2594 participant
2181 2562 2229 2587 hoc
2247 2569 2273 2594 x,
2288 2562 2458 2594 participant
2475 2562 2527 2588 PL.

1563 2597 1588 2629 ζ)
1605 2597 1724 2628 proprie.
1738 2610 1757 2615 -
1775 2597 1863 2621 dictae
1882 2597 1978 2622 addunt
1997 2597 2044 2622 Pa.

1563 2633 1590 2665 η)
1609 2632 1766 2657 sacerdotis.
1779 2646 1799 2651 --
1816 2632 1984 2657 sacerdotum
2005 2632 2052 2658 Pa.

1565 2666 1589 2700 θ)
1608 2667 1737 2699 accipere.
1749 2682 1768 2686 -
1783 2667 1922 2699 acquirere
1939 2667 1971 2698 D,
1989 2667 2109 2699 accipere
2128 2667 2274 2693 oblationes
2293 2668 2359 2693 an.

1194 2822 1512 2864 ARTICULUS
1539 2822 1769 2863 TERTIUS
1958 2875 1962 2877 λ

572 2917 726 2949 UTRUM
750 2917 879 2948 Homo
903 2907 1048 2948 POSSiT
1072 2916 1344 2947 OBLArloNEs
1368 2915 1536 2946 FACERE
1560 2915 1617 2945 DE
1641 2914 1831 2946 OMNIBUS
1854 2914 1990 2946 REBUS
2014 2914 2157 2946 LICITE
2182 2915 2394 2947 POSSESSIS

425 3033 482 3060 Μ
515 3030 567 3083 <5
607 3017 629 3041 D
649 3016 808 3041 TERT1UM
827 3015 881 3041 εις
902 3015 1141 3041 PROCEDITUR.
1171 3003 1330 3040 Videtur
1349 3003 1453 3052 quod
1478 3007 1481 3047 Ι

422 3057 478 3115 V
537 3054 578 3097 ,ἢ

534 3084 543 3103 x
576 3097 579 3101 ,
608 3070 686 3094 non
713 3057 832 3106 possit
859 3057 979 3094 homo
1009 3056 1219 3094 oblationes
1255 3057 1377 3093 facere
1406 3056 1452 3093 de

413 3093 786 3165 ,yffm'sffommbus
807 3110 919 3146 rebus
939 3109 1037 3146 licite
1056 3109 1252 3158 possessis.
1276 3109 1378 3156 Quia
1396 3121 1454 3145 se-

453 3136 543 3189 §¹³⁴³
566 3152 777 3200 cundum
811 3162 894 3199 iura
920 3163 1090 3199 humana
1108 3162 1146 3209 ²¹⁸,
1176 3162 1332 3210 turpiter
1350 3162 1456 3209 facit

397 3216 578 3252 meretrix
613 3216 651 3253 in
679 3217 750 3253 hoc
777 3216 878 3264 quod
912 3221 966 3252 est
991 3215 1189 3260 meretrix,
1219 3227 1292 3251 non
1329 3220 1452 3251 tamen

398 3269 553 3317 turpiter
579 3269 733 3317 accipit:
771 3275 807 3305 et
834 3268 883 3305 ita
910 3267 1007 3304 licite
1042 3267 1221 3316 possidet.
1266 3267 1342 3304 Sed
1375 3279 1454 3304 non

398 3322 482 3358 licet
511 3321 558 3358 de
588 3334 633 3358 eo
654 3327 671 3343 ‘²
699 3322 822 3359 facere
851 3320 1101 3358 oblationem:
1132 3320 1343 3357 secundum
1362 3319 1454 3356 illud

398 3375 508 3411 Deut.
529 3386 613 3411 xxm
632 3374 670 3411 *ε
699 3375 789 3412 Νοη
811 3373 946 3424 offeres
970 3374 1178 3410 mercedem
1198 3373 1399 3421 prostibuli
1416 3373 1453 3409 in

428 3016 488 3035 sssci

453 3506 480 3538 α)
499 3512 539 3531 eo.
552 3519 571 3524 -
588 3513 620 3530 ea
639 3505 752 3531 PBCEa.

454 3541 479 3573 β)
498 3548 590 3566 ηοη.-
608 3540 669 3565 Om.
688 3541 719 3565 K.

1505 3003 1616 3040 domo
1636 3003 1795 3039 Domini
1811 3002 1886 3039 Dei
1902 3003 1967 3040 tui.
1997 3002 2100 3050 Ergo
2121 3014 2200 3040 non
2220 3002 2306 3040 licet
2325 3003 2448 3041 facere
2469 3004 2574 3042 obla-

1505 3056 1650 3092 tionem
1680 3055 1726 3093 de
1755 3055 1936 3092 omnibus
1964 3054 2061 3092 licite
2089 3055 2289 3104 possessis.

1561 3120 1595 3145 2.
1616 3109 1848 3155 PRAETEREA‚
1869 3108 2013 3145 ibidem
2033 3108 2260 3157 prohibetur
2280 3109 2385 3157 quod
2404 3109 2571 3158 pretium

1505 3161 1610 3198 canis
1637 3173 1715 3198 non
1744 3159 1758 3190 β
1786 3161 1966 3198 offeratur
1994 3160 2032 3198 in
2063 3161 2182 3198 dorno
2211 3162 2296 3198 Dei.
2341 3162 2419 3198 Sed
2450 3161 2572 3199 mani-

1505 3214 1642 3250 festum
1673 3221 1728 3250 est
1756 3213 1861 3262 quod
1888 3213 2053 3262 pretium
2083 3214 2190 3251 canis
2219 3213 2315 3251 iuste
2343 3214 2487 3252 venditi
2514 3213 2570 3252 iu-

1506 3274 1560 3303 ste
1588 3266 1813 3315 possidetur.
1843 3267 1945 3314 Ergo
1975 3279 2055 3304 non
2085 3266 2172 3304 licet
2200 3267 2249 3304 de
2269 3267 2449 3304 omnibus
2474 3266 2569 3304 iuste

1505 3319 1688 3368 possessis
1717 3318 1950 3356 oblationem
1979 3320 2117 3357 facere.

1561 3374 1594 3409 3.
1616 3373 1848 3420 PRAETEREA,
1870 3372 2033 3409 Malach.
2052 3385 2061 3409 1
2081 3373 2102 3394 *
2124 3372 2277 3410 dicitur:
2297 3372 2339 3409 Si
2355 3371 2540 3422 offeratur
2553 3377 2569 3401 Υ

1562 3504 1590 3538 γ)
1609 3504 1748 3538 offeratur.
1760 3518 1779 3523 -
1797 3503 1915 3537 offeratis
1935 3504 2024 3529 PDGI.

2598 2261 2610 2273 ⁸
2617 2261 2676 2315 Αἱς.
2690 2258 2740 2282 Sed
2747 2261 2809 2282 cont.

2597 3342 2609 3353 ⁸
2618 3341 2686 3364 Vera.
2701 3342 2724 3364 8.
