2860 4244
189 2108 197 2118 ·
204 2108 396 2135 Prologaexmv.

442 224 516 260 386

440 307 469 331 et
491 301 605 342 aliquis
641 307 686 331 est
708 301 740 330 in
771 300 860 330 nullo
892 300 1055 334 minuens,
1080 299 1134 328 sed
1158 298 1224 328 eius
1255 298 1386 328 omissio
1418 306 1498 329 esset

439 345 567 381 melior,
592 351 627 375 ut
650 344 738 374 cibus
768 354 832 373 non
862 353 995 379 nocens,
1020 342 1075 382 qui
1100 350 1205 372 tamen
1230 342 1255 372 si
1279 342 1495 378 omitteretur,

438 388 662 429 expeditiorem
678 388 819 417 redderet
842 386 1018 417 hominem:
1044 387 1087 416 ita
1111 385 1265 425 contingit
1287 385 1319 415 in
1343 385 1391 415 his
1414 395 1496 426 quae

438 432 516 462 ratio
541 432 635 462 dictat
661 431 779 471 agenda
803 431 851 460 vel
875 431 1049 461 omittenda
1073 430 1104 460 in
1129 429 1239 459 ordine
1263 430 1302 459 ad
1325 429 1423 460 vitam
1446 439 1496 460 ae·
1521 455 1522 460 ,

1520 481 1522 513 ς
1546 474 1596 503 vel
1618 473 1651 503 in
1674 475 1826 514 potentia.
1855 475 1887 506 Si
1910 486 2049 516 namque
2078 475 2263 515 intelligitur
2290 476 2322 506 in
2345 475 2496 516 potentia,
2521 476 2609 506 nulla

438 484 568 506 ternam.
599 476 764 512 Quaedam
794 484 932 514 namque
962 475 1071 505 indicit
1101 480 1137 503 ut
1160 473 1294 503 omnino
1323 474 1495 504 necessaria

437 520 475 550 ad
498 520 594 550 vitam
618 525 788 549 aeternam:
814 525 844 548 et
866 518 942 548 haec
966 525 1040 548 sunt
1064 524 1229 558 praecepta
1254 517 1425 557 obligantia
1455 518 1495 548 ad
1520 554 1521 564 η

436 570 599 602 peccatum
625 562 766 598 mortale,
791 569 826 592 ut
850 571 916 592 non
939 561 1116 598 adulterari,
1137 567 1194 592 etc.
1229 561 1396 598 Quaedam
1418 572 1493 592 vero
1519 568 1521 599 ξ

435 607 543 637 indicit
566 616 630 636 non
655 613 690 636 ut
722 605 894 636 necessaria
917 606 956 635 ad
978 606 1074 636 vitam
1104 611 1281 642 aeternam,
1307 606 1362 636 sed
1389 613 1425 637 ut
1454 606 1493 636 ad
1519 634 1520 642 ,

434 651 643 690 integritatem
667 649 747 679 vitae
771 650 958 689 spectantia:
984 657 1013 680 et
1036 650 1112 680 haee
1136 655 1210 679 sunt
1225 656 1391 690 praecepta
1415 649 1494 680 obli·
1519 648 1520 684 ἒ

1518 696 1520 704 '
1545 693 1703 734 praecepti
1718 703 1791 724 cum
1808 695 1928 726 actibus
1944 696 2091 726 omnium
2107 695 2272 732 virtutum,
2286 702 2317 726 et
2332 705 2397 726 non
2415 705 2488 726 cum
2505 696 2608 726 omni-

434 694 537 734 gantia
560 694 598 724 ad
621 693 742 723 veniale
766 700 947 732 peccatum,
973 701 1008 724 ut
1031 703 1096 724 non
1129 693 1229 723 dicere
1253 694 1386 724 verbum
1409 693 1491 724 otio-

434 748 515 773 sum,
540 745 570 768 et
592 737 792 773 huiusmodi3
818 747 893 767 nam
915 737 1036 768 veniale
1059 744 1225 778 peccatum
1249 738 1332 768 tollit
1354 748 1420 768 non
1443 748 1492 768 ae-

433 790 553 812 ternam
576 781 690 817 vitam,
715 781 768 811 sed
791 781 1001 821 integritatem
1024 782 1105 812 vitae
1128 781 1252 812 animae
1279 782 1436 821 pergentis
1458 782 1491 812 in
1518 814 1519 824 γ

432 826 528 856 vitam
552 832 720 855 aeternam.
753 825 919 862 Quaedam
943 836 1018 856 vero
1042 825 1152 856 indicit
1175 832 1210 856 ut
1234 826 1427 856 conferentia
1453 827 1492 856 ad

431 869 529 900 vitam
553 876 727 899 aeternam:
752 875 783 899 et
805 869 881 900 haec
898 877 972 900 sunt
995 869 1135 905 consilia,
1152 879 1234 910 quae
1251 880 1316 900 non
1340 870 1491 910 obligant,

432 913 485 944 sed
510 914 574 944 sive
597 912 674 943 fiant
697 913 761 943 sive
786 923 860 950 non,
886 913 963 943 nihil
987 913 1133 944 illicitum
1162 914 1346 950 incurritur;
1371 921 1408 944 ut
1431 924 1491 944 ser-

431 967 502 987 vare
514 956 734 997 virginitatem,
747 957 868 996 ingredi
880 957 1075 998 religionem,
1089 965 1119 989 et
1131 957 1327 989 huiusmodi.
1345 958 1389 988 Ita
1402 959 1491 998 quod

430 1002 510 1032 inter
534 1001 664 1032 consilia
680 1007 710 1031 et
732 1007 896 1042 praecepta
912 1007 978 1032 tam
993 1002 1098 1042 primo
1119 1012 1218 1043 quam
1233 1002 1374 1032 secundo
1391 1003 1491 1032 modo

431 1046 506 1076 haec
530 1051 576 1076 est
598 1044 786 1082 differentia,
811 1046 898 1086 quod
923 1053 1127 1086 praeceptum
1150 1056 1246 1076 omne
1274 1045 1491 1077 necessitatem

430 1089 585 1130 imponit,
609 1089 681 1120 licet
704 1089 914 1121 diversimode
944 1088 1033 1132 (quia
1057 1096 1260 1131 praeceptum
1284 1087 1427 1130 obligans
1450 1091 1490 1120 ad

430 1134 562 1164 mortale
577 1132 714 1173 imponit
728 1133 944 1164 necessitatem
963 1134 1044 1165 vitae
1060 1141 1212 1170 aeternae,
1237 1144 1318 1175 quae
1335 1141 1381 1164 est
1403 1133 1488 1164 finis:

430 1183 634 1218 praeceptum
656 1187 731 1207 vero
755 1177 898 1218 obligans
922 1179 1028 1208 solum
1058 1179 1097 1208 ad
1121 1177 1241 1208 veniale
1271 1177 1490 1208 necessitatem

429 1221 611 1261 integritatis
634 1221 703 1251 viae
722 1221 761 1251 ad
783 1221 880 1252 vitam
904 1228 1062 1252 aeternam
1086 1220 1254 1263 imponit):
1280 1221 1411 1251 consilia
1434 1231 1489 1251 au-
1514 1254 1517 1263 ὁ

429 1273 494 1296 tem
518 1266 638 1295 nullam
661 1265 832 1304 imponunt
859 1265 1085 1296 necessitatem.
1110 1265 1150 1295 Et
1172 1265 1247 1305 quia
1272 1265 1489 1296 inobedientes

430 1316 553 1340 constat
576 1319 642 1340 esse
666 1309 720 1349 qui
745 1310 859 1340 nolunt
882 1319 989 1349 parere
1013 1309 1167 1349 superiori
1190 1309 1222 1338 in
1247 1308 1296 1338 his
1320 1319 1401 1349 quae
1431 1319 1487 1340 ne-

430 1364 514 1384 cesse
541 1360 586 1384 est
614 1363 669 1383 eos
693 1353 804 1393 exequi
827 1353 852 1382 si
876 1363 1004 1393 peccare
1027 1353 1156 1389 nolunt;
1188 1360 1219 1383 et
1242 1353 1385 1383 similiter
1413 1354 1488 1384 obe-

429 1398 548 1428 dientes
571 1402 645 1427 sunt
675 1406 738 1426 non
767 1397 874 1427 solum
897 1397 952 1437 qui
976 1397 1130 1427 obediunt
1156 1396 1188 1426 in
1219 1396 1404 1437 simpliciter
1433 1407 1487 1428 ne—

429 1441 566 1472 cessariis
583 1441 621 1470 ad
630 1440 727 1470 vitam
743 1447 910 1477 aeternam,
923 1441 977 1470 sed
993 1441 1025 1471 in
1041 1441 1191 1471 omnibus
1207 1441 1330 1471 statutis
1347 1451 1488 1482 quorum

428 1485 559 1516 omissio
583 1484 689 1514 illicita
713 1491 773 1514 est:
797 1485 869 1515 ideo
886 1484 1082 1516 obedientiae
1100 1491 1130 1515 et
1145 1484 1376 1515 inobedientiae
1400 1486 1487 1516 obie-

428 1536 512 1560 ctum
530 1535 576 1559 est
592 1535 796 1568 praeceptum
815 1529 1027 1559 communiter
1042 1536 1219 1569 sumptum,
1235 1535 1270 1559 ut
1286 1529 1489 1569 distinguitur

428 1580 536 1604 contra
561 1572 740 1603 consilium.

482 1618 523 1648 Et
546 1617 607 1647 hoc
637 1616 841 1647 manifestum
872 1616 907 1647 fit
929 1627 965 1647 ex
993 1624 1064 1647 actu
1093 1616 1268 1657 utriusque.
1300 1618 1383 1647 Nam
1412 1618 1486 1648 obe-

427 1661 559 1692 dientiae
584 1667 670 1691 actus
694 1660 840 1701 proprius
864 1667 910 1691 est
932 1659 1032 1691 facere
1054 1660 1104 1691 vel
1131 1660 1275 1691 omittere
1306 1661 1427 1701 aliquid
1451 1670 1487 1693 ut

427 1704 598 1746 superioris
621 1705 818 1735 voluntatem
849 1704 908 1734 sibi
938 1711 1048 1735 notam
1081 1705 1220 1744 impleat.
1253 1705 1486 1736 Inobedientiae

426 1759 500 1780 vero
524 1749 674 1789 proprius
690 1755 777 1779 actus
794 1755 840 1779 est
856 1747 955 1779 facere
971 1749 1021 1779 vel
1041 1749 1185 1779 omittere
1209 1749 1329 1790 aliquid
1352 1756 1387 1780 ut
1410 1759 1485 1780 con-

427 1801 473 1824 tra
504 1793 776 1833 qualitercumque
810 1792 1000 1823 insinuatam
1030 1793 1079 1823 vel
1110 1792 1259 1823 creditam
1289 1793 1487 1824 voluntatem

426 1837 596 1878 superioris
620 1837 727 1867 faciat:
752 1837 814 1867 hoc
836 1843 883 1866 est
905 1836 990 1867 enim
1013 1836 1141 1876 proprie
1165 1844 1384 1874 contemnere,
1410 1847 1485 1868 con·
1511 1851 1512 1854 ¹

425 1882 517 1913 trarie
541 1881 727 1921 oppositum
746 1880 828 1910 actui
845 1880 1052 1911 obedientiae.
1078 1880 1211 1912 Constat
1234 1891 1373 1922 namque
1396 1882 1486 1922 quod

426 1927 451 1957 si
474 1926 546 1966 quis
569 1926 642 1955 ideo
665 1924 786 1965 aliquid
809 1923 881 1954 facit
895 1924 945 1954 vel
961 1924 1089 1960 omittit,
1105 1931 1402 1966 quantumcumque
1425 1925 1485 1956 mi—

426 1971 566 2005 nimum,
591 1975 627 1999 ut
654 1968 823 2008 superioris
853 1968 1038 1999 mandatum
1067 1968 1211 2008 impleat,
1240 1969 1278 1999 de
1307 1969 1485 2000 obedientia

424 2014 586 2044 laudatur:
613 2020 642 2043 et
665 2012 720 2053 qui
743 2012 946 2052 oppositum,
971 2019 1007 2042 ut
1029 2012 1145 2043 scilicet
1175 2019 1284 2043 contra
1314 2013 1486 2054 superioris

425 2058 609 2088 mandatum
629 2056 730 2092 faciat,
751 2062 953 2096 contemptor
976 2056 1089 2087 dicitur
1111 2064 1141 2087 et
1163 2063 1219 2087 est.
1240 2057 1373 2097 Propter
1395 2059 1485 2098 quod

425 2102 520 2133 etiam
535 2102 568 2131 in
584 2100 874 2132 Constitutionibus
889 2100 1036 2131 Fratrum
1053 2100 1181 2131 Ordinis
1197 2101 1452 2133 Praedicatorum
1467 2102 1485 2122 *

424 2147 482 2177 sub
507 2145 716 2176 disiunctione
733 2144 862 2175 dicitur:
886 2144 959 2175 Nisi
967 2150 1104 2185 propter
1119 2151 1328 2185 praeceptum
1346 2147 1397 2177 vel
1410 2156 1483 2177 con-

424 2195 590 2230 temptum:
621 2196 774 2230 tanquam
805 2188 962 2229 praecepti
996 2189 1098 2220 stricte
1129 2189 1248 2229 sumpti
1280 2191 1484 2230 transgressio

424 2234 633 2273 distinguatur
664 2240 772 2263 contra
795 2232 1075 2272 transgressionem
1106 2236 1317 2274 contemptus.
1350 2234 1392 2265 Et
1414 2245 1486 2266 vere
1510 2270 1512 2274 Α

424 2279 468 2308 sic
484 2286 538 2308 est.
557 2277 641 2314 Quia
656 2277 720 2307 sive
739 2276 819 2307 adsit
835 2283 1036 2317 contemptus
1052 2277 1117 2307 sive
1134 2287 1211 2315 non,
1229 2278 1296 2308 sola
1316 2285 1484 2318 transgres-

424 2323 471 2352 sio
495 2321 652 2371 praecepti
669 2320 836 2360 obligantis
859 2321 899 2350 ad
917 2321 1050 2351 mortale
1066 2321 1188 2352 inducit
1209 2328 1375 2361 peccatum
1399 2333 1485 2353 mor-

425 2367 496 2397 tale.
527 2366 567 2395 Et
597 2364 739 2395 s1militer
761 2364 825 2394 sive
850 2365 931 2395 adsit
960 2372 1163 2405 praeceptum
1195 2366 1233 2396 ad
1262 2367 1396 2398 mortale
1419 2367 1485 2398 sive

426 2420 501 2446 non,
522 2409 610 2439 solus
634 2415 834 2448 contemptus
853 2409 972 2448 obligat
987 2409 1027 2438 ad
1051 2409 1193 2440 mortale.
1219 2410 1283 2446 Qui
1300 2410 1385 2440 enim
1401 2410 1484 2442 fran-

424 2459 510 2494 geret
538 2452 698 2483 silentium
722 2452 779 2482 hac
802 2452 975 2483 intentione
1000 2459 1035 2483 ut
1062 2453 1174 2483 faceret
1202 2460 1310 2484 contra
1338 2455 1484 2486 volunta-

425 2505 490 2528 tem
513 2496 676 2527 indicentis
707 2496 802 2531 illud,
827 2495 877 2526 hic
900 2506 971 2526 vere
1002 2504 1233 2534 contemneret,
1259 2505 1288 2528 et
1312 2499 1485 2530 mortaliter

425 2549 576 2582 peccaret.
602 2540 675 2570 Sine
698 2540 881 2570 huiusmodi
907 2547 1014 2570 autem
1036 2541 1127 2571 toties
1145 2541 1226 2571 dicta
1241 2541 1426 2579 intentione,
1443 2543 1487 2572 vi-

426 2585 537 2616 delicet
560 2591 595 2615 ut
618 2584 710 2614 faciat
735 2590 842 2614 contra
865 2584 1035 2624 superioris
1058 2585 1255 2615 voluntatem
1275 2595 1330 2615 seu
1355 2587 1486 2617 manda·
1510 2597 1511 2609 ¹

425 2637 504 2665 tum,
530 2637 696 2668 nunquam
720 2634 766 2658 est
789 2634 999 2667 contemptus.

479 2674 530 2703 Ad
546 2672 680 2712 primam
697 2681 770 2711 ergo
787 2671 1000 2703 obiectionem
1016 2672 1047 2701 in
1065 2673 1252 2712 oppositum
1268 2673 1381 2703 dicitur
1395 2674 1484 2714 quod

426 2727 499 2747 cum
522 2717 554 2746 in
577 2716 678 2746 littera
701 2716 815 2746 dicitur
837 2726 945 2746 omnes
975 2721 1065 2746 actus
1089 2717 1241 2747 virtutum
1272 2727 1334 2747 non
1359 2727 1427 2748 esse
1450 2719 1482 2748 in

420 2766 603 2801 praecepto,
628 2760 764 2790 sumitur
787 2767 989 2799 praeceptum
1014 2760 1236 2796 communiter,
1261 2767 1297 2791 ut
1319 2761 1483 2801 distingui-

424 2812 475 2835 tur
491 2812 598 2835 contra
614 2804 793 2840 consilium,
807 2804 961 2844 quoniam
978 2804 1071 2835 multi
1087 2812 1174 2835 actus
1190 2804 1345 2835 virtutum
1361 2813 1435 2836 sunt
1450 2805 1483 2836 in
1508 2817 1510 2827 ⁴

425 2848 567 2884 consilio,
586 2855 621 2878 ut
642 2857 766 2884 vovere,
790 2848 844 2889 qui
870 2855 915 2878 est
938 2850 1025 2878 actus
1048 2848 1216 2888 religionis,
1242 2855 1272 2879 et
1294 2848 1428 2880 similes:
1454 2857 1484 2881 et

424 2902 490 2922 non
520 2891 655 2922 sumitur
686 2898 890 2932 praeceptum
922 2892 1043 2930 stricte,
1076 2900 1110 2923 ut
1142 2892 1345 2932 distinguitur
1375 2901 1483 2925 contra
1508 2906 1509 2914 ¹

426 2936 621 2966 mandatum.

480 2980 530 3010 Ad
554 2980 724 3010 secundam
739 2989 813 3009 vero
838 2979 951 3010 dicitur
974 2980 1062 3020 quod
1086 2980 1160 3020 quia
1183 2980 1396 3011 inobedientia
1419 2981 1482 3012 for·
1507 2976 1509 3007 ἶ

425 3024 547 3054 maliter
571 3024 720 3063 importat
744 3023 993 3055 contrarietatem
1018 3024 1055 3053 ad
1080 3031 1283 3065 praeceptum
1307 3026 1483 3056 communi-

425 3074 483 3103 ter;
509 3074 539 3097 et
561 3077 656 3097 omne
675 3074 839 3106 peccatum
856 3069 988 3098 mortale
1004 3068 1155 3108 importat
1178 3068 1428 3099 contrarietatem
1443 3070 1482 3100 ad

424 3111 457 3141 id
480 3111 567 3151 quod
593 3117 637 3141 est
661 3117 875 3151 praeceptum,
901 3111 1003 3142 stricte
1028 3113 1184 3142 sumendo
1208 3120 1428 3153 praeceptum;
1454 3121 1484 3144 et

425 3155 549 3185 nullum
573 3161 738 3195 peccatum
754 3154 874 3184 veniale
889 3154 1039 3195 importat
1062 3156 1311 3187 contrarietatem
1336 3158 1375 3187 ad
1394 3167 1482 3197 prae-

425 3206 554 3239 ceptum
575 3199 625 3228 vel
648 3198 680 3228 id
703 3199 791 3239 quod
811 3205 858 3228 est
879 3206 1098 3238 praeceptum:
1122 3199 1194 3230 ideo
1223 3210 1319 3230 omne
1350 3201 1482 3231 mortale
1507 3220 1509 3232 Α

425 3249 471 3273 est
493 3242 705 3273 inobedientia
728 3241 926 3273 materialiter
947 3243 998 3272 vel
1020 3243 1208 3279 formaliter;
1233 3244 1353 3274 veniale
1376 3251 1482 3275 autem

426 3294 538 3317 neutro
562 3287 670 3317 modo.
702 3286 742 3317 Et
765 3293 931 3327 propterea
955 3286 1068 3317 dicitur
1091 3287 1179 3327 quod
1203 3287 1327 3318 veniale
1350 3297 1412 3318 non
1437 3293 1484 3319 est

427 3331 645 3361 inobedientia.
674 3330 759 3361 Cum
783 3331 898 3371 quibus
922 3337 1027 3361 tamen
1059 3337 1118 3361 stat
1150 3340 1246 3361 omne
1268 3331 1388 3362 veniale
1416 3342 1482 3362 esse

425 3375 600 3405 secundum
623 3374 699 3415 quid
723 3374 987 3405 inobedientiam:
1012 3374 1218 3411 materialiter,
1237 3382 1272 3406 ut
1293 3375 1413 3416 reliqua
1429 3386 1482 3406 ve-

426 3418 534 3453 nialia;
558 3418 607 3448 vel
627 3417 807 3454 formaliter,
825 3425 861 3449 ut
876 3418 997 3458 primus
1014 3425 1122 3449 motus
1145 3418 1385 3456 inobedientiae,
1403 3419 1483 3451 sicut

425 3461 546 3500 primus
570 3468 676 3492 motus
698 3461 887 3494 infidelitatis
918 3469 1036 3503 spectat
1059 3463 1098 3493 ad
1121 3463 1258 3503 speciem
1282 3462 1482 3494 infidelitatis.

426 3505 584 3545 Loquitur
606 3505 760 3546 siquidem
786 3505 886 3537 littera
909 3507 950 3537 ibi
975 3507 1013 3537 de
1043 3507 1255 3537 inobedientia
1283 3507 1480 3548 simpliciter,

426 3548 597 3579 formaliter
619 3549 668 3579 vel
692 3549 898 3580 materialiter.

1509 2713 1511 2726 ’
1529 2722 1703 2758 praecepto
1727 2717 1846 2748 cadunt
1868 2727 1951 2758 quae
1975 2718 2149 2748 secundum
2181 2727 2216 2748 se
2244 2718 2287 2748 ad
2310 2718 2432 2748 nullam
2455 2723 2600 2759 spectant

1508 3290 1509 3294 ’
1535 3297 1590 3327 per
1613 3288 1646 3328 ly
1668 3288 1804 3318 hominis
1826 3289 2068 3328 praeservaverit
2087 3299 2119 3319 se
2138 3290 2176 3319 ab
2201 3289 2379 3320 obedientia
2402 3289 2470 3325 Dei,
2489 3295 2547 3320 etc.

1128 222 1394 267 QUAESTIO
1424 222 1527 270 ClV,
1555 223 1851 260 ARTICULUS
1881 224 1911 259 11

1606 299 1657 329 III.
1682 300 1717 329 In
1740 301 1854 331 eodem
1873 301 2013 331 secundo
2038 301 2181 337 articulo,
2198 301 2231 331 in
2254 301 2461 341 responsione
2485 301 2524 331 ad
2547 301 2609 341 pri-

1549 352 1650 378 mum,
1669 343 1748 374 circa
1770 343 1865 374 illud:
1889 345 1984 375 Ratio
2002 346 2179 384 praecepti,
2196 355 2291 385 quam
2308 345 2485 375 obedientia
2507 350 2608 376 atten-

1547 386 1606 423 dit,
1630 389 1794 418 concurrit
1816 398 1887 419 cum
1907 389 2029 419 actibus
2045 389 2184 418 omnium
2201 389 2366 426 virtutum,
2384 395 2453 425 etc„
2474 388 2609 419 dubium

1548 430 1693 466 occurrit,
1707 441 1747 461 an
1766 431 1843 462 haec
1856 431 2027 462 differentia
2042 432 2234 471 intelligatur
2250 432 2288 462 de
2305 441 2461 463 concursu
2476 432 2509 462 in
2525 439 2607 468 actu,

1547 524 1593 548 est
1616 517 1803 549 differentia:
1827 520 1902 560 quia
1926 520 2030 550 omnis
2055 526 2142 550 actus
2157 519 2281 550 virtutis
2297 522 2402 560 potest
2424 520 2534 550 cadere
2549 521 2608 550 sub

1547 569 1727 603 praecepto.
1758 562 1790 593 Si
1819 573 1894 594 vero
1918 563 1949 594 in
1982 571 2068 600 actu,
2093 563 2209 594 falsum
2241 563 2371 594 dicitur:
2402 563 2478 604 quia
2503 563 2609 604 aliqua

1545 605 1644 636 virtus
1667 613 1714 636 est
1737 606 1826 637 cuius
1850 607 1956 638 nullus
1980 615 2068 639 actus
2092 607 2175 638 cadit
2198 609 2256 638 sub
2279 615 2459 648 praecepto,
2484 614 2520 638 ut
2542 617 2609 638 ma-

1545 648 1734 688 gnificentia.
1757 651 1839 681 Male
1864 661 1938 691 ergo
1961 652 2093 692 ponitur
2116 651 2288 683 differentia
2313 651 2394 682 inter
2417 661 2608 682 concursum

1545 738 1604 767 bus
1627 737 1749 768 actibus
1772 738 1936 770 virtutum.

1600 782 1651 812 Ad
1674 781 1736 811 hoc
1759 781 1872 813 dicitur
1887 782 2064 822 dupliciter.
2088 784 2206 820 Primo,
2223 784 2312 825 quod
2336 793 2440 814 sermo
2459 793 2607 824 praesens

1545 831 1591 856 est
1614 826 1653 855 de
1675 825 1844 856 virtutibus
1875 826 2115 867 principalibus:
2146 828 2242 865 sicut,
2268 837 2342 858 cum
2375 826 2488 858 dicitur
2518 828 2607 868 quod

1544 879 1656 899 omnes
1679 869 1809 900 virtutes
1834 877 1961 910 oportet
1977 880 2044 901 esse
2067 881 2235 908 connexas,
2252 871 2437 912 intelligitur
2461 871 2499 902 de
2522 871 2606 912 prin-

1544 913 1696 953 cipalibus
1720 914 1904 950 virtutibus,
1930 923 2011 955 quae
2037 922 2120 951 sunt,
2146 916 2231 955 apud
2258 925 2334 952 nos,
2358 915 2552 955 theologales
2576 922 2607 946 et

1517 961 1518 967 ¹
1544 957 1726 988 cardinales.
1758 958 1905 995 Quarum
1936 959 2111 999 quamlibet
2141 965 2263 989 constat
2292 959 2401 989 cadere
2431 960 2490 990 sub
2520 969 2608 999 prae-

1544 1008 1647 1042 cepto,

1599 1045 1746 1076 Secundo
1771 1045 1900 1082 dicitur,
1925 1046 2015 1086 quod
2046 1046 2200 1087 cuiusque
2222 1046 2347 1077 virtutis
2375 1053 2463 1077 actus
2491 1046 2607 1088 aliquis

1544 1089 1627 1120 cadit
1650 1090 1708 1120 sub
1733 1097 1918 1130 praecepto,
1943 1091 1998 1120 sed
2026 1101 2092 1121 non
2116 1091 2230 1121 eodem
2257 1090 2368 1121 modo.
2402 1090 2488 1127 Quia
2519 1097 2606 1122 acms

1543 1133 1698 1173 positivus
1723 1134 1877 1174 cuiusque
1896 1134 2019 1170 virtutis
2040 1134 2122 1165 cadit
2145 1135 2203 1165 sub
2220 1141 2389 1175 praecepto
2406 1133 2605 1172 affirmativo,

1542 1177 1631 1217 quod
1655 1177 1774 1217 obligat
1797 1187 1930 1218 semper,
1951 1179 2005 1208 sed
2029 1189 2094 1209 non
2115 1179 2154 1208 ad
2177 1187 2318 1219 semper:
2343 1178 2474 1209 omissio
2498 1185 2606 1210 autem

1543 1221 1689 1251 contrarii
1713 1221 1795 1252 cadit
1822 1222 1880 1252 sub
1904 1229 2072 1262 praecepto
2097 1222 2252 1263 negativo,
2273 1223 2362 1263 quod
2385 1221 2504 1262 obligat
2526 1232 2607 1253 sem-

1542 1273 1598 1304 per
1622 1271 1652 1294 et
1676 1265 1716 1294 ad
1739 1275 1873 1304 semper.
1903 1266 1944 1296 Et
1973 1273 2140 1306 propterea
2164 1267 2297 1307 quilibet
2325 1273 2450 1297 tenetur
2477 1267 2606 1298 obedire

1541 1316 1709 1348 praecepto
1733 1309 1803 1344 Dei,
1828 1318 1883 1339 seu
1907 1311 2058 1341 naturalis
2081 1310 2166 1346 iuris,
2188 1311 2226 1341 de
2249 1318 2320 1341 actu
2345 1309 2604 1350 magnificentiae,

1541 1362 1600 1392 pro
1627 1352 1701 1383 loco
1731 1359 1761 1383 et
1787 1359 1948 1393 tempore:
1978 1355 2108 1394 quando
2140 1354 2256 1385 scilicet
2285 1354 2380 1386 habet
2409 1355 2549 1392 divitias,
2574 1362 2606 1386 et

1542 1403 1669 1436 oportet
1693 1396 1878 1436 magnificos
1907 1396 2006 1428 facere
2031 1405 2188 1438 sumptus·
2215 1399 2256 1429 Et
2279 1398 2488 1429 nihilominus
2511 1398 2606 1440 quili-

1541 1441 1606 1477 bet,
1636 1447 1933 1482 quantumcumque
1965 1451 2099 1482 pauper,
2123 1449 2247 1472 tenetur
2274 1442 2352 1473 nihil
2384 1442 2464 1473 vene
2496 1439 2605 1474 contra

1540 1484 1817 1525 magnificentiam.
1851 1485 1918 1516 Stat
1949 1495 2023 1526 ergo
2054 1486 2155 1516 solida
2186 1485 2357 1517 differentia
2386 1487 2543 1527 assignata
2570 1487 2603 1518 in

1540 1528 1653 1559 littera.
2585 1554 2587 1557 Α

1597 1573 1650 1604 IV.
1666 1573 1701 1603 In
1718 1573 1829 1603 eadem
1843 1573 2051 1613 responsione
2063 1574 2102 1604 ad
2119 1574 2269 1614 primum,
2284 1574 2364 1605 circa
2379 1574 2474 1605 illud:
2497 1575 2604 1612 Qua&

1540 1617 1614 1647 dam
1630 1617 1821 1657 quandoque
1834 1618 1892 1647 sub
1899 1623 2072 1658 praecepto
2086 1618 2206 1649 cadunt
2216 1628 2298 1659 quae
2312 1618 2355 1649 ad
2367 1618 2491 1649 nullam
2502 1619 2604 1659 aliam

1540 1662 1689 1692 virtutem
1709 1662 1889 1701 pertinent,
1915 1667 1950 1692 ut
1967 1667 2058 1702 patet
2085 1662 2124 1693 de
2145 1662 2195 1693 his
2225 1672 2308 1703 quae
2331 1672 2394 1693 non
2417 1668 2494 1699 sunt
2515 1659 2603 1698 ma‘la

1539 1706 1603 1735 nisi
1615 1706 1692 1745 quia
1702 1705 1875 1745 prohibita,
1892 1705 2027 1736 dubium
2043 1706 2189 1742 occurrit,
2205 1716 2244 1736 an
2269 1706 2414 1738 omittere
2429 1707 2512 1737 mala
2528 1706 2605 1748 quia

1539 1748 1698 1788 prohibita
1721 1748 1760 1778 ad
1784 1749 1906 1779 nullam
1935 1749 2029 1779 aliam
2051 1749 2200 1781 virtutem
2224 1757 2343 1790 spectet
2374 1749 2434 1781 nisi
2464 1751 2504 1781 ad
2528 1750 2619 1782 obe-⁴

1539 1792 1699 1823 dientiam.
1721 1793 1761 1822 Et
1785 1799 1831 1823 est
1846 1793 1926 1823 ratio
1941 1793 2029 1824 dubii
2052 1794 2128 1834 quia
2143 1795 2276 1825 verbum
2291 1794 2412 1825 litterae
2434 1795 2603 1827 inductum

1538 1837 1601 1867 hoc
1623 1836 1789 1867 manifeste
1812 1837 1896 1867 dicit.

1594 1881 1630 1911 In
1654 1880 1842 1921 oppositum
1866 1887 1974 1911 autem
1990 1888 2036 1911 est
2051 1881 2127 1922 quia
2148 1881 2291 1921 frangere
2312 1881 2470 1913 ieiunium
2491 1882 2603 1914 Ecclea

1539 1924 1615 1961 siae,
1640 1925 1729 1966 quod
1753 1934 1819 1954 non
1843 1931 1890 1955 est
1912 1925 2034 1955 malum
2068 1925 2128 1955 nisi
2151 1925 2227 1966 quia
2250 1925 2458 1966 prohibitum,
2482 1933 2604 1967 spectat

1539 1969 1578 1999 ad
1593 1969 1718 2009 gulam:
1744 1975 1775 1999 et
1797 1979 1917 1999 servare
1933 1969 2012 1999 illud
2028 1976 2148 2009 spectat
2163 1970 2202 2000 ad
2217 1969 2367 2000 virtutem
2385 1969 2600 2002 abstinentiae.

1539 2013 1580 2043 Et
1605 2013 1673 2053 rapi
1690 2023 1707 2043 a
1730 2012 1834 2043 iudice
1857 2013 2051 2043 homicidam
2067 2013 2099 2043 in
2124 2013 2263 2050 ecclesia,
2280 2014 2369 2054 quod
2385 2023 2451 2044 non
2467 2021 2515 2045 est
2537 2023 2604 2045 ma·
2682 2030 2708 2039 »ν

1537 2057 1606 2087 lum
1629 2057 1690 2087 nisi
1706 2057 1781 2097 quia
1801 2057 2008 2097 prohibitum,
2028 2064 2147 2097 spectat
2169 2058 2209 2088 ad
2224 2057 2438 2097 sacrilegium:
2462 2065 2494 2089 et
2508 2058 2603 2090 absti-

1538 2111 1611 2131 nere
1639 2102 1677 2132 ab
1701 2101 1763 2131 hoc
1787 2108 1906 2140 spectat
1929 2102 1967 2131 ad
1983 2101 2131 2132 virtutem
2155 2102 2325 2142 religionis.
2351 2102 2394 2133 Et
2408 2102 2452 2133 sic
2467 2103 2507 2133 de
2521 2102 2602 2135 aliia.
2853 2103 2860 2131 ⁴2

1537 2146 1612 2176 Non
1627 2145 1751 2176 videtur
1775 2155 1849 2185 ergo
1865 2155 1978 2176 verum
2001 2155 2068 2176 esse
2091 2146 2180 2187 quod
2203 2146 2235 2176 in
2258 2146 2361 2178 littera
2383 2146 2506 2179 dicitur.
2855 2170 2860 2178 ,

1593 2190 1644 2220 Ad
1667 2190 1729 2220 hoc
1748 2189 1861 2220 dicitur
1885 2190 1989 2230 quod,
2015 2197 2050 2221 ut
2073 2197 2160 2230 patet
2183 2200 2218 2221 ex
2241 2190 2440 2230 praecedenti
2463 2190 2560 2225 Libro
2573 2190 2602 2231 ξ’,-
2627 2197 2639 2208 ’
2654 2197 2777 2247 Qatnu,

1539 2243 1613 2264 cum
1637 2234 1720 2274 legis
1748 2235 1787 2264 sit
1804 2233 1923 2274 facere
1953 2234 2096 2264 homines
2128 2235 2286 2265 virtuosos
2304 2234 2335 2271 *‚
2366 2241 2532 2276 praecepta
2562 2234 2602 2269 de
2627 2228 2685 2272 {ifi-
2721 2224 2789 2247 ¹⁰⁰³
2824 2251 2828 2259 -ν

1537 2277 1657 2308 actibus
1680 2278 1835 2308 virtutum
1858 2278 1908 2308 vel
1922 2278 2074 2308 vitiorum
2098 2278 2141 2308 sic
2165 2278 2280 2309 dantur
2303 2285 2339 2309 ut
2358 2278 2491 2319 quidam
2513 2281 2602 2310 acm
2627 2276 2860 2327 ¹⁸5in

1537 2322 1714 2352 secundum
1737 2331 1770 2352 se
1794 2328 1935 2362 spectent
1957 2322 1997 2352 ad
2013 2322 2152 2353 *virtutes
2174 2323 2226 2353 vel
2249 2322 2332 2359 vitia,
2358 2329 2394 2353 ut
2416 2323 2601 2363 colere'pa-
2627 2309 2860 2356 n.i;i.·n¹1'.'10ali

1536 2366 1639 2402 triam,
1656 2375 1723 2396 non
1739 2366 1845 2402 furari,
1862 2376 1927 2396 non
1943 2366 2099 2403 inebriari,
2116 2373 2146 2397 et
2165 2366 2367 2398 huiusmodi:
2391 2367 2524 2407 quidam
2546 2377 2603 2399 au·
2627 2356 2735 2411 {¹¹J,¹¹5²’;'
2745 2357 2838 2405 Ῑὲῗζζ
2855 2359 2860 2386 ¹

1536 2417 1601 2440 tem
1621 2410 1798 2440 secundum
1821 2420 1854 2440 se
1877 2410 1917 2440 ad
1940 2410 2062 2441 nullam
2077 2410 2226 2441 virtutem
2241 2417 2393 2450 spectant,
2410 2411 2466 2441 sed
2485 2420 2523 2442 ex
2537 2410 2600 2442 hoc
2627 2409 2680 2431 ΙΜ-
2694 2414 2711 2432 ¹·
2853 2390 2860 2449 l

1535 2454 1607 2494 ipso
1631 2454 1720 2494 quod
1752 2454 1944 2484 mandantur
1967 2454 2000 2484 in
2023 2454 2077 2485 tali
2106 2454 2249 2491 materia,
2274 2455 2518 2486 substernuntur
2546 2454 2600 2486 tali

1536 2498 1643 2528 virtuti
1666 2498 1717 2528 vel
1747 2497 1837 2534 vitio;
1862 2497 1887 2527 si
1911 2497 1996 2528 enim
2019 2497 2209 2538 praecipitur
2239 2497 2359 2539 aliquid
2389 2508 2447 2538 pro
2469 2507 2599 2537 venera-

1536 2542 1623 2572 tione
1647 2551 1826 2577 sacrorum,
1852 2551 1888 2571 ex
1911 2542 1973 2571 hoc
1992 2542 2062 2582 ipso
2086 2541 2121 2572 fit
2143 2549 2232 2572 actus
2254 2542 2424 2582 religionis,
2449 2549 2479 2573 et
2501 2541 2545 2574 sic
2560 2541 2601 2574 de

1537 2585 1615 2621 aliis,
1637 2592 1672 2616 ut
1694 2585 1771 2615 ibi*
1793 2584 2031 2616 declaravimus.
2056 2585 2107 2616 Sic
2131 2595 2205 2626 ergo
2229 2586 2262 2616 in
2278 2586 2340 2616 hoc
2355 2586 2443 2626 quod
2466 2586 2499 2616 in
2523 2589 2599 2627 pro-
2627 2593 2638 2603 ⁸

1537 2629 1642 2669 posito
1667 2629 1789 2665 dicitur,
1813 2629 2076 2669 subintelligenda
2100 2636 2146 2660 est
2168 2630 2273 2668 glossa
2296 2630 2383 2666 haec,
2404 2630 2532 2666 scilicet,
2550 2638 2599 2662 se³
2626 2634 2650 2668 vl

1537 2673 1675 2704 cundum
1699 2683 1743 2703 se.
1769 2673 1813 2703 Ita
1828 2674 1917 2713 quod
1933 2683 2043 2704 sensus
2063 2680 2124 2704 est:
2153 2674 2319 2711 Quaedam
2335 2673 2526 2715 quandoque
2539 2675 2599 2706 sub

2647 1694 2677 1709 ,¹:1-
2700 1696 2745 1708 “ι.·«

1537 2762 1695 2792 virtutem.
1727 2760 1768 2791 Et
1791 2761 1835 2791 sic
1857 2771 1928 2800 pars
1957 2761 2100 2800 negativa
2127 2761 2321 2802 quaestionis
2345 2768 2392 2792 est
2413 2763 2499 2799 vera,
2524 2762 2600 2803 quia

1536 2805 1631 2835 etiam
1655 2805 1695 2834 ad
1718 2804 1812 2835 aliam
1835 2805 1984 2836 virtutem
2008 2812 2126 2845 spectat
2149 2805 2295 2843 omittere
2322 2806 2404 2836 mala
2427 2805 2503 2847 quia
2524 2815 2599 2848 pro-

1535 2848 1648 2879 hibita:
1674 2855 1704 2879 et
1720 2858 1791 2889 pars
1811 2848 1995 2880 affirmativa
2011 2856 2058 2879 est
2073 2849 2316 2890 quodammodo
2333 2859 2415 2886 vera,
2432 2850 2507 2892 quia
2524 2848 2600 2892 mli*

1535 2893 1712 2923 secundum
1736 2903 1767 2923 se
1792 2892 1830 2923 ad
1855 2893 1976 2923 nullam
1999 2893 2093 2924 aliam
2115 2893 2264 2925 virtutem
2288 2899 2439 2934 spectant.
2463 2894 2504 2925 Et
2525 2893 2599 2926 ideo

1535 2947 1599 2967 non
1618 2943 1664 2967 est
1678 2936 1797 2967 mirum
1813 2937 1838 2967 si
1855 2937 1975 2968 diversa
1991 2937 2023 2967 in
2043 2937 2173 2968 diversis
2189 2938 2268 2968 locis
2291 2943 2420 2978 apparet
2435 2937 2601 2971 sententia

1591 2981 1629 3012 V.
1653 2981 1688 3011 In
1712 2980 1919 3021 responsione
1936 2982 1976 3011 ad
1992 2988 2142 3022 quartum
2158 2981 2300 3012 eiusdem
2323 2982 2452 3013 secundi
2475 2978 2599 3014 articuli

1535 3025 1670 3055 dubium
1694 3025 1844 3062 occurrit,
1870 3035 1909 3056 an
1931 3025 2110 3056 obedientia
2132 3032 2275 3066 respectu
2295 3025 2371 3062 Dei,
2396 3033 2426 3056 et
2447 3024 2598 3065 hominis,

1534 3069 1574 3099 sit
1597 3069 1692 3099 unius
1715 3069 1831 3109 speciei
1855 3069 2106 3110 specialissimae.
2131 3070 2172 3100 Et
2194 3076 2241 3101 est
2264 3069 2343 3100 ratio
2363 3069 2451 3100 dubii
2474 3069 2550 3111 quia
2565 3069 2598 3102 in

1534 3113 1646 3149 littera,
1671 3112 1790 3153 primo,
1812 3123 1848 3143 ex
1871 3112 2043 3144 differentia
2066 3113 2147 3144 inter
2169 3113 2331 3145 obiectum
2354 3113 2546 3145 reverentiae
2568 3120 2601 3145 et

1535 3156 1744 3192 obedientiae,
1769 3157 1969 3188 concluditur
1991 3157 2029 3187 de
2053 3157 2232 3188 obedientia
2255 3158 2400 3189 absolute
2422 3158 2512 3199 quod
2534 3161 2598 3199 non

1536 3206 1582 3230 est
1605 3201 1667 3231 nisi
1694 3201 1791 3231 unius
1819 3202 1956 3232 rationis
1967 3199 1996 3232 ⁸.
2020 3201 2234 3232 Postmodum
2257 3211 2332 3232 vero
2372 3201 2535 3243 subiungit
2561 3200 2598 3233 ti-

1536 3244 1644 3274 mitate
1668 3245 1756 3284 quod
1776 3244 1951 3275 obedientia
1974 3245 2111 3276 hominis
2127 3251 2174 3276 est
2196 3245 2306 3276 eadem
2322 3247 2425 3286 specie
2439 3245 2474 3276 *ε
2507 3244 2598 3287 quasi

2625 3206 2636 3218 ⁹
2649 3206 2687 3229 cf.
2701 3210 2751 3230 ποι.
2764 3208 2786 3232 λ.

2625 3251 2636 3263 ·
2649 3250 2687 3274 Cf.
2701 3254 2750 3275 not.
2765 3258 2791 3282 μ.

1591 3332 1642 3361 Ad
1666 3332 1727 3362 hoc
1750 3332 1863 3362 dicitur
1893 3333 1981 3373 quod
2012 3332 2189 3364 obedientia
2218 3340 2361 3374 respectu
2385 3332 2460 3371 Dei,
2485 3338 2515 3363 et
2538 3332 2596 3363 ho-

1535 3375 1646 3411 minis,
1672 3383 1718 3407 est
1742 3376 1985 3416 quodammodo
2009 3377 2120 3414 unius,
2146 3384 2176 3408 et
2198 3377 2440 3418 quodammodo
2470 3375 2597 3406 alterius

1535 3419 1675 3450 rationis.
1696 3420 1779 3450 Nam
1795 3421 1972 3451 secundum
1987 3421 2149 3461 propriam
2166 3420 2372 3451 differentiam
2389 3419 2596 3457 obedientiae,

1535 3473 1617 3504 quae
1641 3473 1677 3494 ex
1701 3464 1825 3494 obiecto
1849 3465 1995 3501 sumitur,
2021 3465 2115 3496 unius
2138 3471 2185 3495 est
2207 3463 2350 3495 rationis:
2375 3463 2450 3505 quia
2472 3473 2596 3504 praece-

1536 3514 1628 3548 ptum
1652 3507 1835 3544 formaliter,
1853 3518 1870 3538 a
1887 3518 2093 3550 quocumque
2116 3507 2170 3540 fiat
2193 3515 2224 3540 et
2245 3508 2284 3539 de
2307 3517 2514 3549 quocumque
2532 3507 2595 3545 fiat,

1537 3551 1631 3582 unius
1655 3558 1701 3582 est
1722 3551 1860 3583 rationis.
1886 3553 1926 3583 Et
1949 3553 2010 3583 hoc
2034 3560 2080 3584 est
2102 3552 2190 3593 quod
2214 3551 2318 3592 primo
2341 3551 2373 3582 in
2396 3551 2498 3582 littera
2522 3562 2596 3583 con-
