2860 4238
27 3185 100 3284 {a

82 3232 141 3255 ortis

916 232 1181 278 QUAESTIO
1216 233 1371 280 CXXII,
1401 235 1695 273 ARTICULUS
1725 237 1775 273 IV

261 303 349 354 siam,
366 314 424 335 nec
447 305 540 337 habet
563 307 612 338 cui
637 315 703 339 tute
727 309 914 346 committat,
936 309 1019 341 licite
1042 311 1074 340 in
1098 311 1178 342 festo
1203 312 1320 342 omittit

261 357 402 378 missam.

315 392 415 428 Hinc,
439 394 479 423 ad
502 394 667 425 vitandum
695 406 867 427 commune
895 398 1049 427 damnum
1073 399 1262 438 reipublicae
1289 405 1320 429 et

260 436 438 466 multorum
461 438 666 477 privatorum,
690 439 773 470 licite
791 440 824 470 in
839 440 919 471 festo
935 449 1117 473 exercentur
1133 453 1319 473 communes

259 486 339 509 artes
369 489 450 520 quae
474 482 746 513 continuationem
769 484 872 523 operis
903 485 1021 524 absque
1048 485 1233 517 discretione
1256 487 1320 516 die-

260 532 332 553 rum
355 524 528 564 requirunt,
552 525 595 556 ita
618 526 707 566 quod
730 526 756 556 si
773 534 933 566 oporteret
953 528 1125 560 discernere
1141 530 1220 561 inter
1236 531 1320 560 diem

260 573 291 597 et
312 567 407 603 diem,
432 578 498 599 non
521 569 735 600 invenirentur
757 577 837 600 artes
859 570 946 607 istae,
971 572 1062 603 utiles
1079 583 1114 604 ac
1131 574 1320 604 necessariae

259 610 449 650 reipublicae
472 619 503 642 et
525 612 653 652 privatis
676 613 794 644 multis.
825 614 1020 645 Huiusmodi
1045 625 1151 648 autem
1175 625 1249 648 sunt
1272 627 1320 647 ars

260 654 435 694 navigativa
450 656 624 691 maritima;
645 663 676 686 et
694 657 837 687 similiter
853 668 1004 695 cursores,
1020 661 1139 700 pedites
1155 661 1218 691 sive
1233 661 1320 701 equi-

259 703 324 733 tes;
348 706 520 739 coquentes
542 700 664 735 lateres,
688 701 816 737 calcem,
833 712 1005 741 saponem;
1030 711 1059 734 et
1082 705 1238 745 quidquid
1261 705 1320 736 hu-

260 740 400 772 iusmodi
416 750 473 774 est.
489 743 573 773 Nam
589 743 614 772 si
627 751 787 783 oporteret
802 745 962 785 quiescere
978 747 1063 777 sestis
1079 748 1200 784 diebus,
1213 749 1321 779 nullus

259 784 450 816 inveniretur
473 786 613 817 marinus
636 794 748 818 nauta:
774 790 928 829 quoniam
945 791 1098 821 damnosa
1114 799 1195 823 esset
1217 802 1275 828 ars,
1291 798 1322 822 et

259 827 464 868 impossibilis
488 840 590 870 saepe.
622 831 673 861 Sic
696 832 839 863 similiter
866 834 972 864 nullus
997 835 1190 866 inveniretur
1213 845 1321 866 cursor

259 872 299 902 ad
322 873 385 903 hoc
401 883 484 913 opus
508 874 687 914 deputatus,
712 882 747 906 ut
770 876 851 907 infra
873 883 921 907 tot
943 878 1037 908 horas
1061 879 1100 909 sit
1122 879 1154 909 in
1178 879 1251 910 loco
1275 879 1321 908 di-

260 916 365 952 stanti,
381 923 454 948 etc.:
479 918 643 958 quoniam,
666 918 812 949 habendo
836 921 991 951 rationem
1014 922 1150 958 dierum,
1175 922 1321 962 impossi-

260 959 321 990 bile
345 960 523 1001 frequenter
546 969 628 992 esset
649 962 711 993 hoc
734 962 874 1000 efficere,
899 974 973 994 cum
1004 972 1108 995 tamen
1136 966 1198 996 hoc
1229 975 1321 1005 saepe

259 1010 406 1043 oporteat
426 1004 503 1035 fieri.
527 1006 592 1036 Nec
615 1006 729 1036 rationi
748 1007 871 1038 videtur
885 1018 1064 1039 consonum
1088 1015 1123 1039 ut
1146 1015 1263 1048 spectet
1282 1009 1321 1038 ad

259 1055 402 1078 cursores
426 1048 580 1079 discutere
599 1049 819 1080 sufficientiam
837 1052 1028 1082 necessitatis
1047 1062 1158 1082 causae
1181 1062 1239 1092 pro
1259 1062 1322 1093 qua

259 1090 410 1122 mittitur:
441 1092 521 1123 sicut
548 1093 763 1123 universaliter
785 1094 838 1124 alii
860 1094 991 1125 artifices
1015 1105 1080 1125 non
1103 1103 1260 1136 quaerunt
1282 1096 1321 1126 ad

259 1135 338 1174 quid
360 1135 406 1165 vis
430 1136 515 1166 hunc
537 1136 694 1176 gladium,
719 1137 795 1167 haec
818 1147 923 1175 arma,
947 1138 1028 1169 hanc
1050 1139 1174 1176 lanam,
1192 1146 1250 1170 etc.
1275 1139 1321 1170 Si-

259 1177 375 1209 militer
397 1188 463 1209 non
486 1180 701 1210 invenirentur
722 1180 778 1220 qui
802 1189 976 1221 coquerent
998 1183 1127 1219 lateres,
1153 1191 1182 1214 et
1211 1183 1320 1214 huius-

259 1222 365 1258 modi,
391 1223 510 1254 multos
537 1223 603 1253 dies
630 1223 787 1263 exigentes
811 1225 850 1255 ad
873 1226 1068 1257 coctionem:
1091 1227 1141 1257 vel
1169 1227 1244 1268 quia
1268 1228 1321 1257 da-

259 1274 374 1297 mnosa
397 1273 478 1298 esset
499 1276 572 1307 aru
589 1267 641 1297 vel
658 1267 865 1307 impossibilis
880 1278 960 1300 esset
983 1270 1038 1300 ubi
1061 1271 1132 1310 plus
1156 1281 1253 1311 quarn
1269 1281 1322 1302 sex

247 1307 525 1350 Q-exig‘untur,
548 1320 623 1341 cum
637 1311 790 1351 septimus
809 1313 944 1353 quisque
963 1314 1029 1344 dies
1051 1315 1149 1346 festus
1165 1315 1213 1345 sit.
1238 1315 1322 1346 HInc

258 1363 390 1396 quoque
412 1354 446 1384 in
469 1354 579 1385 itinere
600 1355 724 1386 licitum
744 1362 791 1386 est
813 1356 863 1386 die
887 1357 967 1388 festo
991 1367 1075 1398 equo
1099 1358 1218 1389 ferrum
1233 1369 1320 1400 repa-

258 1407 336 1434 mre,
360 1404 392 1428 et
413 1397 609 1434 huiusmodi,
625 1399 665 1428 ad
680 1398 846 1430 vitandum
861 1400 1030 1431 imminens
1047 1403 1202 1432 damnum
1217 1403 1321 1442 coepti

257 1441 393 1478 itineris,
417 1449 473 1472 aut
495 1442 672 1482 perdendae
695 1444 852 1474 societatis
874 1444 907 1474 in
931 1445 1040 1476 itinere
1062 1446 1254 1476 inchoando.
1286 1447 1321 1476 In

257 1486 308 1518 hi·
329 1484 489 1526 siquidem
511 1485 672 1522 omnibus,
696 1494 726 1517 et
749 1487 916 1524 similibus,
939 1489 1018 1519 ratio
1032 1489 1151 1520 vitandi
1167 1490 1321 1520 damnum

257 1529 428 1561 inminens
451 1539 548 1570 opera
570 1531 734 1561 constituit
762 1538 846 1562 extra
873 1532 1031 1571 prohibita
1058 1533 1091 1563 in
1118 1533 1214 1564 festo:
1247 1534 1323 1574 quia

257 1574 309 1605 vel
327 1572 472 1604 transfert
487 1573 541 1603 illa
555 1573 588 1603 in
604 1574 750 1604 ordinem
765 1575 988 1606 communium
1005 1577 1143 1607 dominis
1160 1584 1190 1607 et
1209 1578 1321 1614 servis;

257 1618 309 1649 vel
330 1617 372 1647 ad
393 1616 607 1648 imitationem
629 1617 704 1648 dicti
728 1618 847 1648 ordinis
869 1619 1001 1650 reducit.

313 1660 396 1692 xlv.
421 1661 457 1690 In
479 1668 566 1692 sexto
589 1670 663 1691 casu
679 1662 706 1698 *‚
731 1663 784 1692 ubi
809 1662 892 1693 licita
912 1673 949 1693 ex
964 1664 1193 1695 consuetudine
1215 1665 1322 1695 locan-

258 1710 329 1744 tur,
351 1704 548 1736 discutienda
569 1704 675 1744 primo
698 1713 773 1737 sunt
791 1707 995 1737 non-servilia
1018 1717 1054 1738 ex
1077 1715 1194 1739 statuto
1214 1709 1322 1740 Eccle-

257 1748 324 1780 siae
337 1748 371 1786 *3
394 1754 427 1779 et
441 1748 555 1779 deinde
571 1748 680 1779 omnia
695 1759 734 1780 ex
749 1751 979 1781 consuetudine
1001 1751 1086 1783 licita
1101 1753 1260 1783 tractanda
1277 1753 1321 1784 **.

257 1792 496 1824 Prohibitorum
509 1793 604 1832 igitur
627 1794 666 1823 ab
689 1794 828 1824 Ecclesia
850 1794 883 1824 in
899 1794 985 1825 festis
1007 1795 1148 1835 primum
1169 1803 1216 1827 est
1238 1807 1320 1827 mer-

221 1847 231 1859 1
257 1837 329 1869 euri
341 1836 369 1868 *.
393 1836 456 1867 Ubi
478 1836 665 1876 prohibetur
687 1844 867 1869 contractus
883 1838 1054 1879 emptionis
1069 1847 1100 1871 et
1113 1840 1321 1871 venditionis:

257 1887 291 1912 et
311 1880 527 1912 universaliter
549 1880 796 1921 negotiationes,
819 1882 993 1913 locationes
1017 1893 1053 1913 ac
1077 1884 1320 1921 conductiones;

258 1931 335 1956 sum
362 1934 501 1965 namque
532 1925 651 1965 species
679 1926 888 1963 venditionis,
922 1927 1076 1967 quoniam
1109 1938 1186 1958 usus
1215 1939 1321 1959 rerum

256 1968 404 2000 venditur
424 1969 476 1999 vel
498 1969 622 2000 emitur.
646 1969 688 1999 Et
710 1970 856 2010 quamvis
879 1971 955 2002 haec
977 1981 1074 2011 opera
1093 1982 1159 2002 non
1175 1972 1238 2003 sint
1260 1983 1322 2003 ser-

257 2013 342 2049 vilia,
365 2013 497 2044 fundata
518 2019 626 2043 tamen
645 2019 691 2043 est
714 2014 886 2054 prohibitio
909 2015 968 2045 ista
983 2015 1139 2046 Ecclesiae
1156 2026 1251 2057 super
1266 2018 1322 2047 ob-

258 2056 469 2088 servationem
483 2057 604 2088 sabbati
626 2058 712 2097 apud
736 2058 879 2095 Iudaeos,
896 2059 950 2099 qui
975 2069 1042 2089 non
1065 2060 1212 2091 emebant
1227 2061 1322 2091 etiam

257 2108 416 2132 aromata:
440 2102 476 2131 ut
498 2108 584 2141 patet
602 2111 639 2131 ex
655 2102 732 2132 Luc.
747 2112 822 2132 xxm
835 2102 862 2138 *,
883 2103 938 2133 ubi
962 2103 1075 2134 dicitur
1097 2105 1187 2145 quod
1209 2105 1321 2136 mulie—

258 2155 308 2176 res
329 2145 471 2182 sabbato,
494 2145 669 2176 secundum
693 2146 892 2184 mandatum,
916 2147 1077 2178 siluerunt
1083 2155 1096 2185 ,·
1119 2155 1149 2179 et
1170 2158 1207 2179 ex
1225 2149 1321 2180 Marc.

256 2198 311 2220 xvr
323 2188 353 2226 θ,
369 2189 425 2220 ubi
441 2189 570 2220 dicitur:
594 2190 682 2219 Dum
703 2191 872 2221 transisset
893 2191 1072 2229 sabbatum,
1089 2198 1235 2223 emerunt
1249 2203 1321 2224 aro-

258 2238 358 2264 mata.
389 2233 504 2263 Emere
533 2240 640 2264 autem
663 2240 694 2264 et
714 2234 850 2264 vendere
876 2235 1083 2266 comestibilia
1107 2246 1165 2276 pro
1191 2236 1247 2267 illo
1271 2237 1322 2268 die

258 2277 350 2308 nullo
372 2277 454 2308 forte
476 2283 621 2317 tempore
644 2277 704 2308 fuit
727 2278 936 2318 prohibitum.

313 2321 499 2352 Secundum
526 2328 635 2352 autem
664 2322 900 2361 prohibitorum
923 2330 969 2353 est
997 2323 1128 2363 litigare
1142 2323 1170 2354 *.
1202 2324 1265 2355 Ubi
1288 2324 1321 2355 in

258 2365 394 2396 dubium
421 2365 568 2402 vertitur,
593 2375 634 2395 an
659 2366 751 2396 liceat
779 2366 950 2396 informare
979 2366 1117 2397 iudicem
1146 2367 1179 2398 in
1211 2368 1322 2399 diebus

257 2407 354 2446 betis,
378 2419 453 2440 cum
471 2410 626 2440 advocato
642 2416 673 2440 et
690 2417 904 2450 procuratore.
928 2410 968 2441 Et
984 2417 1030 2441 est
1044 2411 1123 2442 ratio
1141 2411 1229 2442 dubii
1247 2413 1323 2453 quia

257 2453 370 2485 endem
385 2453 508 2484 videtur
521 2453 601 2484 ratio
625 2454 715 2494 quod
738 2454 943 2494 prohibeatur
965 2454 1158 2491 informatio,
1180 2462 1210 2486 et
1233 2457 1322 2497 quod

256 2497 462 2539 prohibeatur
484 2497 630 2537 litigatio:
655 2508 729 2528 cum
752 2498 821 2538 ipsa
842 2498 1027 2529 informatio
1051 2506 1082 2529 et
1104 2507 1206 2539 partes
1226 2507 1256 2531 et
1274 2501 1323 2531 iu-

256 2541 362 2573 dicem
382 2542 475 2572 valde
496 2541 648 2572 distrahat
670 2552 688 2572 a
710 2542 833 2573 divinis.
863 2543 899 2572 In
926 2543 1114 2582 oppositum
1137 2551 1246 2574 autem
1275 2552 1322 2576 est

257 2585 334 2627 quia
355 2585 540 2616 informatio
564 2595 631 2616 non
654 2593 701 2617 est
722 2586 877 2617 iudicialis
899 2593 1004 2617 actus:
1029 2597 1064 2617 ac
1087 2597 1143 2627 per
1158 2587 1230 2624 hoc,
1255 2598 1320 2619 non

257 2629 447 2671 prohibitus.
470 2646 492 2653 -
514 2629 577 2660 Sed
598 2630 640 2659 ad
661 2630 724 2660 hoc
747 2630 918 2661 dicendum
939 2637 986 2661 est
1008 2632 1097 2672 quod
1119 2631 1242 2662 licitum
1257 2640 1319 2663 est:

257 2673 332 2716 quia
354 2674 418 2704 hoc
440 2683 507 2703 non
529 2673 590 2703 nisi
612 2673 653 2703 ad
673 2674 942 2705 illuminationem
961 2674 1074 2705 iudicis
1097 2675 1270 2712 ordinatur,
1286 2687 1322 2707 ac

257 2726 314 2760 per
341 2717 423 2756 hoc,
448 2717 488 2747 ad
515 2716 693 2756 spirituale;
723 2724 755 2748 et
781 2718 894 2748 nullibi
923 2718 1084 2749 invenitur
1113 2719 1319 2759 prohibitum.

257 2762 345 2801 Quin
367 2761 476 2802 potius
495 2761 646 2791 continue
668 2761 730 2791 hoc
751 2760 788 2792 fit
802 2761 836 2791 in
851 2761 1027 2792 Dominicis
1051 2769 1082 2793 et
1104 2762 1190 2793 festis
1209 2764 1320 2794 diebus

257 2806 291 2838 in
313 2806 461 2837 Romana
483 2804 598 2841 Curia,
625 2805 755 2845 quando
784 2805 834 2835 die
862 2806 1006 2845 sequenti
1036 2808 1245 2846 proponenda
1275 2815 1321 2838 est

258 2860 352 2882 causa
366 2850 400 2880 in
416 2850 509 2880 Rota.
533 2849 576 2879 Et
596 2848 670 2879 licet
691 2849 750 2879 ista
765 2858 863 2888 opera
881 2849 1054 2880 distrahant
1072 2860 1090 2880 a
1106 2850 1229 2887 divinis,
1246 2852 1321 2892 quia

257 2901 365 2926 tamen
387 2903 426 2925 ex
448 2903 508 2924 suo
530 2902 644 2933 genere
667 2902 733 2923 non
752 2899 826 2923 sunt
844 2893 975 2929 servilia,
991 2900 1021 2924 et
1040 2904 1077 2924 ex
1095 2895 1231 2934 positiva
1253 2895 1321 2935 lege

258 2948 325 2970 non
347 2945 422 2969 sunt
444 2937 613 2978 prohibita,
637 2939 730 2967 restat
752 2943 789 2967 ut
810 2936 873 2967 sint
894 2936 989 2968 licita.
1012 2938 1223 2969 Prohibentur
1246 2949 1320 2979 ergo

258 2982 406 3014 homines
433 2981 553 3021 litigare
581 2981 689 3021 quoad
715 2980 879 3011 iudiciales
901 2986 1004 3017 actus,
1028 2981 1060 3011 in
1084 2981 1195 3012 diebus
1214 2982 1319 3013 festis:

257 3033 329 3058 actu
352 3026 534 3067 appellandi
557 3024 705 3064 excepto,
729 3025 785 3065 qui
807 3025 840 3054 in
865 3024 954 3054 omni
978 3031 1121 3065 tempore
1146 3026 1250 3056 licitus
1273 3037 1319 3056 re-

257 3077 396 3112 putatur.

313 3114 459 3146 Tertium
482 3119 590 3143 autem
615 3112 852 3152 prohibitorum
875 3118 922 3142 est
950 3112 1094 3142 iudicare
1119 3113 1163 3143 ad
1186 3118 1318 3144 mortem

259 3159 310 3191 vel
331 3158 374 3189 ad
397 3167 553 3198 poenam,
581 3164 612 3187 et
635 3156 850 3187 universaliter
872 3156 1049 3196 procedere
1071 3161 1101 3186 et
1129 3158 1318 3188 sententiam

203 3213 231 3234 e,
249 3203 348 3245 serre
358 3202 384 3233 ¹¹¹.
410 3202 476 3232 Sub
491 3211 555 3241 qua
569 3199 757 3231 inhibitione
771 3210 838 3230 non
852 3199 994 3240 intelligo
1009 3199 1182 3240 prohibitas
1197 3207 1320 3231 senten-

257 3246 314 3278 tias
338 3244 674 3276 excommunicationis
697 3254 776 3285 quas
799 3243 927 3284 praelati
950 3243 1070 3274 faciunt
1091 3243 1264 3275 inhibendo
1279 3255 1319 3275 ne

257 3290 376 3331 aliquid
399 3289 468 3320 fiat:
493 3288 648 3329 quoniam
670 3287 732 3318 hoc
751 3297 817 3318 non
833 3294 880 3318 est
901 3288 1070 3327 procedere
1093 3295 1148 3319 aut
1170 3289 1319 3326 iudicare,

257 3335 312 3365 sed
339 3334 429 3375 quasi
451 3333 552 3373 legem
578 3332 724 3363 condere.
755 3331 795 3362 Et
817 3331 974 3371 quoniam
996 3332 1045 3362 ius
1069 3332 1182 3372 excipit
1205 3342 1222 3363 a
1245 3342 1318 3372 pro-

257 3387 346 3409 cessu
370 3385 401 3408 et
423 3377 541 3408 iudicio
566 3386 674 3407 causas
697 3376 893 3406 necessitatis
915 3376 965 3406 vel
980 3377 1126 3415 pietatis,
1151 3376 1317 3407 rationabi-

256 3422 326 3453 liter
348 3421 472 3452 videtur
499 3421 588 3462 quod
619 3430 693 3450 cum
720 3419 901 3450 immanitas
930 3419 1052 3450 sceleris
1081 3420 1198 3450 notorii
1225 3420 1318 3460 exigit

257 3472 386 3506 captum
409 3465 514 3496 subito
538 3463 688 3504 suspendi
711 3470 766 3494 aut
789 3463 947 3500 decollari,
971 3463 1091 3504 absque
1114 3473 1263 3504 processu
1287 3471 1318 3494 et

257 3509 428 3546 sententia,
451 3516 487 3540 ut
509 3518 603 3548 saepe
621 3507 752 3547 contigit
770 3507 903 3547 publicis
921 3507 1114 3544 latronibus,
1138 3507 1221 3538 licite
1244 3517 1317 3548 pos-

258 3553 320 3584 sint
342 3553 375 3583 in
399 3553 449 3583 die
471 3553 552 3583 festo
576 3559 678 3582 morte
701 3551 797 3581 affici:
822 3558 858 3582 ut
885 3551 1083 3582 consuetudo
1106 3551 1229 3582 videtur
1255 3561 1317 3582 ser-

2350 241 2426 286 483

1370 322 1442 343 vare
1466 314 1504 343 de
1528 313 1620 350 facto,
1645 315 1723 345 dum
1746 315 1839 345 multi
1861 315 1893 345 in
1917 315 2101 346 nemoribus
2125 317 2375 357 suspenduntur,
2400 323 2430 347 et

1371 356 1566 389 huiusmodi.

1427 401 1585 437 Quartum
1615 402 1848 441 prohibitorum
1872 410 1918 433 est
1944 403 2056 434 iurare
2063 426 2074 441 ‚
2099 405 2160 434 nisi
2182 414 2245 444 pro
2268 413 2352 443 pace
2381 404 2431 434 vel

1371 444 1437 474 alia
1462 446 1646 475 necessitate
1660 445 1686 476 *.
1711 446 1809 482 Quod
1833 446 1972 486 intelligo
1997 447 2103 477 solum
2127 448 2164 477 de
2188 447 2366 478 iuramento
2382 447 2431 477 iu-

1371 487 1484 518 diciali.
1509 488 1662 528 Alioquin
1686 490 1744 519 sub
1768 497 1935 530 praecepto
1951 490 2073 521 caderet
2096 501 2160 521 non
2179 491 2282 522 iurare
2298 491 2330 522 in
2350 490 2429 521 festo

1373 529 1413 572 (si
1437 541 1539 562 canon
1563 532 1616 562 ille
1634 540 1838 573 praeceptum
1861 532 2033 575 contineo:
2058 541 2089 564 et
2111 534 2154 565 sic
2177 535 2310 575 quilibet
2334 534 2430 565 indis-

1374 581 1464 611 crete,
1481 585 1547 605 non
1571 583 1676 606 tamen
1699 576 1790 613 falso,
1806 577 1912 607 iurans
1934 577 1967 607 in
1984 577 2063 608 festo
2083 586 2224 618 peccaret
2242 578 2429 614 mortaliter;

1373 619 1462 658 quod
1486 626 1609 649 constat
1631 630 1698 650 esse
1722 620 1846 651 falsum.

1429 662 1490 692 Sed
1513 669 1588 692 tunc
1612 663 1772 694 obiicitur:
1806 664 1880 704 quia
1911 674 1947 694 ex
1977 674 2042 704 quo
2070 665 2138 695 lites
2167 672 2198 695 et
2219 665 2334 696 iudicia
2357 673 2432 696 sunt

1373 705 1531 745 prohibita
1554 706 1585 736 in
1610 706 1699 743 festo,
1720 707 1878 747 superflue
1893 707 2068 738 iuramenta
2082 708 2240 739 iudicialia
2262 709 2430 749 prohiben-

1373 755 1433 779 tur.
1449 766 1470 772 -
1486 749 1546 779 Sed
1562 750 1622 780 hoc
1638 757 1743 789 potest
1758 751 1919 790 tripliciter
1937 751 2027 782 solvi.
2047 752 2165 788 Primo,
2181 753 2270 793 quod
2289 759 2431 793 tempore

1373 802 1439 833 quo
1463 793 1610 823 conditus
1633 801 1680 825 est
1701 794 1754 824 ille
1777 804 1890 830 canon,
1912 795 1945 825 in
1969 795 2115 826 Concilio
2139 796 2387 836 Compendiensi
2402 797 2430 832 ¹⁸,

1373 836 1476 866 adhuc
1495 846 1561 866 non
1580 844 1667 867 erant
1685 838 1891 869 ecclesiastica
1908 839 2024 869 iudicia
2043 840 2216 879 prohibita;
2240 850 2322 880 quae
2345 847 2430 880 post-

1374 880 1508 909 modum
1525 880 1694 920 Gregorius
1711 882 1763 918 IX,
1779 882 1811 911 in
1828 892 1896 921 cap.
1912 882 2119 922 Conquestus,
2144 884 2315 923 prohibuit.
2334 901 2355 907 -
2378 884 2430 914 Se—

1374 923 1480 953 cundo
1503 923 1616 954 dicitur
1638 926 1736 964 quod,
1761 926 1834 965 quia
1857 925 1959 956 adhuc
1983 933 2099 957 restant
2120 927 2236 958 iudicia
2259 928 2430 968 aliquando

1373 966 1406 996 in
1430 966 1515 997 festis
1537 967 1630 1003 licita,
1655 968 1771 999 scilicet
1794 979 1886 999 causa
1910 970 2098 1001 necessitatis
2120 971 2170 1001 vel
2193 971 2326 1011 pietatis,
2349 971 2430 1001 inhi-

1373 1010 1487 1040 bentur
1509 1011 1684 1041 iuramenta
1710 1013 1894 1051 praestanda
1917 1013 1949 1042 in
1972 1013 2076 1050 festis,
2101 1021 2137 1044 ut
2159 1017 2280 1045 Auctor
2303 1015 2431 1054 exponit

1374 1054 1519 1092 superius
1542 1054 1575 1084 in
1598 1064 1653 1095 qu.
1671 1065 1794 1095 Lxxnx,
1815 1063 1869 1087 art.
1890 1056 1964 1092 ult.‚
1989 1067 2047 1096 pro
2071 1058 2164 1088 rebus
2186 1059 2430 1098 temporalibus,

1374 1097 1433 1127 nisi
1456 1097 1537 1128 forte
1551 1098 1583 1127 in
1600 1108 1714 1138 magna
1730 1099 1921 1134 necessitate,
1939 1109 2004 1129 non
2020 1108 2126 1131 autem
2144 1111 2202 1141 pro
2219 1102 2432 1141 spiritualibus

1375 1141 1517 1181 negotiis.
1542 1142 1583 1172 Et
1602 1142 1680 1172 ratio
1697 1152 1753 1172 sua
1770 1149 1816 1172 est
1839 1142 1912 1183 quia
1931 1143 2015 1173 festis
2032 1144 2141 1174 diebus
2158 1152 2203 1175 est
2219 1145 2431 1185 spiritualibus

1374 1186 1467 1215 rebus
1483 1186 1668 1222 vacandum,
1686 1196 1752 1216 non
1768 1186 2005 1226 temporalibus,
2028 1205 2049 1210 -
2072 1187 2182 1218 Posset
2200 1195 2230 1219 et
2252 1189 2343 1220 tertio
2360 1190 2431 1225 dici,

1373 1229 1458 1260 iuxta
1482 1229 1575 1260 istam
1590 1230 1738 1260 Auctoris
1754 1230 1997 1267 distinctionem,
2014 1232 2102 1271 quod
2125 1232 2174 1261 lex
2189 1233 2360 1272 exprimere
2375 1243 2432 1262 vo-

1373 1273 1433 1303 luit
1454 1273 1487 1302 in
1511 1273 1614 1313 specie
1632 1274 1807 1304 iuramenta
1827 1274 1983 1304 iudicialia
2006 1285 2064 1314 pro
2089 1276 2315 1316 temporalibus
2331 1276 2432 1306 causis

1372 1317 1503 1356 intelligi
1526 1317 1693 1357 prohibita.
1726 1318 1809 1354 Quia
1839 1317 1924 1348 enim
1956 1325 2043 1349 actus
2072 1319 2194 1349 iurandi
2223 1320 2261 1350 de
2285 1330 2317 1350 se
2339 1320 2433 1351 habet

1373 1361 1534 1401 quandam
1563 1361 1832 1400 spiritualitatem,
1858 1371 1931 1392 cum
1959 1362 1998 1392 sit
2024 1370 2111 1393 actus
2134 1363 2311 1403 religionis,
2334 1363 2431 1394 videri

1373 1404 1531 1444 siquidem
1562 1411 1684 1444 poterat
1712 1405 1800 1445 quod
1829 1415 1988 1436 consonus
2012 1413 2092 1437 esset
2114 1406 2168 1437 fini
2191 1407 2314 1437 dierum
2337 1407 2432 1438 festo-

1374 1458 1455 1478 rum.
1486 1448 1526 1478 Et
1549 1447 1664 1478 idcirco
1691 1459 1755 1478 non
1780 1449 1977 1488 superfluum
2004 1449 2063 1480 fuit
2093 1451 2266 1490 specialiter
2292 1451 2432 1481 inhibere

1373 1491 1550 1522 iuramenta
1573 1491 1732 1522 iudicialia
1754 1492 1787 1522 in
1810 1492 1899 1523 festo.

1429 1535 1497 1565 XV.
1515 1535 1573 1565 His
1595 1535 1690 1574 igitur
1713 1536 1873 1575 expeditis,
1890 1537 1930 1566 ad
1945 1544 2068 1567 sextum
2091 1547 2199 1568 casum
2223 1538 2384 1568 redeundo
2403 1538 2430 1574 *,

1374 1588 1411 1608 ex
1426 1579 1655 1609 consuetudine
1678 1579 1779 1610 multa
1802 1590 1898 1619 opera
1921 1581 2051 1616 servilia,
2072 1587 2103 1611 et
2125 1581 2329 1611 non-servilia
2351 1591 2432 1621 quae

1374 1629 1480 1653 tamen
1503 1622 1662 1662 prohibita
1689 1630 1771 1658 sunt,
1790 1623 1886 1653 hodie
1908 1623 1990 1654 licite
2014 1632 2212 1655 exercentur:
2237 1632 2272 1655 ut
2296 1635 2432 1665 coquere
2482 1647 2488 1655 .

1375 1666 1477 1702 cibos;
1497 1666 1640 1696 itinerare
1655 1667 1752 1706 longo
1768 1667 1887 1702 itinere,
1904 1668 1991 1707 quod
2007 1667 2039 1698 in
2054 1668 2150 1698 veteri
2165 1669 2233 1708 lege
2249 1679 2315 1699 non
2329 1668 2432 1705 fiebat,

1374 1711 1449 1751 quia
1472 1710 1562 1751 quasi
1585 1710 1734 1740 serviliter
1755 1709 1791 1741 fit
1812 1711 1946 1751 longum
1969 1711 2041 1747 iter;
2066 1722 2169 1742 emere
2192 1720 2222 1743 et
2244 1713 2376 1743 vendere
2399 1713 2432 1743 in

1373 1754 1534 1790 nundinis,
1554 1765 1634 1794 quas
1657 1754 1796 1794 praelati,
1819 1755 1949 1785 scientes
1970 1763 2135 1786 consuetas
2151 1766 2226 1792 esse,
2246 1766 2309 1786 nou
2329 1766 2432 1796 repre-

1374 1799 1537 1835 hendunt;
1561 1808 1667 1829 carnes
1690 1798 1824 1828 vendere
1847 1799 1879 1829 in
1904 1799 2046 1835 macello,
2072 1800 2215 1839 navigare
2237 1800 2270 1830 in
2294 1799 2432 1830 flumini-

1373 1843 1451 1879 bus,
1475 1843 1580 1872 locare
1603 1842 1842 1882 conducereque
1867 1852 1883 1872 e
1906 1853 1966 1873 uos
1989 1853 2025 1874 ac
2048 1844 2208 1883 operarios
2231 1854 2290 1884 pro
2314 1844 2364 1874 die
2387 1854 2433 1874 se-

1373 1886 1498 1929 quenti;
1523 1886 1572 1916 ius
1596 1886 1697 1917 dicere
1713 1886 1845 1922 rusticis,
1868 1896 1888 1916 u
1912 1887 1985 1917 iest
2000 1894 2205 1924 consuetum;
2229 1888 2363 1918 vendere
2378 1899 2432 1918 au-

1374 1930 1515 1961 ctoritate
1538 1930 1664 1970 publica
1688 1930 1820 1970 pignora
1836 1930 1868 1960 in
1884 1931 2128 1967 subhastatione,
2145 1932 2178 1962 in
2201 1931 2279 1962 locis
2298 1931 2352 1962 ubi
2369 1941 2432 1962 em-

1374 1981 1480 2015 ptores
1504 1974 1571 2004 aliis
1595 1974 1705 2004 diebus
1735 1983 1799 2004 non
1824 1982 2008 2014 comparent
2038 1982 2068 2005 et
2095 1975 2138 2006 sic
2163 1974 2230 2005 fieri
2253 1975 2432 2012 consuevit;

1374 2029 1448 2049 cum
1471 2018 1561 2059 equis
1591 2025 1645 2048 aut
1668 2018 1763 2048 mulis
1793 2018 1975 2049 continuare
1997 2026 2173 2055 vecturam,
2199 2019 2366 2059 praecipue
2393 2020 2432 2049 ad

1373 2069 1476 2103 partes
1500 2068 1653 2098 remotas;
1677 2061 1824 2092 inchoare
1846 2072 1921 2092 vero
1939 2062 2100 2093 abusionis
2116 2070 2205 2094 esset.
2228 2064 2302 2094 Non
2326 2070 2432 2094 tamen

1374 2106 1486 2137 dicitur
1508 2106 1657 2136 inchoare
1680 2106 1735 2146 qui
1759 2106 1808 2136 die
1833 2106 1912 2136 festo
1934 2117 2007 2137 cum
2022 2107 2117 2137 mulis
2132 2107 2238 2138 vacuis
2261 2108 2300 2137 ad
2323 2108 2432 2138 locum

1374 2150 1501 2186 accedit,
1518 2157 1553 2181 ut
1568 2150 1711 2190 sequenti
1728 2150 1778 2180 die
1793 2150 1931 2180 inveniat
1947 2161 1979 2181 se
1996 2161 2068 2181 cum
2086 2151 2181 2181 mulis
2197 2151 2327 2181 ibidem:
2351 2161 2432 2192 quo-

1374 2195 1460 2225 niam
1482 2194 1544 2225 hoc
1567 2203 1632 2224 non
1656 2201 1702 2224 est
1725 2193 1784 2224 nisi
1806 2193 1960 2224 itinerare.
1986 2194 2068 2225 Infra
2084 2195 2178 2225 etiarn
2193 2195 2328 2226 itinerari
2345 2205 2431 2225 corn-

1375 2238 1652 2279 prehende‘opera
1674 2237 1855 2268 mulionum
1884 2238 2046 2278 agentium
2069 2239 2176 2269 mulos
2199 2249 2272 2270 cum
2295 2239 2377 2269 lecto
2402 2246 2432 2270 et

1374 2281 1558 2313 huiusmodi
1582 2281 1760 2312 necessariis
1783 2282 1822 2312 ad
1845 2282 1920 2312 iter:
1945 2282 2097 2322 quoniam
2122 2283 2196 2313 haec
2220 2293 2275 2322 per
2289 2283 2431 2313 accidens

1373 2326 1464 2362 fiunt,
1488 2333 1617 2366 propter
1639 2326 1697 2355 iter
1719 2325 1843 2362 scilicet,
1861 2333 1891 2356 et
1906 2326 2015 2356 eadem
2031 2327 2151 2357 ratione
2174 2326 2258 2357 licita
2273 2333 2347 2357 sunt
2369 2337 2432 2367 qua

1373 2371 1431 2401 iter
1453 2370 1575 2400 licitum
1600 2376 1655 2400 est.
1680 2370 1824 2399 Vendere
1847 2379 1977 2410 quoque
2001 2377 2031 2400 et
2058 2380 2161 2400 emere
2185 2371 2315 2406 calceos,
2340 2378 2370 2401 et
2393 2371 2432 2400 si-

1373 2414 1471 2450 milia,
1488 2413 1601 2444 alicubi
1624 2413 1746 2444 licitum
1770 2421 1816 2444 est
1831 2413 1963 2450 rusticis,
1988 2424 2052 2444 non
2074 2414 2132 2444 nisi
2155 2414 2239 2444 festis
2259 2414 2369 2444 diebus
2393 2415 2431 2444 ad

1374 2458 1532 2499 oppidum
1547 2457 1744 2487 venientibus
1766 2464 1839 2487 cum
1863 2458 2006 2497 pecunia,
2023 2465 2059 2488 ut
2082 2468 2184 2488 emere
2203 2458 2325 2498 possint
2341 2458 2430 2488 talia:

1374 2503 1455 2533 sicut
1484 2503 1607 2532 Romae
1636 2501 1759 2531 licitum
1782 2508 1828 2531 est
1855 2501 1965 2532 diebus
1995 2501 2080 2532 festis
2109 2511 2211 2532 emere
2240 2512 2275 2532 ac
2298 2502 2432 2532 vendere

1373 2547 1479 2577 asinos
1502 2553 1533 2576 et
1556 2555 1666 2586 equos,
1691 2545 1766 2585 quia
1789 2545 1832 2575 sic
1855 2552 1901 2575 est
1924 2547 2133 2582 consuetudo,
2150 2546 2182 2575 in
2207 2546 2335 2585 publico
2360 2546 2430 2576 foro

1373 2591 1405 2621 in
1426 2590 1536 2620 diebus
1559 2589 1655 2624 festis,
1680 2595 1839 2629 spectante
1863 2590 1997 2620 mundo.

1429 2635 1515 2664 Haec
1535 2633 1620 2663 enim
1644 2633 1768 2669 omnia,¹
1779 2633 1834 2662 ubi
1849 2633 2011 2673 antiquata
2033 2639 2080 2663 est
2096 2633 2305 2668 consuetudo,
2322 2643 2357 2663 ac
2375 2643 2432 2672 per

1372 2678 1434 2708 hoc
1450 2688 1468 2707 a
1486 2677 1630 2717 praelatis
1647 2676 1731 2712 scita,
1748 2686 1822 2707 cum
1847 2676 1909 2706 sint
1924 2677 2075 2706 omnibus
2098 2676 2232 2712 notoria,
2250 2676 2333 2706 licita
2357 2683 2431 2707 sunt

1373 2732 1410 2752 ex
1432 2721 1501 2761 ipsa
1524 2720 1769 2756 consuetudine,
1796 2719 1927 2750 fundata
1949 2730 2044 2760 super
2072 2720 2212 2750 libertate
2235 2720 2428 2759 evangelica,

1372 2775 1435 2806 qua
1458 2774 1524 2794 non
1547 2771 1693 2794 tenemur
1716 2763 1822 2794 stricto
1842 2763 1901 2794 iuri
1924 2763 2036 2794 veteris
2055 2763 2132 2803 legis
2151 2764 2190 2793 de
2213 2763 2430 2794 observatione

1373 2809 1537 2839 festorum.

1426 2852 1467 2882 Et
1483 2851 1593 2882 eadem
1604 2851 1724 2882 ratione
1739 2850 1862 2881 licitum
1878 2857 1924 2881 est
1939 2850 2209 2881 barbitonsoribus
2225 2857 2323 2880 artem
2339 2860 2430 2881 suam

1371 2905 1511 2926 exercere
1534 2905 1635 2935 usque
1658 2894 1699 2924 ad
1720 2900 1768 2924 tot
1791 2895 1892 2924 noctis
1917 2894 2027 2930 horas,
2051 2894 2136 2924 iuxta
2158 2894 2274 2934 patriae
2298 2904 2429 2924 consue-

1371 2940 1530 2970 tudinem:
1555 2938 1696 2969 vacando
1711 2945 1816 2968 tamen
1833 2948 1888 2978 per
1905 2938 2154 2978 vigintiquatuor
2167 2938 2276 2974 horas;
2297 2938 2371 2978 quia
2386 2938 2429 2968 fe-

1371 2990 1427 3019 sta,
1451 2983 1559 3023 quoad
1582 2981 1774 3022 principium
1797 2988 1827 3012 et
1849 2981 1955 3018 finem,
1979 2981 2131 3012 inchoant
2156 2981 2331 3012 secundum
2355 2992 2428 3012 con-

1371 3027 1572 3058 suetudinem
1587 3026 1763 3065 regionum,
1788 3032 1823 3056 ut
1842 3026 1944 3062 Extra,
1964 3026 2004 3056 de
2018 3026 2104 3063 Fer„
2120 3025 2153 3055 in
2170 3036 2237 3066 cap.
2257 3025 2427 3063 Quoniam,

1372 3070 1493 3101 dicitur.
1518 3088 1538 3092 -
1559 3069 1625 3099 Nec
1653 3070 1757 3100 obstat
1786 3069 1811 3099 si
1842 3069 1962 3100 dicatur
1990 3069 2079 3110 quod
2109 3079 2172 3099 una
2195 3079 2244 3099 ars
2267 3079 2333 3099 non
2356 3069 2429 3100 facit

1371 3113 1644 3145 consuetudinem.
1669 3113 1757 3144 Tum
1773 3113 1848 3153 quia
1862 3113 2020 3144 concurrit
2035 3113 2176 3153 populus
2195 3113 2250 3153 qui
2279 3113 2428 3143 tondetur

1370 3158 1410 3188 ad
1433 3158 1514 3188 hanc
1537 3157 1808 3188 consuetudinem.
1839 3157 1926 3187 Tum
1950 3156 2025 3197 quia
2048 3157 2174 3187 scientia
2197 3157 2426 3196 praelatorum,

1371 3202 1489 3242 absque
1508 3200 1750 3241 reprehensione
1773 3211 1829 3241 per
1844 3211 1877 3231 se
1894 3201 1944 3231 vel
1967 3200 2175 3241 parochianos
2197 3201 2247 3230 vel
2270 3200 2428 3240 praedica-

1370 3252 1463 3282 tores,
1487 3245 1571 3275 licita
1593 3245 1666 3275 facit
1689 3254 1784 3284 opera
1807 3245 1891 3275 illius
1907 3244 1980 3275 artis
2003 3253 2084 3285 quae
2103 3251 2253 3274 consueta
2276 3244 2425 3274 tolerant:

1371 3296 1406 3320 ut
1432 3295 1517 3329 patet
1546 3289 1579 3319 in
1603 3289 1748 3329 exemplo
1776 3289 1850 3319 dato
1879 3289 1917 3318 de
1940 3288 2120 3318 venditione
2146 3288 2338 3318 caballorum
2362 3288 2426 3318 Ro-

1371 3343 1451 3364 mae.
1475 3350 1496 3356 -
1519 3332 1668 3363 Similiter
1691 3342 1757 3362 non
1780 3333 1883 3362 obstat
1912 3332 2000 3372 quod
2027 3331 2202 3371 capitulum
2225 3331 2304 3362 illud
2327 3331 2426 3371 expri-

1371 3383 1437 3407 mat
1452 3376 1667 3407 extensionem
1683 3376 1843 3416 temporiS,
1859 3382 1890 3406 et
1913 3385 1977 3406 non
1999 3375 2233 3406 restrictionem.
2264 3376 2427 3412 Quoniam

1371 3420 1544 3461 capitulum
1574 3420 1653 3450 illud
1683 3429 1748 3450 non
1776 3429 1876 3450 unum
1907 3426 2049 3455 tantum,
2073 3420 2127 3449 sed
2155 3419 2255 3450 multa
2282 3419 2427 3459 exprimit

1370 3464 1525 3504 disparata
1548 3464 1628 3494 inter
1651 3472 1699 3493 se:
1724 3463 1840 3494 scilicet
1862 3463 1950 3504 quod
1971 3463 2046 3500 finis
2068 3468 2098 3493 et
2121 3464 2245 3493 initium
2260 3463 2425 3504 festorum

1369 3509 1410 3539 sit
1425 3509 1516 3538 iuxta
1533 3509 1701 3548 regionum
1718 3507 1996 3545 consuetudinem;
2012 3514 2042 3538 et
2064 3507 2153 3547 quod
2176 3506 2261 3537 iuxta
2277 3506 2425 3537 solemni-

1370 3559 1466 3583 tatem
1490 3551 1644 3582 maiorem
1674 3551 1760 3591 prior
1782 3551 1962 3591 praeventio
1992 3558 2022 3582 et
2043 3551 2237 3591 subsequens
2260 3550 2425 3582 retardatio

2457 453 2467 463 ⁸
2480 453 2539 475 Ibid-

2458 794 2468 804 ⁸
2482 794 2618 822 Magantia„
2629 801 2668 816 an.

2458 820 2502 849 813,
2518 826 2569 842 can.
2579 827 2667 843 xxxvii.

2459 1542 2469 1550 ·
2476 1540 2513 1562 Cf.
2527 1546 2592 1571 nain.
2597 1547 2667 1572 prae-

2458 1566 2516 1594 ced„
2531 1573 2628 1595 princip.
