2860 4238
205 1933 261 1955 ‘Cn

207 453 216 462 ⁸
231 452 281 473 Art.
291 458 311 480 3.

444 197 521 242 460

444 274 493 304 ius
517 281 552 304 ut
575 284 655 314 quae
679 281 847 314 supersunt
863 273 917 304 uni
935 274 1047 303 dentur
1066 271 1294 311 indigentibus,
1319 271 1391 301 ideo
1415 271 1498 310 prin·
1524 273 1525 321 ἒ

446 328 532 358 cepS,
558 318 646 348 cuius
671 326 715 348 est
746 328 851 348 curam
876 318 987 347 habere
1016 317 1053 346 de
1078 315 1241 346 communi
1265 317 1370 351 bono,
1395 322 1498 354 potest

445 373 481 392 ex
505 362 609 392 officio
633 363 672 391 ad
695 362 755 391 hoc
780 371 889 400 cogere
914 361 990 390 tales
1015 360 1133 390 divites.

499 406 539 436 Et
562 406 635 446 quia
651 405 779 435 violatio
797 404 903 444 legalis
923 404 1018 434 debiti
1035 403 1065 433 in
1091 403 1206 433 divitiis
1222 403 1374 433 iustitiam
1390 403 1496 438 violat,

444 459 508 480 non
537 449 768 484 liberalitatem,
793 455 828 478 ut
858 455 942 487 patet
971 458 1006 478 ex
1036 448 1136 477 littera
1152 447 1182 483 *;
1214 447 1365 477 iniustitia
1391 453 1498 476 autem

444 503 480 523 ex
496 503 554 523 suo
571 503 682 532 genere
706 500 752 522 est
767 499 930 532 peccatum
955 491 1097 527 mortale,
1115 498 1225 530 utpote
1242 498 1351 521 contra
1374 491 1495 520 bonum

207 535 416 562 ‘Q¹¹·¹-¹’‘›⁸“·4·
443 537 593 577 proximi,
624 544 658 566 ut
682 545 718 566 ex
742 536 918 575 superius*
942 535 1054 566 habitis
1090 535 1273 565 didicimus:
1303 535 1375 564 ideo
1411 535 1497 564 dives

303 991 317 1005 α

208 1018 215 1024 ”
232 1016 297 1037 Vers.
313 1022 335 1043 9.

206 1044 215 1053 ⁸
231 1042 295 1063 Vers.
311 1049 343 1064 10.

209 1195 218 1204 ⁴
231 1194 286 1221 Cap.
301 1200 339 1216 xx.

207 1571 215 1579 '
228 1569 275 1596 Qu.
282 1575 362 1602 xxxvi.

305 1669 318 1702 β

303 1889 319 1914 Υ

209 1959 233 1981 s.
270 1937 414 1998 1;.¹1j.2;.³.⁷.·‘

306 2000 318 2015 Ο

206 2095 215 2105 ’
230 2094 296 2116 Vers.
310 2100 329 2122 5.

206 2360 215 2369 ’
230 2359 258 2380 D.
273 2359 311 2383 84.

206 2387 227 2395 ⁸·
243 2385 308 2407 Vers.
321 2390 348 2412 30
364 2391 414 2413 sqq.

443 591 507 610 non
532 580 714 619 dispensans
738 579 905 620 superflua,
923 580 976 609 sed
993 579 1158 609 cumulans
1182 579 1220 609 ad
1244 579 1416 609 emendum
1439 578 1497 608 sibi
1523 577 1525 611 ἶ

1098 194 1362 240 QUAESTIO
1393 193 1564 240 CXVIII,
1595 193 1889 230 ARTICULUS
1918 193 1953 229 V

1551 271 1731 301 dominium
1755 282 1791 302 ex
1815 272 1882 302 sola
1906 271 2093 301 ascendendi
2116 271 2260 306 libidine,
2285 281 2350 301 non
2375 272 2480 301 solum
2504 271 2610 301 illicite

1524 327 1525 354 ἦ
1551 315 1613 354 agit
1631 322 1760 355 propter
1782 315 1946 346 libidinem
1966 315 2151 345 dominandi
2175 322 2204 345 et
2227 315 2442 345 inordinatum
2467 325 2609 345 amorem

1523 360 1525 401 J
1550 359 1718 398 pecuniae;
1743 360 1797 389 sed
1821 359 1994 390 mortaliter
2017 367 2125 399 peccat
2156 366 2262 389 contra
2286 359 2505 398 proximorum
2529 359 2608 389 indi-

1549 403 1698 441 gentiam,
1723 403 1910 442 occupando
1934 403 2092 442 superflua
2128 413 2209 443 quae
2232 401 2424 443 pauperibus
2456 403 2610 434 debentur

1550 456 1586 476 ex
1609 446 1670 476 hoc
1697 446 1767 486 ipso
1792 448 1878 487 quod
1904 447 2062 487 superflua
2086 454 2172 482 sunt,
2198 454 2233 477 ut
2256 447 2353 476 habes
2377 457 2412 476 ex
2435 445 2552 476 Basilio
2580 453 2611 476 et

1550 490 1661 527 littera,
1686 498 1742 520 etc.

1606 534 1645 564 Et
1669 544 1724 573 per
1747 534 1808 565 hoc
1831 541 1916 574 patet
1939 535 2058 565 solutio
2078 534 2165 564 dubii
2189 534 2221 564 in
2246 534 2351 574 primo
2375 534 2507 564 articulo
2523 534 2540 553 '⁸‘
2563 533 2609 563 in-

1552 577 1659 608 soluti.

1221 713 1537 755 ARTICULUS
1568 712 1823 762 QUINTUS

1009 797 1163 828 UTRUM
1186 797 1394 827 AVARITIA
1417 796 1483 827 SIT
1507 796 1716 827 MAXlMUM
1739 794 2039 826 PECCATORUM

473 887 535 930 2431
556 891 628 936 μζ(
650 888 672 912 D
693 887 854 917 QU1NTUM
877 888 930 912 51c
951 887 1189 912 PROCEDlTUR.
1212 876 1372 912 Videtur
1391 874 1494 923 quod
1518 875 1521 899 I

469 915 810 986 vStAJ‘1''·avziritia
839 928 883 964 sit
911 929 1123 965 maximum
1143 937 1402 977 peccatorum.
1432 928 1497 965 Di-
1520 960 1522 983 ἱ

460 979 580 1026 >isv-
595 984 622 1020 ’ἥ
652 981 745 1018 citur
773 981 874 1018 enim
898 982 1013 1019 Eccli.
1036 987 1053 1003 α
1079 994 1102 1018 x
1121 981 1155 1019 *ε
1184 983 1315 1019 Ανανο
1335 982 1427 1018 nihil
1444 987 1497 1018 est
1520 992 1522 1007 ⁵

462 1025 474 1036 h
500 1007 595 1065 (ἔθ’)
612 1024 856 1079 scelestius;
894 1043 929 1072 et
961 1043 1095 1084 postea
1118 1034 1137 1056 ’³‘
1166 1035 1353 1072 subditur:
1389 1034 1497 1071 Nihil

442 1094 495 1124 est
521 1088 681 1135 iniquius
709 1100 822 1136 quam
850 1100 983 1125 amare
1003 1089 1227 1136 pecuniam.-
1255 1088 1315 1124 hic
1337 1088 1435 1124 enim
1463 1093 1498 1123 et
1520 1111 1522 1121 .

441 1141 608 1177 animam
627 1152 735 1178 suam
754 1143 923 1178 venalem
952 1142 1071 1178 habet.
1101 1142 1149 1177 Et
1168 1141 1314 1178 Tullius
1339 1140 1437 1185 dicit,
1458 1140 1495 1176 in

443 1195 456 1229 Ι
477 1194 521 1230 de
544 1193 650 1241 Offic.
665 1195 699 1231 *z
725 1195 833 1231 Nihil
855 1201 907 1231 est
926 1200 1001 1230 tam
1021 1194 1175 1243 angusti
1197 1193 1326 1237 animi,
1347 1198 1497 1241 tamque

436 1247 560 1294 parvi,
590 1258 701 1294 quam
730 1259 862 1284 amare
883 1247 1097 1295 pecuniam.
1129 1247 1205 1283 Sed
1234 1247 1307 1282 hoc
1335 1246 1497 1294 pertinet

442 1299 490 1335 ad
511 1299 717 1337 avaritiam.
748 1301 848 1348 Ergo
871 1300 1027 1337 avaritia
1052 1307 1106 1336 est
1124 1299 1390 1347 gravissimum
1411 1311 1497 1348 pec-

443 1360 624 1389 catorum.

495 1416 529 1441 2.
551 1406 782 1451 PRAETEREA,
804 1413 907 1442 tanto
937 1405 1092 1453 aliquod
1120 1413 1320 1453 peccatum
1342 1412 1396 1441 est
1416 1417 1497 1452 gra—

440 1457 525 1494 vius
554 1466 694 1506 quanto
715 1459 833 1506 magis
854 1458 995 1495 caritati
1024 1459 1280 1495 contrariatur.
1312 1459 1388 1494 Sed
1408 1470 1497 1495 ava-

442 1510 524 1546 ritia
543 1512 707 1548 maxime
729 1511 975 1548 contrariatur
998 1511 1158 1548 caritati:
1189 1511 1276 1548 dicit
1300 1511 1402 1548 enim
1421 1513 1499 1548 Au-

442 1564 622 1611 gustinus,
643 1565 680 1601 in
699 1564 794 1601 libro
819 1565 1015 1614 Octoginta
1041 1565 1153 1601 trium
1177 1565 1324 1606 Quaest.
1339 1564 1370 1610 ⁹¹⁸,
1392 1565 1498 1612 quod

442 1628 626 1653 venenum
654 1618 817 1654 caritatis
845 1623 899 1654 est
915 1618 1106 1665 cupiditas.
1136 1618 1238 1665 Ergo
1267 1618 1423 1654 avaritia
1444 1626 1500 1654 est

443 1670 653 1706 maximum
680 1678 923 1719 peccatorum
944 1669 970 1707 β.
1523 1682 1525 1721 ξ

498 1723 531 1759 3.
553 1725 791 1769 PRAETEREA,
821 1724 870 1760 ad
903 1723 1125 1770 gravitatem
1161 1723 1305 1771 peccati
1338 1723 1500 1771 pertinet

443 1777 547 1821 quod
576 1776 621 1812 sit
647 1775 870 1813 incurabile:
900 1777 1002 1813 unde
1033 1784 1068 1812 et
1095 1784 1294 1824 peccatum
1323 1776 1360 1812 in
1387 1777 1498 1825 Spiri-
1524 1774 1525 1808 l

444 1835 525 1865 tum
547 1830 739 1876 Sanctum,
761 1830 865 1877 quod
885 1837 940 1866 est
959 1829 1239 1877 gravissimum,
1260 1829 1394 1866 dicitur
1417 1842 1499 1867 esse

442 1881 697 1919 irremissibile
715 1888 742 1920 Υ.
773 1882 849 1918 Sed
878 1882 1032 1919 avaritia
1052 1890 1108 1919 est
1126 1891 1325 1930 peccatum
1349 1882 1504 1932 insana-A
1524 1928 1526 1934 y

444 1934 534 1970 bile:
563 1943 605 1971 ut
632 1935 720 1972 dicit
747 1936 1021 1983 Philosophus,
1050 1935 1089 1972 in
1118 1936 1169 1972 IV
1186 1936 1307 1972 Ethic.
1327 1935 1363 1981 ³¹⁸,
1394 1937 1499 1985 quod

441 1994 607 2024 senectus
644 1994 680 2024 et
720 1990 840 2025 omnis
878 1989 1090 2038 impotentia
1128 1989 1325 2026 illiberales
1347 1986 1361 2010 ὅ
1386 1990 1498 2038 facit.

443 2041 543 2087 Ergo
573 2041 729 2078 avaritia
759 2051 813 2079 est
840 2042 1105 2090 gravissimum
1134 2050 1392 2091 peccatorum.

493 2105 531 2140 4.
556 2093 789 2142 PRAETEREA,
819 2095 1036 2144 Apostolus
1056 2095 1158 2143 dicit,
1188 2097 1239 2133 ad
1263 2097 1399 2143 Ephes.
1419 2107 1443 2132 v
1464 2096 1498 2143 *,

442 2148 545 2195 quod
576 2148 730 2184 avaritia
759 2157 814 2185 est
841 2149 1027 2186 idolorum
1060 2150 1228 2186 servitus.
1269 2150 1343 2185 Sed
1379 2149 1526 2185 idolo-*

441 2200 545 2237 latria
574 2209 815 2249 computatur
833 2202 928 2239 inter
955 2203 1177 2251 gravissima
1200 2210 1367 2251 peccata.
1397 2203 1499 2250 Ergo

443 2262 478 2289 et
507 2263 674 2292 avaritia.

496 2308 569 2343 SED
602 2319 748 2345 CONTRA
780 2320 846 2344 EST
878 2308 982 2356 quod
1011 2307 1237 2344 adulterium
1268 2316 1323 2344 est
1350 2308 1501 2355 gravius

442 2369 639 2407 peccatum
661 2373 773 2409 quam
804 2362 943 2398 furtum
963 2361 994 2407 *,
1015 2370 1055 2398 ut
1083 2363 1243 2398 habetur
1261 2363 1373 2399 Prov.
1394 2375 1429 2399 VI
1447 2362 1498 2399 **.

443 2414 601 2451 Furtum
631 2423 754 2451 autem
782 2415 941 2462 pertinet
969 2415 1018 2451 ad
1047 2415 1257 2452 avaritiam.
1288 2417 1390 2463 Ergo
1412 2428 1500 2452 ava-

444 2466 525 2504 ritia
553 2480 630 2504 non
660 2476 714 2504 est
741 2468 1004 2516 gravissimum
1032 2476 1290 2516 peccatorum.

498 2522 721 2559 Resposm-:o
750 2534 934 2559 DlCENDUM
962 2522 1066 2570 quod
1087 2534 1201 2559 omne
1220 2529 1433 2570 peccatum,
1456 2534 1500 2558 ex

444 2574 518 2610 hoc
545 2574 626 2623 ipso
656 2575 760 2623 quod
789 2583 844 2612 est
870 2575 1030 2622 malurn,
1062 2575 1229 2612 consistit
1258 2575 1294 2612 in
1332 2575 1499 2623 quadam
1525 2616 1527 2620 ,

445 2629 684 2677 corruptione
718 2640 785 2664 seu
822 2629 1031 2676 privatione
1057 2633 1069 2649 ⁸
1105 2629 1262 2665 alicuius
1295 2627 1406 2665 boni:
1446 2627 1527 2667 in—i

444 2690 628 2727 quantum
658 2689 782 2719 autem
814 2689 868 2718 est
891 2681 1161 2728 voluntarium,
1183 2681 1351 2719 consistit
1368 2681 1406 2718 in
1435 2693 1500 2730 ap·
1525 2690 1527 2729 3

444 2733 560 2781 petitu
590 2735 744 2772 alicuius
773 2735 876 2772 boni.
906 2735 1114 2783 Dupliciter
1133 2748 1222 2783 ergo
1252 2735 1347 2772 ordo
1367 2747 1500 2783 pecca-
1525 2746 1527 2785 j

444 2794 569 2825 torum
598 2796 721 2837 potest
750 2788 899 2825 attendi.
929 2788 1015 2825 Uno
1045 2788 1176 2835 modo,
1207 2801 1251 2825 ex
1279 2795 1384 2837 parte
1409 2789 1501 2825 boni
1525 2793 1527 2814 ἱ

446 2842 549 2888 quod
568 2854 634 2889 per
653 2849 852 2890 peccatum
874 2842 1127 2878 contemnitur
1144 2842 1206 2879 vel
1228 2841 1498 2890 corrumpitur:
1525 2881 1526 2884 ,

447 2895 550 2941 quod
578 2903 719 2943 quanto
748 2895 870 2931 maius
899 2903 964 2942 est,
993 2903 1096 2932 tanto
1126 2903 1325 2943 peccatum
1350 2896 1500 2942 gravius
1525 2890 1527 2912 '

448 2954 513 2983 est.
542 2948 591 2984 Et
609 2948 816 2984 secundum
836 2950 921 2994 hoc,
942 2956 1140 2996 peccatum
1161 2949 1265 2997 quod
1295 2956 1350 2984 est
1371 2957 1501 2986 contra

447 2999 573 3036 Deum
594 3009 648 3037 est
666 3000 952 3048 gravissimum3
984 3009 1019 3037 et
1042 3002 1111 3038 sub
1131 3002 1206 3038 hoc
1225 3010 1280 3038 est
1299 3010 1499 3050 peccatum
1525 2998 1526 3045 l

448 3052 551 3100 quod
579 3060 634 3089 est
664 3061 795 3090 contra
813 3066 1018 3101 personam
1038 3055 1224 3100 hominis;
1255 3057 1326 3092 sub
1347 3067 1424 3103 quo
1445 3064 1499 3093 est
1525 3054 1527 3112 Ῑ

446 3112 647 3152 peccatum
681 3106 784 3154 quod
822 3114 876 3142 est
910 3115 1040 3143 contra
1077 3120 1135 3144 res
1171 3108 1373 3145 exteriores
1401 3114 1526 3156 quae}

1524 2207 1526 2239 ἒ
1555 2205 1628 2241 dit:
1665 2205 1852 2246 Quoniam
1877 2202 1889 2225 ⁰

1548 873 1596 910 ad
1624 873 1823 910 avaritiam
1850 872 2052 921 pertinere.
2082 891 2106 898 —
2134 871 2220 908 Alio
2250 872 2368 909 modo
2403 880 2530 922 potest
2557 879 2611 909 at-

1547 927 1650 963 tendi
1669 926 1808 974 gradus
1827 933 2072 974 peccatorum
2094 936 2139 961 ex
2157 933 2263 973 parte
2283 925 2374 962 boni
2394 926 2454 962 cui
2472 925 2611 964 inordi-

1548 987 1634 1016 nate
1663 979 1836 1016 subditur
1868 978 2056 1028 appetitus
2083 978 2296 1015 humanus:
2331 979 2435 1027 quod
2467 986 2610 1028 quanto

1548 1033 1674 1070 minus
1695 1041 1761 1080 est,
1782 1039 1885 1069 tanto
1905 1039 2106 1081 peccatum
2126 1039 2182 1068 est
2206 1031 2436 1078 deformius3
2465 1032 2612 1082 turpius

1549 1086 1650 1122 enim
1681 1093 1735 1123 est
1763 1086 1920 1123 subesse
1949 1085 2117 1122 inferiori
2142 1085 2245 1121 bono
2275 1097 2391 1133 quam
2411 1085 2611 1134 superiori.

1547 1140 1702 1175 Bonum
1730 1147 1859 1175 autem
1884 1138 2112 1180 exteriorum
2139 1149 2267 1175 rerum
2288 1146 2343 1175 est
2362 1138 2538 1176 infimum
2557 1138 2613 1176 in-

1548 1200 1605 1228 ter
1623 1193 1794 1229 humana
1814 1192 1936 1228 bona:
1968 1199 2023 1228 est
2051 1191 2152 1229 enim
2172 1192 2299 1229 minus
2319 1203 2436 1241 quam
2465 1193 2611 1230 bonum

1550 1245 1742 1293 corporis;
1772 1245 1878 1293 quod
1906 1243 2053 1281 etiarn*
2082 1252 2138 1282 est
2164 1246 2290 1282 minus
2319 1258 2436 1294 quam
2463 1247 2612 1283 bonum

1549 1299 1722 1344 animae3
1763 1300 1866 1346 quod
1900 1298 2014 1334 etiarn
2051 1298 2244 1335 exceditur
2280 1311 2302 1334 a
2331 1301 2434 1336 bono
2469 1299 2612 1337 divino.

1550 1353 1599 1388 Et
1627 1351 1839 1388 secundum
1868 1351 1962 1398 hoc,
1991 1359 2192 1399 peccatum
2221 1351 2412 1400 avaritiae,
2442 1364 2519 1401 quo
2548 1364 2613 1402 ap-

1549 1405 1687 1455 petitus
1715 1407 1907 1442 humanus
1937 1404 2130 1442 subiicitur
2149 1405 2262 1442 etiam
2291 1406 2536 1443 exterioribus
2556 1417 2615 1442 re-

1551 1461 1634 1505 bus,
1654 1459 1769 1495 habet
1789 1458 2081 1506 quodammodo
2108 1458 2388 1496 deformitatem
2413 1459 2613 1496 maiorem.

1605 1512 1706 1558 Quia
1742 1519 1871 1548 tamen
1907 1511 2098 1560 corruptio
2127 1514 2189 1550 vel
2222 1512 2384 1561 privatio
2422 1512 2515 1550 boni
2540 1513 2615 1550 fot:-

1551 1566 1698 1602 maliter
1726 1577 1765 1602 se
1794 1566 1910 1602 habet
1938 1564 1975 1601 in
1994 1573 2164 1614 peccato,
2186 1566 2389 1603 conversio
2414 1574 2543 1604 autem
2564 1565 2616 1603 ad

1551 1619 1698 1655 bonum
1728 1618 1997 1655 commutabile
2027 1618 2289 1665 materialiter;
2328 1621 2448 1668 magis
2478 1627 2533 1657 est
2559 1619 2615 1656 iu-

1552 1672 1714 1709 dicanda
1741 1672 1905 1720 gravitas
1923 1672 2069 1719 peccati
2098 1685 2143 1709 ex
2170 1681 2277 1720 parte
2297 1673 2388 1710 boni
2408 1674 2514 1721 quod
2534 1685 2615 1710 cor-

1552 1725 1741 1773 rumpitur
1767 1737 1884 1772 quam
1915 1736 1960 1760 ex
1987 1733 2095 1773 parte
2123 1726 2214 1762 boni
2243 1726 2303 1762 cui
2328 1727 2522 1763 subiicitur
2549 1738 2615 1776 ap-

1551 1779 1701 1828 petitus.
1732 1779 1779 1814 Et
1807 1778 1894 1814 ideo
1915 1778 2121 1815 dicendum
2151 1780 2329 1826 estquod
2353 1781 2510 1817 avaritia
2537 1791 2616 1818 non

1553 1841 1608 1869 est
1635 1831 1854 1880 simpliciter
1881 1831 2091 1868 maximum
2119 1839 2378 1879 peccatorum.

1605 1886 1663 1922 AD
1701 1896 1838 1921 pmmuu
1876 1895 1975 1921 ERGO
2011 1895 2197 1922 DtCENDUM
2229 1886 2334 1933 quod
2372 1885 2616 1922 auctoritates

1551 1938 1636 1975 illae
1655 1939 1862 1986 loquuntur
1881 1939 1928 1975 de
1949 1938 2106 1975 avaritia
2127 1950 2171 1975 ex
2199 1948 2306 1987 parte
2335 1939 2426 1975 boni
2451 1938 2510 1975 cui
2528 1938 2617 1976 sub-

1554 1991 1652 2029 ditur
1680 1992 1880 2040 appetitus.
1911 1991 2021 2029 Unde
2051 1999 2087 2029 et
2114 1991 2151 2028 in
2170 1991 2431 2030 Ecclesiastico
2458 2005 2530 2042 pro
2560 2003 2616 2029 ra-

1552 2045 1654 2082 tione
1684 2045 1867 2091 subditur,
1889 2045 1977 2092 quia
1991 2050 2014 2072 ἠ
2035 2057 2172 2083 avarus
2191 2046 2360 2083 animam
2379 2058 2488 2083 suam
2507 2045 2618 2084 habet

1552 2098 1736 2144 venalem,
1766 2098 1853 2146 quia
1879 2098 2057 2135 videlicet
2084 2099 2253 2136 animam
2283 2111 2407 2146 suam,
2435 2099 2534 2137 idest
2559 2098 2616 2136 vi-

1551 2159 1643 2199 tam,
1674 2151 1827 2199 exponit
1854 2151 2030 2199 periculis
2049 2164 2119 2200 pro
2146 2153 2327 2200 pecunia:
2359 2161 2394 2189 et
2412 2152 2500 2190 ideo
2529 2154 2617 2190 sub-

1918 2205 1955 2241 in
1990 2205 2067 2241 vita
2101 2216 2172 2242 sua
2194 2206 2372 2255 proiecit,
2402 2205 2498 2243 idest
2526 2218 2616 2244 con-

1551 2259 1719 2306 tempsit,
1749 2258 1880 2294 intima
1907 2269 1988 2303 sua,
2017 2266 2059 2294 ut
2085 2258 2226 2297 scilicet
2258 2258 2462 2308 pecuniam
2495 2260 2616 2297 lucra-

1553 2319 1666 2348 retur.
1708 2311 1857 2348 Tullius
1902 2311 2048 2348 etiam‘
2087 2312 2191 2349 addit
2225 2313 2300 2350 hoc
2345 2324 2426 2350 esse
2463 2313 2618 2363 angusti

1552 2365 1690 2402 animi:
1718 2373 1759 2400 ut
1787 2364 1927 2401 scilicet
1954 2364 2044 2400 velit
2071 2366 2256 2412 pecuniae
2284 2365 2428 2403 subiici.

1607 2420 1665 2454 An
1702 2429 1892 2454 SECUNDUM
1930 2429 2113 2454 morannum
2152 2419 2257 2467 quod
2294 2418 2527 2467 Augustinus
2563 2418 2616 2455 ibi

1525 2465 1526 2502 ἶ
1552 2471 1687 2519 accipit
1708 2471 1951 2519 cupiditatem
1974 2471 2197 2518 generaliter
2216 2472 2492 2520 cuiuscumque
2520 2479 2615 2509 tem-

1552 2524 1691 2572 poralis
1720 2524 1824 2571 boni,
1845 2536 1923 2560 non
1952 2524 2164 2562 secundum
2185 2526 2289 2574 quod
2309 2525 2519 2575 specialiter
2545 2537 2616 2574 pro

1525 2577 1710 2614 ‚avaritia
1738 2577 1930 2625 accipitur.
1968 2577 2165 2626 Cupiditas
2204 2579 2305 2615 enim
2342 2579 2616 2628 cuiuscumque

1552 2631 1772 2679 temporalis
1802 2630 1893 2667 boni
1929 2638 1983 2666 est
2010 2643 2205 2668 venenum
2235 2633 2416 2669 caritatis:
2457 2633 2616 2681 inquan-

1553 2692 1634 2720 tum
1663 2684 1802 2720 scilicet
1830 2685 1948 2720 homo
1979 2684 2120 2732 spernit
2147 2685 2296 2722 bonum
2325 2686 2499 2723 divinum
2527 2699 2616 2736 pro-

1553 2745 1636 2786 pter
1664 2738 1738 2774 hoc
1767 2737 1870 2786 quod
1899 2737 2069 2774 inhaeret
2097 2739 2201 2774 bono
2229 2739 2442 2788 temporali.

1606 2792 1665 2827 An
1693 2802 1853 2827 TERTmM
1888 2802 2071 2828 DICENDUM
2107 2793 2212 2841 quod
2246 2792 2352 2829 aliter
2380 2800 2435 2829 est
2465 2792 2615 2831 insana-

1554 2844 1627 2880 bile
1646 2851 1846 2893 peccatum
1865 2843 1902 2880 in
1923 2844 2103 2892 Spiritum
2126 2845 2321 2893 Sanctum,
2344 2854 2380 2882 et
2402 2845 2507 2882 aliter
2526 2858 2615 2883 ava-

1525 2926 1526 2945 .
1554 2897 1646 2934 ritia.
1686 2898 1788 2934 Nam
1822 2905 2021 2946 peccatum
2050 2898 2087 2934 in
2122 2898 2302 2947 Spiritum
2338 2899 2520 2936 Sanctum
2560 2907 2616 2936 est

1553 2950 1791 2987 insanabile*
1811 2962 1855 2987 ex
1875 2957 1981 2999 parte
1997 2959 2256 3000 contemptus:
2276 2959 2368 3001 puta
2387 2952 2475 3001 quia
2493 2952 2614 2990 homo

1554 3004 1761 3041 contemnit
1791 3004 1853 3041 vel
1882 3003 2183 3042 misericordiam
2213 3005 2274 3042 vel
2311 3005 2490 3042 iustitiam
2521 3005 2615 3043 divi-

1553 3070 1655 3104 nam,
1682 3065 1746 3094 aut
1774 3057 1915 3106 aliquid
1942 3058 2082 3095 horum
2110 3070 2179 3107 per
2207 3070 2305 3108 quae
2333 3058 2500 3096 hominis
2526 3070 2614 3108 pec-

1554 3118 1635 3147 cata
1663 3118 1854 3148 sanantur.
1885 3111 1933 3147 Et
1960 3110 2048 3148 ideo
2067 3111 2150 3148 talis
2178 3111 2434 3149 insatiabilitas
2453 3111 2616 3161 pertinet

448 3165 533 3194 sunt
561 3159 609 3195 ad
637 3171 749 3196 usum
778 3159 942 3196 hominis
971 3161 1192 3207 deputatae,
1221 3162 1325 3209 quod
1353 3162 1501 3198 videtur
1525 3167 1526 3211 J
1554 3164 1601 3200 ad
1629 3163 1815 3200 maiorem
1844 3164 2067 3211 gravitatem
2096 3164 2252 3213 peccati.
2273 3186 2297 3193 -
2321 3165 2492 3202 Avaritia
2517 3177 2612 3202 vero

501 3269 527 3300 α)
548 3269 628 3294 Eccli.
646 3283 663 3288 -
682 3271 742 3295 Om.
755 3271 806 3301 AF,
822 3276 886 3303 spat.
900 3279 955 3296 vac.
968 3271 1015 3304 pC,
1029 3272 1093 3303 Sap.
1106 3279 1195 3303 margo
1207 3273 1243 3302 A3
1264 3273 1337 3297 Dicit
1354 3273 1423 3298 enim
1436 3274 1500 3298 Hie·
1526 3275 1528 3279 '

448 3311 576 3336 ronymus
595 3304 657 3336 (om.
677 3303 716 3337 X>
735 3306 769 3336 L;
789 3314 836 3338 pro
855 3307 995 3336 scelestius,
1015 3307 1135 3332 celestius
1154 3308 1205 3331 AC.
1526 3297 1527 3334 i

503 3338 527 3371 β)
542 3343 722 3371 peccatorum.
739 3354 757 3359 —
773 3345 909 3372 peccatum
929 3342 1086 3371 ADFHIKL‚
1102 3350 1160 3374 pec.
1181 3343 1212 3372 G,
1232 3343 1322 3368 abrasa
1339 3344 1388 3376 pC.
1526 3335 1527 3370 l

501 3376 527 3407 γ)
547 3375 617 3406 quod
635 3379 700 3401 est...
720 3376 908 3401 irremissibile.
925 3390 944 3396 -
962 3377 1061 3402 dicitur
1085 3385 1140 3403 esse
1166 3378 1345 3403 irremissibile
1367 3380 1438 3411 quod
1461 3383 1502 3405 est

448 3409 634 3441 gravissimum
653 3411 683 3439 Α,
703 3411 801 3436 dicitur
819 3412 1005 3444 gravissimum
1024 3413 1086 3445 quia
1105 3417 1144 3438 est
1163 3413 1342 3438 irremissibile
1361 3414 1388 3444 P,
1402 3414 1501 3440 dicitur

450 3450 504 3468 esse
523 3445 699 3470 irremissibile
718 3447 749 3470 H.

502 3478 526 3511 δ)
547 3480 693 3505 illiberales.
711 3495 729 3499 —
746 3488 843 3506 avaros
862 3482 891 3507 P.

1607 3275 1629 3307 ε)
1645 3275 1806 3306 privatione.
1825 3289 1842 3294 -
1857 3276 2091 3307 praevaricatione
2110 3276 2186 3301 ΑΚΒ.

1607 3309 1632 3342 ζ)
1651 3310 1742 3335 etiam.
1758 3324 1777 3330 -
1796 3311 1857 3336 Om.
1875 3311 1971 3341 ADsC;
1991 3319 2105 3344 sequens
2125 3311 2204 3336 etiam
2223 3320 2277 3338 om.
2295 3312 2323 3337 P.

1607 3346 1633 3377 η)
1652 3346 1724 3378 quia.
1740 3359 1760 3365 -
1777 3347 1848 3378 quod
1867 3346 2017 3372 PCDGlLa.
2033 3360 2052 3366 -
2071 3347 2133 3372 Post
2150 3347 2234 3372 vitam
2254 3348 2272 3372 P
2291 3347 2360 3372 addit
2378 3354 2463 3372 suam.

1606 3379 1630 3413 θ)
1652 3381 1794 3411 Quoniam.
1803 3395 1822 3400 -
1833 3381 1947 3412 Quando
1960 3383 1980 3406 Β
1988 3389 1995 3412 ;
2009 3390 2056 3414 pro
2069 3383 2233 3414 contempsit,
2247 3382 2392 3408 contemnit
2405 3382 2428 3413 13
2442 3389 2490 3415 pro
2506 3382 2612 3411 scilicet,

1554 3415 1634 3440 etiam
1654 3417 1677 3447 1;
1697 3425 1744 3448 pro
1763 3417 1922 3445 lucraretur,
1942 3417 2061 3442 lucretur
2079 3418 2218 3444 CEFHIsK
2237 3423 2262 3443 et
2280 3425 2306 3443 a.

1608 3451 1626 3480 z>
1646 3451 1734 3476 etiam.
1753 3465 1771 3470 -
1790 3459 1852 3476 vero
1871 3452 1902 3482 G,
1922 3452 1990 3477 euim
2011 3453 2086 3477 ceteri
2106 3457 2131 3477 et
2149 3460 2174 3478 a.

2636 533 2847 556 'Commeat-num.

2637 566 2673 587 m,
2688 560 2726 582 fin.

2643 2957 2652 2966 ⁴
2668 2954 2697 2978 D.
2711 2960 2773 2983 1005,
2792 2960 2852 2983 ¹⁰19·
