2860 4244
921 251 1188 296 QUAESTIO
1218 252 1390 299 LXXIII,
1418 252 1714 289 ARTICULUS
1743 253 1791 289 lll
2371 250 2438 285 135

270 331 358 366 dare3
378 330 422 361 ita
434 336 465 360 et
481 329 599 360 famam
615 340 719 367 suam,
730 330 850 370 absque
860 335 990 369 peccato
1003 329 1138 359 mortali.
1149 329 1213 359 —In
1228 339 1330 369 oppo-

269 374 366 405 situm
389 380 496 404 autem
516 380 562 405 est
577 373 691 404 Glossa
706 374 738 404 in
756 383 824 414 cap.
841 373 877 403 Si
890 372 1118 409 sacerdotibus,
1136 373 1203 408 XV,
1217 383 1272 413 qu.
1288 383 1328 403 vr.

322 417 374 448 Ad
397 417 458 448 hoc
483 417 595 448 dicitur
617 417 707 458 quod
735 417 808 448 licet
830 416 960 457 quidam
989 416 1159 456 opinentur
1182 427 1247 447 non
1264 427 1329 447 esse
1356 448 1357 452 ,

269 467 435 502 peccatum
450 461 583 492 mortale
603 460 754 491 infamare
771 461 911 501 seipsum
927 467 1056 500 propter
1072 460 1236 496 cruciatus,
1254 467 1328 495 etc..

269 515 327 536 nec
343 515 410 536 esse
423 505 638 546 perniciosum
652 504 864 540 mendacium,
881 504 956 545 quia
971 503 1156 534 huiusmodi
1173 504 1330 534 confessio

269 559 335 580 non
358 550 449 586 valet,
467 559 525 580 nec
548 548 630 579 cedit
643 548 703 579 sibi
726 549 767 579 ad
790 548 964 583 infamiam,
981 548 1064 578 utin
1081 548 1164 578 dicto
1189 548 1329 589 capitulo

269 593 396 624 dicitur:
423 599 631 625 veruntamen
654 592 767 632 procul
790 592 888 622 dubio
913 598 959 622 est
981 592 1071 632 quod
1094 598 1141 622 est
1164 599 1329 631 peccatum

267 637 413 674 mortale,
429 638 510 668 sicut
525 636 667 678 occidere
681 635 833 676 seipsum.
853 635 894 666 Et
909 635 989 666 ratio
1005 642 1052 666 est
1070 635 1145 676 quia
1161 643 1206 666 est
1222 642 1330 667 contra

268 680 402 712 caritatis
425 686 638 721 praeceptum,
657 689 722 720 quo
738 678 871 720 quilibet
889 685 1012 710 tenetur
1028 679 1169 719 seipsum
1190 679 1328 719 diligere.

267 725 309 755 Et
331 724 406 764 quia
428 722 595 754 iniuriatur
617 722 728 754 saltem
751 722 924 759 Ecclesiae,
950 722 1039 753 cuius
1063 730 1109 754 est
1138 733 1227 764 pars,
1251 722 1329 753 infa-

267 767 386 798 mando
398 774 522 808 partem
535 766 621 797 illius
635 766 767 797 iniuste:
784 766 865 797 sicut
880 766 1028 797 occidens
1044 767 1185 807 seipsum
1199 765 1331 797 offendit

267 811 434 847 civitatem,
452 811 542 842 cuius
561 817 608 841 est
626 820 707 850 pars,
724 817 755 841 et
774 817 940 851 propterea
959 811 1100 851 punitur,
1119 811 1209 851 quod
1228 816 1330 841 careat

266 855 439 895 sepultura.
462 855 504 886 Et
525 861 693 894 propterea
717 861 841 886 tenetur
858 855 1016 886 Ecclesiae
1038 855 1077 885 ad
1096 854 1329 886 restitutionem

266 899 368 930 famae
391 899 440 929 sui
463 898 608 929 membri.
640 898 681 929 Et
703 909 740 929 ex
763 898 821 929 hac
844 906 931 938 parte
955 897 1140 929 huiusmodi
1161 897 1327 929 infamatio

266 942 441 984 opponitur
463 942 616 979 iustitiae,
641 952 722 983 quae
746 950 793 973 est
815 943 854 972 ad
878 943 1022 973 alterum.
1046 959 1067 965 -
1091 940 1256 982 Amplius,
1280 941 1327 971 in-

265 985 383 1018 famare
406 986 548 1027 seipsum
571 986 715 1017 absolute
737 986 912 1027 loquendo,
938 992 984 1016 est
1006 991 1170 1026 peccatum
1194 985 1328 1015 mortale
1353 1001 1354 1017 ÷

265 1040 304 1062 ex
333 1040 552 1071 suo genere,
577 1037 614 1061 ut
639 1037 735 1070 patet.
768 1030 854 1070 Ergo
883 1029 1036 1060 infamare
1066 1028 1208 1069 seipsum
1239 1034 1326 1058 metu

265 1075 378 1105 mortis
392 1075 443 1105 vel
457 1081 589 1115 propter
602 1080 770 1110 tormenta,
787 1080 855 1110 etc„
875 1079 922 1104 est
939 1079 1104 1112 peccatum
1119 1072 1263 1103 mortale.
1287 1072 1329 1103 Et

265 1125 351 1151 tenet
373 1118 616 1160 consequentia:
647 1119 724 1158 quia
745 1127 805 1149 nec
827 1123 932 1147 metus
954 1116 1066 1147 mortis
1088 1127 1146 1147 nec
1170 1123 1327 1147 tormenta

266 1170 421 1200 excusant
436 1169 546 1194 actum
568 1171 606 1193 ex
627 1171 688 1192 suo
709 1170 824 1202 genere
854 1167 1019 1201 peccatum
1044 1161 1176 1191 mortale
1204 1161 1242 1191 ab
1266 1160 1328 1191 hoc

271 1206 354 1242 ,uod
378 1212 424 1238 est
446 1215 513 1237 esse
540 1212 708 1247 peccatum
734 1203 882 1241 mortale;
914 1203 1056 1245 alioquin
1085 1215 1140 1245 per
1169 1211 1327 1235 tormenta

264 1251 372 1282 liceret
393 1249 551 1286 fornicari,
576 1255 607 1279 et
629 1249 688 1279 alia
712 1247 898 1279 huiusmodi
922 1247 1033 1279 facere.

286 1303 297 1310 ‘¹
319 1293 371 1324 Ad
390 1292 513 1324 obiecta
527 1292 623 1333 igitur
637 1293 670 1323 in
685 1292 874 1344 oppositum
897 1292 1011 1323 dicitur
1026 1292 1115 1333 quod
1136 1292 1211 1342 quia
1226 1291 1327 1323 homo

263 1347 331 1368 non
353 1343 402 1368 est
421 1337 466 1368 ita
487 1346 565 1368 suus
593 1337 671 1378 quin
693 1337 736 1367 sit
757 1346 828 1377 pars
851 1337 995 1373 alterius,
1019 1343 1143 1367 tenetur
1165 1336 1209 1367 ita
1232 1337 1270 1366 de
1294 1346 1327 1367 se

263 1381 431 1426 diffssonere
455 1388 491 1413 ut
512 1381 663 1416 iniuriam
685 1390 752 1412 non
775 1381 869 1412 faciat
886 1381 984 1417 alteri,
1008 1380 1072 1411 hoc
1086 1387 1133 1412 est
1155 1380 1214 1411 toti
1237 1380 1327 1411 cuius

258 1432 443 1476 wa»
437 1425 645 1466 Exponendo
669 1432 778 1456 autem
800 1424 945 1466 proprias
969 1424 1092 1455 divitias
1119 1434 1178 1465 pro
1202 1434 1327 1455 conser-

262 1466 389 1506 vatione
411 1469 492 1502 vitae
517 1476 547 1500 et
569 1469 752 1509 integritatis
771 1476 802 1500 et
820 1468 960 1499 sanitatis
976 1468 1128 1508 corporis,
1154 1468 1232 1498 nulli
1255 1467 1329 1498 facit

262 1512 426 1557 iniuriam,
451 1514 506 1544 sed
529 1519 650 1545 rectum
674 1519 776 1544 servat
798 1513 962 1543 ordinem·
995 1513 1050 1542 sed
1072 1510 1257 1542 infamando
1282 1521 1328 1542 se-

1383 329 1490 368 ipsum
1513 328 1608 360 afficit
1630 336 1746 366 totum,
1770 329 1891 360 ratione
1913 327 2025 368 partis,
2050 326 2104 357 tali
2126 332 2203 356 nota
2224 325 2383 361 infamiae,
2408 332 2442 356 ut

1356 383 1357 408 5
1384 373 1481 403 salvet
1504 373 1601 404 vitam
1624 373 1838 423 corporalem,
1862 372 1951 413 quod
1974 377 2020 402 est
2042 370 2212 406 iniustum;
2244 370 2324 400 sicut
2347 369 2441 399 etiam

1383 416 1534 446 infamare
1557 417 1740 457 proximum
1763 423 1892 467 propter
1908 415 2040 446 eandem
2057 424 2184 445 causam
2203 421 2283 444 esset
2298 413 2441 443 mortale.

1355 494 1357 499 Ι
1383 460 1457 490 Non
1480 467 1526 490 est
1550 470 1624 500 ergo
1648 461 1759 492 eadem
1774 461 1853 491 ratio
1878 460 1916 490 de
1933 458 2047 490 divitiis
2071 465 2102 488 et
2124 457 2219 488 fama.
2242 475 2262 480 —
2287 457 2441 494 Quamvis

1355 500 1357 532 1
1383 503 1423 534 sit
1445 503 1540 534 etiam
1564 504 1623 534 alia
1646 504 1827 535 differentia.
1851 503 1936 541 Quia
1955 502 2143 543 exponendo
2163 501 2296 537 divitias,
2319 500 2356 531 fit
2373 501 2441 531 sola

1382 547 1515 587 privatio
1540 557 1662 578 rerum:
1687 549 1720 578 in
1736 548 1921 579 infamando
1937 557 2012 578 vero
2036 556 2102 577 non
2119 546 2226 576 solum
2248 544 2284 576 fit
2307 545 2440 585 privatio

1383 590 1501 626 famae,
1525 592 1581 621 sed
1604 592 1763 631 appositio
1792 592 1951 622 infamiae.
1981 591 2079 621 Aliud
2107 590 2193 620 enim
2216 597 2262 620 est
2289 589 2441 620 sustinere

1381 634 1592 673 privationem
1615 635 1716 666 famae
1744 642 1873 676 propter
1896 642 2068 666 tormenta:
2103 634 2189 664 aliud
2212 640 2258 664 est
2280 642 2441 673 apponere

1354 710 1356 716 Ι
1381 677 1554 714 infamiam,
1574 679 1663 719 quod
1687 678 1759 710 facit
1782 678 1938 716 infamans
1962 679 2111 718 seipsum.
2136 677 2228 708 Unde
2252 686 2318 707 non
2337 683 2441 717 potest

1354 720 1356 742 1
1381 722 1438 751 iste
1462 722 1599 751 excusari
1623 732 1640 752 a
1664 723 1842 762 pernicioso
1865 722 2047 753 mendacio:
2078 731 2153 752 cum
2176 721 2216 751 sit
2238 720 2441 751 mendacium

1380 764 1536 795 laesivum
1552 765 1697 805 proximi,
1711 776 1767 796 seu
1783 766 1890 803 totius,
1903 767 1936 796 in
1949 776 2066 805 magno
2078 767 2181 801 bono:
2199 771 2229 795 et
2244 774 2303 804 pro
2317 771 2439 805 quanto

1382 815 1428 839 est
1450 815 1560 840 contra
1575 809 1726 848 seipsum,
1740 817 1786 840 est
1802 811 1875 850 plus
1890 820 1988 851 quam
2010 810 2175 845 iniustum,
2197 815 2244 839 est
2263 809 2349 839 enim
2365 818 2440 839 con-

1354 858 1355 894 }
1382 859 1428 882 tra
1450 852 1611 884 caritatem
1633 854 1812 893 propriam,
1836 864 1900 895 qua
1921 854 2054 895 quilibet
2076 864 2142 884 non
2166 852 2272 883 minus
2299 852 2440 893 seipsum

1381 906 1479 936 quam
1502 896 1685 936 proximum
1708 904 1831 928 tenetur
1852 897 1989 938 diligere.
2014 898 2055 928 Et
2077 897 2149 928 licet
2171 903 2314 928 teneatur
2339 897 2440 936 magis

1353 956 1355 982 3
1381 939 1509 979 diligere
1524 940 1687 980 propriam
1707 941 1805 971 vitam
1828 951 1925 982 quam
1941 941 2104 981 propriam
2123 940 2256 975 famam;
2288 947 2319 970 et
2341 940 2440 980 magis

1381 993 1489 1013 curam
1501 983 1617 1014 habere
1633 985 1672 1014 de
1684 984 1860 1024 privatione
1875 985 1956 1015 vitae
1969 994 2067 1025 quam
2082 985 2120 1014 de
2133 983 2308 1024 privatione
2321 983 2439 1014 famae:

1380 1034 1504 1058 tenetur
1513 1034 1620 1058 tamen
1630 1028 1730 1068 magis
1747 1038 1855 1059 curam
1867 1029 1982 1059 habere
1995 1038 2035 1058 ne
2050 1035 2193 1068 apponat
2203 1027 2262 1058 sibi
2277 1027 2441 1058 infamiam

1352 1081 1354 1085 ¹
1380 1080 1479 1112 quam
1508 1081 1549 1101 ne
1576 1071 1736 1102 auferatur
1764 1073 1803 1102 ab
1827 1081 1866 1102 eo
1889 1072 1952 1103 vita
1979 1079 2011 1103 et
2038 1072 2198 1112 integritas
2221 1079 2251 1103 et
2273 1072 2388 1102 sanitas
2411 1079 2442 1102 et

1380 1115 1469 1155 quies
1486 1122 1516 1146 et
1529 1115 1672 1148 libertas:
1697 1116 1851 1156 quoniam
1865 1115 1927 1146 hoc
1943 1116 2085 1146 consistit
2106 1116 2139 1146 in
2159 1115 2242 1146 mala
2261 1115 2337 1155 pati,
2353 1116 2442 1156 quod

1380 1169 1446 1190 non
1463 1166 1509 1190 est
1522 1160 1655 1196 malum,
1674 1159 1755 1190 illud
1766 1170 1841 1190 vero
1856 1167 1903 1191 est
1918 1160 2000 1190 male
2016 1159 2125 1195 facere,
2142 1160 2230 1199 quod
2249 1166 2295 1190 est
2309 1160 2440 1190 malum.

1436 1203 1549 1235 Canon
1573 1210 1680 1234 autem
1703 1202 1855 1244 allegatus
1875 1214 1911 1234 ex
1933 1203 2083 1239 Decretis,
2104 1203 2192 1244 quod
2216 1202 2372 1234 confessio
2392 1213 2440 1233 ex-

1351 1267 1354 1293 ,
1379 1253 1461 1278 torta
1485 1256 1551 1277 non
1576 1254 1622 1278 est
1643 1248 1683 1278 ad
1706 1247 1882 1284 infamiam,
1908 1247 1933 1278 si
1956 1247 2142 1288 generaliter
2164 1246 2364 1286 intelligatur,
2388 1256 2441 1277 ve-

1379 1290 1550 1322 rificabitur
1573 1292 1611 1322 de
1633 1291 1767 1322 infamia*
1786 1291 1871 1323 iuris.
1904 1292 1972 1322 Nos
1996 1298 2104 1322 autem
2128 1291 2166 1321 de
2189 1291 2320 1321 infamia
2343 1291 2441 1321 moris

1379 1342 1559 1367 tractamus.
1583 1336 1667 1366 Nam
1689 1335 1848 1366 confessio
1870 1336 1903 1366 in
1927 1336 2103 1373 tormentis,
2124 1335 2181 1366 etsi
2197 1345 2264 1366 non
2280 1335 2319 1366 sit
2337 1335 2441 1366 valida

1380 1380 1420 1410 ad
1442 1379 1664 1410 infamandum
1686 1380 1730 1410 inv
1743 1379 1813 1410 foro
1836 1379 1984 1416 iudiciali,
2005 1386 2051 1410 est
2074 1386 2180 1410 tamen
2203 1379 2306 1410 valida
2320 1379 2354 1410 in
2370 1379 2441 1410 foro

1381 1423 1602 1454 conscientiae:
1628 1423 1703 1464 quia
1726 1430 1772 1454 est
1795 1430 1883 1454 actus
1905 1423 2022 1455 mixtus
2046 1433 2082 1454 ex
2101 1422 2281 1454 voluntario
2306 1430 2335 1453 et
2350 1423 2440 1453 inv-o

1381 1467 1528 1503 luntario,
1553 1467 1618 1508 qui,
1644 1474 1679 1498 ut
1703 1467 1846 1498 dicitur
1838 1478 1870 1497 ιιι
1894 1467 2097 1502 111Ethic.*‚
2123 1474 2169 1498 est
2191 1474 2268 1498 tunc
2286 1467 2318 1497 in
2335 1467 2440 1508 singu-
2467 1476 2564 1523 gffffic,

1381 1510 1436 1541 lari
1459 1511 1669 1542 voluntarius.

1066 1645 1385 1688 ARTICULUS
1414 1645 1643 1687 TERTIUS

530 1738 686 1769 UTRUM
709 1737 965 1769 DETRACTIO
989 1737 1055 1768 SIT
1080 1736 1714 1812 (ΞΗΑΧὲῙὸΙΒῗΜῗᾎἹῌῑΙΙΙΞΊῌΓΞΠΙΞΕΟΟΑΤΙΞ
1738 1736 1856 1774 QUAE
1882 1736 1924 1767 IN
1949 1735 2178 1767 PROXIMUM

349 1892 355 1914 2
378 1892 449 1930 (η.
472 1881 495 1907 o
517 1880 678 1907 Tam-mu
707 1881 760 1906 sic
780 1881 1020 1907 PROCED1TUR.
1042 1869 1199 1907 Videtur
1218 1869 1350 1929 quod}

337 1936 344 1946 v
397 1925 445 1985 ἐξ.
474 1923 656 1961 detractio
690 1923 737 1959 sit
750 1923 915 1982 ‘gravius
953 1922 1132 1959 omnibus
1160 1922 1351 1973 peccatis

413 1964 444 2018 ’Υ
473 1987 572 2025 quae
592 1976 632 2013 in
650 1974 870 2024 proximum
892 1975 1192 2012 committuntur.
1224 1975 1351 2022 Quia

434 2023 589 2077 super
615 2029 707 2066 illud
736 2029 876 2065 Psalm.
897 2028 928 2075 ³¹⁶,
956 2029 1034 2065 Pro
1054 2040 1097 2065 eo
1127 2033 1168 2065 ut
1191 2040 1252 2065 me
1269 2028 1351 2064 ‹ii-¹

262 2081 435 2131 ligerem,
446 2075 709 2119 ⁴detrahebant
734 2081 844 2127 mihi,
875 2081 963 2118 dicit
1000 2082 1137 2118 Glossa
1158 2081 1199 2117 *.
1236 2071 1352 2121 ΡΙιιε1,

262 2140 398 2172 nocent
420 2134 456 2171 in
483 2135 661 2172 membris
680 2135 913 2172 detrahentes
945 2134 1103 2180 Christo,
1132 2135 1220 2182 quia
1244 2134 1325 2171 ani·
1350 2147 1351 2151 ¹

262 2199 346 2224 mas
382 2188 657 2225 crediturorum
678 2193 695 2209 ²
723 2188 967 2236 interficiunt,
997 2199 1111 2235 quam
1149 2187 1214 2235 qui
1246 2187 1325 2224 eius

263 2251 431 2285 carnem,
452 2253 545 2278 mox
563 2247 876 2286 resurrecturam,
887 2245 1146 2288 peremerunt.
1169 2239 1229 2278 Ex
1243 2252 1322 2289 quo
1350 2243 1352 2282 ξ

261 2292 414 2330 videtur
428 2294 534 2341 quod
554 2293 736 2331 detractio
756 2293 801 2331 sit
818 2294 970 2341 gravius
989 2300 1189 2342 peccatum
1208 2305 1324 2341 quam
1351 2306 1352 2330 i

88 2392 92 2399 ι
262 2345 531 2387 homicidium:
556 2354 700 2395 quanto
716 2346 869 2394 gravius
889 2354 944 2383 est
963 2345 1137 2383 occidere
1158 2345 1325 2382 animam
1351 2359 1352 2376 1

88 2392 165 2431 ⁴33²}
196 2404 205 2453 ‚'
232 2416 234 2421 ⁴
263 2398 380 2448 quam
410 2399 583 2436 occidere
613 2412 763 2448 corpus.
795 2399 869 2436 Sed
898 2399 1150 2436 homicidium
1170 2406 1226 2435 est
1245 2411 1326 2446 gra·
1351 2409 1352 2414 ¹

216 2453 231 2458 ““
261 2451 348 2493 vius
369 2451 464 2489 inter
484 2459 783 2502 ceteraspeccata
807 2464 906 2500 quae
930 2452 968 2489 in
982 2451 1202 2500 proximum
1220 2463 1324 2488 com-

262 2504 472 2543 mittuntur.
519 2506 621 2554 Ergo
658 2505 838 2543 detractio
873 2513 930 2542 est
969 2504 1190 2554 simpliciter
1230 2504 1326 2541 inter
1351 2526 1353 2538 ι

263 2557 395 2595 omnia
421 2558 585 2606 gravior.

317 2622 352 2647 2.
381 2611 623 2658 PRAETEREA,
654 2611 834 2648 detractio
872 2609 1023 2647 videtur
1059 2622 1142 2647 esse
1173 2609 1326 2658 gravius

261 2671 462 2713 peccatum
491 2677 608 2713 quam
647 2664 898 2701 contumelia:
928 2663 1018 2711 quia
1055 2663 1326 2700 contumeliam

262 2724 387 2765 potest
415 2717 534 2755 homo
564 2717 757 2766 repellere,
785 2729 863 2754 non
892 2724 1020 2753 autem
1055 2716 1326 2754 detractionem
1352 2737 1354 2740 f

262 2769 455 2807 latentem.
482 2770 559 2807 Sed
579 2770 808 2807 contumelia
825 2769 976 2807 videtur
996 2782 1077 2806 esse
1097 2769 1220 2807 maius
1239 2781 1326 2817 pec-
1352 2811 1354 2819 Ι

264 2829 391 2860 catum
421 2834 537 2871 quarn
565 2823 812 2860 adulterium:
842 2834 911 2871 per
938 2823 1012 2859 hoc
1046 2822 1151 2870 quod
1184 2822 1327 2859 adulte-

263 2875 362 2912 rium
391 2875 472 2912 unit
500 2876 597 2912 duos
616 2875 656 2912 in
682 2888 800 2913 unam
825 2887 991 2922 carnem,
1013 2874 1240 2912 contumelia
1262 2886 1328 2911 au·
1352 2912 1354 2914 ,

263 2935 341 2965 tem
369 2928 495 2965 unitos
523 2928 561 2965 in
594 2929 712 2965 multa
741 2927 882 2966 dividit.
921 2928 1023 2975 Ergo
1062 2927 1242 2964 detractio
1273 2934 1328 2963 est

264 2981 387 3018 maius
415 2988 615 3029 peccatum
635 2993 752 3031 quam
779 2980 1020 3018 adulterium:
1050 2980 1156 3027 quod
1183 2987 1325 3027 tamen,

263 3035 360 3082 inter
388 3034 459 3071 alia
485 3041 642 3083 peccata
670 3046 768 3083 quae
797 3041 884 3072 sunt
915 3033 954 3070 in
981 3032 1218 3082 proximum,
1247 3044 1326 3069 ma-

264 3096 379 3136 gnam
407 3086 631 3136 gravitatem
659 3087 785 3124 habet

320 3141 354 3177 3.
374 3141 607 3187 PRAETEREA,
630 3139 859 3178 contumelia
887 3137 1005 3175 oritur
1033 3150 1077 3175 ex
1105 3138 1177 3185 ira,
1207 3138 1353 3179 detra-

253 3189 338 3230 'ctio
367 3201 496 3230 autem
525 3206 570 3230 ex
598 3192 756 3231 invidia:
784 3199 826 3229 ut
852 3198 955 3241 patet
986 3203 1055 3240 per
1083 3190 1353 3239 Gregorium,
1352 3233 1354 3236 y

181 3270 188 3282 ‚
231 3270 237 3277 -
263 3245 390 3282 XXXI
409 3246 554 3284 Moral.
575 3245 596 3268 *
626 3246 702 3284 Sed
730 3244 873 3283 invidia
901 3251 958 3282 est
976 3244 1098 3281 maius
1125 3251 1354 3296 peccatum

232 3297 239 3303 '
264 3310 381 3348 quam
401 3299 468 3336 ira.
498 3300 600 3347 Ergo
630 3306 665 3336 et
694 3297 872 3337 detractio
894 3305 948 3335 est
976 3297 1099 3335 maius
1126 3304 1353 3354 peccatum

265 3363 381 3402 quam
411 3351 650 3389 contumelia.
679 3352 729 3388 Et
756 3351 808 3388 sic
837 3351 941 3388 idem
970 3349 1076 3398 quod
1102 3349 1218 3399 prius.

316 3416 353 3452 4.
374 3405 607 3453 PRAETEREA,
628 3411 733 3442 tanto
762 3404 916 3453 aliquod
942 3409 1142 3453 peccatum
1172 3410 1227 3440 est
1245 3415 1327 3451 gra-

318 3518 354 3578 αἶ
364 3518 570 3543 crediturorum.
584 3531 602 3536 -
620 3517 782 3543 creditorum
810 3516 914 3548 PHpr
933 3521 959 3540 et
981 3516 1177 3545 a,cond1'tor1‘s
1202 3516 1232 3546 G,
1259 3521 1323 3548 spat.

266 3559 320 3578 vac.

1377 1869 1463 1906 vius
1501 1876 1643 1918 quanto
1682 1868 1896 1928 graviorem
1939 1868 2130 1905 defectum
2169 1867 2321 1905 inducit.
2365 1868 2442 1905 Sed

1349 1920 1559 1959 detractio
1588 1921 1732 1959 inducit
1759 1920 2026 1970 gravissimum
2061 1921 2271 1968 defectum,
2302 1920 2442 1958 scilicet

1379 1974 1684 2012 excaecationem
1720 1974 1876 2011 mentis:
1915 1973 2004 2011 dicit
2032 1974 2134 2010 enim
2173 1949 2380 2022 Gregorius
2403 1973 2442 2010 *t

1383 2028 1482 2069 Quid
1506 2027 1611 2064 aliud
1636 2028 1867 2064 detrahentes
1881 2027 2040 2075 faciunt
2065 2027 2138 2063 nisi
2163 2027 2285 2075 quod
2290 2027 2327 2063 in
2356 2027 2442 2074 pul-

1378 2092 1505 2117 verem
1527 2081 1683 2130 sufflant
1700 2086 1736 2117 et
1761 2081 1799 2117 in
1828 2080 1955 2117 oculos
1981 2091 2069 2116 suos
2088 2085 2229 2116 terram
2257 2079 2442 2116 excitant.-

1380 2131 1452 2170 ut!3
1482 2133 1579 2170 unde
1608 2133 1695 2182 plus
1723 2133 1960 2170 detractionis
1990 2133 2173 2181 perflant,
2202 2133 2287 2169 inde
2318 2133 2442 2169 minus

1377 2186 1543 2223 veritatis
1583 2186 1768 2223 videant?
1809 2187 1910 2234 Ergo
1954 2185 2134 2222 detractio
2178 2193 2234 2222 est
2270 2185 2443 2233 gravissi-

1367 2251 1488 2276 ·mum
1515 2247 1717 2287 peccatum
1749 2239 1845 2276 inter
1880 2251 1924 2275 ea
1957 2250 2054 2286 quae
2084 2237 2372 2275 committuntur
2404 2238 2442 2274 in

1379 2291 1607 2341 proximum.

1351 2379 1352 2396 χ
1434 2345 1509 2381 SED
1537 2355 1700 2391 CONTRA,
1731 2343 1882 2392 gravius
1911 2351 1966 2380 est
2002 2355 2161 2392 peccare
2198 2343 2296 2379 facto
2326 2354 2442 2392 quam

1351 2435 1353 2450 k
1379 2392 1622 2435 verbos‘Sed
1654 2396 1834 2434 detractio
1865 2403 1919 2433 est
1954 2403 2154 2445 peccatum
2182 2395 2309 2433 verbi:
2339 2396 2443 2433 adul-

1351 2456 1353 2492 ἰ
1380 2450 1516 2487 terium
1544 2458 1672 2487 autem
1698 2457 1733 2487 et
1751 2449 2001 2486 homicidium
2030 2456 2067 2486 et
2085 2449 2227 2485 furtum
2247 2456 2333 2486 sunt
2354 2461 2442 2497 pec-

1351 2494 1354 2521 1
1381 2510 1463 2540 cata
1482 2503 1520 2539 in
1548 2502 1663 2539 factis.
1695 2503 1797 2550 Ergo
1827 2502 2007 2539 detractio
2034 2514 2111 2539 non
2140 2509 2197 2538 est
2213 2502 2364 2549 gravius
2385 2514 2443 2538 ce-

1352 2563 1354 2601 1
1380 2556 1467 2593 teris
1494 2555 1658 2603 peccatis
1687 2567 1786 2604 quae
1814 2563 1901 2592 sunt
1929 2555 1966 2592 in
1994 2555 2225 2604 proximum.

1351 2603 1354 2637 1
1434 2610 1660 2646 ΒΕεΡοΝῡΕο
1687 2619 1873 2645 mcENDuM
1901 2608 2006 2656 quod
2030 2614 2185 2657 peccata
2213 2619 2312 2654 quae
2341 2619 2442 2643 corn-

1352 2663 1354 2685 1
1381 2662 1578 2699 mittuntur
1597 2661 1635 2698 in
1654 2661 1872 2710 proximum
1893 2668 1980 2698 sunt
2001 2660 2199 2709 pensanda
2217 2672 2286 2708 per
2305 2672 2344 2696 se
2365 2660 2443 2708 qui-

1381 2716 1470 2752 dem
1499 2714 1713 2751 secundum
1750 2721 1981 2751 nocumenta
2010 2725 2106 2762 quae
2144 2713 2319 2762 proximo
2352 2712 2443 2749 infe-

1381 2775 1533 2805 runtur:
1570 2767 1659 2815 quia
1698 2779 1743 2803 ex
1778 2768 1853 2803 hoc
1889 2767 2031 2803 habent
2073 2766 2259 2803 rationem
2296 2766 2440 2813 culpae.

1380 2821 1508 2857 Tanto
1528 2827 1656 2856 autem
1677 2827 1732 2856 est
1760 2820 1883 2856 maius
1902 2827 2177 2856 nocumentum
2198 2825 2340 2867 quanto
2362 2830 2442 2854 ma—

1379 2873 1437 2910 ius
1465 2873 1612 2910 bonum
1641 2872 1816 2910 demitur.
1847 2873 1946 2909 Cum
1974 2880 2104 2909 autem
2141 2871 2187 2907 sit
2214 2871 2347 2919 triplex
2375 2871 2442 2907 bo-

1381 2938 1474 2962 num
1502 2925 1683 2972 hominis,
1711 2924 1850 2961 scilicet
1877 2925 2024 2961 bonum
2054 2924 2203 2961 animae
2233 2931 2269 2959 et
2296 2924 2441 2959 bonum

1352 2992 1353 2995 ¹
1381 2978 1550 3027 corporis
1571 2985 1607 3014 et
1626 2978 1772 3014 bonum
1793 2977 2017 3014 exteriorum
2039 2989 2178 3023 rerum,
2198 2977 2343 3013 bonum
2365 2977 2442 3012 ani-

1352 3042 1354 3093 3
1380 3043 1488 3078 mae,
1519 3030 1623 3080 quod
1653 3037 1708 3067 est
1735 3030 1964 3078 maximum,
1994 3042 2072 3067 non
2101 3037 2225 3079 potest
2258 3028 2367 3066 alicui
2394 3030 2441 3066 ab

1352 3100 1354 3128 ι
1381 3084 1455 3121 alio
1484 3083 1562 3120 tolli
1581 3082 1653 3120 nisi
1680 3083 1976 3131 occasionaliter,
1995 3090 2087 3133 puta
2105 3094 2174 3132 per
2200 3081 2341 3120 malam
2358 3093 2442 3130 per-

1352 3115 1354 3164 1
1380 3136 1611 3183 suasionem,
1632 3148 1730 3184 quae
1750 3113 2013 3173 necessitate'm
2033 3148 2110 3173 non
2130 3135 2260 3172 infert:
2284 3134 2350 3172 sed
2370 3133 2441 3171 alia

1381 3191 1458 3228 duo
1488 3189 1601 3234 bona,
1623 3189 1762 3226 scilicet
1790 3189 1959 3238 corporis
1988 3196 2024 3226 et
2044 3188 2271 3226 exteriorum
2299 3198 2439 3234 rerum,

1380 3250 1540 3294 possunt
1559 3243 1606 3279 ab
1627 3242 1698 3279 alio
1719 3241 1904 3279 violenter
1923 3242 2071 3279 auferri
2094 3241 2170 3278 Sed
2191 3240 2278 3289 quia
2293 3240 2439 3276 bonum

1352 3271 1353 3333 1
1381 3295 1550 3345 corporis
1568 3295 1804 3344 praeeminet
1829 3296 1932 3332 bono
1954 3295 2180 3331 exteriorum
2201 3305 2338 3340 rerum,
2358 3304 2440 3341 gra-

1352 3339 1353 3380 1
1379 3349 1487 3386 viora
1515 3355 1601 3386 sunt
1627 3355 1784 3397 peccata
1812 3348 1950 3396 quibus
1978 3347 2132 3384 infertur
2165 3353 2439 3383 nocumentum

1351 3381 1530 3451 icorpori
1569 3413 1682 3449 quarn
1721 3413 1766 3437 ea
1798 3401 1934 3450 quibus
1971 3400 2128 3437 infertur
2164 3406 2438 3436 nocumentum

1350 3518 1352 3561 Ι
1434 3514 1458 3547 β)
1480 3518 1516 3539 ut.
1529 3528 1548 3534 —
1566 3517 1592 3539 et
1611 3514 1648 3538 Pa
1655 3521 1663 3542 ,⁴
1682 3514 1786 3538 eaedem
1807 3521 1854 3546 pro
1870 3513 1995 3547 perflant,
2015 3513 2132 3546 sufflant.

2547 1481 2594 1502 1,.n
2602 1476 2624 1501 6,
2632 1481 2680 1496 ιο.-

2561 1502 2612 1523 lect.
2628 1507 2679 1523 ιιι.

2469 1974 2579 2022 ἑᾶεςίεε.
2594 1974 2634 1995 lib.
2641 1974 2680 1996 Xl,

2499 2005 2536 2022 ist.
2551 2007 2582 2024 υς
2598 2001 2626 2021 al.
2641 2001 2681 2021 lib.

2513 2027 2531 2053 1,
2544 2027 2612 2055 epist.
2628 2034 2680 2048 x1.-.

2568 2138 2583 2170 β
