2860 4244
359 469 445 490 msso
475 459 607 491 articulo
631 459 762 500 quinto,
786 459 838 496 de⁴
852 457 946 497 cuius
964 457 1118 498 materia,
1142 458 1251 499 quoad
1272 459 1348 498 sub-

45 506 260 556 ''Fssuff-cxgr,
287 469 453 539 Oditos,
476 503 510 534 in
531 502 728 544 praecedenti
751 497 847 534 Libro
860 499 1030 533 *dictum
1049 506 1110 538 est;
1135 502 1168 532 in
1191 509 1278 533 sexto
1302 498 1348 533 ar-

48 534 138 558 m'⁶'‘
173 548 180 556 ’
246 543 258 549 ”
285 547 401 584 ticulo,
424 547 458 577 in
481 546 688 588 responsione
710 546 750 576 ad
773 546 919 584 tertium,
942 546 1067 576 adverte
1097 546 1186 586 quod
1208 549 1347 583 Auctor,

288 601 324 622 ex
347 591 492 622 decretali
507 590 627 622 Solitae
640 590 855 631 benignitatis,
871 590 912 620 de
925 590 1070 620 Maiorit.
1088 595 1118 620 et
1135 589 1244 628 obed„
1261 599 1348 621 assu-

287 645 378 666 mens
399 635 434 666 id
476 634 479 636 ’
503 639 506 642 ’
548 639 554 646 ’“
602 669 606 671 μ
657 640 704 665 tas
726 633 910 674 temporalis
933 633 1079 664 subditur
1093 633 1246 674 spirituali
1269 634 1350 665 sicut

287 689 405 720 corpus
559 675 567 682 ⁵
686 677 803 709 modos
826 677 963 717 assignat
984 677 1102 718 quibus
1125 685 1267 718 potestas
1286 678 1349 718 spi-

49 564 120 585 mm.

287 722 407 755 ritualis
421 722 455 752 in
477 761 482 763 -
583 718 586 719 ’
615 730 650 754 se
663 721 703 752 de
718 721 960 762 temporalibus:
984 732 1124 763 quorum
1140 722 1260 762 primus
1278 731 1352 753 con-

287 766 375 810 venit
398 776 444 808 po
483 767 486 770 ⁴
508 802 516 811 ι
563 763 729 810 „spirituali
756 775 793 808 ea
818 771 932 798 natura
953 775 1028 803 sua;
1057 766 1216 801 secundus
1243 772 1351 798 autern

259 840 265 845 ,
288 806 437 843 convenit
458 808 487 840 ei
499 790 784 887 (efflofscilicet
806 818 844 840 ex
865 809 933 850 ipsa
956 810 1106 842 saeculari
1128 807 1294 851 potestate.

148 854 149 857 ’
344 854 396 885 Ad
418 842 529 890 evideb
622 844 733 884 ‘autem
752 853 917 895 assumpti,
938 853 1027 890 scito,
1045 863 1081 884 ex
1097 853 1124 884 11
1137 853 1178 884 de
1190 853 1308 892 Anima
1321 851 1348 888 ⁴⁸,

121 876 128 883 .
142 866 174 887 tv.
184 865 208 882 n.
217 864 238 889 3.
249 869 262 876 ο

41 861 241 930 ᾈἫλῄω
288 898 378 940 quod
396 891 648 938 anima-spraeeat
664 897 790 937 corpori
813 897 846 928 in
868 897 984 938 triplici
1005 900 1130 938 genere'
1142 905 1269 928 causae:
1293 895 1351 926 sci-

59 971 61 973 .
288 942 362 974 lieet
382 940 536 978 effective,
561 941 637 982 quia
660 940 754 972 efficit
776 950 948 982 corporeos
971 941 1115 972 animalis
1137 945 1265 976 motus;
1288 939 1351 970 for-

69 1014 74 1028 ,
159 1002 171 1013 a«
289 985 422 1022 maliter,
445 985 523 1027 quia
543 991 592 1016 est
613 985 698 1016 illius
720 985 837 1022 forma;
861 992 892 1018 et
912 985 1057 1022 finaliter,
1079 984 1158 1026 quia
1169 983 1286 1024 corpus
1305 990 1352 1014 est

55 1039 80 1070 ζ,
142 1051 173 1073 5„
290 1036 420 1081 psopter
433 1028 584 1069 animam.
596 1029 645 1060 ,Et
659 1029 762 1061 simile
778 1036 825 1062 est
841 1028 1122 1072 proportionaliter
1139 1028 1178 1059 de
1195 1033 1352 1068 potestate

56 1076 98 1114 ·,ζὴ
123 1089 125 1091 ·
290 1068 446 1116 spirituali
473 1079 618 1114 respectu
646 1072 811 1114 potestatis
838 1071 1021 1104 saecularis:
1054 1079 1102 1104 est
1130 1072 1287 1115 siquidem
1317 1077 1353 1102 ut

72 1113 73 1116 ’
291 1116 395 1150 forma
408 1117 494 1160 illius
509 1124 540 1149 et
554 1127 688 1148 movens
703 1123 734 1148 et
755 1116 837 1158 finis.
846 1156 850 1161 ἱ
859 1116 1074 1155 Μωὶῐοεωω,
1087 1122 1134 1147 est
1155 1115 1242 1146 enirn
1264 1115 1354 1157 quod

291 1160 454 1203 spirituale
468 1159 524 1192 *est
544 1159 679 1192 formale
699 1158 850 1201 respectu*
865 1154 1051 1200 corporalis:
1074 1169 1111 1190 ac
1133 1169 1190 1200 per
1212 1159 1274 1190 hoc
1296 1169 1352 1200 po-

292 1211 390 1243 testas
410 1205 583 1246 disponens
606 1205 645 1236 de
660 1204 876 1246 spiritualibus
898 1212 949 1235 est·
966 1203 1108 1235 formalis
1129 1209 1274 1244 respectu
1297 1213 1354 1244 po-

291 1248 631 1289 &adamnanus
653 1248 693 1280 de
714 1248 942 1285 saeuum-ibus,
966 1257 1048 1289 quae
1071 1247 1248 1288 corporalia
1269 1253 1352 1279 sunt.

293 1290 579 1343 lqdubuqqoflue
589 1292 697 1342 ‘liquet
715 1293 804 1334 quod
826 1292 1004 1334 corporalia
1026 1299 1057 1323 et
1079 1291 1266 1333 temporalia
1281 1298 1356 1322 sunt

84 1317 95 1331 ’Δ
105 1326 137 1378 12
249 1330 619 1414 W
641 1343 672 1367 et
694 1343 832 1373 aeterna,
856 1343 951 1377 atque
973 1336 1014 1366 ad
1036 1335 1090 1366 illa
1113 1335 1298 1367 ordinantur
1320 1341 1356 1366 ut

134 1382 136 1387 “
392 1402 401 1411 .
493 1379 650 1422 quoniam
672 1380 764 1411 altior
781 1379 858 1411 ‘finis
880 1380 984 1412 altiori
1007 1380 1121 1420 agenti,
1144 1379 1362 1418 moventia&

293 1433 358 1470 que
380 1423 525 1465 dirigenti
546 1424 729 1465 respondet;
754 1434 953 1465 consequens
978 1431 1024 1455 est
1047 1431 1083 1455 ut
1104 1426 1243 1465 potestas
1266 1423 1355 1464 spiri-

293 1466 404 1506 tualis,
426 1477 509 1510 quae
539 1467 619 1501 circa
641 1467 815 1509 spiritualia
843 1467 1044 1511 tit-primum
1065 1467 1228 1500 obiectum
1252 1477 1355 1513 versa-

446 3611 554 3636 Smnua
572 3610 673 3636 Timor..
693 3611 724 3635 D.
743 3610 857 3635 Tuomst:
875 3610 907 3635 T.
925 3611 968 3635 VI.
1003 3626 1005 3628 -

981 271 1247 318 QUAESTIO
1276 273 1360 319 LX,
1389 272 1684 309 ARTICULUS
1712 272 1762 308 Vl

954 375 1285 408 Commentaeda.
1306 375 1557 409 Gar-clinans
1578 376 1797 421 Caietaq‘».

1401 465 1470 495 tur,
1494 465 1637 496 moveat,
1661 465 1733 500 agat
1746 448 1851 500 afflue
1872 453 1985 501 dirigat
2007 465 2196 500 potestatem
2219 459 2410 489 saecularem
2434 465 2464 489 et

1401 513 1482 543 quae
1498 502 1583 533 illius
1599 503 1673 533 sunt
1687 501 1721 533 in
1735 500 1931 543 spiritualem
1946 502 2053 534 finem.
2078 503 2119 534 Et
2137 513 2174 533 ex
2191 502 2254 533 hoc
2272 509 2358 542 patet
2376 503 2464 543 quod

1401 553 1512 587 suapte
1534 553 1648 577 natura
1671 553 1746 587 pote
1794 556 1797 557 ⁷
1829 547 1998 586 spiritualis
2021 547 2173 588 praecipit
2195 547 2343 587 potestati
2358 556 2465 577 saecu-

1400 589 1458 620 lari
1481 590 1520 620 ad
1543 589 1641 620 finem
1665 590 1739 630 spiri
1803 625 1812 631 „
1826 600 1875 621 m:
1905 591 1982 622 haec
2006 591 2092 621 enim
2114 597 2190 621 sunt
2211 591 2244 620 in
2267 590 2383 631 quibus
2407 600 2464 630 po⁴

1401 639 1495 664 testas
1519 634 1684 664 saecularis
1712 635 1771 664 sub
1816 635 1818 639 ’
1842 644 1857 664 r
1883 635 2046 675 spirituali.
2079 634 2171 665 Hanc
2198 633 2465 674 specificationem

1401 677 1538 709 intendit
1562 677 1664 708 littera
1691 687 1747 717 per
1768 677 1823 708 illa
1844 679 1955 709 verba:
1987 684 2142 720 quantum
2165 679 2209 709 ad
2231 688 2268 709 ea
2297 679 2329 708 in
2352 678 2466 718 quibus

1402 721 1550 752 subditur
1576 722 1606 751 ei
1631 722 1810 752 saecularis
1831 728 1985 762 potestas.
2015 723 2187 753 Denotavit
2209 722 2296 752 enim
2325 732 2382 762 per
2403 722 2466 752 hoc

1402 767 1525 796 Auctor
1546 765 1636 805 quod
1659 771 1797 805 potestas
1816 766 1982 797 saecularis
2001 776 2067 798 non
2083 766 2218 798 omnino
2242 765 2387 797 subditur
2409 775 2466 806 po-

1402 808 1506 840 testati
1528 808 1692 848 spirituali.
1724 809 1856 850 Propter
1883 811 1971 851 quod
1999 811 2098 850 magis
2126 810 2342 842 obediendum
2365 816 2412 840 est
2433 809 2466 840 in

1403 851 1547 883 civilibus
1570 852 1683 884 rectori
1707 852 1855 889 civitatis,
1881 860 1911 884 et
1933 854 1966 884 in
1990 854 2177 884 militaribus
2201 853 2274 884 duci
2297 853 2466 889 exercitus,

1403 905 1501 938 quam
1520 895 1683 936 episcopo,
1700 896 1756 936 qui
1772 896 1811 927 de
1833 897 1882 927 his
1899 907 1964 927 non
1981 908 2014 928 se
2036 898 2131 928 habet
2151 897 2305 938 impedire
2318 897 2336 916 *
2358 897 2418 928 nisi
2433 897 2467 928 in

1404 939 1515 970 ordine
1529 940 1571 970 ad
1586 939 1768 980 spiritualia,
1785 940 1866 972 sicut
1887 951 1945 972 nec
1964 941 2002 972 de
2019 941 2127 975 ceteris
2142 941 2381 982 temporalibus.
2406 941 2468 972 Sed

1405 984 1431 1014 si
1446 983 1641 1024 contingeret
1659 983 1779 1024 aliquid
1803 983 1920 1016 horum
1942 984 1976 1015 in
1999 985 2223 1017 detrimentum
2238 985 2406 1025 spiritualis
2421 995 2468 1016 sa-

1403 1027 1479 1058 lutis
1498 1036 1671 1064 occurrere,
1696 1028 1853 1068 praelatus
1876 1028 2048 1068 disponens
2072 1030 2110 1060 de
2133 1029 2181 1059 his
2204 1029 2402 1069 prohibendo
2418 1029 2470 1059 vel

1405 1071 1628 1112 praecipiendo
1656 1078 1786 1111 propter
1809 1071 2005 1112 spiritualem
2029 1073 2180 1110 salutem,
2204 1082 2266 1104 non
2290 1074 2382 1113 ponit
2396 1071 2468 1112 fal-

1405 1125 1472 1153 cem
1498 1117 1533 1146 in
1548 1124 1680 1147 messem
1707 1116 1847 1146 alienam
1861 1115 1888 1152 *‚
1912 1116 1967 1147 sed
1989 1117 2118 1157 propria
2145 1117 2243 1148 utitur
2267 1116 2468 1148 auctoritate:

1405 1159 1561 1200 quoniam
1586 1159 1694 1200 quoad
1721 1159 1799 1190 haec
1825 1160 2005 1191 subduntur
2031 1163 2143 1192 omnes
2168 1167 2339 1202 potestates
2361 1170 2468 1191 saecu-

1405 1204 1485 1234 lares
1514 1203 1660 1244 potestati
1689 1203 1854 1243 spirituali.
1886 1204 1928 1235 Et
1950 1204 1994 1234 sic
2022 1210 2124 1244 patet,
2148 1204 2229 1235 ultra
2252 1210 2468 1244 assumptum,

1407 1246 1502 1279 etiam
1531 1247 1654 1288 primus
1682 1248 1800 1279 modus
1828 1257 1894 1288 quo
1922 1254 2061 1288 potestas
2090 1247 2258 1289 spiritualis
2285 1248 2403 1279 iudicat
2431 1248 2469 1278 de

1405 1291 1637 1332 temporalibus
2114 1312 2115 1315 η

1463 1335 1628 1367 Secundus
1651 1342 1768 1372 autem,
1793 1335 1909 1367 scilicet
1932 1345 1969 1366 ex
1992 1336 2196 1367 concessione
2218 1336 2382 1376 potestatis
2405 1345 2470 1366 sae-

1401 1379 1535 1417 cularis,
1558 1380 1641 1411 satis.
1655 1379 1736 1410 clare
1759 1385 1846 1419 patet
1867 1379 1900 1410 in
1923 1380 2069 1420 praelatis
2092 1380 2280 1411 habentibus
2303 1386 2470 1420 utramque

1405 1423 1656 1455 iurisdictionem
1681 1423 1714 1454 in
1730 1423 1839 1462 multis
1858 1423 1947 1461 locis,
1972 1434 2009 1455 ex
2031 1424 2257 1456 donationibus
2279 1423 2469 1464 principum.

2413 274 2520 322 33¹

2493 903 2505 914 ¹·
2518 902 2639 930 implicare
2653 902 2678 924 P.

2498 1117 2508 1127 ⁸
2523 1116 2559 1138 ef.
2575 1122 2625 1147 can..
2639 1116 2704 1137 Scri-

2492 1145 2560 1192 ssffl'.
2567 1142 2705 1196 visati?
