2860 4244
373 231 422 266 42
1062 217 1328 264 QUAESTIO
1359 217 1479 262 ml,
1509 217 1805 254 ARTICULUS
1835 218 1866 253 11

1039 331 1370 363 Commentario,
1394 328 1644 360 Cardinalis
1667 315 1867 362 Caietam

401 422 420 442 N
444 411 576 441 articulo
600 411 704 450 primo
728 410 922 451 quaestionis
938 407 1371 448 sexagesimaesecundae‚‚in
1386 417 1432 449 rq-
1443 414 1460 442 31
1484 407 1605 448 buendi
1624 415 1745 447 urgeat,
1771 409 1879 439 ceteris
1902 407 2139 441 conditionibus
2160 407 2318 448 requisitis
2341 408 2554 438 concurrenti-

374 424 573 495 Isponsione
597 455 636 484 ad
660 455 797 490 tertium,
823 453 956 484 dubium
981 449 1130 487 occurrit,
1156 452 1247 492 quia,
1273 447 1433 481 eum-dis·
1458 448 1460 483 3
1486 451 1557 481 bus>
1575 451 1642 482 sine
1655 451 1914 492 ·-impedimento‚
1943 451 2126 483 distributor
2153 458 2278 482 tenetur
2305 452 2345 482 ad
2371 451 2552 482 faciendum

369 499 496 530 tributio
518 499 663 538 respiciat
687 499 828 528 debitum
853 504 887 528 ut
911 507 1093 533 commune,
1111 495 1361 539 recompensatio
1379 506 1432 525 au·
1458 487 1460 531 3¹
1487 496 1524 525 de
1549 495 1715 525 communi
1738 496 1903 536 proprium
1928 496 2008 536 parti
2025 495 2153 526 cuilibet
2176 495 2354 526 secundum
2368 504 2459 525 suam
2478 505 2553 535 pro-

367 550 432 573 tem
455 543 632 573 secundum
656 542 878 582 aequalitatem
902 541 944 571 rei
969 541 1008 570 ad
1031 550 1097 570 rem
1122 540 1267 580 respiciat
1289 537 1433 570 debitum
1457 533 1460 583 l
1485 538 1680 578 portionem.
1703 539 1843 580 Et⁴quia
1867 547 1990 570 tenetur
2005 540 2044 570 ad
2059 539 2145 570 hunc
2161 546 2268 570 actum
2286 545 2432 579 respectu
2449 539 2552 570 cuius-

367 594 402 617 ut
425 587 600 626 proprium,
625 586 699 626 quia
722 586 774 615 illa
798 587 838 615 ad
862 584 1102 620 distributivam,
1127 585 1185 614 ista
1202 585 1241 614 ad
1256 590 1433 614 commuta·
1457 585 1459 603 ³
1484 583 1561 613 libet
1584 583 1695 623 partis,
1719 583 1792 614 ideo
1817 585 1967 614 omnibus
1991 591 2022 615 et
2045 584 2177 623 singulis
2202 583 2342 623 partibus
2365 589 2491 613 tenetur
2512 583 2553 614 ad

367 631 463 661 tivam
479 630 630 660 iustitiam
647 636 782 669 spectat:
806 647 827 652 -
851 629 1019 669 quomodo
1037 628 1104 658 sine
1120 628 1331 668 applicatione
1346 638 1432 659 cotn-
1457 632 1459 657 J
1485 628 1795 667 recompensandum
1815 634 1939 658 tantum
1956 635 2113 669 quantum
2129 637 2196 658 non
2213 627 2299 658 dedit
2314 626 2407 657 alicui
2423 628 2462 657 de
2478 636 2552 667 por-

366 674 472 704 munis
489 675 564 704 boni
589 674 627 703 ad
652 673 746 709 hunc,
764 683 846 714 quae
864 673 899 704 fit
923 683 979 712 per
995 672 1225 703 distributionis
1242 679 1359 708 actum,
1377 671 1432 712 qui
1457 665 1459 675 '
1485 671 1571 702 tione
1596 670 1654 701 sibi
1675 670 1789 701 debita.
1814 672 1854 702 Et
1877 672 1938 702 hoc
1961 672 2036 712 quia
2053 672 2171 702 omissa
2186 671 2355 712 applicatio
2371 670 2456 701 illius
2479 681 2551 711 por-

365 719 398 748 in
416 728 488 748 casu
513 717 679 757 proposito
700 717 836 748 omissus
852 717 1053 757 supponitur,
1070 726 1107 748 ex
1123 717 1288 748 communi
1312 717 1431 747 factum
1485 715 1580 746 tionis
1608 716 1649 746 ad
1677 715 1763 746 hunc
1791 715 2005 747 damnificavit
2030 716 2180 750 illumin
2203 715 2348 756 propriO,
2373 725 2438 746 non
2463 716 2551 757 quod

366 770 412 792 est
435 762 614 801 proprium,
641 771 695 791 seu
720 768 757 791 ex
780 761 886 792 debito
910 767 947 791 ut
970 770 1142 792 commune
1166 761 1286 791 factum
1310 767 1356 791 est
1379 761 1431 790 de·
1485 766 1550 790 erat
1568 759 1733 799 proprium
1759 758 1942 795 auferendo,
1966 760 2031 796 sed,
2055 759 2095 789 ad
2118 769 2216 800 quam
2238 757 2412 795 tenebatur,
2436 755 2553 799 appro-

365 807 467 836 bitum
491 812 527 835 ut
549 803 738 845 proprium?
762 805 898 846 Oportet
917 813 1025 836 autem
1044 815 1112 836 esse
1134 805 1276 836 debiturn
1301 812 1337 835 ut
1359 814 1431 844 pro·
1485 804 1675 844 priationem
1699 802 1882 833 auferendo.
2012 821 2014 825 ·
2094 823 2096 825 »
2339 815 2341 818 ·
2476 811 2502 821 '2

364 850 470 890 prium
493 849 650 889 quidquid
674 855 720 879 est
743 849 885 880 debitum
909 850 1086 880 secundum
1106 845 1368 880 commutativam
1384 849 1432 879 iu-
1457 862 1458 878 ι
1539 848 1662 878 Deinde
1686 848 1726 877 ad
1750 847 1885 877 dubium
1901 846 2015 877 dicitur
2037 847 2143 887 quod„
2158 847 2232 878 licet
2252 847 2399 882 debitum
2419 853 2456 878 ut
2477 857 2551 888 pro·

365 893 493 924 stitiam:
519 903 555 923 ac
574 903 629 933 per
645 893 716 929 hoc,
734 893 890 934 quidquid
916 894 1008 925 debet
1031 893 1163 930 restitui,
1179 894 1256 934 quia
1271 893 1429 923 restitutio
1457 901 1458 929 j
1485 892 1591 932 prium
1610 892 1754 922 absolute
1773 891 1813 922 sit
1836 901 1933 921 suum
1955 890 2006 921 vel
2027 890 2101 921 loco
2116 890 2175 927 sui,
2200 897 2343 932 respectu
2367 898 2475 922 tamen
2497 891 2552 921 ali-

364 945 451 968 actus
475 945 521 968 est
545 937 790 968 commutativae
813 938 960 970 iustitiae.
985 938 1162 975 Quomodo
1187 947 1261 977 ergo
1280 936 1430 968 verificari
1457 933 1458 964 ἶ
1485 936 1575 967 cuius
1600 942 1646 966 est
1669 935 1763 966 etiam
1787 935 1930 966 debiturn
1954 940 1991 965 ut
2012 934 2180 974 proprium
2198 933 2279 965 illud
2301 935 2397 975 quod*
2413 935 2485 976 quis
2507 941 2552 966 te-

364 988 469 1022 potest
497 982 585 1021 quod
608 981 640 1011 in
663 981 766 1012 littera
789 982 918 1019 dicitur,
944 982 1034 1023 quod
1057 981 1309 1021 recompensatio
1333 991 1432 1021 quam
1457 992 1458 1019 g
1484 981 1617 1011 nebatur
1640 980 1740 1010 facere
1764 990 1860 1010 suum
1884 986 1915 1010 et
1937 989 2003 1009 non
2027 978 2115 1011 fecit:
2146 978 2319 1012 hocs‚enim
2341 985 2390 1011 est
2418 985 2454 1011 ut
2476 989 2552 1019 pro-

364 1026 437 1056 facit
465 1025 653 1066 distribuens
677 1026 704 1056 ei
730 1026 781 1056 cui
805 1027 891 1057 dedit
914 1027 1021 1057 minus
1044 1036 1142 1067 quam
1167 1026 1290 1062 debuit,
1315 1024 1350 1056 fit
1376 1035 1432 1065 per
1457 1032 1458 1039 ¹
1484 1025 1591 1064 prium
1621 1024 1765 1055 debitum
1794 1034 1861 1054 non
1883 1023 2046 1060 absolute,
2072 1023 2127 1053 sed
2154 1023 2192 1052 ab
2215 1022 2270 1053 illo
2301 1022 2358 1063 qui
2379 1023 2552 1065 tenebatur

365 1069 637 1109 comparationem
652 1069 695 1099 rei
710 1070 750 1100 ad
766 1067 855 1100 rem?
876 1071 960 1101 Nam
984 1080 1021 1101 ex
1044 1069 1105 1101 hoc
1129 1069 1218 1110 quod
1242 1068 1431 1099 distribuens
1456 1064 1458 1090 ¹=
1484 1069 1584 1100 facere
1609 1068 1774 1109 proprium
1798 1067 1852 1098 ini.
1877 1067 1918 1098 Et
1941 1067 2084 1103 sic,1icet
2105 1066 2208 1097 valeat
2226 1061 2460 1106 argumentum,
2476 1067 2550 1097 Non

363 1114 470 1144 minus
494 1114 580 1144 dedit
603 1123 702 1154 quarn
724 1114 832 1144 debuit
851 1114 890 1145 de
906 1114 1082 1150 communi,
1099 1114 1241 1154 sequitur
1257 1112 1345 1154 quod
1363 1123 1429 1143 non
1456 1109 1458 1133 5
1485 1118 1532 1143 est
1548 1113 1740 1153 proprium,
1765 1112 1857 1152 Ergo
1882 1121 1944 1142 non
1969 1116 2015 1142 est
2039 1111 2268 1141 restituendum
2299 1110 2474 1141 secundum
2498 1120 2551 1141 ae-

364 1158 533 1198 applicavit
549 1158 628 1188 illud
644 1159 733 1198 quod
750 1158 858 1189 debuit
871 1159 955 1189 huic.
977 1159 1017 1189 Et
1033 1159 1058 1188 si
1075 1168 1140 1188 non
1162 1157 1331 1197 applicavit
1345 1157 1429 1192 huic,
1484 1158 1683 1197 qualitatem,
1710 1156 1853 1186 absolute
1876 1156 2057 1196 loquendo;
2083 1165 2149 1185 non
2172 1155 2254 1185 valet
2277 1161 2384 1185 tamen
2406 1160 2551 1195 respectu

364 1212 438 1242 ergo
454 1211 520 1231 non
538 1209 583 1232 est
602 1202 768 1242 proprium
785 1202 888 1233 huius.
914 1203 954 1233 Et
970 1203 995 1233 si
1013 1213 1077 1232 non
1094 1210 1139 1233 est
1159 1201 1334 1241 proprium,
1353 1211 1431 1240 ergo
1456 1203 1458 1216 ²
1484 1200 1695 1231 distributoris
1710 1200 1736 1234 *‚
1754 1200 1829 1240 quia
1845 1206 1969 1230 tenetur
1985 1200 2024 1234 ad
2041 1198 2350 1239 appropriationem;
2376 1199 2430 1229 sed
2454 1208 2550 1239 opor·
2578 1206 2589 1217 ⁸
2603 1205 2777 1229 Memnona

364 1256 429 1277 non
454 1252 500 1275 est
523 1246 752 1276 restituendum
778 1247 955 1277 secundum
975 1246 1197 1286 aequalitatem
1221 1245 1264 1275 rei
1289 1244 1328 1274 ad
1352 1254 1429 1280 rem,
1455 1242 1458 1276 3'
1483 1250 1528 1274 tet
1543 1244 1644 1274 dicere
1657 1244 1746 1284 quod
1761 1244 1833 1274 Non
1850 1249 1897 1274 est
1906 1244 2089 1283 proprium,
2104 1253 2162 1274 nec
2176 1243 2364 1274 distributor
2384 1242 2553 1273 tenebatur·
2576 1232 2631 1255 Pu.

363 1298 399 1320 ut
423 1290 540 1320 scilicet
563 1297 720 1330 quantum
744 1290 852 1326 defuit,
878 1298 1002 1322 tantum
1025 1291 1147 1320 habeat.
1176 1289 1278 1320 Cuius
1301 1289 1431 1329 opposi-
1483 1288 1527 1318 ad
1548 1287 1822 1328 appropriandam
1841 1287 1900 1318 hoc
1912 1287 1973 1325 illi,
1997 1287 2091 1327 Ergo
2107 1297 2170 1317 non
2187 1292 2234 1317 est
2249 1287 2480 1318 restituendum
2497 1297 2552 1317 ae-

363 1342 433 1365 tum
456 1334 488 1363 in
512 1333 613 1364 littera
637 1334 758 1364 dicitur.
1456 1352 1457 1367 ¹
1483 1333 1586 1372 quale.
1612 1331 1672 1362 Sed
1697 1338 1772 1361 tunc
1792 1337 1993 1370 assumptum
2013 1337 2059 1360 est
2082 1328 2198 1361 falsum
2222 1341 2280 1371 pro
2297 1331 2436 1361 secunda
2451 1337 2550 1371 parte,

419 1378 456 1408 ΙΙ.
481 1378 531 1407 Ad
554 1378 615 1408 hoc
638 1378 710 1408 licet
726 1377 827 1418 possit
844 1377 946 1418 prima
962 1377 1040 1408 facie
1061 1377 1121 1407 dici
1141 1376 1229 1417 quod
1254 1376 1369 1406 falsum
1385 1383 1431 1406 est
1483 1383 1519 1406 ut
1543 1375 1664 1406 dictum
1688 1382 1743 1406 est.
1778 1375 1819 1405 Et
1841 1374 1885 1405 sic
1908 1381 1994 1416 patet
2022 1375 2190 1416 quomodo
2215 1384 2251 1405 ex
2274 1375 2381 1407 debito
2404 1382 2441 1407 ut
2462 1385 2551 1416 com-

363 1421 590 1452 distributionis
615 1429 720 1452 actum
744 1421 776 1452 in
794 1431 867 1452 casu
887 1421 993 1462 posito
1010 1421 1166 1451 omissum
1183 1429 1259 1456 esse,
1285 1420 1359 1461 quia
1383 1420 1431 1451 lit·
1484 1429 1582 1450 mune
1605 1418 1725 1450 factum
1749 1425 1795 1450 est
1818 1419 1961 1449 debitum
1985 1425 2021 1448 ut
2043 1418 2211 1459 proprium
2235 1419 2273 1459 ab
2296 1414 2376 1457 hoc:
2398 1417 2477 1461 quin
2497 1419 2552 1453 da-

362 1473 427 1497 tera
446 1475 512 1495 non
532 1466 616 1502 dicit,
635 1466 897 1506 Recompensatio
913 1475 1010 1506 quam
1021 1465 1110 1506 facit
1125 1465 1319 1495 distribuens
1334 1466 1364 1494 ei
1378 1466 1432 1495 cui
1455 1474 1457 1498 γ
1484 1462 1656 1494 mnificatio
1680 1473 1778 1504 quam
1802 1461 1875 1493 fecit
1898 1461 2084 1493 distributor
2112 1460 2291 1494 omittendo
2316 1459 2553 1505 'appropriatio-

363 1520 425 1541 non
449 1510 534 1540 dedit
557 1510 641 1550 quod
663 1510 781 1547 debuit,
805 1510 860 1540 sed
884 1509 967 1546 dicit,
993 1511 1022 1540 ei
1046 1511 1098 1540 cui
1120 1510 1227 1539 minus
1248 1509 1350 1545 dedit,
1377 1509 1431 1539 ubi
1456 1515 1457 1532 1
1483 1518 1558 1539 nem
1581 1508 1620 1538 ad
1643 1517 1742 1548 quam
1765 1507 1939 1543 tenebatur,
1963 1506 2037 1537 fecit
2060 1507 2098 1536 de
2122 1506 2231 1537 debito
2253 1513 2288 1537 ut
2303 1506 2552 1546 communiale-

362 1554 534 1585 affirmatur
549 1554 670 1584 dedisse
694 1554 739 1584 illi
762 1554 891 1594 aliquid,
912 1561 943 1585 et
958 1561 1091 1593 negatur
1105 1553 1264 1594 quantitas
1280 1553 1432 1584 debitaz-
1456 1580 1457 1595 ἶ
1483 1553 1586 1584 bitum
1610 1558 1646 1582 ut
1674 1551 1842 1592 proprium
1865 1561 1931 1583 non
1955 1551 2155 1591 simpliciter,
2179 1551 2234 1582 sed
2261 1551 2302 1583 ab
2330 1551 2414 1588 hoc,
2435 1549 2554 1590 scilieet

363 1599 418 1629 sed
440 1599 503 1628 hoc
528 1598 679 1629 frivolum
694 1606 750 1629 est.
775 1598 859 1635 Quia
875 1598 901 1628 si
917 1599 967 1629 cui
984 1599 1137 1629 debentur
1152 1604 1279 1629 centum
1297 1604 1328 1628 et
1346 1597 1432 1628 dedit
1456 1598 1457 1611 ³
1484 1597 1685 1628 distributore
1709 1595 1765 1637 qui
1787 1596 1962 1627 tenebatur.
2528 1616 2542 1625 -.

362 1642 602 1684 quinquaginta,
627 1649 751 1673 tenetur
774 1652 1014 1683 recompensare
1038 1641 1278 1684 quinquaginta,
1303 1641 1328 1671 si
1353 1641 1432 1672 nihil
1456 1643 1457 1682 ξ
1539 1641 1593 1671 IV.
1617 1640 1658 1671 Et
1681 1650 1718 1670 ex
1741 1639 1788 1670 his
1813 1647 1898 1680 patet
1921 1638 2038 1670 decisio
2063 1647 2170 1669 casus:
2195 1637 2312 1670 scilicet
2335 1639 2425 1680 quod
2448 1638 2475 1671 si
2498 1638 2570 1676 de?

363 1687 457 1723 dedit,
474 1693 599 1717 tenetur
617 1696 857 1727 recompensare
873 1693 1012 1717 centum.
1032 1685 1185 1727 Alioquin
1201 1685 1341 1716 melioris
1359 1695 1431 1715 con·
1483 1685 1592 1715 berent
1614 1684 1646 1714 in
1669 1684 1775 1725 aliqua
1794 1683 1954 1724 republica
1977 1690 2161 1723 proventus,
2173 1683 2286 1713 damni
2307 1681 2452 1714 distribui
2475 1678 2551 1714 coii-

361 1731 491 1762 ditionis
516 1730 690 1761 efficeretur
713 1731 902 1761 distribuens
926 1730 1016 1771 peius
1034 1730 1206 1770 operando,
1232 1729 1350 1759 scilicet
1369 1730 1431 1769 pri·
1456 1733 1457 1761 ἶ
1484 1728 1606 1769 scriptis
1622 1728 1742 1758 civibus
1767 1728 1898 1767 singulis
1913 1727 2013 1763 annis,
2037 1727 2220 1757 distributor
2241 1733 2349 1757 autem
2366 1733 2553 1767 occupasset

361 1775 468 1806 vando
491 1775 631 1815 aliquem
655 1781 735 1811 toto,
753 1785 851 1815 quam
875 1774 900 1804 si
924 1775 1059 1815 privaret
1081 1774 1174 1805 illum
1197 1783 1262 1803 una
1285 1780 1383 1813 parte.
1456 1797 1457 1800 ,
1483 1779 1658 1813 proventus
1679 1772 1770 1802 annis
1789 1772 1907 1810 tribus,
1932 1778 1963 1802 et
1985 1772 2198 1812 postmodum
2218 1771 2414 1811 poenitentia
2436 1772 2551 1803 ductus

417 1819 516 1850 Aliter
539 1826 647 1859 posset
670 1819 730 1849 dici
755 1820 844 1860 quod
858 1821 980 1850 Auctor
998 1819 1142 1859 loquitur
1161 1818 1200 1847 de
1215 1818 1430 1853 distribuente,
1456 1833 1458 1863 ζ
1483 1817 1660 1848 restitueret
1689 1815 1882 1856 reipublicae
1908 1816 2055 1852 eosdem;
2087 1825 2154 1846 non
2185 1815 2311 1846 deberet
2340 1817 2467 1847 summa
2492 1815 2553 1850 im

362 1874 429 1894 non
453 1864 492 1894 de
511 1863 722 1894 distributore.
749 1864 793 1893 Ita
812 1863 901 1904 quod
921 1863 1109 1893 distribuens
1125 1872 1161 1893 ex
1177 1862 1239 1892 hoc
1254 1862 1325 1902 ipso
1342 1862 1431 1902 quod
1456 1864 1458 1886 ἱ
1483 1861 1627 1892 distribui
1652 1860 1772 1891 civibus
1797 1859 1981 1900 conscriptis
1997 1859 2030 1890 in
2045 1866 2159 1901 quarto
2174 1868 2274 1896 annm
2298 1860 2354 1890 sed
2377 1866 2551 1900 proventus

362 1907 528 1943 distribuit,
554 1917 619 1944 seu,
645 1907 733 1948 quod
756 1907 842 1938 idem
866 1914 925 1944 est,
950 1907 1118 1947 supposito
1143 1906 1232 1947 quod
1256 1905 1429 1942 distribuat,
1456 1930 1458 1949 ᾗ
1484 1905 1577 1946 primi
1594 1903 1668 1935 anni
1685 1904 2009 1935 deberetdistribuere
2023 1903 2143 1934 civibus
2156 1902 2342 1947 conscriptis
2357 1903 2452 1944 primi
2466 1902 2552 1947 anni,

361 1959 486 1983 tenetur
509 1951 651 1992 aequalia
674 1952 858 1991 aequalibus
875 1951 963 1981 dare:
989 1957 1020 1981 et
1043 1951 1068 1981 si
1092 1960 1157 1981 non
1181 1950 1234 1980 dat
1256 1950 1360 1986 alicui,
1385 1957 1430 1980 te·
1456 1951 1458 1969 ³
1483 1957 1513 1980 et
1529 1949 1572 1980 sic
1588 1949 1745 1991 deinceps.
1769 1949 1812 1979 Et
1829 1948 1855 1979 si
1869 1948 1982 1989 aliquis
1998 1957 2110 1978 eorum
2127 1953 2208 1978 esset
2228 1947 2406 1983 defunctus,
2427 1941 2553 1978 tenetii'r

361 2003 454 2027 netur
469 1996 513 2026 illi
537 1996 576 2025 ad
600 1995 832 2036 restitutionem
855 1994 953 2026 totius
969 1995 1054 2025 illius
1078 1995 1166 2036 quod
1187 2004 1253 2024 non
1273 1993 1359 2024 dedit
1374 1993 1428 2025 illi.
1483 1994 1555 2024 dare
1579 1993 1746 2024 heredibus
1775 1992 1870 2027 illius.
1902 1992 1943 2023 Et
1965 1991 2027 2022 hoc
2050 1992 2125 2033 quia
2148 1991 2215 2031 ipse
2238 1989 2453 2022 damnificavit
2478 1986 2552 2022 indis

361 2041 402 2071 Et
425 2040 469 2071 sic
497 2040 614 2070 falsum
636 2049 768 2080 quoque
792 2046 838 2070 est
861 2039 1091 2070 distributionis
1115 2045 1219 2069 actum
1251 2038 1284 2068 in
1307 2047 1428 2078 propo·
1481 2037 1725 2076 individualiter,
1742 2047 1808 2067 non
1824 2036 2061 2077 appropriando
2081 2036 2163 2066 sicut
2185 2036 2360 2067 tenebatur.
2385 2035 2482 2066 Secus
2496 2045 2552 2066 au·
2675 2038 2688 2062 ὲ

362 2085 422 2115 sito
451 2084 565 2114 omitti,
589 2101 610 2106 -
634 2084 695 2114 Sed
719 2090 749 2114 et
768 2084 829 2114 hoc
849 2083 1042 2114 insufficiens
1066 2090 1120 2114 est.
1146 2083 1231 2119 Quia
1253 2082 1430 2116 secundum
1482 2089 1546 2113 tem
1570 2088 1651 2112 esset
1681 2082 1707 2112 si
1732 2078 1906 2122 proventus
1927 2080 1974 2111 illi
1997 2080 2130 2111 fuissent
2158 2080 2197 2110 ab
2219 2079 2312 2114 hoste
2335 2086 2390 2110 aut
2407 2079 2477 2115 ,alio
2498 2089 2552 2114 ορ

361 2129 423 2160 hoc
447 2128 630 2159 distributor
653 2128 729 2158 boni
758 2128 939 2159 communis
963 2128 1019 2168 qui
1041 2137 1207 2167 nunquam
1231 2127 1430 2158 distribueret
1482 2125 1607 2167 cupati:
1639 2126 1714 2166 quia
1740 2126 1807 2166 ipse
1837 2125 1937 2156 hostis
1965 2134 2032 2156 non
2062 2131 2188 2155 tenetur
2215 2124 2255 2155 ad
2279 2123 2552 2167 appropriandam

361 2173 502 2213 partibus
526 2172 772 2209 communitatis,
790 2172 845 2203 sed
861 2171 970 2202 omnia
986 2179 1152 2212 usurparet
1172 2171 1222 2202 vel
1241 2170 1308 2201 aliis
1331 2171 1429 2208 daret,
1482 2170 1668 2202 communia
1691 2169 1765 2200 huic
1788 2169 1839 2199 vel
1861 2167 1922 2206 illi3
1955 2175 1985 2199 et
2008 2175 2175 2210 propterea
2203 2178 2270 2198 non
2298 2167 2387 2202 laesit
2409 2161 2552 2221 singulfi}

362 2227 428 2248 non
452 2224 609 2247 teneretur
632 2216 772 2256 partibus
797 2216 1034 2247 communitatis
1059 2217 1098 2247 ad
1121 2215 1363 2246 restitutionem.
1389 2215 1430 2246 Et
1482 2214 1542 2245 nisi
1562 2214 1718 2246 laedendo
1735 2213 2009 2248 communitatem,
2027 2222 2045 2242 a
2061 2222 2124 2254 qua
2140 2211 2251 2243 aufert.
2486 2212 2488 2214 ’
2520 2250 2521 2254 ¹

362 2261 406 2291 sic
435 2271 472 2291 ex
500 2261 600 2291 aliena
630 2261 795 2302 tyrannide
826 2267 929 2300 partes
959 2257 1197 2291 communitatis
1226 2270 1292 2290 non
1322 2259 1429 2290 solum
1536 2257 1689 2290 Diffusior
1705 2264 1812 2289 autern
1827 2257 1886 2288 erit
1901 2256 2031 2287 inferius
2051 2265 2155 2287 sermo
2172 2256 2205 2286 in
2221 2256 2366 2297 sequenti
2386 2252 2553 2287 articulo*¹⁸
2578 2265 2790 2289 ‘eom-mm

362 2305 559 2336 laederentur
581 2305 614 2334 in
638 2304 732 2341 facto,
757 2305 811 2335 sed
834 2305 865 2334 in
882 2305 964 2335 iure:
989 2305 1065 2345 quia
1084 2314 1141 2334 nec
1161 2304 1233 2334 data
1246 2304 1308 2334 illis
1326 2310 1430 2334 essent
1481 2303 1520 2334 de
1536 2302 1682 2344 obligatis
1698 2303 1739 2333 ad
1754 2302 1985 2333 restituendum
2008 2301 2131 2332 ratione
2144 2300 2336 2331 distributivi
2349 2300 2425 2331 iusti
2442 2294 2554 2331 'violati
2578 2297 2631 2321 Ἥ·

363 2359 444 2390 quae
468 2355 542 2379 sunt
563 2349 625 2379 illis
649 2349 770 2385 debita,
796 2359 853 2379 nec
882 2349 976 2379 etiam
1004 2349 1053 2379 ius
1077 2348 1238 2388 repetendi
1267 2349 1427 2387 haberent.
1481 2348 1521 2378 ad
1545 2346 1798 2378 distributionem
1824 2345 2052 2381 beneficiorum
2073 2344 2366 2381 ecclesiasticorum,
2386 2344 2442 2376 ubi
2461 2354 2551 2385 prm

418 2394 470 2424 111.
495 2393 675 2423 Dicendum
698 2401 744 2424 est
767 2403 840 2433 ergo
866 2393 970 2433 quod,
995 2393 1060 2423 sive
1084 2392 1262 2423 distributio
1286 2392 1340 2423 fiat
1363 2393 1427 2423 sive
1482 2392 1564 2423 dicta
1587 2391 1680 2423 latius
1701 2398 1881 2431 repetentur
1905 2390 2060 2430 applicata
2078 2390 2118 2420 ad
2140 2388 2306 2422 materiam
2327 2388 2425 2420 illam.

363 2448 442 2473 non,
468 2437 646 2467 dummodo
671 2447 718 2467 res
743 2437 974 2468 distribuendae
998 2436 1100 2467 adsint
1124 2444 1153 2467 et
1177 2445 1303 2476 tempus
1327 2435 1428 2466 distri-
2244 2465 2246 2467 .
2493 2452 2535 2477 μ,

1086 2572 1443 2638 ARTIQULUS
1484 2570 1815 2613 SECUNDUS

674 2665 829 2696 UTRUM
853 2664 919 2696 SIT
943 2663 1244 2695 NECESSARIUM
1268 2664 1326 2694 AD
1350 2664 1555 2695 SALUTEM
1579 2663 1702 2701 QUOD
1727 2663 1827 2694 FIAT
1851 2661 2117 2693 RESTITUTIO
2140 2661 2238 2694 EIUS

1227 2708 1350 2745 QUOD
1374 2708 1585 2740 ABLATUM
1609 2707 1689 2739 EST

697 2787 772 2817 Infra,
791 2795 836 2820 qu.
855 2794 937 2816 mix,
957 2791 1005 2812 art.
1027 2787 1049 2817 3,
1070 2787 1102 2811 ad
1123 2794 1151 2814 23
1172 2787 1205 2811 IV
1226 2787 1309 2815 Sent„
1330 2786 1388 2811 dist.
1406 2793 1452 2817 xv,
1471 2793 1517 2819 qu.
1535 2794 1553 2816 1,
1573 2790 1620 2811 art.
1639 2784 1670 2817 5,
1690 2785 1740 2818 qu*
1761 2792 1790 2816 23
1812 2785 1909 2816 Quodl.
1928 2784 1982 2815 ΧΠ,
2001 2791 2045 2817 qu.
2060 2791 2110 2815 xvi,
2129 2789 2176 2809 art.
2196 2783 2220 2809 3.

394 2876 455 2906 ›sp-v
476 2878 533 2906 tac<
576 2872 598 2897 D
614 2871 805 2896 SECUNDUM
825 2870 878 2895 Sic
894 2870 1134 2895 PROCEDlTUR.
1150 2857 1310 2896 Videtur
1325 2857 1431 2906 quod
1456 2859 1459 2894 ὲ
1486 2864 1584 2893 esset
1611 2847 1845 2906 perplexus.'
1863 2856 1940 2894 Sed
1970 2856 2202 2905 quandoque
2231 2853 2323 2893 illud
2351 2853 2457 2904 quod
2476 2846 2552 2895 vaia}

388 2896 553 2970 ''5:¹⁸ng
577 2925 656 2950 non
671 2912 715 2948 sit
730 2911 986 2948 necessarium
1004 2911 1051 2948 ad
1068 2911 1228 2948 salutem
1244 2911 1350 2959 quod
1365 2910 1431 2947 fiat
1456 2928 1458 2945 2
1485 2910 1601 2948 fertur
1626 2922 1705 2947 non
1731 2917 1859 2958 potest
1878 2909 2021 2946 restitui
2042 2909 2122 2946 sine
2141 2912 2321 2958 peccato:
2349 2899 2552 2961 putavcuqi

381 2946 760 3013 'fsrsrestitutio
783 2965 862 3001 eius
882 2965 987 3012 quod
1017 2964 1184 3000 ablatum
1217 2972 1282 3001 est.
1314 2963 1431 3011 Quod
1457 2968 1458 2987 ³
1485 2963 1619 3013 aliquis
1663 2962 1774 3000 alicui
1817 2962 1961 2999 famam
2003 2961 2157 3000 abstulit
2198 2973 2335 3007 verum
2364 2955 2551 3006 ,dicendoss

434 3010 681 3055 -17‘519kenm
712 3025 767 3054 est
787 3017 1020 3066 impossibile
1049 3029 1126 3054 non
1154 3024 1209 3053 est
1229 3017 1276 3054 de
1301 3019 1431 3053 neees-
1456 3011 1458 3051 l
1485 3016 1587 3065 Ergo
1619 3015 1813 3053 restituere
1843 3015 2012 3053 ablatum
2051 3027 2129 3052 non
2153 3021 2224 3056 ,est
2252 3014 2299 3052 de
2328 3007 2552 3069 necessitate

368 3071 473 3108 sitate
495 3070 632 3108 salutis.
664 3070 741 3107 Sed
761 3070 965 3119 aliquando
995 3069 1228 3119 impossibile
1251 3078 1306 3106 est
1327 3069 1431 3106 resti·
1457 3074 1458 3096 l
1485 3069 1625 3106 salutis.
2516 3098 2548 3125 *l

368 3132 473 3161 tuere
511 3123 549 3160 id
578 3125 682 3172 quod
721 3131 775 3159 est
808 3123 997 3159 ablatum:
1042 3131 1133 3171 puta
1171 3135 1258 3159 cum
1298 3121 1431 3170 aliquis
1457 3102 1459 3152 l
1541 3123 1575 3159 3.
1595 3123 1829 3168 PRAETEREA,
1851 3121 1957 3169 quod
1983 3121 2123 3158 factum
2151 3127 2306 3157 estnon
2324 3126 2450 3169 potest
2468 3114 2552 3156 fieri

369 3176 520 3214 abstulit
557 3177 667 3213 alicui
696 3176 916 3213 membrum
945 3177 1007 3212 vel
1043 3176 1173 3212 vitam.
1222 3177 1322 3222 Ergo
1353 3188 1431 3212 non
1457 3176 1459 3207 ἕ
1485 3182 1526 3211 ut
1545 3175 1686 3211 facturn
1703 3187 1780 3211 non
1801 3174 1920 3211 fuerit.
1944 3173 2019 3211 Sed
2036 3173 2242 3221 aliquando
2260 3173 2370 3210 alicui
2385 3172 2551 3210 aufertur

367 3229 518 3267 videtur
547 3242 628 3266 esse
666 3229 712 3266 de
748 3229 969 3265 necessitate
999 3229 1127 3266 salutis
1156 3228 1260 3277 quod
1298 3228 1431 3277 aliquis
1457 3214 1459 3256 l
1485 3228 1610 3264 honor
1630 3239 1721 3264 suae
1742 3239 1928 3276 personae
1950 3239 1995 3264 ex
2014 3227 2089 3263 hoc
2108 3227 2191 3275 ipso
2213 3226 2319 3275 quod
2338 3227 2551 3275 passus‘est

370 3283 536 3320 restituat
564 3283 667 3332 quod
697 3282 801 3319 alteri
829 3282 990 3319 abstulit.
1486 3280 1614 3328 aliquo
1633 3285 1650 3301 ‘²
1670 3280 1804 3317 iniuste
1823 3293 1911 3317 eum
1932 3279 2185 3328 vituperante.
2206 3279 2308 3328 Ergo
2328 3290 2408 3316 non
2425 3284 2551 3327 potest
2678 3287 2695 3304 ⁸

424 3348 459 3373 2.
494 3337 732 3383 ΡΚΑΕΤΕΒΕΑ,
763 3335 1001 3372 committere
1040 3334 1193 3382 aliquod
1230 3341 1430 3382 peccatum
1457 3347 1459 3382 χ
1487 3334 1556 3370 sibi
1585 3333 1726 3370 restitui
1746 3333 1851 3382 quod
1880 3334 2048 3370 ablatum
2079 3340 2144 3370 est.
2175 3333 2224 3369 Et
2249 3332 2302 3369 ita
2329 3342 2407 3373 non
2428 3338 2484 3368 est
2502 3330 2549 3368 de

371 3401 449 3426 non
488 3397 542 3426 est
571 3389 616 3426 de
646 3389 869 3425 necessitate
905 3389 1053 3425 salutis:
1103 3387 1192 3435 quia
1221 3387 1273 3423 sic
1311 3388 1430 3424 homo
1457 3383 1460 3421 l
1486 3386 1706 3423 necessitate
1736 3387 1864 3423 salutis
1893 3386 2086 3423 restituere
2115 3386 2295 3423 ablatum.

425 3521 451 3553 α)
471 3521 568 3554 aliquo.
582 3534 600 3539 -
618 3521 651 3545 ab
670 3520 759 3552 aliquo
779 3520 869 3544 PAFa.
