2860 4244
895 296 1162 342 QUAESTIO
1191 297 1422 344 LXXXVII,
1452 296 1749 334 ARTICULUS
1780 297 1830 333 lV

277 375 338 411 vel
354 386 400 410 ex
416 374 620 422 emptione,
635 374 697 410 vel
711 385 956 422 quocumque
969 373 1189 410 huiusmodi
1202 375 1333 422 modo,

278 435 364 464 sunt
392 427 441 463 ad
469 427 636 463 decimas
665 428 867 464 solvendas
896 426 1058 474 obligati.

2374 298 2448 334 233

1361 376 1478 419 jmen
1514 375 1679 424 aliquam
1716 375 1998 412 immunitatem
2035 375 2247 411 secundum
2283 374 2451 413 diversas

329 479 440 516 Unde
459 488 562 528 patet
581 480 778 528 responsio
798 479 847 517 ad
874 479 1052 528 primum.
1083 479 1183 526 Quia
1213 479 1334 515 clerici
1361 502 1363 529 3

277 531 324 568 de
344 533 506 581 propriis
534 533 698 581 praediis
717 540 892 570 tenentur
914 533 1064 571 solvere
1084 531 1252 568 decimas
1270 544 1336 580 pa-

277 585 432 622 rochiali
461 585 642 622 ecclesiae
671 585 766 622 sicut
794 596 829 622 et
855 585 935 632 alii,
967 585 1078 621 etiam
1108 585 1137 621 si
1166 584 1236 633 ipsi
1265 584 1337 621 sint
1362 617 1364 620 ,

277 637 449 675 eiusdem
478 638 658 674 ecclesiae
687 638 830 674 clerici:
860 638 949 685 quia
982 637 1082 675 aliud
1111 646 1167 674 est
1194 638 1336 674 habere
1363 679 1364 686 ἵ

276 690 416 739 aliquid
435 698 476 728 ut
494 690 704 739 proprium,
725 691 825 727 aliud
844 698 886 727 ut
905 703 1121 727 commune.
1138 712 1161 718 -
1177 690 1338 727 Praedia
1363 709 1365 745 3

275 755 370 780 vero
399 743 579 780 ecclesiae
614 756 692 780 non
721 751 807 780 sunt
844 743 892 780 ad
930 744 1097 781 decimas
1134 743 1337 781 solvendas

276 796 449 843 obligata,
471 796 583 833 etiam
613 796 642 833 si
670 796 744 833 sint
771 796 866 833 infra
890 797 1073 834 terminos
1102 797 1252 834 alterius
1272 808 1336 845 pa-

275 848 439 885 rochiae.

327 903 387 938 An
415 913 605 938 SECUNDUM
633 913 816 939 DICENDUM
845 902 950 951 quod
974 902 1135 950 religiosi
1165 902 1230 950 qui
1249 908 1336 938 sunt

276 954 420 1001 clerici,
455 954 486 991 si
517 955 684 992 habeant
718 967 849 992 curam
885 955 1098 992 animarum
1133 954 1337 1003 spiritualia

274 1008 419 1056 populo
450 1007 723 1056 dispensantes,
743 1020 822 1045 non
841 1015 1016 1045 tenentur
1045 1007 1213 1044 decimas
1234 1008 1336 1054 dare,

274 1060 342 1097 sed
370 1068 530 1109 possunt
550 1073 613 1098 eas
632 1061 811 1110 recipere.
842 1082 866 1088 -
891 1062 950 1097 De
978 1060 1058 1097 aliis
1077 1072 1171 1097 vero
1193 1059 1337 1108 religio-

275 1112 336 1160 sis,
359 1113 471 1150 etiam
500 1113 530 1151 si
560 1114 633 1150 sint
661 1114 796 1160 clerici,
825 1114 891 1162 qui
919 1126 997 1150 non
1025 1113 1243 1162 dispensant
1270 1125 1366 1173 po-

274 1167 365 1215 pulo
394 1167 609 1215 spiritualia,
639 1175 696 1203 est
723 1167 795 1204 alia
822 1166 929 1203 ratio.
967 1165 1042 1215 Ipsi
1071 1165 1172 1204 enirn
1207 1174 1337 1203 tenen-

274 1227 334 1256 tur
362 1219 409 1256 de
437 1219 516 1256 iure
546 1219 741 1256 communi
778 1219 946 1256 decimas
975 1219 1086 1256 dare:
1116 1219 1259 1256 habent
1286 1226 1338 1256 ta—

1361 455 1363 473 .
1390 428 1655 465 concessiones
1685 428 1737 464 eis
1766 440 1788 464 a
1817 428 1916 465 Sede
1945 427 2164 476 Apostolica
2192 428 2308 464 factas
2326 427 2358 464 ³¹⁵.

1442 482 1500 516 AD
1520 493 1679 518 TERTlUM
1698 493 1883 518 D1CENDUM
1903 481 2035 530 quod·
2027 493 2066 517 1n
2084 480 2202 518 veteri
2221 482 2302 528 lege
2321 481 2450 529 primi-

1388 532 1462 568 tiae
1478 533 1717 570 debebantur
1729 533 2030 573 sacerdotibus*
2049 534 2220 571 decimae
2240 542 2367 571 autem
2383 535 2490 572 Le-.

1388 585 1494 621 vitis:
1524 594 1559 621 et
1578 586 1666 634 quia
1688 588 1758 623 sub
1778 583 2037 624 sacerdotibus
2058 587 2216 624 Levitae
2237 595 2352 634 erant,
2374 588 2454 623 Do-

1389 637 1515 674 minus
1543 639 1738 676 mandavit
1767 648 1805 676 ut
1834 640 1915 688 ipsi,
1932 641 2017 677 loco
2043 640 2306 689 primitiarum,
2328 641 2452 677 solve-

1390 698 1473 726 rent
1500 702 1653 728 summo
1683 693 1867 729 sacerdoti
1897 693 2086 730 decimam
2120 693 2304 730 decimae.
2343 693 2453 730 Unde

1391 754 1503 790 nunc,
1520 743 1654 780 eadem
1671 745 1826 791 ratione,
1843 753 2017 782 tenentur
2037 746 2157 782 clerici
2174 747 2337 783 Summo
2354 747 2453 782 Pon-

1390 795 1480 832 tifici
1510 796 1698 833 decimam
1728 797 1829 845 dare,
1858 798 1889 835 si
1917 799 2091 847 exigeret.
2130 799 2321 836 Naturalis
2351 799 2453 836 enirn

1363 853 1365 866 ¹
1391 848 1485 885 ratio
1523 848 1635 885 dictat
1669 858 1708 886 ut
1736 850 1784 886 illi
1820 851 1883 899 qui
1912 852 2026 888 habet
2064 863 2193 888 curam
2215 858 2232 873 α
2262 852 2309 889 de
2348 863 2454 888 com-

2481 430 2540 451 Cf.
2566 436 2633 457 capp.

2481 456 2604 483 multiplici

2655 430 2693 452 Ex

2657 457 2695 478 Ex

2478 484 2557 509 parte,
2569 487 2591 504 et
2601 473 2638 504 Ad
2651 489 2694 504 au-

2483 509 2602 535 arentiam
2611 509 2640 530 de
2647 509 2695 531 De-

2481 535 2546 556 cimis
2560 539 2603 556 etc.

2481 562 2552 583 ’Lod
2559 561 2597 583 cit.
2604 562 2627 583 in
2635 568 2682 589 arg.
2688 578 2693 588 ‚

2481 594 2541 609 vers.
2557 588 2570 609 8
2585 594 2637 616 sqq.

1391 901 1499 938 muni
1521 901 1768 939 multitudinis
1788 910 1904 950 statu,
1934 905 2180 952 provideatur
2206 905 2308 942 unde
2336 905 2455 953 possit
2485 913 2489 916 '

1392 954 1526 1002 exequi
1546 967 1590 991 ea
1610 967 1709 1002 quae
1729 956 1917 1003 pertinent
1936 958 1984 994 ad
2009 970 2258 995 communem
2278 958 2452 995 salutem.

1444 1009 1503 1043 AD
1533 1019 1706 1049 QUARTUM
1743 1020 1927 1046 DlCENDuM
1960 1010 2075 1057 quod·
2104 1011 2275 1047 decimae
2314 1011 2454 1048 debent

1392 1060 1528 1097 cedere
1557 1060 1594 1096 in
1628 1061 1923 1098 subventionem
1959 1074 2172 1111 pauperum
2200 1076 2270 1112 per
2303 1064 2454 1112 dispen-

1392 1113 1579 1150 sationem
1609 1114 1844 1151 clericorum.
1875 1115 1923 1151 Et
1951 1115 2038 1152 ideo
2064 1128 2253 1164 pauperes
2283 1129 2360 1153 non
2387 1117 2455 1153 ha-

1364 1160 1483 1203 bent
1521 1179 1675 1203 causam
1715 1167 1925 1216 accipiendi
1959 1168 2147 1215 decimas,
2179 1170 2244 1206 sed
2282 1177 2455 1206 tenentur

1394 1231 1457 1256 eas
1486 1219 1588 1256 dare.

327 1352 355 1383 ez)
375 1353 430 1375 ut...
448 1358 551 1375 curam.
564 1363 584 1370 ·-
601 1354 631 1375 ut
649 1350 688 1375 illi
706 1350 752 1383 qui
769 1350 848 1376 habet
870 1351 954 1384 (quod
973 1351 1025 1376 illis
1043 1351 1090 1384 qui
1107 1351 1204 1376 habent
1222 1351 1272 1383 Pa)
1290 1358 1382 1376 curam
1407 1352 1561 1376 animarum
1588 1352 1674 1381 Pan,
1694 1355 1724 1376 ut
1742 1352 1838 1384 quibus
1864 1352 1905 1377 illi
1922 1360 2014 1378 curam
2034 1352 2086 1385 pC‚
2111 1356 2140 1378 ut
2159 1353 2211 1378 illis
2229 1354 2275 1386 qui
2298 1354 2394 1379 habent
2412 1361 2456 1379 cu-

273 1393 332 1411 ram
351 1386 414 1417 DG;
433 1394 481 1419 pro
495 1386 590 1418 possit,
604 1386 713 1418 possint
733 1385 829 1411 PDGa.

945 1484 1280 1516 commentaria
1301 1484 1554 1517 Car-dinatus
1575 1484 1779 1517 Caietam

301 1591 322 1611 N
345 1581 478 1612 articulo
502 1587 615 1622 quarto
639 1580 782 1611 eiusdem
805 1580 1000 1621 quaestionis
1031 1580 1167 1611 obiectio
1191 1590 1338 1621 quorun-

275 1592 377 1655 Idam
407 1625 543 1656 occurrit
573 1625 681 1665 quoad
708 1625 787 1655 illud
817 1625 850 1654 in
873 1624 1080 1664 responsione
1107 1625 1146 1654 ad
1174 1624 1333 1664 primurn,

270 1669 387 1700 scilicet
408 1670 497 1710 quod
520 1670 628 1700 clerici
649 1669 688 1700 de
707 1669 849 1709 propriis
865 1668 1010 1709 praediis
1029 1674 1178 1699 tenentur
1199 1668 1339 1699 decimas

269 1713 404 1752 solvere,
428 1714 523 1744 etiam
546 1714 575 1743 si
595 1714 660 1744 sint
682 1713 822 1744 eiusdem
847 1713 999 1743 ecclesiae
1021 1713 1138 1744 clerici.
1173 1713 1336 1750 Quoniam

269 1757 376 1796 Extra,
398 1757 439 1788 de
459 1758 618 1795 Dec-imis,
643 1767 710 1797 cap.
731 1757 877 1794 Novum,
903 1756 1016 1787 dicitur
1039 1757 1128 1798 quod
1151 1757 1200 1788 illi
1227 1758 1337 1788 clerici

269 1801 384 1832 debent
406 1801 528 1832 solvere
551 1801 689 1832 decimas
711 1803 766 1842 qui
784 1811 805 1832 a
821 1801 946 1832 clericis
960 1801 1177 1842 spiritualium
1194 1802 1335 1833 ministe-

269 1846 394 1877 riorum
416 1846 543 1877 labores
564 1847 733 1886 accipiunt.
758 1846 806 1876 Ex
829 1855 896 1886 quo
919 1852 1007 1885 patet
1027 1846 1117 1887 quod
1139 1846 1214 1887 quia
1230 1846 1334 1877 clerici

269 1889 412 1921 eiusdem
436 1890 583 1921 ecclesiae
605 1899 672 1920 non
687 1889 847 1930 accipiunt
868 1889 1040 1921 ministeria
1055 1890 1228 1931 spiritualia
1243 1901 1262 1921 a
1276 1891 1336 1922 cle-
1378 1918 1382 1921 .

267 1933 348 1971 ricis,
373 1933 429 1964 sed
452 1934 513 1976 ipsi
528 1934 625 1965 simul
647 1934 772 1975 populo
790 1934 977 1970 ministrant,
1001 1934 1074 1964 ideo
1099 1944 1165 1965 nou
1189 1941 1335 1966 tenentur

269 1977 309 2009 ad
332 1978 480 2009 decimas.

323 2022 375 2053 Ad
397 2021 460 2053 hoc
482 2022 597 2054 dicitur
620 2022 709 2063 quod
730 2021 804 2053 licet
819 2031 855 2052 ex
870 2022 924 2053 illa
940 2022 1085 2053 decretali
1101 2022 1242 2064 quidam,
1260 2033 1334 2054 con-

268 2073 315 2097 tra
337 2068 511 2097 Auctorem
535 2073 566 2097 et
588 2066 737 2098 Glossam
759 2066 896 2103 ibidem,
920 2067 983 2097 hoc
1010 2066 1199 2107 opinentur,
1223 2077 1334 2098 secun-

269 2111 348 2141 dum
377 2117 483 2142 tamen
506 2111 669 2142 veritatem
697 2120 734 2142 ex
757 2111 810 2142 illa
833 2111 978 2142 decretali
1006 2110 1068 2142 hoc
1096 2121 1163 2142 non
1191 2111 1334 2143 habetur.

269 2154 353 2193 Quia
372 2155 533 2186 decretalis
549 2165 615 2186 non
636 2155 711 2186 dicit
733 2155 823 2196 quod
845 2155 894 2185 illi
914 2156 976 2186 soli
990 2162 1166 2193 teneantur,
1183 2156 1238 2186 sed
1261 2156 1335 2188 dicit

268 2199 358 2240 quod
372 2199 422 2230 illi
437 2205 598 2230 tenentur:
623 2209 698 2230 cum
713 2209 779 2241 quo
795 2206 856 2231 stat
874 2200 963 2240 quod
978 2200 1074 2231 etiam
1091 2200 1143 2230 alii
1158 2207 1333 2232 teneantur.

267 2243 309 2274 Et
331 2243 410 2274 ratio
439 2253 499 2284 pro
522 2245 662 2275 Auctore
686 2251 733 2275 est
755 2254 792 2274 ex
814 2250 902 2284 parte
925 2244 1014 2274 modi
1043 2244 1180 2275 habendi
1203 2251 1239 2275 ut
1261 2255 1334 2286 pro-

267 2286 374 2327 prium
396 2287 447 2318 vel
470 2297 652 2324 commune,
675 2294 711 2319 ut
733 2295 819 2328 patet
840 2288 874 2318 in
897 2287 1015 2319 littera:
1041 2294 1071 2319 et
1093 2298 1130 2319 ex
1153 2295 1240 2329 parte
1263 2299 1334 2329 per-

267 2341 383 2368 sonae,
407 2332 482 2373 quia
510 2342 568 2372 per
589 2332 732 2363 accidens
756 2338 803 2362 est
829 2333 918 2373 quod
943 2332 1072 2363 clericus
1094 2339 1237 2364 teneatur
1259 2343 1334 2364 suae

268 2375 432 2412 ecclesiae;
457 2376 570 2407 accidit
592 2376 678 2407 enim
700 2377 791 2418 quod
813 2376 871 2407 iste
889 2376 1001 2413 homo,
1019 2377 1169 2408 dominus
1193 2377 1258 2418 agri
1281 2378 1332 2409 siti

267 2420 301 2451 in
323 2420 482 2460 parochia,
507 2421 548 2451 sit
570 2420 700 2451 clericus
723 2420 818 2451 huius
841 2421 1000 2451 ecclesiae.

322 2464 360 2495 11.
385 2464 421 2494 In
443 2465 555 2496 eadem
577 2465 784 2505 responsione
808 2465 847 2496 ad
870 2465 1022 2505 primum,
1039 2465 1173 2496 dubium
1197 2466 1334 2497 occurrit

268 2507 348 2539 eirca
362 2508 453 2545 illud,
470 2509 602 2540 scilicet:
627 2509 766 2540 Praedia
782 2509 935 2540 ecclesiae
955 2519 1018 2540 non
1034 2515 1110 2540 sunt
1127 2509 1171 2540 ad
1193 2510 1333 2541 decimas

1391 1581 1562 1612 solvendas
1583 1582 1746 1622 obligata,
1772 1583 1866 1612 etiam
1890 1583 1918 1612 si
1939 1584 2003 1613 sint
2033 1583 2121 1624 infra
2146 1585 2298 1615 terminos
2321 1585 2456 1615 alterius

1385 1625 1571 1665 parochiae.
1603 1626 1686 1656 Nam
1716 1636 1752 1655 ex
1782 1626 1843 1656 hoc
1871 1634 2054 1666 sequeretur
2083 1629 2172 1668 quod
2199 1629 2304 1669 aliqua
2327 1629 2457 1659 ecclesia

1391 1668 1587 1700 fraudaretur
1602 1669 1667 1700 suis
1683 1670 1827 1700 decimis.
1852 1677 1888 1700 ut
1910 1677 1997 1710 patet
2019 1671 2044 1701 si
2060 1682 2220 1711 ponamus
2243 1673 2332 1713 quod
2348 1673 2457 1704 omnia

1390 1713 1517 1753 praedia
1540 1713 1621 1744 infra
1643 1714 1796 1744 terminos
1812 1714 1946 1745 alicuius
1965 1715 2132 1755 parochiae
2156 1717 2350 1748 donarentur
2372 1728 2390 1747 a
2410 1717 2455 1747 di-

1389 1758 1486 1788 versis
1509 1757 1637 1788 diversis
1660 1758 1728 1789 aliis
1752 1758 1900 1789 ecclesiis.
1924 1759 2028 1795 Tunc,
2049 1760 2116 1790 aliis
2132 1760 2269 1791 ecclesiis
2292 1761 2456 1802 possiden-

1362 1803 1363 1806 ’
1389 1801 1473 1832 tibus
1503 1809 1634 1839 cuncta,
1659 1802 1793 1843 spoliata
1823 1810 1999 1834 remaneret
2027 1805 2216 1844 parochialis
2245 1805 2299 1836 illa
2326 1805 2456 1837 ecclesia

1390 1846 1455 1877 suis
1479 1846 1618 1878 decimis.

1444 1891 1495 1921 Ad
1517 1891 1579 1921 hoc
1602 1890 1716 1921 dicitur
1738 1891 1828 1932 quod
1843 1898 1998 1922 statutum
2014 1892 2171 1923 Ecclesiae
2195 1893 2283 1934 quod
2302 1893 2345 1924 ibi
2369 1903 2456 1935 prae-

1388 1934 1440 1965 dia
1463 1935 1610 1966 ecclesiae
1634 1941 1758 1966 curatae
1781 1945 1847 1966 non
1871 1935 1933 1967 sint
1957 1936 2094 1967 obnoxia
2118 1937 2249 1968 decimis
2265 1938 2392 1969 alterius
2409 1948 2455 1969 ec-

1389 1979 1500 2010 clesiae
1517 1985 1652 2015 curatae,
1675 1979 1918 2020 intelligendum
1932 1987 1978 2011 est
2001 1990 2072 2011 cum
2095 1991 2203 2022 grano
2224 1982 2314 2020 salis,
2340 1982 2457 2014 scilicet

1388 2023 1455 2054 sine
1478 2023 1608 2054 notabili
1633 2024 1751 2054 damno
1772 2024 1985 2061 ecclesiarum,
2011 2031 2046 2056 ut
2069 2025 2174 2076 colligi
2198 2032 2304 2066 potest
2326 2036 2363 2057 ex
2386 2037 2453 2067 cap.

1388 2068 1602 2109 Suggestum‚
1627 2068 1737 2104 Extra,
1759 2068 1800 2099 de
1821 2069 1983 2100 Decimis:
2005 2079 2045 2099 ne
2069 2070 2231 2110 contingat
2258 2071 2345 2111 quod
2370 2080 2455 2101 unus

1388 2113 1510 2143 esuriat
1534 2117 1564 2142 et
1585 2112 1671 2143 alius
1693 2112 1799 2143 ebrius
1821 2114 1873 2144 sit.
1904 2113 2057 2154 Aequitas
2083 2124 2222 2154 namque
2246 2125 2311 2145 non
2335 2115 2454 2155 patitur

1388 2163 1503 2188 statuta
1529 2156 1687 2187 Ecclesiae
1711 2157 1984 2188 deordinationem
2010 2158 2106 2188 talem
2133 2159 2292 2190 inducere.
2323 2160 2455 2200 Propter

1388 2201 1486 2241 quod,
1503 2201 1535 2230 in
1552 2201 1707 2231 similibus
1731 2201 1854 2232 casibus
1878 2202 1992 2233 debent
2014 2202 2142 2242 praedia
2166 2203 2318 2234 extraneis
2341 2203 2454 2234 curatis

1387 2245 1522 2275 ecclesiis
1547 2245 1663 2276 donata
1686 2245 1815 2276 transire
1840 2255 1914 2276 cum
1937 2256 2033 2276 onere
2057 2257 2127 2283 suo,
2153 2254 2188 2278 ut
2210 2247 2328 2278 scilicet
2347 2245 2454 2278 'solitas

1386 2289 1558 2329 parochiali
1582 2289 1728 2320 ecclesiae
1752 2289 1890 2320 decimas
1911 2291 2045 2321 solvant.
2070 2291 2111 2321 Et
2132 2291 2166 2321 in
2189 2291 2243 2322 tali
2260 2301 2334 2322 casu
2351 2291 2453 2323 clerici

1387 2343 1444 2374 per
1470 2334 1614 2364 accidens
1643 2344 1662 2364 a
1686 2334 1804 2365 clericis
1833 2334 1971 2365 decimas
2001 2335 2139 2375 exigent:
2171 2345 2228 2375 per
2255 2345 2287 2366 se
2315 2345 2454 2377 namque

1387 2378 1516 2418 exigunt
1531 2388 1548 2408 a
1555 2378 1699 2429 praediis
1715 2378 1774 2409 sibi
1790 2378 1947 2409 obnoxiis.
1967 2379 2060 2410 Unde
2081 2389 2148 2410 non
2162 2379 2334 2412 violaretur
2351 2390 2419 2420 cap.
2431 2390 2454 2410 11

1386 2422 1420 2452 in
1443 2422 1492 2453 sui
1515 2422 1684 2463 principio,
1700 2423 1807 2462 Extra,
1823 2423 1863 2454 de
1884 2424 2037 2462 Decimis,
2060 2424 2150 2464 quod
2172 2434 2229 2464 per
2252 2434 2284 2454 se
2308 2432 2338 2455 et
2361 2434 2454 2464 regu-

1386 2466 1490 2497 lariter
1511 2466 1705 2507 intelligitur.

411 3610 520 3634 Summa
539 3610 639 3635 Τι-ιεοι..
661 3611 690 3635 D.
705 3611 728 3634 Τ
730 3618 819 3635 nomm-3
838 3611 868 3635 Τ.
888 3612 930 3636 Vl.

2272 3619 2303 3643 30
