2860 4244
29 632 39 642 ⁸
52 631 77 652 S.
93 630 138 652 Th.
162 636 202 658 qu.
216 636 222 651 ι
234 646 239 653 .

27 661 103 705 Ἣ·
118 657 194 704 9““.ῒ.’
210 657 238 704 3³

27 689 164 736 ζηὶεοίὶίε
182 724 187 730 .
198 699 238 737 qui

27 742 51 764 5,
66 740 108 758 art.
123 743 150 762 4,
165 736 193 757 ad
209 742 224 757 1.

949 249 1215 295 QUAESTIO
1246 251 1366 299 an,

268 332 373 367 potest
402 326 571 357 transmitti
595 327 639 363 ei,
664 333 719 358 aut
741 326 923 367 significari,
949 333 984 358 ut
1013 327 1137 358 ordinet
1165 329 1216 359 cui
1239 329 1330 360 detur

267 370 326 401 sibi
345 370 488 401 debiturn
503 377 538 401 ut
556 370 717 411 perveniat
735 371 775 401 ad
791 381 876 407 eum,
893 371 980 401 nulla
997 370 1163 402 difficultas
1180 380 1225 403 est
1241 374 1328 414 quod

265 420 390 445 tenetur
412 414 530 444 habens
554 424 621 444 rem
648 415 687 445 ad
711 414 940 446 restituendum
964 414 1001 445 ei.
1033 415 1093 445 Sed
1117 417 1260 456 quaestio
1284 424 1330 447 est

266 457 396 498 quando
427 468 493 488 non
516 465 622 498 potest
644 458 732 489 aliter
760 458 881 489 absenti
903 458 1024 489 restitui
1048 469 1143 489 suum
1173 460 1232 490 nisi
1256 471 1329 491 curn

266 512 383 542 magno
408 502 526 532 damno
549 502 761 533 restituentis:
791 509 869 542 puta
891 502 966 543 quia
990 509 1117 542 oportet
1143 510 1267 534 tantum
1291 505 1329 535 de

265 556 325 576 suo
349 546 522 586 expendere
545 546 578 576 in
597 546 752 576 mittendo
768 546 818 576 vel
837 545 1053 585 significando,
1076 555 1232 590 quantum
1246 549 1330 579 valet

265 590 297 620 id
325 590 416 631 quod
443 589 672 620 restituendum
703 596 759 620 est.
791 591 914 620 Auctor
935 600 1084 631 namque,
1109 598 1140 621 et
1162 592 1275 623 Scotus
1299 599 1329 623 et

265 634 452 672 Richardus,
468 633 502 664 in
518 633 651 670 Quarto,
669 633 739 664 dist.
755 643 796 664 xv
810 633 838 670 *‚
855 640 962 664 tenent
978 635 1067 674 quod
1090 635 1147 666 iste
1169 636 1330 666 restitutor

265 688 331 708 non
354 683 478 708 tenetur
500 677 540 707 ad
556 677 787 708 restituendum
803 677 831 707 ei
851 687 926 708 cum
941 678 995 708 tali
1010 679 1146 709 damno:
1171 679 1247 720 quia
1262 689 1328 709 non

265 728 389 752 tenetur
406 721 465 751 nisi
482 721 521 750 ad
537 720 768 751 restitutionem
783 721 827 751 rei
841 727 996 762 acceptae.
1021 723 1061 753 Et
1079 723 1200 753 addunt
1215 723 1328 754 Scotus

264 772 295 796 et
317 765 492 795 Richardus
515 765 604 805 quod
626 765 660 795 in
676 765 738 795 hoc
754 775 827 796 casu
852 766 944 796 debet
966 766 1046 797 illud
1067 767 1186 807 erogari
1210 777 1328 807 paupe—

263 809 366 845 ribus,
390 807 416 839 si
439 818 506 838 non
529 809 644 839 adsunt
670 816 814 850 parentes
837 810 931 841 illius.
963 811 997 840 In
1026 811 1088 841 hoc
1117 817 1226 841 autem
1253 811 1327 841 loco

263 855 384 884 Auctor
407 852 485 883 nihil
506 852 651 894 loquitur
673 854 712 884 de
736 854 916 894 sumptibus
940 855 1082 894 agendis,
1106 855 1161 884 sed
1185 854 1328 885 absolute

262 896 399 937 loquens
418 897 456 927 de
473 897 613 927 multum
633 897 767 928 distante
793 898 867 929 dicit
885 899 976 939 quod
994 899 1095 934 debet,
1116 898 1141 928 si
1158 898 1328 928 commode

263 947 384 981 potest,
409 940 543 971 domino
567 941 648 973 mitti
673 942 831 978 debitum,
862 942 1005 983 alioquin
1035 942 1127 972 debet
1154 941 1272 982 deponi
1299 948 1329 972 et

263 984 397 1015 domino
422 983 599 1025 significari.

315 1029 394 1059 Mihi
419 1035 526 1059 autem
548 1029 673 1060 videtur
696 1029 956 1069 distinguendum
979 1029 1018 1059 de
1041 1038 1134 1058 causa
1156 1028 1327 1059 restitutio-

262 1072 327 1103 nis:
353 1083 393 1103 an
416 1073 534 1104 scilicet
556 1073 651 1104 fuerit
673 1073 814 1113 acceptio
837 1073 963 1108 iniusta,
988 1079 1023 1102 ut
1045 1071 1182 1108 furtum,
1206 1072 1325 1112 rapina,

262 1126 358 1148 usura
381 1123 412 1148 et
433 1117 638 1153 huiusmodi;
661 1117 712 1147 vel
735 1117 801 1147 sine
823 1116 990 1152 iniustitia,
1015 1122 1051 1146 ut
1072 1116 1233 1152 inventio,
1257 1127 1327 1147 suc-

261 1160 372 1197 cessio,
388 1168 550 1197 mutuum,
571 1159 752 1200 depositum
776 1167 807 1191 et
829 1160 1025 1191 huiusmodi.
1049 1160 1132 1190 Nam
1155 1160 1181 1190 si
1204 1167 1328 1191 tenetur

261 1204 302 1235 ad
317 1204 550 1244 restitutionem
572 1203 694 1246 ratione
710 1203 784 1234 furti
808 1211 839 1234 et
854 1204 1016 1240 similium,
1034 1210 1157 1234 tenetur
1173 1204 1267 1235 etiam
1287 1205 1326 1235 ad

261 1257 421 1288 expensas,
446 1248 541 1279 etiam
563 1247 596 1278 in
619 1247 847 1288 quadruplum,
864 1248 890 1278 si
914 1248 1002 1279 aliter
1024 1258 1089 1278 non
1105 1255 1212 1288 potest
1227 1248 1326 1279 facere

260 1292 351 1333 quod
373 1302 422 1323 res
444 1291 592 1322 reddatur
615 1292 759 1323 domino.
784 1293 826 1323 Et
848 1292 927 1323 ratio
947 1299 994 1323 est
1015 1292 1092 1332 quia
1115 1290 1265 1323 dominus
1281 1293 1325 1324 rei

260 1345 298 1368 ex
316 1346 355 1368 eo
374 1337 595 1382 quodpasms
611 1342 658 1367 est
676 1336 808 1373 furtum,
825 1346 891 1367 non
908 1336 1000 1367 debet
1016 1336 1224 1367 damnificari:
1251 1347 1325 1368 con-

218 1370 443 1413 ‘wstasautem
464 1381 554 1421 quod
572 1380 827 1412 damnificaretur
845 1381 870 1411 si
886 1380 1023 1421 propriis
1039 1381 1180 1421 expensis
1200 1382 1326 1412 deberet

258 1433 442 1465 recuperare
464 1435 533 1455 rem
555 1425 615 1455 sibi
638 1425 786 1455 ablatam.
811 1424 897 1455 Cum
913 1434 987 1464 ergo
1003 1424 1071 1464 ipse
1094 1435 1160 1455 non
1183 1432 1326 1456 teneatur

258 1468 300 1499 ad
321 1478 483 1509 expensas,
507 1475 538 1500 et
561 1469 612 1499 fur
634 1475 777 1500 teneatur
800 1468 840 1499 ad
863 1468 974 1499 iterato
998 1469 1326 1508 statuendumdomi-

258 1521 340 1544 num
361 1512 407 1543 rei
429 1512 462 1543 in
485 1512 696 1553 possessione,
712 1522 911 1553 consequens
927 1519 974 1542 est
995 1513 1085 1552 quod
1108 1512 1159 1542 fur
1183 1519 1326 1543 teneatur

257 1560 315 1598 per
328 1556 483 1593 accidens,
499 1557 616 1588 scilicet
634 1564 765 1597 propter
778 1556 972 1587 accidentem
988 1556 1178 1593 distantiam,
1194 1557 1233 1587 ad
1252 1557 1325 1597 plus

259 1601 368 1632 damni
386 1601 609 1632 sustinendum
631 1611 730 1641 quam
747 1600 889 1632 intulerit
904 1600 1002 1631 alteri.
1026 1617 1047 1623 -
1070 1601 1136 1631 Nec
1158 1608 1324 1641 propterea

258 1645 501 1677 concedendum
519 1652 567 1676 est
587 1645 678 1686 quod
701 1651 825 1676 tenetur
847 1645 888 1675 ad
911 1645 996 1676 aliud
1019 1654 1118 1685 quam
1141 1645 1181 1675 ad
1203 1645 1325 1676 restitu-

257 1689 389 1721 tionem.
414 1689 475 1720 Sed
497 1689 574 1730 quia
595 1695 721 1720 tenetur
743 1689 782 1719 ad
807 1695 1063 1719 consummatam
1080 1688 1324 1726 restitutionem,

257 1743 340 1777 quae
362 1743 420 1774 per
441 1733 585 1764 accidens
609 1732 739 1774 requirit
762 1742 922 1773 expensas,
946 1732 1019 1763 ideo
1042 1739 1167 1763 tenetur
1189 1733 1229 1763 ad
1252 1734 1325 1764 sub—

257 1777 401 1814 eundum
424 1777 589 1808 damnum.
622 1795 643 1800 —
671 1777 738 1807 Nec
761 1776 855 1807 refert
880 1777 913 1806 in
937 1776 1103 1816 proposito
1128 1785 1168 1807 an
1191 1776 1258 1815 fur,
1283 1787 1324 1808 an

257 1831 369 1862 passus
397 1821 520 1852 furtum
548 1831 582 1852 se
605 1821 813 1852 absentaverit
837 1831 855 1851 a
877 1821 951 1851 loco
979 1820 1071 1851 furti:
1102 1821 1157 1851 sed
1184 1821 1242 1851 sibi
1266 1821 1324 1852 im-

255 1872 347 1907 putet
369 1865 430 1902 fur,
453 1866 509 1906 qui
533 1865 670 1896 furando
695 1865 796 1896 effecit
817 1875 850 1896 se
874 1865 1050 1896 debitorem
1073 1865 1112 1895 ad
1136 1866 1324 1905 ponendum

255 1910 426 1943 dominum
441 1909 475 1940 in
493 1910 695 1950 possessione
710 1909 754 1940 rei
770 1919 855 1946 suae,
872 1919 939 1940 non
957 1909 991 1939 in
1009 1910 1071 1940 hoc
1090 1910 1140 1939 vel
1162 1909 1219 1940 illo
1238 1910 1322 1946 loco,

256 1954 312 1986 sed
335 1953 528 1994 simpliciter.
557 1955 624 1985 Nec
647 1954 741 1984 debet
767 1953 934 1990 dominus,
958 1953 1013 1994 qui
1037 1963 1103 1983 non
1127 1953 1233 1994 potuit
1255 1965 1323 1985 rem

255 2008 349 2030 suam
371 1998 508 2029 ablatam
530 1998 609 2029 ferre
633 2008 756 2034 secum,
781 1997 864 2038 pati:
896 2004 1054 2038 pateretur
1078 2004 1184 2028 autem
1208 1998 1233 2028 si
1257 1999 1323 2029 sine

256 2041 324 2078 eius
345 2042 511 2073 voluntate
535 2052 583 2073 res
606 2052 664 2073 sua
688 2041 820 2082 pauperi
843 2048 898 2072 aut
921 2042 1008 2072 alteri
1032 2042 1167 2072 daretur.

306 2086 345 2118 -si
360 2095 436 2116 vero
459 2092 584 2121 tenetur
606 2087 646 2117 ad
665 2086 898 2117 restitutionem
913 2086 1035 2116 ratione
1049 2086 1241 2126 acceptionis
1257 2096 1324 2116 non

255 2130 402 2168 iniustae,
426 2137 514 2168 tunc,
537 2137 677 2162 cessante
701 2140 801 2166 mora,
826 2129 936 2160 fraude
958 2136 1052 2170 atque
1073 2130 1192 2161 iniusto
1217 2131 1325 2173 quoad

255 2174 318 2207 hoc
347 2184 470 2205 recessu
499 2174 666 2211 debitoris,
695 2184 762 2205 non
791 2180 916 2205 tenetur
949 2174 1072 2205 debitor
1104 2175 1145 2204 ad
1168 2175 1322 2205 damnum

255 2219 460 2250 subeundum
483 2225 612 2259 propter
634 2218 867 2249 restitutionem
891 2218 1076 2254 faciendam,
1101 2219 1196 2250 etiam
1215 2219 1240 2250 si
1256 2219 1323 2259 ipse

255 2272 289 2294 se
311 2262 535 2293 absentaverit:
561 2263 637 2303 quia
659 2262 726 2293 iure
743 2272 802 2292 suo
820 2263 966 2301 utebatur
982 2273 1014 2292 se
1031 2263 1226 2293 absentando
1250 2273 1323 2303 pro-

255 2313 326 2347 pter
349 2306 516 2346 negotium
538 2313 593 2337 aut
617 2307 838 2342 commodum,
855 2306 985 2346 quando
1003 2317 1068 2336 non
1085 2313 1150 2337 erat
1166 2307 1323 2346 obligatus

254 2350 431 2391 significare
454 2350 599 2382 creditori
623 2360 678 2381 seu
703 2350 836 2381 domino
860 2361 957 2380 suum
979 2360 1148 2381 recessum.
1180 2351 1220 2382 Et
1243 2352 1323 2382 ratio

255 2403 303 2426 est
325 2395 402 2435 quia
416 2395 448 2424 in
465 2395 651 2427 huiusmodi
674 2394 798 2425 debitor
821 2401 876 2425 aut
898 2400 1022 2425 tenetur
1037 2395 1076 2425 ad
1092 2395 1323 2426 restitutionem

255 2438 364 2470 solum
386 2438 507 2470 ratione
530 2439 574 2469 rei
597 2439 716 2469 alienae
741 2439 826 2478 apud
850 2449 892 2474 se,
918 2445 954 2468 ut
976 2445 1061 2478 patet
1085 2439 1123 2469 de
1146 2439 1275 2470 invento
1293 2447 1323 2470 et

255 2493 293 2514 ex
315 2483 515 2514 successione
538 2483 657 2519 habito,
683 2483 829 2522 deposito
854 2489 884 2512 et
907 2482 1109 2513 huiusmodi:
1135 2490 1165 2513 et
1188 2483 1232 2513 sic
1247 2494 1323 2514 con—

254 2533 315 2558 stat
338 2528 427 2568 quod
450 2537 515 2557 non
540 2533 664 2558 tenetur
681 2536 716 2557 ex
732 2526 919 2556 huiusmodi
938 2526 1095 2557 incurrere
1111 2527 1266 2557 damnum
1290 2528 1322 2558 in

255 2571 403 2612 propriis.
428 2573 494 2602 Aut
516 2578 640 2602 tenetur
663 2571 783 2602 ratione
799 2570 991 2610 acceptionis
1015 2581 1051 2601 ex
1066 2571 1244 2602 voluntaria
1267 2572 1323 2602 do-

254 2615 335 2651 mini
357 2615 660 2651 communicatione,
685 2622 720 2646 ut
743 2615 775 2645 in
799 2621 926 2651 mutuo,
950 2615 1092 2655 pignore,
1110 2616 1273 2656 emptione
1294 2623 1324 2647 et

255 2659 458 2691 huiusmodi:
484 2666 514 2691 et
537 2660 590 2696 sic,
615 2669 690 2690 cum
707 2658 858 2690 dominus
873 2659 1054 2699 exposuerit
1069 2670 1102 2690 se
1118 2667 1232 2700 sponte
1248 2660 1323 2691 huic

255 2704 407 2744 periculo,
422 2703 596 2740 distantiae,
616 2713 698 2744 quae
722 2710 827 2743 potest
849 2704 969 2743 absque
985 2704 1140 2744 cuiusque
1155 2704 1270 2735 iniuria
1285 2714 1323 2735 ex

255 2754 390 2788 utraque
413 2754 501 2788 parte
523 2747 721 2784 intervenire,
745 2747 805 2777 sibi
827 2747 886 2787 ipsi
909 2747 1048 2787 imputet
1070 2749 1159 2788 quod
1183 2758 1249 2778 non
1273 2759 1322 2779 ca-

253 2791 334 2823 verit
360 2791 558 2824 reddendum
581 2791 640 2822 sibi
663 2801 730 2822 esse
757 2791 790 2822 in
818 2791 873 2822 tali
899 2790 983 2823 loco.
1016 2792 1107 2822 Unde
1131 2793 1322 2822 servandum

255 2842 303 2867 est
331 2835 421 2876 quod
443 2823 566 2866 Autffor
594 2835 628 2866 in
658 2835 717 2866 hac
743 2834 950 2874 responsione
974 2835 1049 2866 dicit
1079 2836 1112 2866 in
1135 2836 1321 2867 huiusmodi

254 2879 507 2911 restitutionibus
534 2877 616 2919 quae
640 2888 676 2909 ex
706 2878 891 2910 voluntariis
914 2888 970 2909 seu
993 2889 1060 2910 non
1083 2880 1207 2911 iniustis
1235 2890 1321 2911 acce-

255 2924 419 2965 ptionibus
442 2923 650 2963 proveniunt:
675 2923 708 2952 in
731 2922 800 2952 aliis
823 2929 930 2953 autem
954 2923 1050 2953 etiam
1072 2923 1207 2960 iniustis,
1232 2925 1321 2964 quod

255 2978 352 3008 supra
375 2967 522 3000 diximus,
1345 2930 1348 3087 Ι

310 3013 351 3042 Et
373 3012 450 3042 haec
468 3018 542 3042 sunt
563 3021 636 3042 vera
659 3011 837 3041 secundum
859 3010 1015 3041 rationem
1032 3011 1178 3043 iustitiae.
1203 3012 1321 3042 Secun-

254 3057 335 3087 dum
357 3062 466 3087 autem
492 3056 650 3086 humanas
675 3054 886 3091 coniecturas,
918 3055 1056 3094 pensatis
1085 3055 1321 3087 conditionibus

1394 249 1689 289 ARTICULUS
1717 252 1767 288 Vl
2396 252 2441 288 53

1383 339 1591 370 personarum
1615 337 1646 361 et
1666 340 1782 367 rerum,
1806 337 1911 370 potest
1933 330 2113 370 contingere
2136 330 2225 371 quod
2247 337 2355 370 posset
2378 331 2443 361 dari

1383 373 1589 414 pauperibus:
1614 381 1691 414 puta
1714 374 1789 415 quia
1812 374 2013 414 cognoscitur
2036 373 2169 414 qualitas
2192 374 2364 405 voluntatis
2387 375 2443 406 do—

1384 418 1461 448 mini
1485 418 1528 448 sic
1552 418 1697 455 absentis,
1722 425 1752 449 et
1775 418 1911 448 creditur
1933 418 2022 459 quod
2045 424 2149 448 ratum
2173 418 2310 449 haberet.

1436 461 1489 492 Vl.
1507 461 1542 491 In
1558 462 1765 502 responsione
1778 462 1817 492 ad
1833 469 1993 503 quartum,
2006 462 2142 493 occurrit
2157 462 2292 492 dubium
2305 473 2323 492 a
2334 462 2441 500 Scoto,

1382 504 1414 534 in
1438 505 1580 542 Quarto,
1605 506 1676 536 dist.
1695 516 1735 536 xv
1746 506 1772 542 *,
1796 505 1828 536 in
1851 506 1910 536 hac
1933 506 2062 536 materia
2083 513 2225 537 motum:
2252 509 2302 536 An
2327 507 2443 538 scilicet

1382 548 1514 579 existens
1538 549 1571 578 in
1594 557 1731 580 extrema
1755 550 1937 581 necessitate
1959 556 2101 581 teneatur
2119 550 2281 582 restituere
2298 551 2441 582 creditori

1381 592 1478 622 simul
1507 599 1650 632 tempore
1681 593 1822 633 collapso
1852 593 1885 624 in
1913 601 2084 624 extremam
2111 594 2339 625 necessitatem.
2373 595 2441 635 lpse

1382 645 1520 676 namque
1549 637 1662 667 Scotus
1689 643 1774 668 tenet
1799 645 1920 677 partem
1944 637 2178 669 affirmativam:
2210 638 2284 679 quia
2308 639 2443 670 creditor

1382 689 1549 720 nunquam
1572 680 1683 711 cecidit
1705 691 1723 710 a
1746 681 1890 711 dominio
1909 682 1952 712 rei
1975 682 2070 712 illius.
2094 682 2142 712 Ex
2164 683 2226 713 hoc
2245 682 2329 713 enim
2353 684 2442 724 quod

1381 723 1478 753 simul
1497 723 1691 754 devenerunt
1708 725 1748 754 ad
1764 732 1935 756 extremam
1951 726 2177 763 necessitatem,
2195 726 2338 767 sequitur
2352 728 2441 768 quod

1381 766 1561 797 dominium
1584 768 1627 797 rei
1657 768 1743 807 prius
1766 769 1909 799 habitum
1939 779 2005 800 non
2029 770 2164 810 perdidit
2192 769 2322 810 'propter
2344 778 2441 802 extre-

1380 821 1468 841 mam
1491 811 1617 841 alterius
1633 812 1857 843 necessitatem.
1881 814 1922 843 Et
1945 821 2174 854 consequenter
2197 814 2256 844 sibi
2279 815 2371 846 debet
2393 826 2440 846 re-

1381 855 1467 885 stitui
1491 855 1586 885 etiam
1610 856 1648 885 ab
1672 856 1821 887 existente
1842 857 1875 886 in
1899 863 2036 888 extrema
2058 858 2249 889 necessitate.

1436 898 1514 928 Mihi
1530 906 1638 929 autem
1661 899 1785 930 videtur
1807 900 1992 940 oppositum
2008 911 2075 932 esse
2090 912 2210 932 verum.
2234 903 2275 932 Et
2292 902 2372 933 ratio
2389 913 2441 934 me

1380 952 1512 972 movens
1536 950 1582 974 est
1605 942 1679 983 quia
1702 950 1846 983 tempore
1869 951 2024 975 extremae
2043 945 2234 976 necessitatis
2258 947 2440 987 quomodo-

1381 996 1528 1027 cumque,
1546 993 1646 1017 cessat
1668 988 1840 1027 proprietas
1857 998 1962 1018 rerum
1985 989 2025 1018 ad
2048 989 2097 1019 ius
2120 990 2262 1029 gentium
2285 998 2439 1030 spectans,

1381 1036 1417 1061 ut
1438 1030 1568 1060 inferius
1584 1030 1601 1049 *
1623 1031 1751 1070 patebit.
1777 1032 1818 1062 Et
1839 1031 1994 1062 iudicium
2019 1033 2056 1062 de
2073 1043 2132 1063 usu
2154 1043 2260 1063 rerum
2283 1041 2358 1065 tunc
2374 1045 2440 1065 non

1379 1074 1471 1104 debet
1494 1073 1560 1104 fieri
1584 1075 1760 1105 secundum
1779 1082 1896 1106 statum
1920 1076 2118 1116 proprietatis
2132 1086 2248 1114 rerum,
2265 1079 2439 1110 secundum

1379 1128 1477 1158 quem
1500 1118 1562 1149 hoc
1581 1125 1627 1149 est
1649 1118 1733 1149 illius
1757 1126 1788 1149 et
1806 1119 1886 1150 illud
1899 1120 2043 1150 alterius:
2069 1121 2123 1150 sed
2143 1121 2234 1152 debet
2248 1121 2315 1152 fieri
2330 1133 2440 1153 secun-

1380 1162 1459 1192 dum
1485 1169 1604 1193 statum
1634 1173 1699 1203 quo
1729 1163 1838 1193 omnia
1870 1170 1944 1194 sunt
1973 1164 2166 1195 communia.
2200 1165 2440 1197 Considerando

1379 1212 1486 1236 autem
1505 1215 1553 1236 res
1572 1205 1604 1236 in
1621 1213 1703 1237 statu
1723 1217 1789 1247 quo
1809 1207 1918 1238 omnia
1936 1215 2010 1238 sunt
2028 1208 2223 1247 communia,
2238 1210 2440 1241 manifestum

1380 1257 1426 1281 est
1452 1250 1541 1290 quod
1564 1251 1678 1281 melior
1693 1256 1739 1281 est
1762 1251 1899 1282 conditio
1922 1253 2115 1291 occupantis,
2133 1262 2188 1282 seu
2205 1254 2398 1292 possidentis
2411 1255 2439 1286 *.

1378 1296 1425 1324 Ac
1448 1304 1504 1335 per
1527 1294 1598 1331 hoc,
1624 1305 1697 1325 cum
1715 1295 1806 1326 multi
1830 1295 1892 1326 sint
1914 1295 1946 1325 in
1963 1303 2100 1326 extrema
2115 1297 2307 1335 necessitate,
2332 1305 2362 1328 et
2381 1309 2439 1338 ego

1377 1338 1505 1368 invenio
1528 1338 1560 1368 in
1585 1349 1683 1369 manu
1707 1349 1777 1369 mea
1801 1340 1886 1369 unde
1907 1339 2022 1376 vivam,
2039 1350 2105 1371 non
2129 1347 2239 1371 teneor
2261 1341 2341 1372 illud
2361 1343 2440 1373 mihi

1378 1383 1560 1413 subtrahere
1583 1390 1614 1413 et
1628 1383 1684 1414 tibi
1701 1383 1795 1413 etiam
1818 1383 1851 1414 in
1868 1390 2004 1414 extrema
2028 1384 2208 1415 necessitate
2224 1385 2364 1416 existenti
2387 1388 2440 1418 tri-

1378 1427 1484 1462 buere,
1507 1426 1580 1457 licet
1602 1427 1664 1458 hoc
1687 1427 1776 1467 quod
1798 1427 1831 1457 in
1853 1437 1925 1458 mea
1942 1438 2039 1458 manu
2056 1435 2111 1464 est,
2134 1428 2203 1459 iure
2225 1430 2367 1469 gentium
2390 1431 2441 1462 vel

1378 1469 1516 1510 positivo
1540 1469 1579 1500 sit
1602 1477 1711 1501 tuum:
1745 1471 1819 1511 quia
1843 1478 1979 1502 extrema
2002 1482 2073 1503 mea
2096 1472 2262 1503 necessitas
2292 1474 2341 1504 ius
2364 1485 2439 1514 gen-

1378 1514 1459 1544 tium
1481 1520 1625 1553 respectu
1649 1514 1744 1545 huius
1768 1515 1857 1555 quod
1879 1516 1912 1545 in
1936 1526 2033 1546 manu
2050 1526 2121 1546 mea
2144 1523 2199 1553 est,
2224 1517 2279 1547 tibi
2296 1518 2438 1556 abstulit;

1378 1564 1408 1588 et
1431 1557 1481 1588 ius
1495 1564 1634 1594 naturae,
1656 1559 1744 1599 quod
1760 1559 1867 1589 solum
1882 1559 2041 1595 remansit,
2066 1560 2152 1590 fovet
2175 1561 2398 1600 possidentem.
2418 1581 2439 1587 -

1378 1601 1470 1632 Unde
1493 1601 1611 1632 falsum
1634 1609 1680 1633 est
1703 1603 1791 1642 quod
1814 1603 1866 1633 ille
1890 1603 2039 1634 dominus
2063 1604 2107 1634 rei
2136 1613 2302 1645 nunquam
2331 1606 2441 1638 cecidit

1378 1656 1396 1676 a
1418 1645 1582 1675 dominio:
1607 1647 1683 1686 quia
1705 1653 1843 1676 extrema
1865 1647 2032 1678 necessitas
2055 1647 2193 1684 alterius,
2218 1659 2292 1679 cum
2315 1660 2439 1690 posses-

1378 1689 1466 1720 sione
1489 1689 1574 1720 illius
1598 1690 1661 1726 rei,
1685 1690 1814 1721 abstulit
1836 1690 1910 1721 huic
1933 1691 1983 1722 ius
2009 1691 2200 1732 positivum,
2225 1693 2274 1723 ius
2297 1694 2440 1733 gentium

1377 1741 1407 1765 et
1430 1734 1479 1764 ius
1503 1740 1642 1765 naturae.
1665 1752 1687 1757 —
1712 1734 1804 1765 Unde
1827 1734 1943 1765 falsum
1958 1742 2004 1765 est
2026 1736 2115 1776 quod
2139 1736 2196 1767 iste
2220 1737 2363 1768 detentor
2386 1749 2440 1769 oc-

1377 1777 1460 1809 cidat
1486 1778 1673 1814 dominum,
1698 1785 1753 1809 aut
1779 1779 1894 1809 iniuste
1922 1787 2085 1810 conservet
2106 1780 2204 1810 vitam
2227 1791 2335 1812 suam:
2366 1783 2440 1823 quia

1378 1821 1559 1852 dominium
1575 1822 1705 1853 cessavit
1725 1822 1861 1859 alterius,
1879 1829 1910 1854 et
1931 1823 1988 1854 iste
2008 1834 2113 1860 usum,
2130 1834 2167 1854 ex
2186 1825 2247 1855 hoc
2263 1826 2351 1866 quod
2367 1837 2439 1866 pos-

1377 1867 1478 1897 sidere
1501 1866 1669 1903 invenitur,
1694 1876 1731 1897 ex
1755 1874 1884 1898 naturae
1906 1867 1975 1898 iure
1997 1867 2102 1898 habet.

1433 1910 1501 1941 VII.
1527 1911 1562 1941 In
1585 1911 1792 1950 responsione
1815 1912 1854 1942 ad
1877 1911 2027 1952 quintum
2051 1912 2192 1943 eiusdem
2208 1913 2340 1950 articuli,
2364 1921 2441 1945 nota

1376 1955 1409 1986 in
1433 1955 1573 1985 secundo
1597 1955 1743 1985 membro
1766 1955 1846 1986 illud
1865 1956 2008 1992 verbum,
2030 1966 2111 1987 suae
2125 1957 2286 1988 custodiae
2308 1958 2439 1998 deputa-

1377 2004 1453 2029 tam.
1478 1999 1583 2029 Habet
1605 2009 1744 2039 namque
1767 2009 1799 2029 se
1823 1999 1980 2039 praelatus
2004 2001 2042 2030 ad
2066 2011 2114 2031 res
2138 2001 2284 2032 ecclesiae
2308 2002 2439 2043 duplici-

1376 2050 1436 2073 ter:
1462 2043 1580 2074 scilicet
1603 2050 1639 2073 ut
1662 2050 1779 2081 custos,
1799 2050 1830 2074 et
1853 2050 1888 2074 ut
1911 2043 2117 2084 dispensator.
2142 2045 2199 2075 Est
2214 2045 2371 2086 siquidem
2386 2057 2438 2077 cu-

1376 2094 1442 2117 stos
1465 2097 1571 2117 rerum
1593 2087 1809 2118 immobilium
1838 2094 1868 2118 et
1890 2087 2027 2118 aliorum
2055 2098 2195 2129 quorum
2224 2089 2370 2120 alienatio
2394 2097 2441 2121 est

1377 2131 1435 2161 sibi
1458 2131 1632 2171 prohibita:
1657 2138 1703 2162 est
1717 2138 1824 2162 autem
1847 2131 2045 2172 dispensator
2067 2132 2230 2163 fructuum
2249 2140 2279 2164 et
2302 2133 2438 2165 aliorum

1377 2182 1592 2215 proventuum
1615 2175 1655 2205 ad
1678 2185 1774 2206 suum
1797 2175 1886 2216 quasi
1910 2176 2104 2216 stipendium
2131 2177 2366 2216 pertinentium.
2398 2179 2440 2210 Et

1377 2219 1542 2260 quoniam,
1567 2226 1603 2250 ut
1624 2222 1814 2250 Auctormet
1842 2219 1918 2250 dicit
1946 2220 1980 2250 in
1996 2221 2182 2258 ·Quolibeto
2206 2221 2267 2258 VI,
2297 2232 2351 2262 qu.
2376 2234 2438 2259 vn,

1376 2270 1432 2294 art.
1454 2274 1463 2293 1
1485 2263 1511 2300 *,
1531 2263 1690 2303 praelatus
1711 2264 1793 2294 male
1817 2270 1908 2294 utens
1933 2271 1964 2294 et
1985 2265 2139 2305 dissipans
2155 2265 2337 2305 portionem
2351 2266 2438 2297 illam

1376 2317 1457 2348 quae
1478 2314 1537 2337 este
1547 2308 1638 2348 quasi
1661 2307 1856 2348 stipendium
1879 2308 1956 2344 eius,
1973 2318 2039 2339 non
2063 2315 2186 2339 tenetur
2209 2310 2248 2339 ad
2271 2310 2439 2341 restitutio-

1376 2361 1461 2390 nem,
1483 2352 1538 2381 sed
1560 2353 1600 2382 ad
1623 2352 1726 2382 solam
1747 2352 1991 2391 poenitentiam
2012 2352 2096 2390 ideo,
2119 2360 2155 2383 ut
2177 2361 2388 2393 praeservaret
2407 2365 2439 2385 se

1375 2397 1414 2426 ab
1430 2395 1479 2426 his
1499 2405 1581 2436 quae
1602 2402 1675 2426 sunt
1691 2406 1766 2426 suae
1782 2395 2008 2435 dispensationi
2024 2406 2082 2436 pro
2099 2407 2159 2427 suo
2182 2407 2242 2428 usu
2259 2399 2438 2435 commissa,

1376 2439 1462 2475 dixit,
1479 2449 1558 2469 suae
1574 2440 1737 2470 custodiae
1758 2440 1920 2480 deputata.

1430 2484 1573 2514 Tenetur
1588 2493 1663 2523 ergo
1678 2484 1711 2514 in
1728 2484 1854 2514 duobus
1867 2484 1988 2514 casibus
2005 2485 2044 2514 ad
2060 2485 2302 2517 restitutionem.
2319 2486 2436 2523 Primo,

1376 2527 1402 2557 si
1426 2534 1591 2567 usurparet
1614 2527 1672 2558 sibi
1696 2538 1763 2558 rem
1787 2528 1969 2568 deputatam
1985 2528 2083 2559 alteri.
2106 2529 2146 2560 Et
2162 2530 2194 2559 in
2209 2530 2270 2560 hoc
2287 2531 2437 2561 claudun-

1375 2578 1426 2602 tur
1450 2572 1534 2602 bona
1557 2572 1706 2612 deputata
1729 2579 1795 2602 tam
1811 2572 1897 2603 alteri
1921 2572 2108 2613 particulari,
2133 2580 2168 2604 ut
2191 2575 2353 2610 canonico,
2370 2575 2437 2605 offi-

1376 2615 1455 2651 ciali,
1472 2616 1650 2655 capellano,
1668 2626 1765 2656 quam
1780 2616 1925 2656 collegio,
1942 2623 1978 2646 ut
1994 2617 2143 2657 capitulo,
2160 2617 2322 2658 hospitali;
2339 2629 2437 2659 quam

1376 2659 1584 2695 multitudini,
1601 2667 1637 2691 ut
1652 2660 1845 2700 pauperibus
1861 2667 1916 2691 aut
1930 2661 2044 2700 puellis
2061 2661 2220 2692 nubilibus
2237 2670 2291 2693 aut
2307 2663 2436 2693 studen-

1375 2704 1468 2740 tibus,
1482 2704 1727 2741 transeuntibus,
1740 2703 1882 2740 infirmis,
1896 2712 1954 2736 etc.
1971 2706 2103 2745 Propter
2114 2706 2202 2745 quod
2219 2706 2274 2746 qui
2288 2714 2438 2746 praesunt

1375 2748 1584 2788 hospitalibus
1614 2755 1669 2779 aut
1691 2755 1766 2779 sunt
1789 2749 1997 2779 commissarii
2019 2749 2052 2779 in
2084 2749 2287 2786 huiusmodi,
2311 2750 2436 2782 videant

1375 2802 1473 2832 quam
1495 2793 1631 2822 mundas
1650 2799 1775 2823 servent
1793 2802 1923 2823 manus:
1948 2803 2022 2823 cum
2044 2793 2129 2823 enim
2152 2793 2229 2823 haec
2253 2794 2336 2824 bona
2359 2795 2435 2825 alio-

1374 2846 1446 2866 rum
1459 2836 1530 2872 sint,
1547 2837 1664 2876 rapina
1678 2846 1861 2876 pauperum
1878 2838 1910 2867 in
1926 2837 2019 2867 domo
2031 2846 2140 2867 eorum
2157 2837 2229 2867 est*
2244 2838 2269 2867 si
2285 2838 2361 2868 haec
2377 2839 2435 2869 sibi

1373 2879 1542 2920 applicant.
1559 2897 1580 2902 -
1596 2880 1754 2916 Secundo,
1771 2880 1797 2910 si
1820 2880 1969 2911 alienaret
1983 2890 2051 2910 rem
2065 2891 2140 2910 suae
2156 2882 2317 2912 custodiae
2336 2883 2434 2923 depu-

1374 2930 1481 2954 tatam.
1503 2924 1544 2953 Et
1555 2924 1614 2954 sub
1626 2923 1688 2954 hoc
1705 2924 1904 2960 clauduntur,
1917 2931 1953 2954 ut
1971 2924 2045 2963 dixi,
2061 2931 2126 2954 tam
2147 2925 2324 2956 immobilia
2336 2937 2435 2966 quam

1373 2967 1531 3008 prohibita
1553 2968 1690 3004 alienari,
1707 2978 1805 3008 quarn
1821 2968 1959 2999 thesauri
1983 2975 2014 2999 et
2036 2968 2158 3005 similia,
2175 2969 2234 2999 nisi
2258 2970 2291 2999 in
2314 2980 2387 3001 casu
2401 2971 2433 3000 in

1373 3021 1438 3052 quo
1454 3012 1537 3042 licite
1559 3011 1732 3052 dispensari
1747 3019 1892 3052 possunt.
1916 3013 1964 3042 De
1986 3012 2035 3042 his
2055 3019 2161 3043 tamen
2184 3014 2321 3053 amplius
2351 3015 2433 3045 dice-

1373 3063 1424 3086 tur
1446 3055 1576 3086 inferius
1591 3055 1620 3092 ff,
1637 3066 1712 3087 cum
1735 3057 1773 3087 de
1801 3063 1882 3087 statu
1906 3056 2132 3097 episcoporum
2155 3058 2344 3089 tractabitur.

1032 3251 1036 3254 ⁴
1068 3201 1387 3243 ARTICULUS
1418 3201 1626 3243 SEXTUS

678 3294 834 3325 UTRUM
857 3293 1097 3325 TENEATUR
1120 3293 1287 3324 SEMPER
1310 3294 1583 3325 RESTITUERE
1608 3294 1704 3324 ILLE
1729 3293 1803 3331 QUI
1827 3292 2013 3324 ACCEPIT

469 3384 492 3410 D
515 3383 656 3409 serrum
684 3383 737 3409 sm
765 3383 1005 3410 paocanrrua.
1026 3373 1185 3410 Videtur
1212 3373 1319 3422 quod
1344 3373 1346 3424 ξ

291 3388 299 3405 μ)
374 3392 414 3414 ‚ss

307 3435 313 3445 ’
375 3400 442 3486 ἐἴ
469 3437 548 3462 non
575 3432 749 3462 teneatur
770 3437 924 3474 semper
950 3426 1146 3463 restituere
1174 3426 1233 3463 ille
1254 3425 1319 3474 qui

410 3478 626 3528 accepit.
669 3479 744 3515 Per
772 3478 1044 3516 restitutionem
1081 3479 1181 3516 enim
1212 3491 1319 3528 repa-

266 3525 285 3552 ”
315 3547 323 3556 ⁸
391 3542 402 3565 τ’
426 3524 573 3569 ratur
599 3531 804 3581 aequalitas
832 3531 1005 3579 iustitiae⁷
1031 3544 1131 3581 quae
1152 3532 1320 3569 consistit

1372 3373 1411 3410 in
1447 3374 1523 3410 hoc
1551 3373 1657 3420 quod
1696 3373 1936 3410 subtrahatur
1965 3372 1998 3408 ei
2027 3372 2090 3420 qui
2126 3372 2212 3420 plus
2249 3373 2364 3409 habet
2399 3379 2435 3409 et

1373 3426 1482 3463 detur
1511 3426 1544 3462 ei
1574 3426 1638 3475 qui
1667 3426 1792 3462 minus
1820 3426 1945 3462 habet.
1995 3425 2071 3462 Sed
2107 3425 2287 3473 contingit
2314 3438 2433 3474 quan-

2470 507 2480 516 ·
2491 507 2538 534 Qu.
2546 513 2566 533 2,
2579 507 2606 528 ad
2617 514 2679 534 arag.

2468 1039 2649 1066 'Qu.1.xv1‚ar1.
2656 1045 2677 1066 7.

2467 1253 2477 1262 ”
2487 1251 2522 1272 Cf.
2530 1250 2581 1278 Dig.
2589 1251 2616 1273 L.
2623 1257 2677 1275 xvu,

2467 1277 2495 1298 de
2510 1277 2557 1299 div.
2575 1283 2626 1304 reg.
2641 1277 2678 1298 Iu-

2467 1304 2516 1329 ris,
2545 1304 2595 1328 126,
2626 1305 2677 1325 128:

2467 1330 2530 1351 Sext.
2549 1330 2661 1351 Decretal.
2672 1346 2677 1353 ,

2467 1356 2492 1377 In
2499 1356 2566 1383 pari,
2581 1356 2610 1377 de
2625 1363 2677 1383 reg.

2467 1382 2537 1403 luris.

2466 2267 2562 2295 ’Ad3.

2462 2834 2472 2841 '’
2482 2833 2554 2854 Isaiae
2569 2840 2618 2860 cap.
2638 2840 2672 2860 ni,

2462 2865 2520 2881 vers.
2536 2866 2568 2886 ¹4·

2461 3040 2471 3047 ⁸
2494 3038 2540 3065 Qu.
2563 3044 2650 3060 cmxxxv
2665 3055 2670 3062 ,

2461 3069 2503 3086 art.
2519 3070 2540 3091 7.

1373 3478 1500 3528 doque
1522 3480 1627 3528 quod
1656 3478 1714 3515 ille
1734 3478 1797 3527 qui
1826 3490 1907 3514 rem
1937 3477 2103 3526 aliquam
2124 3478 2305 3515 subtraxit
2323 3478 2434 3515 alicui
2486 3475 2495 3483 '

1373 3544 1451 3569 non
1480 3533 1595 3569 habet
1623 3544 1721 3578 eam,
1752 3531 1819 3568 sed
1848 3530 2001 3568 devenit
2029 3531 2077 3568 ad
2105 3543 2240 3568 manus
2269 3532 2431 3568 alterius.
