2860 4244
410 305 480 342 158

406 393 436 417 et
451 395 506 425 per
525 385 685 421 accidens;
709 391 738 414 et
761 383 894 413 dicendo
911 381 999 422 quod
1014 379 1199 410 huiusmodi
1214 378 1365 418 acceptio,
1383 377 1464 417 opti-

405 439 475 460 mae
492 429 611 459 dationi
627 428 830 478 respondens
848 435 914 456 non
936 432 982 455 est
1005 434 1060 464 per
1077 433 1108 453 se
1127 422 1243 453 iniusta
1261 428 1291 452 et
1311 421 1463 451 usuraria.

406 473 489 511 Quia
508 482 582 503 cum
597 471 713 502 iustitia
736 471 775 501 sit
798 471 837 500 ad
860 469 1010 504 alterum3
1035 474 1065 498 et
1087 466 1205 497 iustitia
1231 465 1264 495 in
1288 471 1464 495 commuta-

406 517 545 548 tionibus
560 516 599 546 sit
621 516 701 545 inter
716 519 964 548 commutantes;
989 518 1020 542 et
1038 509 1224 541 huiusmodi
1238 509 1380 549 acceptio
1399 518 1464 538 non

406 561 503 591 violet
527 559 703 590 secundum
725 567 792 588 rem
821 555 1042 597 aequalitatem
1073 554 1153 584 inter
1177 563 1250 589 eos,
1276 553 1330 583 sed
1359 553 1465 583 solum

407 604 582 634 secundum
613 602 798 643 opinionem
828 607 858 630 et
886 599 1096 629 intentionem
1127 597 1325 647 accipientis:
1357 606 1465 627 conse-

407 658 506 688 quens
526 654 572 677 est
593 646 681 686 quod
704 654 759 684 per
782 644 934 678 accidens,
951 643 1012 672 hoc
1036 649 1082 672 est
1104 648 1234 682 propter
1255 641 1465 672 intentionem

407 691 602 740 accipientis,
627 697 658 720 et
680 698 746 719 non
769 698 824 728 per
847 697 897 723 se,
921 687 983 717 hoc
1007 693 1053 716 est
1082 695 1149 716 non
1172 691 1302 726 propter
1316 685 1465 725 inaequa

407 735 526 765 litatem
542 733 585 764 rei
601 733 640 763 ad
656 742 733 767 rem,
742 731 889 782 acceptio
908 730 967 760 ista
989 736 1036 760 est
1058 730 1174 760 iniusta
1189 735 1220 760 et
1243 729 1392 760 usuraria.
1419 731 1466 760 Ac

406 788 462 818 per
483 778 554 813 hoc,
578 776 718 817 quandiu
741 776 799 806 iste
822 774 877 815 qui
900 774 1019 814 accepit
1040 774 1149 814 vigore
1177 773 1247 804 talis
1273 772 1465 813 acceptionis

406 822 526 857 retinet,
544 827 667 851 tenetur
682 819 858 850 restituere:
879 828 916 848 ex
932 824 1093 848 contracto
1110 817 1240 858 quidem
1252 817 1329 848 vitio
1346 827 1402 856 per
1417 826 1466 847 ac-

407 866 511 897 cidens
527 863 728 904 acceptionis,
745 862 954 913 pauperibus;
979 871 1016 892 ex
1031 868 1141 902 putata
1160 868 1267 892 autem
1286 871 1352 891 non
1368 861 1466 891 dona-

406 909 492 940 tione
508 909 604 938 libera
627 907 739 943 dantis,
755 906 783 937 ei
798 907 853 947 qui
869 906 965 937 dedit.
989 907 1030 936 Et
1049 905 1110 936 hoc
1126 906 1219 936 debet
1234 905 1361 946 exequi:
1386 914 1466 946 quo-

407 953 491 983 niam
514 952 592 982 ratio
615 951 760 991 superius
783 951 875 981 allata
899 950 1061 981 concludit
1083 950 1172 990 quod
1195 959 1251 989 per
1275 959 1307 980 se
1331 959 1397 979 non
1421 956 1467 980 est

407 997 435 1027 ei
463 996 518 1036 qui
541 995 626 1026 dedit
655 995 898 1031 restituendum;
929 1004 1004 1025 cum
1023 1003 1089 1035 quo
1112 1000 1173 1025 stat
1199 994 1287 1035 quod
1309 1003 1365 1033 per
1387 993 1466 1023 acci-

407 1041 484 1070 dens
500 1040 539 1070 sit
557 1039 586 1069 ei
602 1039 841 1070 restituendum.
866 1038 927 1069 Sed
951 1038 977 1068 si
1000 1044 1074 1078 post
1092 1037 1216 1069 sciverit
1239 1038 1394 1068 donatum
1409 1036 1467 1067 sibi

408 1094 483 1120 esse,
501 1091 531 1114 et
545 1083 653 1123 vigore
668 1082 851 1113 donationis
867 1082 971 1123 coepit
986 1081 1128 1118 retinere,
1146 1091 1213 1112 non
1227 1081 1385 1112 tenebitur
1399 1091 1466 1111 am-

407 1129 490 1168 plius
506 1127 681 1158 restituere:
705 1126 741 1157 fit
763 1126 849 1157 enirn
864 1126 946 1157 licite
962 1136 1059 1157 suum
1078 1126 1116 1156 de
1139 1135 1225 1156 novo
1241 1135 1297 1166 per
1312 1125 1467 1165 acceptio-

407 1182 480 1202 nem
503 1171 683 1202 donationis
706 1170 764 1201 sibi
794 1171 946 1201 hactenus
974 1170 1160 1210 incognitae.
1192 1170 1234 1200 Et
1260 1169 1304 1200 sic
1335 1176 1467 1209 utraque

407 1215 527 1256 opinio,
544 1215 661 1246 scilicet
676 1214 850 1245 dicentium
865 1214 954 1255 quod
970 1224 1036 1244 non
1055 1220 1160 1254 potest
1176 1214 1234 1245 ista
1250 1213 1382 1244 retinere
1398 1213 1467 1249 sibi,

408 1267 438 1290 et
453 1259 625 1290 dicentium
647 1259 736 1299 quod
759 1265 864 1298 potest
885 1258 1027 1294 retinere,
1045 1265 1091 1289 est
1103 1267 1177 1288 vera
1192 1257 1413 1293 diversimode,
1433 1264 1469 1287 ut

408 1304 553 1334 diximus.
577 1303 619 1334 Et
636 1312 692 1343 per
706 1302 783 1333 haec
802 1309 910 1342 patent
925 1302 1101 1333 solutiones
1117 1302 1291 1332 multarum
1307 1300 1468 1342 quaestio-

408 1358 486 1378 num
503 1348 540 1377 de
556 1357 652 1378 usura
676 1346 815 1382 mentali,
833 1353 891 1376 etc.

462 1392 500 1422 V.
525 1391 560 1421 In
575 1390 781 1431 responsione
797 1391 836 1420 ad
851 1397 974 1421 sextum
990 1389 1132 1420 eiusdem
1148 1389 1280 1425 articuli,
1294 1388 1349 1419 ubi
1365 1388 1468 1428 agitur

1046 299 1312 348 QUAESTIO
1341 299 1550 346 LXXVIII,
1579 299 1874 336 ARTICULUS
1904 300 1934 335 ΙΙ

1518 377 1556 408 de
1576 377 1744 418 multiplici
1764 388 1824 408 usu
1840 377 1894 414 rei,
1919 377 2043 407 adverte
2067 377 2156 417 quod
2179 386 2256 407 usus
2280 376 2461 417 principalis
2485 388 2580 418 pecu-

1518 421 1588 451 niae
1611 428 1658 452 est
1681 421 1814 461 expendi
1838 429 1873 453 ut
1896 421 2035 461 pretium
2048 428 2170 450 rerum:
2195 420 2278 451 sicut
2301 430 2377 451 usus
2400 421 2581 462 principalis

1517 465 1582 495 vini
1606 471 1652 496 est
1675 471 1711 496 ut
1733 465 1866 496 bibatur.
1898 465 2018 496 Verum
2042 464 2318 504 quemadmodum
2340 465 2416 495 vino
2441 475 2507 496 non
2530 476 2581 496 5ο-

1516 509 1585 539 lum
1609 508 1730 540 utimur
1748 510 1800 539 ad'
1811 509 1995 544 bibendum,
2012 508 2067 538 sed
2083 508 2123 538 ad
2140 509 2417 545 commutandum,
2436 510 2487 540 vel
2506 520 2581 540 cum

1517 553 1662 592 pecunia,
1687 559 1717 583 et
1739 559 1815 584 tunc
1838 553 1942 583 induit
1965 552 2120 583 rationem
2143 552 2187 582 rei
2200 552 2335 589 venalis;
2359 552 2410 583 vel
2433 563 2507 584 cum
2521 553 2582 584 alia

1517 606 1559 632 re,
1584 604 1615 627 et
1637 603 1712 627 tunc
1735 597 1931 637 quandoque
1955 596 2111 627 rationem
2134 596 2235 636 pretii,
2260 603 2338 636 puta
2360 596 2386 626 si
2404 596 2481 627 vino
2503 597 2582 627 em’r-

1517 650 1589 670 mus
1613 640 1827 677 frumentum;
1850 641 1900 671 vel
1923 641 2020 671 etiam
2042 641 2219 681 utriusque,
2244 647 2321 680 puta
2343 640 2387 671 rei
2410 640 2529 671 venalis
2551 647 2583 672 et

1518 684 1627 724 pretii,
1653 694 1727 714 cum
1757 684 1853 715 simul
1882 685 2019 715 emimus
2042 684 2118 715 vino
2142 684 2339 716 frumentum
2363 691 2393 715 et
2414 684 2582 715 vendimus

1517 728 1629 758 vinum
1653 738 1711 768 pro
1736 727 1907 765 frumento,
1932 729 2129 760 intendentes
2152 729 2288 759 vendere
2307 735 2454 760 nostrum
2469 728 2582 759 vinum

1517 779 1548 803 et
1572 781 1675 802 emere
1698 771 1906 808 frumentum,
1924 780 1998 803 etc.:
2023 773 2066 803 ita
2089 773 2405 813 proportionabiliter
2427 773 2583 813 contingit

1517 816 1550 846 in
1576 815 1720 856 pecunia.
1751 816 1916 852 Quoniam
1938 816 2006 856 ipsa
2035 826 2101 847 non
2131 817 2239 848 solum
2266 817 2387 848 utimur
2415 823 2450 847 ut
2480 816 2582 857 pretio

1518 870 1633 896 rerum,
1658 860 1713 890 sed
1736 860 1832 890 etiam
1855 867 1892 890 ut
1905 869 1939 890 re
1953 860 2065 896 venali,
2090 861 2330 898 considerando,
2355 861 2436 892 sicut
2458 861 2498 891 de
2513 860 2582 891 aliis

1518 905 1620 941 rebus,
1645 903 1872 934 abundantiam
1893 903 1943 934 vel
1967 904 2133 944 penuriam
2157 905 2224 935 eius
2246 912 2391 945 respectu
2415 915 2580 936 occurren-

1517 949 1598 980 tium
1622 947 1854 979 necessitatum.
1878 947 1919 978 Et
1938 947 2000 978 hoc
2015 948 2115 978 modo
2139 948 2239 980 utitur
2260 949 2396 989 pecunia
2418 959 2467 979 ars
2490 959 2582 979 num-

1518 993 1661 1028 mularia,
1677 992 1848 1032 vulgariter
1862 998 2044 1032 nuncupata
2059 993 2251 1032 campsoria,
2269 993 2387 1024 scilicet
2401 999 2437 1023 ut
2455 1003 2488 1024 re
2503 1003 2582 1034 qua-

1519 1037 1603 1067 dam.
1628 1037 1669 1067 Et
1691 1042 1858 1076 propterea
1873 1035 1972 1066 utitur
1985 1035 2054 1076 ipsa
2070 1036 2166 1066 simul
2185 1043 2221 1067 ut
2234 1046 2267 1066 re
2283 1043 2315 1067 et
2328 1037 2446 1077 pretio:
2470 1047 2581 1078 quem-

1519 1081 1696 1111 admodum
1710 1080 1744 1110 in
1760 1080 2011 1111 commutatione
2025 1080 2090 1110 vini
2106 1086 2137 1111 et
2152 1079 2303 1111 frumenti
2318 1080 2509 1111 declaratum
2525 1087 2582 1112 est.

1519 1125 1560 1155 Et
1582 1134 1677 1164 supra
1700 1124 1762 1155 hoc
1785 1124 2037 1155 fundamentum·
2053 1124 2216 1165 consurgit
2242 1130 2309 1155 tota
2333 1124 2476 1155 doctrina
2498 1134 2582 1155 cam·

1519 1169 1656 1199 biorum.
1687 1169 1753 1199 Nec
1777 1168 1843 1199 ulla
1869 1175 1999 1208 apparet
2024 1168 2105 1199 ratio
2136 1178 2234 1209 quare
2262 1168 2363 1208 magis
2392 1168 2460 1199 aliis
2489 1169 2583 1200 rebus

1518 1213 1679 1253 possimus
1698 1219 1746 1243 tot
1764 1212 1868 1243 modis
1885 1212 1941 1248 uti,
1965 1219 1996 1243 et
2010 1222 2088 1243 auro
2104 1213 2154 1243 vel
2169 1219 2298 1253 argento
2317 1219 2482 1243 monetato
2501 1221 2582 1243 non:

1519 1267 1594 1287 cum
1617 1256 1835 1296 multiplicitas
1858 1266 1936 1287 usus
1966 1266 2033 1287 non
2059 1257 2213 1297 impediat
2236 1266 2333 1287 usum
2355 1256 2582 1297 principalem;

1518 1307 1550 1331 et
1571 1301 1610 1330 de
1633 1300 1716 1331 facto
1740 1300 1910 1339 pecuniam
1933 1301 2054 1331 multos
2077 1311 2155 1331 usus
2183 1301 2297 1334 habere
2321 1307 2444 1341 praeter
2466 1301 2583 1341 princi-

1518 1344 1625 1384 palem
1648 1344 1839 1384 experientia
1861 1350 2002 1375 testatur.

1167 1541 1486 1583 ARTICULUS
1517 1541 1817 1583 SECUNDUS

761 1635 916 1666 UTRUM
939 1634 1110 1672 ALIQUIS
1134 1634 1281 1665 POSSIT
1304 1633 1389 1665 PRO
1413 1633 1602 1665 PECUNIA
1624 1634 1843 1664 MUTUATA
1872 1633 2071 1671 ALIQUAM
2094 1634 2230 1665 ALIAM

1192 1677 1552 1709 COMMODITATEM
1575 1677 1802 1708 EXPETERE

995 1756 1036 1781 De
1054 1755 1138 1785 Malo,
1158 1764 1204 1788 qu.
1221 1763 1275 1786 xm.
1294 1760 1341 1781 art.
1360 1763 1386 1787 4.
1406 1756 1438 1781 ad
1461 1754 1505 1786 13;
1527 1756 1568 1780 De
1587 1755 1692 1788 Regim.
1713 1755 1881 1785 Iudaeorum,
1901 1763 1946 1788 qu.
1964 1763 1988 1780 v.

449 1873 458 1882 Ι
497 1858 503 1871 ι
530 1868 568 1885 .st
619 1848 847 1874 usECUNDUM
863 1848 916 1873 51c
931 1847 1170 1873 pnoctzorrun.
1190 1835 1348 1872 Videtur
1362 1835 1467 1883 quod

574 1890 752 1949 aliquis
779 1889 899 1938 possit
925 1901 996 1937 pro
1022 1888 1187 1937 pecunia
1215 1895 1386 1925 mutuata
1406 1887 1468 1924 ali—

563 1937 734 1991 ‘aquam
774 1943 887 1979 aliam
924 1941 1238 1978 commoditatem
1279 1948 1466 1990 expetere.

428 1946 542 1991 ’,Ἰν

410 2048 604 2085 demnitati
643 2049 850 2085 consulere.
895 2048 971 2084 Sed
1008 2047 1239 2096 quandoque
1282 2048 1468 2084 damnum

409 2101 542 2149 aliquis
577 2101 717 2149 patitur
749 2113 794 2138 ex
831 2102 905 2138 hoc
938 2101 1041 2149 quod
1074 2100 1275 2149 pecuniam
1307 2106 1469 2137 mutuat.

408 2154 510 2201 Ergo
539 2153 680 2190 licitum
709 2161 765 2190 est
793 2154 838 2202 ei,
868 2165 982 2202 supra
1008 2153 1212 2202 pecuniam
1242 2160 1467 2200 mutuatam,

409 2206 549 2254 aliquid
586 2206 687 2244 aliud
727 2219 797 2255 pro
837 2206 978 2243 damno
1022 2213 1218 2254 expetere,
1255 2206 1316 2242 vel
1354 2205 1467 2242 etiam

410 2259 569 2307 exigere.

465 2324 499 2349 2.
521 2314 755 2358 PRAETEREA,
775 2311 1037 2360 unusquisque
1057 2319 1204 2348 tenetur
1233 2323 1277 2347 ex
1299 2311 1468 2360 quodam

411 2365 538 2402 debito
558 2364 764 2402 honestatis
783 2365 927 2413 aliquid
952 2376 1238 2413 recompensare
1257 2364 1293 2400 ei
1318 2364 1384 2413 qui
1399 2364 1472 2400 sihi

302 2428 315 2443 ¹²
340 2428 353 2449 7
372 2433 383 2438 ·
410 2419 575 2468 gratiam
584 2418 692 2466 fecit,
712 2425 754 2454 ut
774 2417 907 2456 dicitur
926 2417 964 2454 in
983 2418 1018 2454 V
1035 2418 1155 2455 Ethic.
1175 2416 1196 2438 '¹‘
1220 2416 1298 2454 Sed
1325 2417 1385 2454 ille
1406 2416 1469 2466 qui

176 2424 255 2472 ἐξῆ-εξ.
269 2429 324 2471 Ινέῧῐ..
334 2438 383 2470 vtu-

275 2945 289 2978 β

180 3004 302 3026 interlin.
318 3016 328 3020 -
350 3005 386 3026 ct.

180 3030 248 3077 ¹Gre
263 3031 344 3053 homil.
354 3031 387 3052 IV

180 3063 326 3111 mVetqsngss.

411 2471 521 2508 alicui
549 2471 586 2507 in
607 2471 828 2508 necessitate
857 2471 1059 2509 constituto
1079 2470 1284 2520 pecuniam
1310 2477 1469 2517 mutuat,

411 2524 569 2572 gratiam
597 2523 702 2560 facit:
731 2524 833 2561 unde
867 2533 902 2562 et
930 2524 1136 2573 gratiarum
1169 2523 1267 2560 actio
1293 2523 1326 2559 ei
1356 2523 1469 2560 debe-

411 2584 482 2613 tur.
513 2577 613 2624 Ergo
643 2577 702 2612 ille
731 2577 795 2624 qui
824 2578 955 2627 recipit
982 2584 1130 2614 tenetur
1153 2575 1314 2613 naturali
1341 2575 1469 2612 debito

412 2629 552 2678 aliquid
581 2641 883 2678 recompensare.
921 2630 998 2667 Sed
1026 2642 1104 2666 non
1140 2629 1291 2666 videtur
1319 2641 1401 2665 esse
1430 2628 1470 2665 il-

411 2682 552 2719 licitum
582 2682 746 2730 obligare
767 2695 806 2719 se
835 2685 883 2721 ad
912 2682 1054 2731 aliquid
1073 2682 1121 2719 ad
1150 2681 1255 2730 quod
1275 2681 1359 2730 quis
1379 2687 1396 2702 α
1425 2694 1470 2718 ex

411 2735 569 2772 naturali
598 2735 678 2772 iure
707 2743 864 2773 tenetur.
894 2737 996 2784 Ergo
1035 2747 1113 2773 non
1141 2734 1291 2772 videtur
1320 2746 1401 2771 esse
1430 2734 1470 2771 il-

412 2789 552 2825 licitum
583 2788 613 2824 si
641 2788 794 2836 aliquis,
823 2788 1027 2837 pecuniam
1065 2787 1170 2825 alteri
1203 2795 1402 2834 mutuans,
1432 2787 1470 2824 in

413 2841 680 2889 obligationem
702 2841 863 2878 deducat
882 2842 1046 2890 aliquam
1062 2840 1469 2889 recompensationem.

468 2896 502 2931 3.
532 2895 776 2941 PRAETEREA,
816 2894 910 2931 sicut
948 2901 1002 2931 est
1039 2893 1234 2942 quoddam
1277 2905 1414 2929 munus
1447 2905 1470 2930 a

414 2959 541 2992 manu,
562 2946 612 2983 ita
640 2954 694 2983 est
722 2945 891 2983 munus!³
918 2959 942 2983 a
968 2947 1111 2996 lingua,
1134 2953 1170 2983 et
1197 2947 1246 2983 ab
1273 2946 1470 2995 obsequio:

413 3007 454 3036 ut
473 2999 560 3036 dicit
579 2999 715 3036 Glossa
729 2999 748 3021 ²⁸
769 2999 886 3036 Isaiae
905 3011 1013 3036 xxxin
1033 2999 1092 3036 ²¹⁰⁸:
1117 3001 1256 3036 Beatus
1275 2999 1342 3047 qui
1357 3011 1470 3036 excu-
1496 3010 1498 3021 *

415 3052 456 3088 tit
481 3063 615 3087 manus
641 3063 727 3087 suas
755 3053 802 3088 ab
831 3053 934 3089 omni
959 3064 1125 3088 munere.
1157 3052 1233 3089 Sed
1265 3051 1350 3088 licet
1378 3052 1468 3088 acci-

415 3116 505 3152 pere
526 3103 731 3142 servitium.
750 3105 812 3140 vel
833 3105 945 3140 etiam
974 3105 1143 3163 laudem,
1161 3105 1209 3141 ab
1234 3117 1280 3141 eo
1309 3104 1369 3141 cui
1387 3105 1471 3153 quis

415 3155 618 3204 pecuniam
634 3156 831 3192 mutuavit.
853 3157 965 3203 Ergo,
981 3157 1063 3205 pari
1078 3157 1234 3204 ratione,
1246 3156 1331 3194 licet
1350 3158 1470 3205 quod-

418 3220 579 3257 cumque
609 3208 708 3245 aliud
736 3220 876 3245 munus
905 3208 1086 3257 accipere.

468 3273 506 3308 4.
526 3260 760 3307 PRAETEREA,
783 3260 916 3297 eadem
944 3260 1093 3297 videtur
1123 3273 1203 3297 esse
1238 3261 1469 3309 comparatio

418 3314 492 3350 dati
520 3313 568 3350 ad
597 3314 728 3350 datum
757 3321 793 3350 et
821 3313 980 3350 mutuati
1000 3314 1048 3349 ad
1077 3321 1303 3350 mutuatum.
1334 3314 1411 3350 Sed
1431 3313 1469 3350 li-

469 3425 496 3457 α)
516 3425 552 3449 ad
570 3425 671 3457 aliquid
693 3425 730 3449 ad
748 3425 818 3457 quod
836 3425 903 3457 quis.
915 3438 933 3443 -
951 3425 988 3449 ad
1010 3425 1112 3457 aliquid
1125 3425 1196 3457 quod
1214 3425 1272 3457 quis
1296 3425 1415 3458 BCHpK,
1434 3427 1470 3451 ad

417 3460 519 3492 aliquid
536 3460 607 3492 quod
624 3461 654 3489 A,
673 3460 774 3492 aliquid
792 3460 863 3492 quod
881 3461 939 3492 qu1's
957 3460 1007 3490 EF,
1025 3461 1063 3484 ad
1081 3460 1109 3484 id
1126 3460 1163 3484 ad
1181 3461 1252 3492 quod
1270 3461 1288 3491 1,
1306 3461 1343 3485 ad
1359 3461 1387 3485 id
1398 3462 1470 3493 quod

417 3495 511 3527 aliquis
524 3496 554 3525 L,
566 3496 603 3520 ad
616 3495 718 3527 aliquid
733 3495 806 3519 aliud
819 3496 889 3527 quod
903 3495 961 3528 quis
975 3495 1020 3526 sK,
1033 3495 1070 3520 ad
1083 3495 1185 3527 aliquid
1197 3496 1234 3520 ad
1246 3496 1318 3527 quod
1332 3496 1363 3527 1³3
1379 3496 1469 3521 abrasa

417 3530 650 3597 px’ss3xmztri'usfsss
668 3565 800 3597 quoddam
821 3572 914 3590 munus
934 3565 980 3589 Pa.

470 3600 496 3632 γ)
516 3600 720 3632 impignoratur.
733 3612 751 3619 —
765 3600 930 3632 pignoratur
949 3600 982 3631 ¹³3
1001 3600 1068 3625 sicut
1087 3603 1126 3625 est
1145 3600 1335 3633 impignoratio
1357 3601 1420 3634 agri
1439 3602 1469 3626 D.

1496 3185 1498 3203 ,
1529 3156 1725 3194 Usuram‘

1520 1843 1579 1872 cet
1617 1835 1821 1884 pecuniam
1858 1836 2032 1884 accipere
2068 1848 2140 1885 pro
2177 1836 2250 1874 alia
2284 1838 2448 1886 pecunia
2484 1839 2582 1877 data.

1521 1889 1622 1936 Ergo
1661 1888 1746 1925 licet
1786 1888 1956 1937 accipere
1998 1890 2395 1938 recompensationem
2433 1892 2584 1931 alterius

580 1966 589 1993 1,
1493 1963 1494 1968 =
1521 1941 1642 1978 mutui
1669 1953 1738 1990 pro
1766 1941 1929 1990 pecunia
1957 1947 2142 1979 mutuata.

579 1990 888 2043 &Unusquisque
909 1995 1008 2031 enim
1027 1994 1125 2031 licite
1144 2001 1269 2042 potest
1296 2006 1387 2031 suae
1410 1994 1465 2030 in·
1493 2004 1495 2016 ¹

1577 1995 1610 2031 5.
1631 1995 1865 2042 PRAETEREA,
1882 1994 2002 2042 magis
2022 2007 2044 2031 a
2063 2007 2103 2032 se
2123 1994 2327 2044 pecuniam
2349 1996 2489 2034 alienat
2507 1997 2584 2046 qui,

1522 2059 1608 2084 eam
1637 2047 1870 2095 mutuando,
1900 2047 2114 2085 dominium
2142 2048 2336 2096 transfert,
2363 2061 2480 2097 quam
2518 2050 2585 2100 qui

1522 2112 1609 2136 eam
1644 2100 1844 2137 mercatori
1879 2102 1941 2137 vel
1977 2101 2108 2138 artifici
2137 2101 2348 2138 committit.
2389 2102 2466 2139 Sed
2499 2102 2586 2140 licet

1521 2153 1667 2189 lucrum
1695 2153 1866 2202 accipere
1887 2154 1935 2190 de
1962 2153 2124 2202 pecunia
2149 2154 2355 2192 commissa
2383 2152 2586 2193 mercatori

1521 2206 1583 2242 vel
1612 2206 1755 2243 artifici.
1785 2207 1888 2254 Ergo
1916 2206 1999 2244 licet
2027 2207 2141 2244 etiam
2169 2208 2317 2245 lucrum
2345 2208 2517 2258 accipere
2537 2207 2584 2254 de

1521 2259 1685 2308 pecunia
1713 2266 1895 2296 mutuata.

1576 2312 1612 2348 6.
1633 2312 1866 2359 PRAETEREA,
1894 2324 1964 2360 pro
1985 2312 2149 2361 pecunia
2177 2321 2349 2351 mutuata
2371 2322 2499 2363 potest
2515 2315 2585 2352 ho·

1523 2376 1588 2400 mo
1625 2364 1762 2413 pignus
1800 2365 1992 2414 accipere,
2023 2365 2129 2402 cuius
2157 2377 2250 2403 usus
2286 2374 2416 2416 posset
2457 2367 2583 2417 aliquo

1522 2417 1643 2466 pretio
1671 2417 1806 2455 vendi:
1836 2418 1932 2455 sicut
1959 2430 2048 2455 curn
2067 2418 2342 2468 impignoratur
2359 2425 2376 2448 Υ
2399 2432 2501 2468 ager,
2520 2420 2584 2458 vel

1524 2470 1662 2507 domus
1691 2483 1789 2519 quae
1818 2470 2056 2508 inhabitatur.
2095 2471 2198 2519 Ergo
2227 2472 2311 2510 licet
2345 2472 2501 2522 aliquod
2529 2472 2584 2511 lu-

1524 2535 1631 2560 crum
1659 2524 1800 2560 habere
1829 2524 1876 2561 de
1904 2524 2068 2572 pecunIa
2097 2532 2280 2562 mutuata.

1577 2588 1612 2624 7.
1638 2577 1878 2623 PRAETEREA,
1909 2577 2090 2624 contingit
2117 2578 2350 2626 quandoque
2379 2578 2484 2626 quod
2518 2578 2584 2616 ali—

1524 2628 1608 2677 quis
1644 2629 1766 2665 carius
1794 2629 1926 2666 vendit
1963 2642 2022 2666 res
2051 2641 2138 2667 suas
2166 2631 2311 2667 ratione
2341 2631 2482 2678 mutui3
2520 2639 2586 2670 aut

1522 2681 1634 2718 vilius
1664 2682 1754 2718 emit
1781 2682 1886 2730 quod
1916 2689 1970 2719 est
1998 2682 2169 2728 alterius;
2197 2685 2260 2720 vel
2290 2683 2404 2721 etiarn
2433 2697 2504 2733 pro
2530 2683 2585 2724 di-

1523 2734 1662 2771 latione
1689 2734 1854 2784 pretium
1882 2742 2009 2783 auget,
2038 2735 2100 2772 vel
2126 2748 2198 2784 pro
2227 2737 2502 2774 acceleratione
2530 2737 2585 2777 di-

1523 2787 1673 2824 minuit:
1702 2787 1741 2824 in
1761 2788 1899 2836 quibus
1920 2788 2100 2826 omnibus
2119 2788 2272 2827 videtur
2290 2789 2416 2838 aliqua
2431 2802 2582 2828 recom-

1523 2840 1695 2888 pensatio
1729 2840 1812 2877 fieri
1841 2841 1948 2889 quasi
1982 2853 2052 2890 pro
2086 2849 2222 2879 mutuo
2255 2843 2455 2892 pecuniae.
2499 2843 2585 2881 Hoc

1496 2934 1497 2938 Ἰ
1524 2900 1651 2930 autem
1672 2906 1751 2930 non
1770 2893 1966 2931 manifeste
1985 2902 2143 2943 apparet
2160 2894 2339 2933 illicitum.
2361 2897 2463 2944 Ergo
2479 2895 2585 2934 vide-

1523 2953 1583 2982 tur
1601 2945 1741 2983 licitum
1764 2958 1845 2983 esse
1861 2945 1874 2968 δ
1894 2947 2049 2995 aliquod
2069 2949 2320 2986 commodum
2349 2949 2396 2986 de
2421 2949 2585 2999 pecunia

1524 3006 1695 3036 mutuata
1725 3007 1935 3048 expectare,
1963 3001 2026 3037 vel
2056 3001 2170 3038 etiam
2200 3001 2347 3050 exigere
2365 3007 2389 3038 ‘.

1578 3053 1651 3089 SED
1690 3064 1835 3089 CONTRA
1871 3065 1938 3090 Esr
1966 3053 2072 3102 quod
2107 3055 2246 3091 Ezech.
2275 3066 2361 3092 xvm
2380 3054 2400 3077 '¹‘
2437 3054 2582 3103 dicitur,

1523 3104 1619 3141 inter
1655 3105 1726 3141 alia
1758 3117 1857 3154 quae
1892 3106 1942 3143 ad
1978 3106 2107 3143 virum
2141 3106 2283 3144 iustum
2321 3107 2582 3157 requiruntur·

1752 3163 1788 3194 et
1812 3159 2197 3206 superabundantiam
2225 3172 2300 3197 non
2329 3161 2523 3210 acceperit.

1578 3210 1803 3246 RESPONDEO
1840 3222 2025 3248 mcENDUM
2054 3212 2179 3260 quod,
2209 3213 2423 3252 secundum
2456 3212 2583 3252 Philo-

1525 3262 1703 3310 sophum,
1723 3262 1760 3298 in
1782 3263 1834 3299 IV
1859 3264 1978 3300 Ethic.
1998 3263 2031 3310 ²⁸,
2061 3276 2175 3301 omne
2204 3265 2294 3303 illud
2322 3278 2393 3315 pro
2420 3265 2584 3316 pecunia
2610 3275 2622 3286 ⁸

1497 3323 1498 3335 ³
1524 3314 1685 3351 habetur
1711 3314 1816 3351 cuius
1836 3316 2002 3362 pretium
2025 3323 2148 3365 potest
2166 3319 2330 3366 pecunia
2355 3320 2581 3356 mensurari.

1575 3425 1600 3458 δ)
1620 3426 1726 3451 videtur
1744 3427 1844 3451 licitum
1865 3434 1928 3452 esse.
1940 3428 2078 3453 -Iicitum
2098 3432 2138 3454 est
2155 3429 2202 3455 Pa.

1575 3462 1597 3494 ε)
1616 3465 1767 3493 expectare,
1783 3463 1822 3487 vel
1840 3463 1920 3487 etiam
1939 3463 2088 3496 exigere.-
2106 3469 2252 3496 expectare
2269 3465 2312 3490 ve!
2329 3465 2440 3498 exigere
2461 3465 2514 3496 BE,
2533 3473 2583 3491 ex

1519 3500 1627 3528 pectare
1646 3497 1686 3521 vel
1704 3497 1784 3522 etiam
1803 3501 1928 3529 expetere
1946 3500 1977 3529 A,
1997 3500 2037 3524 vel
2054 3500 2165 3533 exigere
2184 3501 2226 3525 vel
2249 3503 2395 3532 expectare
2413 3501 2444 3530 D,
2462 3501 2583 3533 accipere

1521 3533 1562 3557 vel
1580 3532 1690 3565 exigere
1709 3533 1741 3562 G,
1760 3536 1885 3564 expetere
1905 3534 1944 3558 vel
1962 3534 2042 3559 etiam
2063 3535 2155 3567 (etiam
2173 3543 2226 3560 om.
2245 3535 2279 3568 Κ)
2298 3535 2365 3568 exig
2365 3542 2409 3560 ere
2428 3536 2524 3562 PHKa.

1573 3567 1598 3599 ζ)
1622 3567 1744 3592 Usuram.
1757 3581 1776 3587 -
1795 3568 1827 3592 51
1845 3575 1952 3593 usuram
1972 3569 2023 3599 Pa‚·
2042 3577 2089 3602 pro
2107 3570 2247 3602 acceperit,
2266 3570 2368 3602 accepit
2387 3570 2506 3604 HKLpC.

2611 3301 2636 3324 S.

2611 3059 2704 3083 ’verm
2718 3066 2751 3088 ¹7.

2709 3167 2724 3196 fl

2686 3280 2798 3302 .1‚.n2

2685 3291 2792 3324 ‚lect-¹·
