2860 4244
39 2123 103 2142 ἀμφι,
120 2123 129 2136 ·;
148 2124 176 2135 ,ψ’

950 229 1215 276 QUAEsTlo
1246 231 1347 277 cv1,

1377 231 1672 268 ARTICULUS
1701 233 1733 268 II

1021 381 1338 423 ARTICULUS
1368 382 1664 424 SECUNDUS

403 474 559 505 UTRUM
582 472 713 504 MAG1s
737 472 975 504 TENEATUR
999 473 1056 503 AD
1081 473 1267 504 GRArlAs
1291 474 1548 506 REDDENDAS
1572 475 1660 507 DEO
1680 475 1896 507 innocens
1920 476 2045 513 QUAM
2069 476 2310 508 POENITENS

1048 551 1081 575 1v
1102 551 1184 580 Sent„
1204 551 1265 577 dist.
1282 559 1341 581 xxn,
1360 559 1405 584 qu.
1423 559 1441 583 1,
1461 558 1508 577 art.
1528 560 1551 584 2,
1571 554 1620 586 qu’
1641 561 1664 578 2.

356 663 365 675 ,
481 642 503 667 n
519 641 709 668 SECUNDUM
724 641 777 666 sic
793 641 1032 667 Paocnmwk.
1047 630 1207 668 Videtur
1221 630 1326 678 quod
1352 634 1355 686 Ι
1382 631 1475 667 duce
1502 643 1575 668 non
1593 632 1687 680 feci.
1718 633 1819 680 Ergo
1848 633 1968 681 magis
1986 641 2134 670 tenetur
2161 634 2209 671 ad
2237 634 2439 682 gratiarum

408 684 452 745 '50
481 683 602 741 magis
643 690 815 720 teneatur
851 681 899 720 ad
935 683 1071 730 gratias
1113 684 1327 720 reddendas

289 768 309 783 Α
327 765 329 770 s
424 742 450 777 r,
466 735 566 773 Deo
586 735 769 772 innocens
789 747 906 784 quam
930 736 1142 784 poenitens
1173 737 1326 783 Quanto

278 784 299 811 ‚²
327 783 423 822 “³⁴'‘*32
440 782 582 825 enim
610 788 742 847 aliquis
770 788 892 825 maius
930 789 1075 825 donum
1108 789 1278 837 percepit
1306 800 1327 825 a

268 841 366 887 Deo,
394 846 500 877 tanto
529 841 648 889 magis
677 842 725 878 ad
748 841 953 889 gratiarum
973 842 1140 878 actiones
1166 849 1326 879 tenetur.

270 893 348 930 Sed
376 894 499 930 maius
520 901 575 930 est
594 893 740 931 donum
759 894 994 932 innocentiae
1024 907 1140 943 quam
1170 895 1327 932 iustitiae

267 945 472 983 restitutae.
501 947 602 995 Ergo
631 947 780 984 videtur
809 947 913 996 quod
933 947 1052 995 magis
1081 955 1252 984 teneatur
1280 946 1328 984 ad
1354 979 1356 1007 ff

267 998 472 1047 gratiarum
501 1000 692 1041 actionem
720 1000 904 1037 innocens
931 1012 1048 1049 quam
1075 999 1286 1048 poenitens.

323 1063 358 1089 2.
389 1053 628 1101 Pnnmam,
658 1053 753 1089 sicut
790 1053 1021 1089 benefactori
1059 1053 1219 1090 debetur
1246 1065 1326 1100 gra-

268 1104 404 1142 riarum
426 1106 535 1153 actio,
556 1106 606 1142 ita
626 1113 661 1142 et
680 1105 841 1142 dilectio.
873 1106 949 1142 Sed
969 1106 1202 1154 Augustinus
1227 1106 1325 1152 dicit,

266 1157 305 1195 in
334 1158 365 1194 11
399 1159 565 1207 Confess.
585 1157 621 1194 *τ
659 1157 750 1200 Quis
776 1159 991 1204 hominum,
1019 1170 1128 1196 suam
1157 1159 1327 1209 cogitans

266 1210 533 1259 infirmitatem,
555 1211 668 1256 audet
683 1211 827 1248 viribus
844 1211 920 1248 suis
939 1212 1101 1248 tribuere
1123 1212 1326 1248 castitatem

253 1269 380 1312 atque
399 1264 655 1301 innocentiam
677 1276 800 1310 suam,
822 1270 860 1300 ut
886 1265 1010 1301 minus
1037 1270 1138 1301 amet
1155 1270 1200 1310 te,
1220 1266 1329 1313 quasi

264 1317 392 1353 vuinus
403 1317 532 1365 suerit
561 1317 597 1353 ei
623 1318 834 1354 necessaria
872 1317 1128 1354 misericordia
1165 1323 1229 1354 tua
1263 1319 1322 1354 do-

264 1371 398 1410 παίω-α
419 1375 577 1419 peccata
605 1371 794 1407 conversis
821 1371 872 1407 ad
897 1370 962 1407 te?
996 1371 1045 1407 Et
1071 1377 1204 1419 postea
1238 1371 1324 1407 sub-

264 1416 337 1471 dit.
347 1422 416 1459 Et
441 1423 523 1461 ideo
552 1423 780 1470 tantundem,
801 1423 916 1460 immo
935 1423 1096 1472 amplius
1124 1429 1158 1459 te
1177 1423 1324 1473 diligat.-

263 1474 355 1525 quta
374 1487 449 1524 per
471 1488 581 1525 quem
609 1489 670 1513 me
695 1477 796 1514 videt
821 1477 931 1513 tantis
953 1482 1196 1525 peccatorum
1225 1489 1323 1514 meo-

263 1540 351 1568 rum
379 1529 626 1580 languoribus
662 1530 770 1575 exui,
793 1541 867 1577 per
901 1541 986 1566 eum
1013 1541 1054 1566 se
1085 1530 1183 1566 videt
1216 1530 1325 1566 tantis

258 1588 502 1631 peccatorum
516 1582 765 1632 languoribus
783 1594 858 1619 non
879 1582 1075 1630 implicari.
1093 1583 1195 1630 Ergo
1211 1582 1324 1618 etiam

262 1635 384 1684 magis
412 1636 561 1672 tenetur
593 1635 643 1672 ad
676 1635 835 1683 gratiam
873 1635 1107 1673 reddendam
1142 1635 1325 1672 innocens

262 1698 379 1743 quam
406 1688 619 1737 poenitens.

317 1741 353 1779 3.
378 1741 613 1788 Pmmm,
633 1749 776 1789 quanto
796 1741 998 1789 gratuitum
1019 1740 1248 1778 beneficium
1271 1749 1326 1778 est

261 1794 384 1842 magis
413 1794 689 1838 continuatum,
713 1802 818 1832 tanto
847 1794 971 1831 maior
997 1806 1067 1843 pro
1098 1806 1144 1830 eo
1166 1794 1326 1831 debetur

261 1847 465 1896 gratiarum
492 1847 601 1885 actio.
633 1848 710 1884 Sed
738 1848 775 1884 in
802 1847 1003 1884 innocente
1023 1846 1039 1877 β
1067 1847 1187 1895 magis
1207 1848 1324 1884 conti-

260 1904 401 1938 nuatur
428 1900 578 1938 divinae
606 1901 747 1949 gratiae
766 1900 998 1937 beneficium
1019 1913 1135 1953 quam
1165 1900 1204 1937 in
1231 1912 1325 1949 poe-

260 1953 414 1992 nitente.
443 1954 544 1992 Dicit
573 1953 674 1992 enim
702 1953 947 2002 Augustinus,
977 1948 1136 1991 ibidem.
1171 1954 1326 1991 Gratiae

259 2012 347 2050 tuae
373 2007 519 2055 deputo,
549 2013 585 2044 et
610 2007 891 2045 misericordiae
917 2013 1015 2053 tuae,
1045 2007 1147 2055 quod
1167 2013 1324 2055 peccata

258 2071 345 2098 mea
372 2066 554 2109 tanquam
579 2061 742 2110 glaciem
770 2060 922 2098 solvisti.
963 2061 1119 2098 Gratiae
1150 2066 1237 2097 tuae
1263 2061 1325 2097 de-

229 2118 347 2162 puto
379 2118 417 2151 et
446 2125 704 2162 quaecumque
741 2126 814 2150 non
832 2114 918 2174 feci
943 2113 1065 2150 mala:
1100 2114 1191 2162 quid
1224 2114 1324 2150 enim

259 2170 336 2204 'non
360 2168 502 2216 facere
524 2166 660 2215 potui?
693 2167 744 2204 Et
770 2167 898 2203 omnia
933 2167 1026 2203 mihi
1061 2167 1214 2204 dimissa
1247 2178 1326 2203 esse

252 2217 394 2268 fateor,
422 2226 459 2257 et
483 2231 581 2269 quae
607 2232 692 2257 mea
719 2225 848 2268 sponte
863 2220 949 2268 feci
974 2220 1089 2266 mala,
1110 2225 1146 2256 et
1171 2231 1268 2268 quae
1292 2225 1326 2257 te

311 2338 339 2370 α)
359 2337 504 2363 donans.—
521 2338 607 2363 donas
625 2338 761 2369 BDFGsE,
777 2338 870 2363 domas
889 2338 961 2370 pEK,
977 2338 1069 2363 demas
1088 2339 1119 2367 Α,
1135 2341 1166 2363 ut
1183 2338 1275 2363 demas
1293 2338 1324 2367 L,

257 2381 312 2408 qu
328 2374 466 2401 condonas
483 2374 512 2398 P.

310 2407 336 2445 β)
356 2409 382 2434 in
402 2409 578 2435 innocente.-
596 2409 734 2434 innocente
752 2409 781 2439 B,
801 2409 967 2434 innocentiae
985 2408 1103 2441 EFpAK.

1382 682 1571 720 actionem
1592 689 1606 712 Υ
1634 685 1816 722 innocens
1845 698 1961 734 quam
1989 685 2202 734 poenitens.

1437 737 1511 773 SED
1540 748 1686 774 CONTRA
1713 749 1779 775 ns‘r
1806 739 1910 787 quod
1939 739 2072 776 dicitur
2105 740 2198 776 Luc.
2228 752 2277 777 vn
2295 739 2335 777 *z
2369 741 2477 777 Cui·

1377 789 1464 836 plus
1491 790 1696 836 dimittitur,
1721 791 1807 839 plus
1826 792 1955 841 diligit.
1985 792 2099 839 Ergo,
2125 793 2260 830 eadem
2282 793 2437 840 ratione,

1382 842 1467 890 plus
1495 849 1643 878 tenetur
1671 845 1718 880 ad
1746 844 1948 891 gratiarum
1977 845 2154 882 actiones.

1437 894 1661 932 REspoumzo
1690 907 1873 933 Dici-:unum
1908 897 2013 944 quod
2045 897 2140 935 actio
2169 897 2371 945 gratiarum
2401 898 2439 935 in

1383 946 1588 996 accipiente
1614 948 1765 1006 respicit
1795 949 1951 996 gratiam
1980 950 2113 987 dantis.
2151 950 2262 987 Unde
2289 952 2355 988 ubi
2384 959 2440 988 est

1382 1000 1505 1037 maior
1532 1000 1648 1047 gratia
1676 1013 1720 1037 ex
1748 1009 1854 1049 parte
1882 1003 2024 1048 dantis,
2055 1003 2105 1039 ibi
2132 1003 2331 1062 requiritur
2357 1016 2438 1040 ma-

1383 1052 1441 1089 ior
1468 1054 1673 1100 gratiarum
1711 1054 1808 1090 actio
1839 1065 1883 1091 ex
1910 1062 2016 1103 parte
2050 1056 2271 1104 recipientis.
2311 1057 2438 1094 Gratia

1382 1113 1508 1143 autem
1538 1113 1593 1142 est
1631 1107 1734 1155 quod
1753 1104 1767 1128 δ
1795 1107 1906 1155 gratis
1940 1108 2059 1144 datur.
2096 1108 2205 1145 Unde
2245 1108 2439 1158 dupliciter

1381 1166 1506 1207 potest
1535 1171 1616 1196 esse
1650 1171 1694 1195 ex
1732 1167 1838 1208 parte
1876 1160 1998 1197 dantis
2031 1160 2152 1197 maior
2187 1162 2314 1208 gratia.
2350 1163 2437 1199 Uno

1382 1211 1520 1259 modo,
1551 1224 1597 1248 ex
1625 1212 1830 1260 quantitate
1862 1213 1948 1250 dati.
1985 1213 2034 1250 Et
2061 1213 2136 1250 hoc
2163 1214 2301 1261 modo,
2331 1215 2438 1252 inno—

1381 1277 1470 1301 cens
1488 1272 1638 1301 tenetur
1660 1265 1709 1302 ad
1727 1265 1892 1302 maiores
1915 1265 2116 1314 gratiarum
2137 1266 2321 1304 actiones:
2351 1269 2435 1316 quia

1381 1317 1504 1354 maius
1537 1317 1682 1354 donum
1720 1318 1753 1354 ei
1783 1318 1892 1355 datur
1919 1331 1941 1355 a
1974 1319 2058 1355 Deo
2096 1327 2131 1355 et
2167 1320 2287 1367 magis
2321 1321 2438 1357 conti-

1381 1377 1552 1417 nuatum,
1583 1370 1714 1407 ceteris
1741 1371 1907 1420 paribus,
1938 1371 2108 1408 absolute
2128 1372 2334 1421 loquendo.

1433 1423 1519 1459 Alio
1539 1424 1657 1460 modo
1677 1431 1803 1472 potest
1830 1424 1901 1461 dici
1931 1424 2053 1461 maior
2071 1425 2188 1473 gratia
2209 1425 2298 1474 quia
2318 1426 2437 1474 magis

1380 1475 1490 1512 datur
1517 1476 1640 1523 gratis.
1684 1477 1731 1513 Et
1768 1477 1979 1514 secundum
2012 1478 2105 1524 hoc,
2135 1479 2255 1526 magis
2291 1486 2438 1516 tenetur

1379 1530 1427 1565 ad
1446 1529 1648 1576 gratiarum
1673 1529 1839 1566 actiones
1867 1530 2064 1578 poenitens
2088 1543 2203 1579 quarn
2231 1531 2436 1570 innocens:

1380 1581 1470 1629 quia
1504 1582 1625 1629 magis
1662 1582 1771 1629 gratis
1804 1583 1914 1619 datur
1949 1583 2039 1619 illud
2076 1584 2181 1632 quod
2210 1585 2243 1620 ei
2277 1585 2386 1622 datur
2413 1597 2436 1622 a

1379 1635 1484 1679 Deo;
1521 1647 1607 1671 curn
1644 1634 1744 1671 enim
1781 1643 1878 1672 esset
1915 1635 2048 1684 dignus
2080 1648 2225 1685 poena,
2263 1637 2372 1675 datur
2404 1638 2437 1674 ei

1379 1687 1507 1734 gratia.
1538 1687 1586 1724 Et
1615 1687 1679 1734 sic,
1709 1687 1795 1724 licet
1822 1687 1912 1725 illud
1941 1689 2085 1726 donum
2115 1690 2218 1738 quod
2248 1690 2358 1727 datur
2382 1691 2436 1728 in—

1379 1739 1532 1777 nocenti
1551 1740 1610 1787 sit,
1632 1741 1804 1777 absolute
1825 1741 2118 1789 consideratum,
2139 1742 2279 1788 maius;
2308 1751 2437 1780 tamen

1380 1793 1525 1830 donum
1555 1793 1659 1842 quod
1680 1794 1788 1830 datur
1815 1794 2022 1842 poenitenti
2042 1803 2096 1832 est
2116 1795 2238 1832 maius
2267 1796 2304 1832 in
2334 1809 2438 1833 com-

1379 1846 1575 1895 paratione
1604 1846 1652 1883 ad
1680 1846 1822 1894 ipsum:
1852 1847 1947 1884 sicut
1966 1847 2077 1885 etiam
2098 1860 2261 1898 parvum
2291 1850 2436 1886 donum

1379 1899 1536 1948 pauperi
1557 1899 1687 1936 datum
1708 1899 1741 1936 ei
1762 1907 1818 1937 est
1837 1900 1960 1938 maius
1980 1913 2096 1949 quam
2118 1901 2223 1939 diviti
2242 1913 2435 1951 magnum.

1379 1953 1428 1989 Et
1456 1952 1545 2002 quia
1573 1959 1677 1989 actus
1707 1953 1805 1990 circa
1834 1953 2034 2001 singularia
2062 1963 2160 2002 sunt,
2189 1955 2226 1992 in
2253 1955 2311 1992 his
2339 1968 2436 2005 quae

1380 2006 1526 2053 agenda
1555 2013 1642 2042 sunt
1670 2005 1788 2054 magis
1808 2007 2066 2044 consideratur
2084 2009 2188 2056 quod
2210 2016 2264 2045 est
2291 2008 2353 2045 hic
2375 2010 2437 2046 vel

1380 2071 1481 2096 nunc
1508 2060 1592 2106 tale,
1616 2071 1732 2108 quam
1762 2059 1867 2107 quod
1896 2067 1951 2097 est
1979 2060 2195 2109 simpliciter
2221 2062 2313 2098 tale:
2343 2062 2438 2098 sicut

1380 2112 1635 2161 Philosophus
1664 2112 1762 2159 dicit,
1792 2112 1829 2149 in
1859 2114 1908 2149 III
1936 2114 2055 2150 Ethic.
2076 2114 2116 2161 ²¹²,
2146 2116 2193 2151 de
2222 2115 2436 2152 voluntario
2466 2118 2474 2125 ‘

1381 2173 1418 2202 et
1444 2164 1712 2202 involuntario.

1434 2219 1483 2256 Et
1510 2214 1578 2268 pe‘r
1606 2219 1681 2255 hoc
1708 2226 1810 2267 patet
1836 2218 2033 2268 responsio
2062 2220 2111 2257 ad
2140 2219 2299 2258 obiecta.

1431 2338 1458 2370 γ)
1477 2337 1616 2362 actionem.
1628 2350 1646 2357 -
1664 2337 1780 2361 actiones
1798 2336 1923 2361 PDGHL.

1431 2371 1456 2405 δ)
1475 2373 1555 2405 quod.
1567 2386 1586 2392 -
1604 2379 1671 2404 quae
1689 2372 1876 2402 BCHKLsAG,
1895 2372 1958 2404 quia
1978 2372 2005 2402 Ρ,
2023 2380 2076 2397 om.
2096 2373 2126 2398 F.

933 2486 1263 2519 Commentaria
1287 2486 1536 2519 Cardinalis
1559 2485 1758 2518 Caietam

330 2575 418 2596 msso
442 2565 547 2606 primo
578 2565 710 2596 articulo
742 2565 936 2606 quaestionis
962 2565 1263 2601 centesimaesextae,
1288 2565 1320 2595 in

259 2575 426 2642 Oxitulo
450 2610 581 2640 secundi
611 2609 742 2646 articuli,
766 2611 890 2640 adverte
909 2611 996 2650 quod
1021 2619 1087 2640 non
1112 2617 1158 2640 est
1176 2609 1320 2650 quaestio

258 2654 297 2685 de
319 2663 527 2695 quocumque
546 2653 700 2684 beneficio
724 2654 873 2694 praestito
896 2653 1057 2684 innocenti
1082 2661 1112 2684 et
1134 2653 1320 2693 poenitenti,

257 2698 319 2729 sed
337 2698 375 2728 de
398 2698 469 2739 ipso
493 2697 646 2728 beneficio
665 2698 864 2728 innocentiae
889 2705 920 2728 et
942 2698 1164 2738 poenitentiae,
1180 2697 1251 2738 quis
1267 2707 1321 2727 eo-

257 2751 332 2774 rum
353 2748 496 2773 teneatur
510 2742 550 2772 ad
572 2742 709 2772 maiores
732 2742 854 2782 gratias,
871 2742 1023 2773 innocens
1046 2741 1105 2782 pro
1129 2741 1320 2778 innocentia,

258 2794 299 2818 an
321 2786 488 2829 poenitens
503 2795 561 2827 pro
585 2786 788 2826 poenitentia.

314 2831 349 2861 In
372 2839 507 2872 corpore
529 2830 651 2861 articuli
675 2830 836 2866 eiusdem,
860 2830 985 2860 adverte
1009 2829 1098 2870 quod
1129 2829 1253 2859 donum
1276 2828 1319 2858 in-

258 2875 423 2906 nocentiae
439 2874 572 2905 dicitur
563 2885 596 2904 m
611 2875 712 2905 littera
728 2874 851 2904 donum
867 2873 969 2904 maius
982 2873 1158 2903 secundum
1175 2883 1207 2903 se
1223 2882 1321 2913 quam

259 2918 472 2960 poenitentiae
496 2919 610 2949 ceteris
626 2918 798 2959 paribus,'
790 2928 822 2948 in
847 2917 908 2948 hoc
925 2927 1029 2953 sensu,
1047 2917 1135 2958 quod
1159 2917 1184 2947 si
1204 2916 1321 2947 iustitia

259 2963 437 2994 innocentis
461 2969 516 2998 est,
539 2962 626 2992 verbi
650 2962 757 3002 gratia,
783 2968 819 2992 ut
841 2968 993 3002 quatuor,
1018 2967 1048 2991 et
1071 2960 1188 2991 iustitia
1211 2960 1321 3001 poeni-

259 3006 353 3038 tentis
377 3013 423 3037 est
445 3007 540 3037 etiam
564 3014 601 3036 ut
623 3012 775 3046 quatuor;
800 3012 830 3036 et
853 3006 921 3036 sola
945 3003 1116 3035 differentia
1139 3004 1219 3035 inter
1242 3004 1321 3035 istos

261 3057 308 3082 est
324 3050 406 3091 “quia
427 3050 480 3080 illa
504 3056 551 3080 est
573 3050 690 3081 iustitia
713 3049 876 3086 innocens,
892 3049 952 3080 ista
968 3049 1151 3089 poenitens:
1176 3055 1252 3079 tunc
1275 3058 1322 3079 rea

261 3102 309 3126 cte
332 3093 367 3124 fit
395 3093 591 3134 comparatio
620 3094 702 3124 inter
724 3093 926 3124 innocentem
951 3100 982 3124 et
1003 3093 1220 3133 poenitentem
1243 3098 1322 3123 cete—

261 3140 308 3170 ris
326 3138 471 3179 paribus.
493 3138 577 3168 Nam
602 3138 628 3168 si
653 3138 772 3168 iustitia
795 3138 957 3174 innocens,
985 3137 1106 3168 seclusa
1128 3137 1250 3168 ratione
1273 3137 1319 3167 in-

261 3182 440 3218 nocentiae,
465 3188 547 3212 esset
568 3188 605 3212 ut
627 3182 752 3218 decem,
779 3188 810 3212 et
838 3182 1004 3222 poenitens
1032 3188 1068 3212 ut
1090 3187 1243 3222 quatuor,
1268 3187 1323 3211 aut

261 3237 278 3258 e
303 3236 472 3262 converso,
497 3225 625 3266 puerilis
655 3233 736 3256 esset
758 3226 963 3267 comparatio.
994 3225 1080 3258 Cum
1103 3235 1178 3266 ergo
1209 3225 1324 3256 dicitur

261 3271 351 3313 quod
374 3270 495 3300 donum
513 3270 601 3310 quod
618 3270 710 3300 datur
732 3269 893 3301 innocenti
917 3277 964 3301 est
985 3270 1130 3301 absolute
1153 3270 1255 3300 maius
1274 3279 1322 3300 ce-

261 3315 334 3347 teris
359 3315 502 3355 paribus,
528 3324 638 3345 sensus
669 3321 716 3345 est
738 3315 827 3355 quod
850 3314 918 3356 ipsa
941 3314 1121 3346 innocentia
1149 3314 1253 3345 maius
1277 3321 1324 3344 est
1350 3343 1351 3356 χ

1350 3362 1351 3376 ³
1379 3367 1477 3398 quam
1502 3357 1600 3388 ditare
1630 3357 1778 3398 aliquem.
1809 3357 1850 3387 Et
1873 3363 1948 3387 tunc
1971 3357 2032 3387 hoc
2059 3363 2238 3397 negaretur:
2267 3357 2341 3398 quia
2363 3357 2436 3398 plus

261 3360 384 3390 bonum
409 3358 587 3389 secundum
609 3368 642 3388 se
665 3368 760 3399 quam
786 3358 998 3398 poenitentia:
1028 3365 1058 3390 et
1087 3359 1176 3399 quod
1200 3359 1323 3388 donum

262 3413 319 3446 par
332 3403 435 3434 maius
459 3409 505 3434 est
528 3402 704 3433 secundum
728 3413 760 3433 se
784 3403 970 3434 adiunctum
992 3402 1200 3438 innocentiae,
1225 3412 1323 3443 quam
1350 3414 1351 3440 j

262 3447 449 3479 adiunctum
472 3446 693 3488 poenitentiae.

319 3491 356 3522 Π.
376 3491 417 3522 ‘In
442 3501 573 3531 corpore
597 3491 739 3521 eiusdem
763 3490 892 3521 secundi
916 3490 1037 3521 articuli
1062 3490 1196 3520 dubium
1216 3499 1323 3520 occur-

51 3534 213 3558 et.num.1x.
263 3535 303 3566 rit
319 3537 428 3578 primo
442 3535 475 3572 *,
501 3536 575 3577 quia
598 3545 664 3565 non
688 3534 812 3566 videtur
834 3544 946 3565 verum
974 3534 1062 3576 quod
1087 3534 1210 3565 donum
1232 3534 1324 3564 inno-

1376 2565 1494 2595 centiae
1518 2565 1558 2595 sit
1581 2564 1684 2595 maius
1707 2565 1861 2595 absolute.
1886 2565 1974 2595 Tum
1997 2565 2072 2605 quia
2095 2565 2274 2596 innocentia
2297 2566 2436 2605 negatio-

1376 2619 1448 2640 nem
1466 2608 1603 2639 offensae
1618 2609 1777 2648 importat.
1798 2608 1931 2648 Negatio
1947 2616 2054 2640 autem
2073 2619 2138 2640 non
2155 2617 2248 2649 auget
2263 2610 2437 2641 bonitatem

1376 2653 1437 2684 rei:
1462 2654 1535 2684 licet
1557 2653 1751 2694 quandoque
1775 2652 1815 2682 sit
1837 2652 1921 2684 illius
1944 2653 2095 2683 conditio.

1431 2696 1520 2727 Turn
1543 2697 1631 2737 quia,
1653 2703 1689 2727 ut
1711 2696 1824 2726 dicitur
1846 2697 1878 2725 in
1902 2697 2032 2727 lEthic.
2053 2697 2079 2733 *‚
2104 2697 2215 2727 albedo
2239 2698 2348 2727 decem
2372 2698 2435 2727 die-

1376 2751 1449 2771 rum
1471 2751 1537 2771 non
1561 2747 1608 2770 est
1630 2739 1798 2780 perfectior
1826 2740 1968 2771 albedine
1991 2741 2087 2771 unius
2111 2740 2182 2771 diei.
2212 2743 2259 2771 Ac
2282 2751 2338 2780 per
2359 2741 2434 2778 hoc,

1376 2785 1573 2820 innocentia,
1597 2793 1679 2825 quae
1702 2783 1780 2814 nihil
1803 2783 1890 2814 aliud
1922 2785 2094 2815 formaliter
2114 2785 2192 2815 dicit
2214 2794 2311 2825 quam
2335 2785 2435 2817 conti-

1377 2829 1532 2859 nuitatem
1554 2829 1587 2858 in
1611 2838 1677 2858 non
1701 2827 1901 2864 offendendo,
1918 2839 1984 2859 non
2006 2835 2052 2859 est
2066 2829 2168 2859 maius
2191 2829 2315 2859 bonum
2338 2839 2435 2870 quam

1376 2873 1494 2903 iustitia
1517 2871 1657 2914 aequalis
1676 2871 1826 2903 restituta.

1433 2917 1484 2948 111.
1502 2916 1645 2947 Dubium
1660 2916 1795 2947 occurrit
1812 2916 1950 2947 secundo
1965 2916 1991 2952 *,
2016 2916 2090 2957 quia
2107 2925 2172 2946 non
2188 2916 2311 2947 videtur
2325 2927 2435 2947 verum

1377 2961 1466 3001 quod
1489 2961 1599 2991 datum
1614 2960 1789 3000 poenitenti
1812 2961 1851 2991 sit
1874 2960 1977 2990 maius
2001 2958 2074 2991 huic
2097 2970 2194 3002 quam
2211 2961 2321 2991 datum
2343 2961 2434 2991 inno-

1378 3004 1468 3035 centi.
1493 3005 1582 3035 Tum
1605 3004 1679 3044 quia
1703 3004 1884 3044 exemplum
1907 3004 2027 3035 litterae
2051 3014 2116 3035 non
2141 3011 2187 3035 est
2210 3005 2321 3036 simile.
2346 3005 2435 3042 Quo-

1377 3048 1462 3078 niam
1492 3055 1655 3089 comparat
1686 3047 1850 3078 modicum
1875 3054 1906 3079 et
1928 3058 2081 3089 magnum
2114 3049 2223 3079 datum
2251 3050 2382 3090 pauperi
2406 3056 2436 3080 et

1378 3093 1488 3123 datum
1511 3092 1615 3128 diviti,
1645 3092 1888 3133 praesupposito
1919 3093 2006 3134 quod
2030 3093 2087 3124 iste
2118 3093 2157 3123 sit
2182 3103 2302 3133 pauper
2332 3100 2362 3124 et
2384 3093 2435 3124 ille

1378 3136 1473 3167 dives.
1502 3137 1651 3167 Praesens
1679 3136 1765 3166 enim
1795 3136 1955 3177 quaestio,
1984 3137 2057 3167 licet
2082 3144 2318 3178 praesupponat
2347 3138 2435 3178 quod

1378 3181 1543 3221 poenitens
1567 3180 1660 3211 fuerit
1686 3187 1846 3221 peccator,
1872 3190 1937 3210 non
1969 3187 2074 3211 tamen
2098 3182 2325 3222 praesupponit
2347 3182 2435 3222 quod

1378 3225 1454 3256 alter
1476 3225 1516 3255 sit
1537 3225 1690 3256 innocens
1707 3231 1738 3255 et
1753 3225 1872 3266 aliquid
1892 3235 2044 3265 magnum
2060 3225 2088 3255 ei
2104 3226 2208 3255 detur:
2234 3226 2287 3255 sed
2312 3226 2350 3255 de
2365 3226 2435 3265 ipso

1379 3270 1464 3300 dono
1489 3279 1556 3310 quo
1573 3269 1775 3300 constituitur
1797 3270 1958 3306 innocens,
1976 3269 2106 3310 quaerit.
2131 3268 2171 3299 Et
2195 3277 2275 3300 esset
2290 3269 2390 3300 simile
2410 3269 2436 3299 si

1378 3313 1532 3344 diceretur
1561 3314 1648 3354 quod
1680 3313 1782 3343 maius
1806 3320 1852 3343 est
1879 3313 2042 3343 modicum
2071 3313 2158 3354 quod
2183 3313 2275 3344 datur
2304 3313 2436 3354 pauperi

1378 3408 1502 3432 tenetur
1531 3402 1594 3441 regi
1626 3401 1741 3432 ditatus
1764 3411 1782 3431 a
1805 3410 1876 3440 rege
1900 3411 1917 3430 a
1941 3400 2099 3431 nativitate
2130 3411 2201 3439 sua,
2229 3411 2327 3442 quarn
2357 3401 2436 3431 alius

1379 3446 1592 3486 pauperculus
1609 3446 1789 3476 sublevatus
1812 3455 1829 3474 a
1853 3444 2088 3475 necessitatibus
2111 3445 2186 3475 suis.

1433 3490 1522 3520 Tum
1545 3489 1620 3531 quia
1643 3489 1675 3519 in
1695 3488 1853 3520 beneficiis
1869 3488 2162 3528 supervenientibus
2184 3488 2302 3519 meritis
2317 3489 2367 3520 vel
2383 3489 2435 3518 de-

1379 3533 1496 3564 meritis
1520 3543 1744 3575 personarum,
1769 3533 1877 3563 locum
1900 3532 1994 3564 habet
2017 3533 2211 3575 comparatio
2234 3533 2312 3574 quid
2334 3532 2436 3563 maius

2492 747 2558 769 Vm.
2577 754 2618 774 42
2637 754 2677 776 43:

2469 774 2498 795 cf.
2512 779 2571 795 vers.
2586 781 2624 801 47.

2463 2700 2472 2711 ’
2482 2699 2514 2720 Ca
2533 2714 2539 2719 .
2549 2705 2580 2724 vi,
2590 2704 2614 2719 n.
2625 2698 2646 2719 6.
2662 2710 2672 2714 -

2463 2725 2488 2747 S.
2502 2705 2546 2746 Tph.
2566 2726 2615 2746 lect.
2632 2731 2671 2746 vu.

2464 2924 2471 2932 ·
2487 2922 2523 2944 Cf.
2538 2928 2602 2944 num.
2617 2929 2639 2944 x.
