<?xml version="1.0" encoding="UTF-8"?>
<!DOCTYPE html PUBLIC "-//W3C//DTD XHTML 1.0 Transitional//EN"
    "http://www.w3.org/TR/xhtml1/DTD/xhtml1-transitional.dtd">
<html xmlns="http://www.w3.org/1999/xhtml" xml:lang="en" lang="en">
 <head>
  <title>
</title>
<meta http-equiv="Content-Type" content="text/html;charset=utf-8" />
  <meta name='ocr-system' content='tesseract 3.04.00' />
  <meta name='ocr-capabilities' content='ocr_page ocr_carea ocr_par ocr_line ocrx_word'/>
</head>
<body>
  <div class='ocr_page' id='page_1' title='image "./operaomniaiussui09thom/operaomniaiussui09thom_0298.png"; bbox 0 0 2860 4244; ppageno 0'>
   <div class='ocr_carea' id='block_1_1' title="bbox 191 397 399 451">
    <p class='ocr_par' dir='ltr' id='par_1_1' title="bbox 191 397 399 451">
     <span class='ocr_line' id='line_1_1' title="bbox 191 397 399 422; baseline -0.005 -4"><span class='ocrx_word' id='word_1_1' title='bbox 191 399 199 407; x_wconf 83' lang='lat'>⁸</span> <span class='ocrx_word' id='word_1_2' title='bbox 216 397 351 422; x_wconf 82' lang='lat' dir='ltr'>Paludanus,</span> <span class='ocrx_word' id='word_1_3' title='bbox 362 397 399 417; x_wconf 89' lang='lat' dir='ltr'>ubi</span> 
     </span>
     <span class='ocr_line' id='line_1_2' title="bbox 193 429 260 451; baseline -0.015 -6"><span class='ocrx_word' id='word_1_4' title='bbox 193 429 260 451; x_wconf 82' lang='lat' dir='ltr'>supra</span> 
     </span>
    </p>
   </div>
   <div class='ocr_carea' id='block_1_2' title="bbox 186 1360 406 1542">
    <p class='ocr_par' dir='ltr' id='par_1_2' title="bbox 186 1360 406 1542">
     <span class='ocr_line' id='line_1_3' title="bbox 190 1360 404 1386; baseline -0.019 -2"><span class='ocrx_word' id='word_1_5' title='bbox 190 1363 199 1371; x_wconf 77' lang='lat'>¹⁸</span> <span class='ocrx_word' id='word_1_6' title='bbox 223 1360 336 1386; x_wconf 86' lang='lat' dir='ltr'>Durand.‚</span> <span class='ocrx_word' id='word_1_7' title='bbox 373 1360 404 1380; x_wconf 96' lang='lat' dir='ltr'>IV</span> 
     </span>
     <span class='ocr_line' id='line_1_4' title="bbox 189 1387 405 1414; baseline -0.014 -4"><span class='ocrx_word' id='word_1_8' title='bbox 189 1387 405 1414; x_wconf 71' lang='lat' dir='ltr'>Sent.‚dist.xxxvn1,</span> 
     </span>
     <span class='ocr_line' id='line_1_5' title="bbox 189 1421 406 1471; baseline -0.018 -8"><span class='ocrx_word' id='word_1_9' title='bbox 189 1421 303 1469; x_wconf 50' lang='lat' dir='ltr'>flFOiiusc.</span> <span class='ocrx_word' id='word_1_10' title='bbox 317 1441 346 1471; x_wconf 65' lang='lat' dir='ltr'>de</span> <span class='ocrx_word' id='word_1_11' title='bbox 356 1439 406 1460; x_wconf 80' lang='lat' dir='ltr'>Dis-</span> 
     </span>
     <span class='ocr_line' id='line_1_6' title="bbox 186 1466 405 1524; baseline -0.018 -8"><span class='ocrx_word' id='word_1_12' title='bbox 186 1466 405 1524; x_wconf 49' lang='lat' dir='ltr'>{ffiaffxfigszb‘sss&#39;ff</span> 
     </span>
     <span class='ocr_line' id='line_1_7' title="bbox 192 1521 374 1542; baseline -0.011 0"><span class='ocrx_word' id='word_1_13' title='bbox 192 1522 220 1542; x_wconf 89' lang='lat' dir='ltr'>ad</span> <span class='ocrx_word' id='word_1_14' title='bbox 235 1522 275 1542; x_wconf 61' lang='lat'>1³¹⁰</span> <span class='ocrx_word' id='word_1_15' title='bbox 291 1521 374 1542; x_wconf 68' lang='lat' dir='ltr'>obieci.</span> 
     </span>
    </p>
   </div>
   <div class='ocr_carea' id='block_1_3' title="bbox 191 1582 404 1715">
    <p class='ocr_par' dir='ltr' id='par_1_3' title="bbox 191 1582 404 1715">
     <span class='ocr_line' id='line_1_8' title="bbox 194 1582 404 1605; baseline -0.014 -2"><span class='ocrx_word' id='word_1_16' title='bbox 194 1582 290 1603; x_wconf 54' lang='lat' dir='ltr'>‘Marta</span> <span class='ocrx_word' id='word_1_17' title='bbox 303 1587 329 1602; x_wconf 90' lang='lat' dir='ltr'>ca</span> <span class='ocrx_word' id='word_1_18' title='bbox 349 1597 354 1602; x_wconf 94' lang='lat'>.</span> <span class='ocrx_word' id='word_1_19' title='bbox 365 1587 404 1605; x_wconf 81' lang='lat' dir='ltr'>xn,</span> 
     </span>
     <span class='ocr_line' id='line_1_9' title="bbox 191 1614 404 1636; baseline -0.005 -7"><span class='ocrx_word' id='word_1_20' title='bbox 191 1614 250 1630; x_wconf 84' lang='lat' dir='ltr'>vers.</span> <span class='ocrx_word' id='word_1_21' title='bbox 258 1615 277 1636; x_wconf 80' lang='lat'>3.</span> <span class='ocrx_word' id='word_1_22' title='bbox 293 1615 320 1634; x_wconf 76' lang='lat'>43</span> <span class='ocrx_word' id='word_1_23' title='bbox 359 1614 404 1628; x_wconf 85' lang='lat' dir='ltr'>arc.</span> 
     </span>
     <span class='ocr_line' id='line_1_10' title="bbox 191 1640 403 1661; baseline -0.009 -5"><span class='ocrx_word' id='word_1_24' title='bbox 191 1641 240 1661; x_wconf 83' lang='lat' dir='ltr'>cap.</span> <span class='ocrx_word' id='word_1_25' title='bbox 263 1641 286 1660; x_wconf 72' lang='grc' dir='ltr'>ιι,</span> <span class='ocrx_word' id='word_1_26' title='bbox 301 1640 359 1655; x_wconf 86' lang='lat' dir='ltr'>vers.</span> <span class='ocrx_word' id='word_1_27' title='bbox 373 1640 403 1661; x_wconf 78' lang='lat'>²5·</span> 
     </span>
     <span class='ocr_line' id='line_1_11' title="bbox 191 1661 401 1688; baseline -0.005 -6"><span class='ocrx_word' id='word_1_28' title='bbox 191 1661 232 1685; x_wconf 82' lang='lat'>26;</span> <span class='ocrx_word' id='word_1_29' title='bbox 243 1661 298 1682; x_wconf 88' lang='lat' dir='ltr'>Luc.</span> <span class='ocrx_word' id='word_1_30' title='bbox 309 1667 359 1688; x_wconf 81' lang='lat' dir='ltr'>cap.</span> <span class='ocrx_word' id='word_1_31' title='bbox 370 1667 401 1685; x_wconf 79' lang='grc' dir='ltr'>νι,</span> 
     </span>
     <span class='ocr_line' id='line_1_12' title="bbox 191 1693 324 1715; baseline 0 -7"><span class='ocrx_word' id='word_1_32' title='bbox 191 1693 249 1709; x_wconf 75' lang='lat' dir='ltr'>vers.</span> <span class='ocrx_word' id='word_1_33' title='bbox 263 1693 283 1715; x_wconf 78' lang='lat'>3,</span> <span class='ocrx_word' id='word_1_34' title='bbox 301 1694 324 1713; x_wconf 83' lang='lat'>4.</span> 
     </span>
    </p>
   </div>
   <div class='ocr_carea' id='block_1_4' title="bbox 194 2067 403 2176">
    <p class='ocr_par' dir='ltr' id='par_1_4' title="bbox 194 2067 403 2176">
     <span class='ocr_line' id='line_1_13' title="bbox 194 2067 402 2091; baseline 0 -1"><span class='ocrx_word' id='word_1_35' title='bbox 194 2072 203 2081; x_wconf 78' lang='lat'>⁸</span> <span class='ocrx_word' id='word_1_36' title='bbox 219 2070 278 2091; x_wconf 88' lang='lat' dir='ltr'>Vide</span> <span class='ocrx_word' id='word_1_37' title='bbox 299 2070 356 2091; x_wconf 82' lang='lat' dir='ltr'>Acta</span> <span class='ocrx_word' id='word_1_38' title='bbox 378 2067 402 2087; x_wconf 89' lang='lat' dir='ltr'>S-</span> 
     </span>
     <span class='ocr_line' id='line_1_14' title="bbox 196 2096 403 2122; baseline 0.01 -5"><span class='ocrx_word' id='word_1_39' title='bbox 196 2096 289 2122; x_wconf 64' lang='lat' dir='ltr'>Matth„</span> <span class='ocrx_word' id='word_1_40' title='bbox 300 2102 326 2118; x_wconf 91' lang='lat' dir='ltr'>ca</span> <span class='ocrx_word' id='word_1_41' title='bbox 345 2113 350 2118; x_wconf 88' lang='lat'>.</span> <span class='ocrx_word' id='word_1_42' title='bbox 359 2103 383 2119; x_wconf 86' lang='lat'>11.</span> <span class='ocrx_word' id='word_1_43' title='bbox 395 2109 403 2113; x_wconf 99' lang='lat'>-</span> 
     </span>
     <span class='ocr_line' id='line_1_15' title="bbox 194 2123 297 2144; baseline 0.01 -1"><span class='ocrx_word' id='word_1_44' title='bbox 194 2123 297 2144; x_wconf 76' lang='lat' dir='ltr'>Bolland.</span> 
     </span>
     <span class='ocr_line' id='line_1_16' title="bbox 194 2150 259 2176; baseline 0 -5"><span class='ocrx_word' id='word_1_45' title='bbox 194 2150 259 2176; x_wconf 86' lang='lat' dir='ltr'>Sept.</span> 
     </span>
    </p>
   </div>
   <div class='ocr_carea' id='block_1_5' title="bbox 340 2124 403 2145">
    <p class='ocr_par' dir='ltr' id='par_1_5' title="bbox 340 2124 403 2145">
     <span class='ocr_line' id='line_1_17' title="bbox 340 2124 403 2145; baseline 0 0"><span class='ocrx_word' id='word_1_46' title='bbox 340 2124 360 2145; x_wconf 89' lang='lat' dir='ltr'>ie</span> <span class='ocrx_word' id='word_1_47' title='bbox 383 2130 403 2145; x_wconf 79' lang='lat'>21</span> 
     </span>
    </p>
   </div>
   <div class='ocr_carea' id='block_1_6' title="bbox 433 230 506 266">
    <p class='ocr_par' dir='ltr' id='par_1_6' title="bbox 433 230 506 266">
     <span class='ocr_line' id='line_1_18' title="bbox 433 230 506 266; baseline -0.014 0"><span class='ocrx_word' id='word_1_48' title='bbox 433 230 506 266; x_wconf 85' lang='lat'>266</span> 
     </span>
    </p>
   </div>
   <div class='ocr_carea' id='block_1_7' title="bbox 427 343 1506 3589">
    <p class='ocr_par' dir='ltr' id='par_1_7' title="bbox 427 343 1485 816">
     <span class='ocr_line' id='line_1_19' title="bbox 428 343 1484 385; baseline -0.006 -5"><span class='ocrx_word' id='word_1_49' title='bbox 428 358 497 380; x_wconf 89' lang='lat' dir='ltr'>tum</span> <span class='ocrx_word' id='word_1_50' title='bbox 519 349 628 379; x_wconf 81' lang='lat' dir='ltr'>valeat.</span> <span class='ocrx_word' id='word_1_51' title='bbox 653 348 734 378; x_wconf 87' lang='lat' dir='ltr'>Male</span> <span class='ocrx_word' id='word_1_52' title='bbox 758 348 841 378; x_wconf 89' lang='lat' dir='ltr'>enim</span> <span class='ocrx_word' id='word_1_53' title='bbox 866 347 904 376; x_wconf 94' lang='lat' dir='ltr'>de</span> <span class='ocrx_word' id='word_1_54' title='bbox 920 346 1122 378; x_wconf 81' lang='lat' dir='ltr'>conclusione</span> <span class='ocrx_word' id='word_1_55' title='bbox 1146 343 1300 374; x_wconf 88' lang='lat' dir='ltr'>iudicium</span> <span class='ocrx_word' id='word_1_56' title='bbox 1323 343 1367 379; x_wconf 85' lang='lat' dir='ltr'>fit,</span> <span class='ocrx_word' id='word_1_57' title='bbox 1387 343 1484 385; x_wconf 76' lang='lat' dir='ltr'>indis—</span> 
     </span>
     <span class='ocr_line' id='line_1_20' title="bbox 428 386 1483 429; baseline -0.007 -5"><span class='ocrx_word' id='word_1_58' title='bbox 428 404 517 424; x_wconf 90' lang='lat' dir='ltr'>cussa</span> <span class='ocrx_word' id='word_1_59' title='bbox 540 392 660 423; x_wconf 89' lang='lat' dir='ltr'>ratione</span> <span class='ocrx_word' id='word_1_60' title='bbox 675 391 769 421; x_wconf 91' lang='lat' dir='ltr'>illius.</span> <span class='ocrx_word' id='word_1_61' title='bbox 804 390 942 427; x_wconf 83' lang='lat' dir='ltr'>Quidam</span> <span class='ocrx_word' id='word_1_62' title='bbox 958 389 974 408; x_wconf 90' lang='grc'><strong>*</strong></span> <span class='ocrx_word' id='word_1_63' title='bbox 998 397 1135 429; x_wconf 87' lang='lat' dir='ltr'>namque</span> <span class='ocrx_word' id='word_1_64' title='bbox 1159 387 1268 418; x_wconf 89' lang='lat' dir='ltr'>dicunt</span> <span class='ocrx_word' id='word_1_65' title='bbox 1292 387 1380 427; x_wconf 89' lang='lat' dir='ltr'>quod</span> <span class='ocrx_word' id='word_1_66' title='bbox 1405 386 1483 417; x_wconf 87' lang='lat' dir='ltr'>ratio</span> 
     </span>
     <span class='ocr_line' id='line_1_21' title="bbox 427 430 1484 474; baseline -0.008 -7"><span class='ocrx_word' id='word_1_67' title='bbox 427 437 567 467; x_wconf 88' lang='lat' dir='ltr'>inefficax</span> <span class='ocrx_word' id='word_1_68' title='bbox 590 442 645 471; x_wconf 88' lang='lat' dir='ltr'>est,</span> <span class='ocrx_word' id='word_1_69' title='bbox 664 442 733 465; x_wconf 89' lang='lat' dir='ltr'>tum</span> <span class='ocrx_word' id='word_1_70' title='bbox 753 434 827 474; x_wconf 88' lang='lat' dir='ltr'>quia</span> <span class='ocrx_word' id='word_1_71' title='bbox 849 443 934 463; x_wconf 87' lang='lat' dir='ltr'>sacra</span> <span class='ocrx_word' id='word_1_72' title='bbox 952 440 1087 472; x_wconf 88' lang='lat' dir='ltr'>possunt</span> <span class='ocrx_word' id='word_1_73' title='bbox 1110 430 1287 461; x_wconf 82' lang='lat' dir='ltr'>deordinari</span> <span class='ocrx_word' id='word_1_74' title='bbox 1311 439 1329 460; x_wconf 87' lang='lat' dir='ltr'>a</span> <span class='ocrx_word' id='word_1_75' title='bbox 1345 431 1430 471; x_wconf 87' lang='lat' dir='ltr'>Papa</span> <span class='ocrx_word' id='word_1_76' title='bbox 1446 431 1484 461; x_wconf 91' lang='lat' dir='ltr'>ab</span> 
     </span>
     <span class='ocr_line' id='line_1_22' title="bbox 428 474 1485 520; baseline -0.007 -9"><span class='ocrx_word' id='word_1_77' title='bbox 428 491 465 511; x_wconf 91' lang='lat' dir='ltr'>eo</span> <span class='ocrx_word' id='word_1_78' title='bbox 489 481 528 510; x_wconf 90' lang='lat' dir='ltr'>ad</span> <span class='ocrx_word' id='word_1_79' title='bbox 551 479 638 520; x_wconf 91' lang='lat' dir='ltr'>quod</span> <span class='ocrx_word' id='word_1_80' title='bbox 656 488 711 518; x_wconf 85' lang='lat' dir='ltr'>per</span> <span class='ocrx_word' id='word_1_81' title='bbox 734 476 1002 508; x_wconf 89' lang='lat' dir='ltr'>consecrationem</span> <span class='ocrx_word' id='word_1_82' title='bbox 1019 475 1159 505; x_wconf 89' lang='lat' dir='ltr'>dedicata</span> <span class='ocrx_word' id='word_1_83' title='bbox 1182 480 1271 505; x_wconf 88' lang='lat' dir='ltr'>sunt:</span> <span class='ocrx_word' id='word_1_84' title='bbox 1297 481 1332 504; x_wconf 91' lang='lat' dir='ltr'>ut</span> <span class='ocrx_word' id='word_1_85' title='bbox 1351 474 1376 505; x_wconf 92' lang='lat' dir='ltr'>si</span> <span class='ocrx_word' id='word_1_86' title='bbox 1399 475 1485 515; x_wconf 90' lang='lat' dir='ltr'>Papa</span> 
     </span>
     <span class='ocr_line' id='line_1_23' title="bbox 427 517 1484 564; baseline -0.006 -10"><span class='ocrx_word' id='word_1_87' title='bbox 427 524 617 564; x_wconf 90' lang='lat' dir='ltr'>praeciperet</span> <span class='ocrx_word' id='word_1_88' title='bbox 639 522 726 562; x_wconf 92' lang='lat' dir='ltr'>quod</span> <span class='ocrx_word' id='word_1_89' title='bbox 750 521 855 550; x_wconf 92' lang='lat' dir='ltr'>nullus</span> <span class='ocrx_word' id='word_1_90' title='bbox 881 526 1075 550; x_wconf 88' lang='lat' dir='ltr'>consecraret</span> <span class='ocrx_word' id='word_1_91' title='bbox 1097 519 1130 548; x_wconf 83' lang='lat' dir='ltr'>in</span> <span class='ocrx_word' id='word_1_92' title='bbox 1154 518 1207 549; x_wconf 86' lang='lat' dir='ltr'>tali</span> <span class='ocrx_word' id='word_1_93' title='bbox 1231 517 1336 548; x_wconf 87' lang='lat' dir='ltr'>calice.</span> <span class='ocrx_word' id='word_1_94' title='bbox 1351 535 1373 542; x_wconf 89' lang='lat'>-</span> <span class='ocrx_word' id='word_1_95' title='bbox 1397 519 1484 549; x_wconf 91' lang='lat' dir='ltr'>Tum</span> 
     </span>
     <span class='ocr_line' id='line_1_24' title="bbox 427 563 1484 608; baseline -0.006 -10"><span class='ocrx_word' id='word_1_96' title='bbox 427 568 510 608; x_wconf 85' lang='lat' dir='ltr'>quia,</span> <span class='ocrx_word' id='word_1_97' title='bbox 528 567 602 597; x_wconf 90' lang='lat' dir='ltr'>dato</span> <span class='ocrx_word' id='word_1_98' title='bbox 626 565 712 605; x_wconf 90' lang='lat' dir='ltr'>quod</span> <span class='ocrx_word' id='word_1_99' title='bbox 736 574 820 594; x_wconf 84' lang='lat' dir='ltr'>sacra</span> <span class='ocrx_word' id='word_1_100' title='bbox 845 573 909 594; x_wconf 88' lang='lat' dir='ltr'>non</span> <span class='ocrx_word' id='word_1_101' title='bbox 933 563 1056 604; x_wconf 87' lang='lat' dir='ltr'>possint</span> <span class='ocrx_word' id='word_1_102' title='bbox 1080 572 1145 592; x_wconf 90' lang='lat' dir='ltr'>non</span> <span class='ocrx_word' id='word_1_103' title='bbox 1172 572 1367 602; x_wconf 88' lang='lat' dir='ltr'>perseverare</span> <span class='ocrx_word' id='word_1_104' title='bbox 1388 572 1484 599; x_wconf 87' lang='lat' dir='ltr'>sacra,</span> 
     </span>
     <span class='ocr_line' id='line_1_25' title="bbox 427 604 1484 652; baseline -0.005 -11"><span class='ocrx_word' id='word_1_105' title='bbox 427 617 560 652; x_wconf 89' lang='lat' dir='ltr'>possunt</span> <span class='ocrx_word' id='word_1_106' title='bbox 575 617 679 640; x_wconf 89' lang='lat' dir='ltr'>tamen</span> <span class='ocrx_word' id='word_1_107' title='bbox 697 608 835 638; x_wconf 87' lang='lat' dir='ltr'>desinere</span> <span class='ocrx_word' id='word_1_108' title='bbox 852 616 918 637; x_wconf 88' lang='lat' dir='ltr'>esse</span> <span class='ocrx_word' id='word_1_109' title='bbox 934 606 1072 646; x_wconf 85' lang='lat' dir='ltr'>obligata</span> <span class='ocrx_word' id='word_1_110' title='bbox 1088 607 1127 637; x_wconf 89' lang='lat' dir='ltr'>ab</span> <span class='ocrx_word' id='word_1_111' title='bbox 1147 615 1185 637; x_wconf 91' lang='lat' dir='ltr'>eo</span> <span class='ocrx_word' id='word_1_112' title='bbox 1204 606 1245 636; x_wconf 84' lang='lat' dir='ltr'>ad</span> <span class='ocrx_word' id='word_1_113' title='bbox 1263 606 1296 636; x_wconf 89' lang='lat' dir='ltr'>id</span> <span class='ocrx_word' id='word_1_114' title='bbox 1311 604 1378 649; x_wconf 84' lang='lat' dir='ltr'>[ad]</span> <span class='ocrx_word' id='word_1_115' title='bbox 1397 607 1484 647; x_wconf 89' lang='lat' dir='ltr'>quod</span> 
     </span>
     <span class='ocr_line' id='line_1_26' title="bbox 428 649 1485 690; baseline -0.005 -5"><span class='ocrx_word' id='word_1_116' title='bbox 428 666 463 685; x_wconf 89' lang='lat' dir='ltr'>ex</span> <span class='ocrx_word' id='word_1_117' title='bbox 486 654 555 684; x_wconf 94' lang='lat' dir='ltr'>solo</span> <span class='ocrx_word' id='word_1_118' title='bbox 580 652 734 682; x_wconf 86' lang='lat' dir='ltr'>Ecclesiae</span> <span class='ocrx_word' id='word_1_119' title='bbox 759 657 874 681; x_wconf 88' lang='lat' dir='ltr'>statuto</span> <span class='ocrx_word' id='word_1_120' title='bbox 899 657 972 681; x_wconf 93' lang='lat' dir='ltr'>sunt</span> <span class='ocrx_word' id='word_1_121' title='bbox 995 650 1141 690; x_wconf 86' lang='lat' dir='ltr'>obligata.</span> <span class='ocrx_word' id='word_1_122' title='bbox 1174 649 1224 681; x_wconf 90' lang='lat' dir='ltr'>Sic</span> <span class='ocrx_word' id='word_1_123' title='bbox 1247 656 1354 680; x_wconf 84' lang='lat' dir='ltr'>autem</span> <span class='ocrx_word' id='word_1_124' title='bbox 1377 658 1423 681; x_wconf 91' lang='lat' dir='ltr'>est</span> <span class='ocrx_word' id='word_1_125' title='bbox 1452 651 1485 680; x_wconf 93' lang='lat' dir='ltr'>in</span> 
     </span>
     <span class='ocr_line' id='line_1_27' title="bbox 427 693 1485 738; baseline -0.004 -10"><span class='ocrx_word' id='word_1_126' title='bbox 427 697 607 738; x_wconf 88' lang='lat' dir='ltr'>proposito:</span> <span class='ocrx_word' id='word_1_127' title='bbox 633 695 707 735; x_wconf 87' lang='lat' dir='ltr'>quia</span> <span class='ocrx_word' id='word_1_128' title='bbox 729 702 842 725; x_wconf 88' lang='lat' dir='ltr'>votum</span> <span class='ocrx_word' id='word_1_129' title='bbox 865 693 1002 734; x_wconf 88' lang='lat' dir='ltr'>religiosi</span> <span class='ocrx_word' id='word_1_130' title='bbox 1034 693 1172 734; x_wconf 89' lang='lat' dir='ltr'>obligare</span> <span class='ocrx_word' id='word_1_131' title='bbox 1195 694 1234 724; x_wconf 90' lang='lat' dir='ltr'>ad</span> <span class='ocrx_word' id='word_1_132' title='bbox 1259 693 1485 724; x_wconf 82' lang='lat' dir='ltr'>continentiam</span> 
     </span>
     <span class='ocr_line' id='line_1_28' title="bbox 428 738 1484 781; baseline -0.004 -9"><span class='ocrx_word' id='word_1_133' title='bbox 428 743 470 772; x_wconf 89' lang='lat' dir='ltr'>sic</span> <span class='ocrx_word' id='word_1_134' title='bbox 486 741 574 781; x_wconf 91' lang='lat' dir='ltr'>quod</span> <span class='ocrx_word' id='word_1_135' title='bbox 596 739 834 770; x_wconf 83' lang='lat' dir='ltr'>matrimonium</span> <span class='ocrx_word' id='word_1_136' title='bbox 850 745 1047 769; x_wconf 89' lang='lat' dir='ltr'>contractum</span> <span class='ocrx_word' id='word_1_137' title='bbox 1062 745 1136 778; x_wconf 88' lang='lat' dir='ltr'>post</span> <span class='ocrx_word' id='word_1_138' title='bbox 1152 747 1218 768; x_wconf 91' lang='lat' dir='ltr'>non</span> <span class='ocrx_word' id='word_1_139' title='bbox 1234 738 1344 774; x_wconf 88' lang='lat' dir='ltr'>valeat,</span> <span class='ocrx_word' id='word_1_140' title='bbox 1362 748 1399 768; x_wconf 87' lang='lat' dir='ltr'>ex</span> <span class='ocrx_word' id='word_1_141' title='bbox 1415 739 1484 768; x_wconf 94' lang='lat' dir='ltr'>solo</span> 
     </span>
     <span class='ocr_line' id='line_1_29' title="bbox 427 784 802 816; baseline -0.011 0"><span class='ocrx_word' id='word_1_142' title='bbox 427 784 582 816; x_wconf 81' lang='lat' dir='ltr'>Ecclesiae</span> <span class='ocrx_word' id='word_1_143' title='bbox 607 790 722 814; x_wconf 89' lang='lat' dir='ltr'>statuto</span> <span class='ocrx_word' id='word_1_144' title='bbox 746 790 802 813; x_wconf 87' lang='lat' dir='ltr'>est.</span> 
     </span>
    </p>

    <p class='ocr_par' dir='ltr' id='par_1_8' title="bbox 427 825 1489 1342">
     <span class='ocr_line' id='line_1_30' title="bbox 482 825 1484 865; baseline -0.002 -7"><span class='ocrx_word' id='word_1_145' title='bbox 482 829 542 859; x_wconf 92' lang='lat' dir='ltr'>Sed</span> <span class='ocrx_word' id='word_1_146' title='bbox 567 834 715 858; x_wconf 89' lang='lat' dir='ltr'>neutrum</span> <span class='ocrx_word' id='word_1_147' title='bbox 743 826 860 856; x_wconf 89' lang='lat' dir='ltr'>horum</span> <span class='ocrx_word' id='word_1_148' title='bbox 882 825 1031 856; x_wconf 82' lang='lat' dir='ltr'>satisfacit</span> <span class='ocrx_word' id='word_1_149' title='bbox 1060 825 1184 856; x_wconf 86' lang='lat' dir='ltr'>rationi.</span> <span class='ocrx_word' id='word_1_150' title='bbox 1219 825 1294 855; x_wconf 94' lang='lat' dir='ltr'>Non</span> <span class='ocrx_word' id='word_1_151' title='bbox 1326 826 1484 865; x_wconf 87' lang='lat' dir='ltr'>primum:</span> 
     </span>
     <span class='ocr_line' id='line_1_31' title="bbox 428 869 1486 913; baseline -0.002 -11"><span class='ocrx_word' id='word_1_152' title='bbox 428 873 502 913; x_wconf 88' lang='lat' dir='ltr'>quia</span> <span class='ocrx_word' id='word_1_153' title='bbox 524 872 610 902; x_wconf 91' lang='lat' dir='ltr'>aliud</span> <span class='ocrx_word' id='word_1_154' title='bbox 627 878 672 901; x_wconf 91' lang='lat' dir='ltr'>est</span> <span class='ocrx_word' id='word_1_155' title='bbox 695 870 835 901; x_wconf 91' lang='lat' dir='ltr'>inhibere</span> <span class='ocrx_word' id='word_1_156' title='bbox 858 879 953 901; x_wconf 90' lang='lat' dir='ltr'>usum</span> <span class='ocrx_word' id='word_1_157' title='bbox 977 869 1090 906; x_wconf 86' lang='lat' dir='ltr'>calicis,</span> <span class='ocrx_word' id='word_1_158' title='bbox 1108 869 1195 900; x_wconf 88' lang='lat' dir='ltr'>aliud</span> <span class='ocrx_word' id='word_1_159' title='bbox 1218 875 1264 899; x_wconf 85' lang='lat' dir='ltr'>est</span> <span class='ocrx_word' id='word_1_160' title='bbox 1287 879 1427 900; x_wconf 87' lang='lat' dir='ltr'>execrare</span> <span class='ocrx_word' id='word_1_161' title='bbox 1450 869 1486 900; x_wconf 91' lang='lat' dir='ltr'>il-</span> 
     </span>
     <span class='ocr_line' id='line_1_32' title="bbox 427 911 1487 955; baseline -0.002 -9"><span class='ocrx_word' id='word_1_162' title='bbox 427 918 505 947; x_wconf 91' lang='lat' dir='ltr'>lum.</span> <span class='ocrx_word' id='word_1_163' title='bbox 530 915 707 955; x_wconf 86' lang='lat' dir='ltr'>Religiosus</span> <span class='ocrx_word' id='word_1_164' title='bbox 739 921 861 950; x_wconf 86' lang='lat' dir='ltr'>autem,</span> <span class='ocrx_word' id='word_1_165' title='bbox 885 914 910 944; x_wconf 91' lang='lat' dir='ltr'>si</span> <span class='ocrx_word' id='word_1_166' title='bbox 933 912 987 944; x_wconf 89' lang='lat' dir='ltr'>fiat</span> <span class='ocrx_word' id='word_1_167' title='bbox 1010 913 1190 950; x_wconf 81' lang='lat' dir='ltr'>saecularis,</span> <span class='ocrx_word' id='word_1_168' title='bbox 1215 911 1388 950; x_wconf 80' lang='lat' dir='ltr'>execratur,</span> <span class='ocrx_word' id='word_1_169' title='bbox 1412 914 1487 954; x_wconf 92' lang='lat' dir='ltr'>quia</span> 
     </span>
     <span class='ocr_line' id='line_1_33' title="bbox 427 956 1488 998; baseline -0.002 -8"><span class='ocrx_word' id='word_1_170' title='bbox 427 961 490 990; x_wconf 88' lang='lat' dir='ltr'>iam</span> <span class='ocrx_word' id='word_1_171' title='bbox 515 970 579 989; x_wconf 89' lang='lat' dir='ltr'>non</span> <span class='ocrx_word' id='word_1_172' title='bbox 611 966 658 989; x_wconf 92' lang='lat' dir='ltr'>est</span> <span class='ocrx_word' id='word_1_173' title='bbox 679 958 860 998; x_wconf 87' lang='lat' dir='ltr'>religiosus:</span> <span class='ocrx_word' id='word_1_174' title='bbox 892 957 974 997; x_wconf 86' lang='lat' dir='ltr'>sicut</span> <span class='ocrx_word' id='word_1_175' title='bbox 1007 956 1084 988; x_wconf 87' lang='lat' dir='ltr'>calix</span> <span class='ocrx_word' id='word_1_176' title='bbox 1108 963 1300 987; x_wconf 83' lang='lat' dir='ltr'>execraretur</span> <span class='ocrx_word' id='word_1_177' title='bbox 1323 956 1348 987; x_wconf 88' lang='lat' dir='ltr'>si</span> <span class='ocrx_word' id='word_1_178' title='bbox 1379 964 1488 997; x_wconf 90' lang='lat' dir='ltr'>posset</span> 
     </span>
     <span class='ocr_line' id='line_1_34' title="bbox 427 1001 1488 1041; baseline -0.003 -7"><span class='ocrx_word' id='word_1_179' title='bbox 427 1004 494 1034; x_wconf 86' lang='lat' dir='ltr'>fieri</span> <span class='ocrx_word' id='word_1_180' title='bbox 518 1003 597 1034; x_wconf 82' lang='lat' dir='ltr'>calix</span> <span class='ocrx_word' id='word_1_181' title='bbox 618 1002 796 1033; x_wconf 86' lang='lat' dir='ltr'>indifferens</span> <span class='ocrx_word' id='word_1_182' title='bbox 815 1002 855 1032; x_wconf 85' lang='lat' dir='ltr'>ad</span> <span class='ocrx_word' id='word_1_183' title='bbox 878 1011 1009 1032; x_wconf 89' lang='lat' dir='ltr'>omnem</span> <span class='ocrx_word' id='word_1_184' title='bbox 1031 1001 1239 1041; x_wconf 86' lang='lat' dir='ltr'>potationem.</span> <span class='ocrx_word' id='word_1_185' title='bbox 1254 1018 1276 1024; x_wconf 96' lang='lat'>-</span> <span class='ocrx_word' id='word_1_186' title='bbox 1291 1001 1357 1031; x_wconf 90' lang='lat' dir='ltr'>Nec</span> <span class='ocrx_word' id='word_1_187' title='bbox 1380 1011 1488 1032; x_wconf 85' lang='lat' dir='ltr'>secun—</span> 
     </span>
     <span class='ocr_line' id='line_1_35' title="bbox 429 1044 1488 1088; baseline -0.002 -10"><span class='ocrx_word' id='word_1_188' title='bbox 429 1049 523 1078; x_wconf 88' lang='lat' dir='ltr'>dum:</span> <span class='ocrx_word' id='word_1_189' title='bbox 548 1047 623 1088; x_wconf 89' lang='lat' dir='ltr'>quia</span> <span class='ocrx_word' id='word_1_190' title='bbox 645 1046 840 1086; x_wconf 87' lang='lat' dir='ltr'>religiositati</span> <span class='ocrx_word' id='word_1_191' title='bbox 856 1047 894 1076; x_wconf 90' lang='lat' dir='ltr'>de</span> <span class='ocrx_word' id='word_1_192' title='bbox 917 1055 982 1086; x_wconf 85' lang='lat' dir='ltr'>qua</span> <span class='ocrx_word' id='word_1_193' title='bbox 999 1045 1163 1086; x_wconf 89' lang='lat' dir='ltr'>loquimur</span> <span class='ocrx_word' id='word_1_194' title='bbox 1186 1054 1252 1075; x_wconf 89' lang='lat' dir='ltr'>non</span> <span class='ocrx_word' id='word_1_195' title='bbox 1274 1044 1355 1075; x_wconf 86' lang='lat' dir='ltr'>inest</span> <span class='ocrx_word' id='word_1_196' title='bbox 1377 1055 1415 1076; x_wconf 88' lang='lat' dir='ltr'>ex</span> <span class='ocrx_word' id='word_1_197' title='bbox 1429 1046 1488 1076; x_wconf 77' lang='lat' dir='ltr'>Ec-</span> 
     </span>
     <span class='ocr_line' id='line_1_36' title="bbox 429 1088 1489 1125; baseline -0.002 -3"><span class='ocrx_word' id='word_1_198' title='bbox 429 1092 539 1122; x_wconf 86' lang='lat' dir='ltr'>clesiae</span> <span class='ocrx_word' id='word_1_199' title='bbox 562 1097 679 1125; x_wconf 80' lang='lat' dir='ltr'>statuto</span> <span class='ocrx_word' id='word_1_200' title='bbox 708 1089 886 1120; x_wconf 86' lang='lat' dir='ltr'>inhabilitas</span> <span class='ocrx_word' id='word_1_201' title='bbox 909 1090 951 1120; x_wconf 86' lang='lat' dir='ltr'>ad</span> <span class='ocrx_word' id='word_1_202' title='bbox 980 1089 1236 1124; x_wconf 64' lang='lat' dir='ltr'>matrimonium</span> <span class='ocrx_word' id='word_1_203' title='bbox 1261 1095 1297 1118; x_wconf 93' lang='lat' dir='ltr'>ut</span> <span class='ocrx_word' id='word_1_204' title='bbox 1325 1088 1358 1119; x_wconf 90' lang='lat' dir='ltr'>in</span> <span class='ocrx_word' id='word_1_205' title='bbox 1389 1089 1489 1120; x_wconf 89' lang='lat' dir='ltr'>littera</span> 
     </span>
     <span class='ocr_line' id='line_1_37' title="bbox 429 1132 1488 1176; baseline -0.004 -10"><span class='ocrx_word' id='word_1_206' title='bbox 429 1136 591 1176; x_wconf 86' lang='lat' dir='ltr'>probatur,</span> <span class='ocrx_word' id='word_1_207' title='bbox 611 1142 641 1166; x_wconf 93' lang='lat' dir='ltr'>et</span> <span class='ocrx_word' id='word_1_208' title='bbox 664 1134 758 1165; x_wconf 89' lang='lat' dir='ltr'>etiam</span> <span class='ocrx_word' id='word_1_209' title='bbox 780 1133 831 1164; x_wconf 91' lang='lat' dir='ltr'>isti</span> <span class='ocrx_word' id='word_1_210' title='bbox 854 1133 1000 1164; x_wconf 88' lang='lat' dir='ltr'>fatentur.</span> <span class='ocrx_word' id='word_1_211' title='bbox 1030 1133 1122 1164; x_wconf 89' lang='lat' dir='ltr'>Unde</span> <span class='ocrx_word' id='word_1_212' title='bbox 1147 1132 1171 1162; x_wconf 91' lang='lat' dir='ltr'>si</span> <span class='ocrx_word' id='word_1_213' title='bbox 1194 1132 1294 1162; x_wconf 87' lang='lat' dir='ltr'>homo</span> <span class='ocrx_word' id='word_1_214' title='bbox 1323 1133 1488 1172; x_wconf 86' lang='lat' dir='ltr'>religiosus</span> 
     </span>
     <span class='ocr_line' id='line_1_38' title="bbox 430 1175 1489 1220; baseline -0.003 -10"><span class='ocrx_word' id='word_1_215' title='bbox 430 1185 605 1220; x_wconf 88' lang='lat' dir='ltr'>perseverat</span> <span class='ocrx_word' id='word_1_216' title='bbox 628 1178 802 1218; x_wconf 85' lang='lat' dir='ltr'>religiosus,</span> <span class='ocrx_word' id='word_1_217' title='bbox 818 1177 964 1208; x_wconf 88' lang='lat' dir='ltr'>inhabilis</span> <span class='ocrx_word' id='word_1_218' title='bbox 981 1184 1027 1208; x_wconf 89' lang='lat' dir='ltr'>est</span> <span class='ocrx_word' id='word_1_219' title='bbox 1050 1177 1089 1206; x_wconf 88' lang='lat' dir='ltr'>ad</span> <span class='ocrx_word' id='word_1_220' title='bbox 1104 1175 1344 1206; x_wconf 81' lang='lat' dir='ltr'>matrimonium</span> <span class='ocrx_word' id='word_1_221' title='bbox 1367 1186 1433 1206; x_wconf 92' lang='lat' dir='ltr'>non</span> <span class='ocrx_word' id='word_1_222' title='bbox 1453 1187 1489 1207; x_wconf 89' lang='lat' dir='ltr'>ex</span> 
     </span>
     <span class='ocr_line' id='line_1_39' title="bbox 431 1219 1489 1261; baseline -0.004 -7"><span class='ocrx_word' id='word_1_223' title='bbox 431 1230 558 1259; x_wconf 89' lang='lat' dir='ltr'>statuto,</span> <span class='ocrx_word' id='word_1_224' title='bbox 574 1223 628 1252; x_wconf 89' lang='lat' dir='ltr'>sed</span> <span class='ocrx_word' id='word_1_225' title='bbox 653 1232 689 1252; x_wconf 89' lang='lat' dir='ltr'>ex</span> <span class='ocrx_word' id='word_1_226' title='bbox 713 1228 838 1252; x_wconf 80' lang='lat' dir='ltr'>namra:</span> <span class='ocrx_word' id='word_1_227' title='bbox 862 1221 905 1252; x_wconf 90' lang='lat' dir='ltr'>ita</span> <span class='ocrx_word' id='word_1_228' title='bbox 928 1221 1016 1261; x_wconf 90' lang='lat' dir='ltr'>quod</span> <span class='ocrx_word' id='word_1_229' title='bbox 1040 1220 1227 1260; x_wconf 89' lang='lat' dir='ltr'>oppositum</span> <span class='ocrx_word' id='word_1_230' title='bbox 1250 1219 1391 1259; x_wconf 85' lang='lat' dir='ltr'>implicat</span> <span class='ocrx_word' id='word_1_231' title='bbox 1414 1230 1489 1250; x_wconf 91' lang='lat' dir='ltr'>con-</span> 
     </span>
     <span class='ocr_line' id='line_1_40' title="bbox 430 1264 1489 1306; baseline -0.003 -9"><span class='ocrx_word' id='word_1_232' title='bbox 430 1267 618 1298; x_wconf 86' lang='lat' dir='ltr'>tradictoria.</span> <span class='ocrx_word' id='word_1_233' title='bbox 642 1266 778 1306; x_wconf 87' lang='lat' dir='ltr'>Oportet</span> <span class='ocrx_word' id='word_1_234' title='bbox 800 1275 874 1305; x_wconf 85' lang='lat' dir='ltr'>ergo</span> <span class='ocrx_word' id='word_1_235' title='bbox 891 1272 945 1295; x_wconf 89' lang='lat' dir='ltr'>aut</span> <span class='ocrx_word' id='word_1_236' title='bbox 968 1264 1202 1304; x_wconf 86' lang='lat' dir='ltr'>religiositatem</span> <span class='ocrx_word' id='word_1_237' title='bbox 1226 1272 1354 1299; x_wconf 92' lang='lat' dir='ltr'>cessare,</span> <span class='ocrx_word' id='word_1_238' title='bbox 1372 1270 1427 1294; x_wconf 90' lang='lat' dir='ltr'>aut</span> <span class='ocrx_word' id='word_1_239' title='bbox 1441 1264 1489 1294; x_wconf 91' lang='lat' dir='ltr'>in-</span> 
     </span>
     <span class='ocr_line' id='line_1_41' title="bbox 431 1311 782 1342; baseline -0.006 -1"><span class='ocrx_word' id='word_1_240' title='bbox 431 1311 623 1342; x_wconf 86' lang='lat' dir='ltr'>habilitatem</span> <span class='ocrx_word' id='word_1_241' title='bbox 646 1319 782 1340; x_wconf 90' lang='lat' dir='ltr'>manere.</span> 
     </span>
    </p>

    <p class='ocr_par' dir='ltr' id='par_1_9' title="bbox 431 1350 1493 1824">
     <span class='ocr_line' id='line_1_42' title="bbox 487 1350 1489 1393; baseline -0.004 -8"><span class='ocrx_word' id='word_1_242' title='bbox 487 1355 538 1385; x_wconf 91' lang='lat'>111.</span> <span class='ocrx_word' id='word_1_243' title='bbox 555 1353 654 1384; x_wconf 91' lang='lat' dir='ltr'>Aliter</span> <span class='ocrx_word' id='word_1_244' title='bbox 669 1353 763 1393; x_wconf 88' lang='lat' dir='ltr'>igitur</span> <span class='ocrx_word' id='word_1_245' title='bbox 779 1352 831 1382; x_wconf 92' lang='lat' dir='ltr'>alii</span> <span class='ocrx_word' id='word_1_246' title='bbox 845 1352 871 1389; x_wconf 89' lang='lat'>*,</span> <span class='ocrx_word' id='word_1_247' title='bbox 889 1361 970 1392; x_wconf 89' lang='lat' dir='ltr'>quos</span> <span class='ocrx_word' id='word_1_248' title='bbox 994 1351 1066 1381; x_wconf 89' lang='lat' dir='ltr'>alibi</span> <span class='ocrx_word' id='word_1_249' title='bbox 1081 1350 1116 1370; x_wconf 90' lang='lat'>**</span> <span class='ocrx_word' id='word_1_250' title='bbox 1135 1360 1206 1381; x_wconf 91' lang='lat' dir='ltr'>sum</span> <span class='ocrx_word' id='word_1_251' title='bbox 1222 1351 1255 1382; x_wconf 89' lang='lat' dir='ltr'>in</span> <span class='ocrx_word' id='word_1_252' title='bbox 1273 1350 1335 1381; x_wconf 90' lang='lat' dir='ltr'>hoc</span> <span class='ocrx_word' id='word_1_253' title='bbox 1354 1357 1489 1387; x_wconf 89' lang='lat' dir='ltr'>secutus,</span> 
     </span>
     <span class='ocr_line' id='line_1_43' title="bbox 432 1394 1491 1437; baseline -0.004 -8"><span class='ocrx_word' id='word_1_254' title='bbox 432 1399 568 1434; x_wconf 93' lang='lat' dir='ltr'>solvunt,</span> <span class='ocrx_word' id='word_1_255' title='bbox 590 1398 726 1428; x_wconf 90' lang='lat' dir='ltr'>dicentes</span> <span class='ocrx_word' id='word_1_256' title='bbox 749 1396 837 1437; x_wconf 90' lang='lat' dir='ltr'>quod</span> <span class='ocrx_word' id='word_1_257' title='bbox 860 1405 960 1432; x_wconf 81' lang='lat' dir='ltr'>sacra,</span> <span class='ocrx_word' id='word_1_258' title='bbox 989 1395 1045 1426; x_wconf 88' lang='lat' dir='ltr'>etsi</span> <span class='ocrx_word' id='word_1_259' title='bbox 1069 1405 1134 1425; x_wconf 92' lang='lat' dir='ltr'>non</span> <span class='ocrx_word' id='word_1_260' title='bbox 1158 1394 1281 1434; x_wconf 89' lang='lat' dir='ltr'>possint</span> <span class='ocrx_word' id='word_1_261' title='bbox 1309 1395 1428 1435; x_wconf 90' lang='lat' dir='ltr'>passim</span> <span class='ocrx_word' id='word_1_262' title='bbox 1451 1395 1491 1425; x_wconf 89' lang='lat' dir='ltr'>ad</span> 
     </span>
     <span class='ocr_line' id='line_1_44' title="bbox 432 1438 1491 1480; baseline -0.004 -8"><span class='ocrx_word' id='word_1_263' title='bbox 432 1443 509 1472; x_wconf 91' lang='lat' dir='ltr'>alios</span> <span class='ocrx_word' id='word_1_264' title='bbox 533 1441 689 1472; x_wconf 89' lang='lat' dir='ltr'>transferri</span> <span class='ocrx_word' id='word_1_265' title='bbox 703 1451 789 1476; x_wconf 88' lang='lat' dir='ltr'>usus,</span> <span class='ocrx_word' id='word_1_266' title='bbox 810 1446 945 1480; x_wconf 92' lang='lat' dir='ltr'>possunt</span> <span class='ocrx_word' id='word_1_267' title='bbox 959 1446 1064 1470; x_wconf 89' lang='lat' dir='ltr'>tamen</span> <span class='ocrx_word' id='word_1_268' title='bbox 1088 1438 1244 1469; x_wconf 86' lang='lat' dir='ltr'>transferri</span> <span class='ocrx_word' id='word_1_269' title='bbox 1264 1439 1304 1469; x_wconf 90' lang='lat' dir='ltr'>ad</span> <span class='ocrx_word' id='word_1_270' title='bbox 1319 1438 1398 1469; x_wconf 88' lang='lat' dir='ltr'>alios</span> <span class='ocrx_word' id='word_1_271' title='bbox 1414 1449 1491 1469; x_wconf 92' lang='lat' dir='ltr'>usus</span> 
     </span>
     <span class='ocr_line' id='line_1_45' title="bbox 432 1482 1491 1523; baseline -0.004 -7"><span class='ocrx_word' id='word_1_272' title='bbox 432 1487 464 1516; x_wconf 92' lang='lat' dir='ltr'>in</span> <span class='ocrx_word' id='word_1_273' title='bbox 495 1486 626 1516; x_wconf 85' lang='lat' dir='ltr'>articulo</span> <span class='ocrx_word' id='word_1_274' title='bbox 656 1484 863 1515; x_wconf 86' lang='lat' dir='ltr'>necessitatis:</span> <span class='ocrx_word' id='word_1_275' title='bbox 897 1490 933 1514; x_wconf 93' lang='lat' dir='ltr'>ut</span> <span class='ocrx_word' id='word_1_276' title='bbox 964 1493 1061 1523; x_wconf 89' lang='lat' dir='ltr'>panes</span> <span class='ocrx_word' id='word_1_277' title='bbox 1089 1482 1318 1523; x_wconf 90' lang='lat' dir='ltr'>propositionis</span> <span class='ocrx_word' id='word_1_278' title='bbox 1351 1482 1491 1513; x_wconf 86' lang='lat' dir='ltr'>translati</span> 
     </span>
     <span class='ocr_line' id='line_1_46' title="bbox 431 1527 1491 1567; baseline -0.003 -7"><span class='ocrx_word' id='word_1_279' title='bbox 431 1537 506 1560; x_wconf 91' lang='lat' dir='ltr'>sunt</span> <span class='ocrx_word' id='word_1_280' title='bbox 528 1531 568 1560; x_wconf 89' lang='lat' dir='ltr'>ad</span> <span class='ocrx_word' id='word_1_281' title='bbox 590 1539 686 1559; x_wconf 91' lang='lat' dir='ltr'>usum</span> <span class='ocrx_word' id='word_1_282' title='bbox 709 1529 811 1559; x_wconf 92' lang='lat' dir='ltr'>David</span> <span class='ocrx_word' id='word_1_283' title='bbox 833 1535 864 1559; x_wconf 90' lang='lat' dir='ltr'>et</span> <span class='ocrx_word' id='word_1_284' title='bbox 886 1537 1020 1558; x_wconf 92' lang='lat' dir='ltr'>suorum</span> <span class='ocrx_word' id='word_1_285' title='bbox 1043 1534 1172 1567; x_wconf 91' lang='lat' dir='ltr'>propter</span> <span class='ocrx_word' id='word_1_286' title='bbox 1194 1527 1363 1557; x_wconf 87' lang='lat' dir='ltr'>articulum</span> <span class='ocrx_word' id='word_1_287' title='bbox 1386 1537 1491 1558; x_wconf 86' lang='lat' dir='ltr'>neces-</span> 
     </span>
     <span class='ocr_line' id='line_1_47' title="bbox 432 1571 1490 1612; baseline -0.004 -8"><span class='ocrx_word' id='word_1_288' title='bbox 432 1574 539 1610; x_wconf 88' lang='lat' dir='ltr'>sitatis,</span> <span class='ocrx_word' id='word_1_289' title='bbox 557 1580 592 1604; x_wconf 91' lang='lat' dir='ltr'>ut</span> <span class='ocrx_word' id='word_1_290' title='bbox 615 1573 774 1603; x_wconf 87' lang='lat' dir='ltr'>Dominus</span> <span class='ocrx_word' id='word_1_291' title='bbox 797 1572 943 1612; x_wconf 85' lang='lat' dir='ltr'>exposuit</span> <span class='ocrx_word' id='word_1_292' title='bbox 957 1571 984 1602; x_wconf 87' lang='lat'>*.</span> <span class='ocrx_word' id='word_1_293' title='bbox 1008 1573 1056 1602; x_wconf 90' lang='lat' dir='ltr'>Ac</span> <span class='ocrx_word' id='word_1_294' title='bbox 1074 1581 1130 1610; x_wconf 92' lang='lat' dir='ltr'>per</span> <span class='ocrx_word' id='word_1_295' title='bbox 1152 1571 1224 1607; x_wconf 86' lang='lat' dir='ltr'>hoc,</span> <span class='ocrx_word' id='word_1_296' title='bbox 1241 1571 1320 1601; x_wconf 89' lang='lat' dir='ltr'>ratio</span> <span class='ocrx_word' id='word_1_297' title='bbox 1343 1571 1402 1601; x_wconf 87' lang='lat' dir='ltr'>ista</span> <span class='ocrx_word' id='word_1_298' title='bbox 1425 1581 1490 1601; x_wconf 90' lang='lat' dir='ltr'>non</span> 
     </span>
     <span class='ocr_line' id='line_1_48' title="bbox 432 1614 1493 1657; baseline -0.004 -8"><span class='ocrx_word' id='word_1_299' title='bbox 432 1618 592 1649; x_wconf 89' lang='lat' dir='ltr'>concludit</span> <span class='ocrx_word' id='word_1_300' title='bbox 614 1616 950 1657; x_wconf 90' lang='lat' dir='ltr'>indispensabilitatem</span> <span class='ocrx_word' id='word_1_301' title='bbox 964 1615 997 1646; x_wconf 90' lang='lat' dir='ltr'>in</span> <span class='ocrx_word' id='word_1_302' title='bbox 1013 1615 1145 1646; x_wconf 89' lang='lat' dir='ltr'>articulo</span> <span class='ocrx_word' id='word_1_303' title='bbox 1161 1614 1360 1647; x_wconf 79' lang='lat' dir='ltr'>necessitatis,</span> <span class='ocrx_word' id='word_1_304' title='bbox 1385 1615 1493 1645; x_wconf 91' lang='lat' dir='ltr'>Potest</span> 
     </span>
     <span class='ocr_line' id='line_1_49' title="bbox 431 1659 1491 1703; baseline -0.004 -11"><span class='ocrx_word' id='word_1_305' title='bbox 431 1671 569 1703; x_wconf 89' lang='lat' dir='ltr'>namque</span> <span class='ocrx_word' id='word_1_306' title='bbox 598 1661 654 1702; x_wconf 92' lang='lat' dir='ltr'>qui</span> <span class='ocrx_word' id='word_1_307' title='bbox 683 1660 865 1691; x_wconf 90' lang='lat' dir='ltr'>benedictus</span> <span class='ocrx_word' id='word_1_308' title='bbox 889 1667 935 1690; x_wconf 89' lang='lat' dir='ltr'>est</span> <span class='ocrx_word' id='word_1_309' title='bbox 964 1666 1000 1690; x_wconf 91' lang='lat' dir='ltr'>ut</span> <span class='ocrx_word' id='word_1_310' title='bbox 1029 1659 1068 1690; x_wconf 91' lang='lat' dir='ltr'>sit</span> <span class='ocrx_word' id='word_1_311' title='bbox 1090 1659 1273 1698; x_wconf 84' lang='lat' dir='ltr'>religiosus,</span> <span class='ocrx_word' id='word_1_312' title='bbox 1295 1659 1330 1689; x_wconf 91' lang='lat' dir='ltr'>in</span> <span class='ocrx_word' id='word_1_313' title='bbox 1359 1659 1491 1689; x_wconf 87' lang='lat' dir='ltr'>necessi-</span> 
     </span>
     <span class='ocr_line' id='line_1_50' title="bbox 431 1702 1491 1737; baseline -0.005 0"><span class='ocrx_word' id='word_1_314' title='bbox 431 1706 501 1737; x_wconf 90' lang='lat' dir='ltr'>tatis</span> <span class='ocrx_word' id='word_1_315' title='bbox 528 1705 660 1736; x_wconf 85' lang='lat' dir='ltr'>articulo</span> <span class='ocrx_word' id='word_1_316' title='bbox 695 1705 735 1734; x_wconf 87' lang='lat' dir='ltr'>ad</span> <span class='ocrx_word' id='word_1_317' title='bbox 762 1714 857 1735; x_wconf 92' lang='lat' dir='ltr'>usum</span> <span class='ocrx_word' id='word_1_318' title='bbox 888 1702 1081 1733; x_wconf 81' lang='lat' dir='ltr'>matrimonii</span> <span class='ocrx_word' id='word_1_319' title='bbox 1116 1702 1273 1734; x_wconf 85' lang='lat' dir='ltr'>transferri</span> <span class='ocrx_word' id='word_1_320' title='bbox 1307 1702 1491 1733; x_wconf 88' lang='lat' dir='ltr'>auctoritate</span> 
     </span>
     <span class='ocr_line' id='line_1_51' title="bbox 431 1745 1493 1790; baseline -0.004 -10"><span class='ocrx_word' id='word_1_321' title='bbox 431 1750 607 1786; x_wconf 88' lang='lat' dir='ltr'>Ecclesiae,</span> <span class='ocrx_word' id='word_1_322' title='bbox 640 1749 785 1790; x_wconf 89' lang='lat' dir='ltr'>quamvis</span> <span class='ocrx_word' id='word_1_323' title='bbox 827 1747 1070 1778; x_wconf 88' lang='lat' dir='ltr'>matrimonium</span> <span class='ocrx_word' id='word_1_324' title='bbox 1108 1754 1262 1787; x_wconf 85' lang='lat' dir='ltr'>repugnet</span> <span class='ocrx_word' id='word_1_325' title='bbox 1298 1745 1493 1786; x_wconf 89' lang='lat' dir='ltr'>religiositati</span> 
     </span>
     <span class='ocr_line' id='line_1_52' title="bbox 431 1794 742 1824; baseline 0 0"><span class='ocrx_word' id='word_1_326' title='bbox 431 1794 584 1824; x_wconf 91' lang='lat' dir='ltr'>absolute.</span> <span class='ocrx_word' id='word_1_327' title='bbox 737 1796 742 1802; x_wconf 93' lang='grc'><em>“</em></span> 
     </span>
    </p>

    <p class='ocr_par' dir='ltr' id='par_1_10' title="bbox 430 1835 1492 2219">
     <span class='ocr_line' id='line_1_53' title="bbox 468 1835 1492 1876; baseline -0.004 -8"><span class='ocrx_word' id='word_1_328' title='bbox 468 1838 548 1868; x_wconf 77' lang='lat' dir='ltr'>vSed</span> <span class='ocrx_word' id='word_1_329' title='bbox 571 1837 645 1867; x_wconf 93' lang='lat' dir='ltr'>huic</span> <span class='ocrx_word' id='word_1_330' title='bbox 676 1836 850 1876; x_wconf 88' lang='lat' dir='ltr'>exceptioni</span> <span class='ocrx_word' id='word_1_331' title='bbox 875 1836 1011 1866; x_wconf 88' lang='lat' dir='ltr'>obstaret</span> <span class='ocrx_word' id='word_1_332' title='bbox 1044 1835 1069 1864; x_wconf 87' lang='lat' dir='ltr'>si</span> <span class='ocrx_word' id='word_1_333' title='bbox 1096 1844 1208 1865; x_wconf 89' lang='lat' dir='ltr'>verum</span> <span class='ocrx_word' id='word_1_334' title='bbox 1238 1843 1304 1864; x_wconf 91' lang='lat' dir='ltr'>esse</span> <span class='ocrx_word' id='word_1_335' title='bbox 1335 1841 1492 1865; x_wconf 86' lang='lat' dir='ltr'>constaret</span> 
     </span>
     <span class='ocr_line' id='line_1_54' title="bbox 431 1877 1490 1922; baseline -0.004 -11"><span class='ocrx_word' id='word_1_336' title='bbox 431 1882 520 1922; x_wconf 90' lang='lat' dir='ltr'>quod</span> <span class='ocrx_word' id='word_1_337' title='bbox 543 1882 581 1911; x_wconf 89' lang='lat' dir='ltr'>de</span> <span class='ocrx_word' id='word_1_338' title='bbox 604 1881 763 1911; x_wconf 87' lang='lat' dir='ltr'>Matthaeo</span> <span class='ocrx_word' id='word_1_339' title='bbox 787 1879 945 1920; x_wconf 91' lang='lat' dir='ltr'>Apostolo</span> <span class='ocrx_word' id='word_1_340' title='bbox 970 1879 1092 1915; x_wconf 90' lang='lat' dir='ltr'>dicitur,</span> <span class='ocrx_word' id='word_1_341' title='bbox 1110 1879 1199 1919; x_wconf 92' lang='lat' dir='ltr'>quod</span> <span class='ocrx_word' id='word_1_342' title='bbox 1222 1877 1330 1918; x_wconf 88' lang='lat' dir='ltr'>potius</span> <span class='ocrx_word' id='word_1_343' title='bbox 1353 1885 1490 1908; x_wconf 88' lang='lat' dir='ltr'>mortem</span> 
     </span>
     <span class='ocr_line' id='line_1_55' title="bbox 431 1921 1491 1965; baseline -0.004 -10"><span class='ocrx_word' id='word_1_344' title='bbox 431 1926 523 1965; x_wconf 87' lang='lat' dir='ltr'>elegit</span> <span class='ocrx_word' id='word_1_345' title='bbox 546 1935 644 1965; x_wconf 91' lang='lat' dir='ltr'>quam</span> <span class='ocrx_word' id='word_1_346' title='bbox 660 1925 839 1964; x_wconf 85' lang='lat' dir='ltr'>dispensare</span> <span class='ocrx_word' id='word_1_347' title='bbox 863 1933 937 1954; x_wconf 92' lang='lat' dir='ltr'>cum</span> <span class='ocrx_word' id='word_1_348' title='bbox 957 1922 1129 1963; x_wconf 85' lang='lat' dir='ltr'>Iphigenia,</span> <span class='ocrx_word' id='word_1_349' title='bbox 1145 1921 1264 1961; x_wconf 90' lang='lat' dir='ltr'>virgine</span> <span class='ocrx_word' id='word_1_350' title='bbox 1287 1922 1356 1952; x_wconf 91' lang='lat' dir='ltr'>Deo</span> <span class='ocrx_word' id='word_1_351' title='bbox 1381 1921 1491 1958; x_wconf 89' lang='lat' dir='ltr'>dicata,</span> 
     </span>
     <span class='ocr_line' id='line_1_56' title="bbox 431 1965 1492 2010; baseline -0.004 -11"><span class='ocrx_word' id='word_1_352' title='bbox 431 1970 518 2010; x_wconf 92' lang='lat' dir='ltr'>quod</span> <span class='ocrx_word' id='word_1_353' title='bbox 542 1969 737 1999; x_wconf 85' lang='lat' dir='ltr'>contraheret</span> <span class='ocrx_word' id='word_1_354' title='bbox 752 1967 991 1998; x_wconf 88' lang='lat' dir='ltr'>matrimonium</span> <span class='ocrx_word' id='word_1_355' title='bbox 1016 1976 1090 1997; x_wconf 91' lang='lat' dir='ltr'>cum</span> <span class='ocrx_word' id='word_1_356' title='bbox 1108 1975 1180 2005; x_wconf 90' lang='lat' dir='ltr'>rege</span> <span class='ocrx_word' id='word_1_357' title='bbox 1198 1965 1401 2005; x_wconf 89' lang='lat' dir='ltr'>promittente</span> <span class='ocrx_word' id='word_1_358' title='bbox 1418 1975 1492 1996; x_wconf 89' lang='lat' dir='ltr'>con-</span> 
     </span>
     <span class='ocr_line' id='line_1_57' title="bbox 430 2009 1492 2051; baseline -0.004 -8"><span class='ocrx_word' id='word_1_359' title='bbox 430 2014 609 2043; x_wconf 81' lang='lat' dir='ltr'>versionem</span> <span class='ocrx_word' id='word_1_360' title='bbox 633 2012 754 2042; x_wconf 90' lang='lat' dir='ltr'>dimidii</span> <span class='ocrx_word' id='word_1_361' title='bbox 778 2012 863 2051; x_wconf 90' lang='lat' dir='ltr'>regni</span> <span class='ocrx_word' id='word_1_362' title='bbox 887 2012 927 2041; x_wconf 93' lang='lat' dir='ltr'>ad</span> <span class='ocrx_word' id='word_1_363' title='bbox 950 2010 1045 2041; x_wconf 90' lang='lat' dir='ltr'>fidem</span> <span class='ocrx_word' id='word_1_364' title='bbox 1070 2011 1094 2040; x_wconf 91' lang='lat' dir='ltr'>si</span> <span class='ocrx_word' id='word_1_365' title='bbox 1118 2010 1185 2049; x_wconf 87' lang='lat' dir='ltr'>ipsa</span> <span class='ocrx_word' id='word_1_366' title='bbox 1205 2009 1263 2040; x_wconf 89' lang='lat' dir='ltr'>sibi</span> <span class='ocrx_word' id='word_1_367' title='bbox 1286 2009 1492 2039; x_wconf 90' lang='lat' dir='ltr'>matrimonio</span> 
     </span>
     <span class='ocr_line' id='line_1_58' title="bbox 431 2053 1492 2098; baseline -0.005 -10"><span class='ocrx_word' id='word_1_368' title='bbox 431 2058 631 2098; x_wconf 88' lang='lat' dir='ltr'>copularetur</span> <span class='ocrx_word' id='word_1_369' title='bbox 645 2056 672 2086; x_wconf 89' lang='lat'>*.</span> <span class='ocrx_word' id='word_1_370' title='bbox 696 2057 816 2087; x_wconf 90' lang='lat' dir='ltr'>Verum</span> <span class='ocrx_word' id='word_1_371' title='bbox 847 2055 922 2096; x_wconf 90' lang='lat' dir='ltr'>quia</span> <span class='ocrx_word' id='word_1_372' title='bbox 946 2055 1007 2085; x_wconf 91' lang='lat' dir='ltr'>hoc</span> <span class='ocrx_word' id='word_1_373' title='bbox 1031 2065 1097 2085; x_wconf 90' lang='lat' dir='ltr'>non</span> <span class='ocrx_word' id='word_1_374' title='bbox 1127 2053 1255 2084; x_wconf 90' lang='lat' dir='ltr'>invenio</span> <span class='ocrx_word' id='word_1_375' title='bbox 1279 2063 1337 2093; x_wconf 92' lang='lat' dir='ltr'>pro</span> <span class='ocrx_word' id='word_1_376' title='bbox 1361 2053 1492 2084; x_wconf 91' lang='lat' dir='ltr'>authen-</span> 
     </span>
     <span class='ocr_line' id='line_1_59' title="bbox 431 2096 1491 2140; baseline -0.004 -9"><span class='ocrx_word' id='word_1_377' title='bbox 431 2102 493 2132; x_wconf 90' lang='lat' dir='ltr'>tico</span> <span class='ocrx_word' id='word_1_378' title='bbox 518 2101 613 2140; x_wconf 88' lang='lat' dir='ltr'>recipi</span> <span class='ocrx_word' id='word_1_379' title='bbox 635 2100 666 2129; x_wconf 93' lang='lat' dir='ltr'>in</span> <span class='ocrx_word' id='word_1_380' title='bbox 692 2099 845 2135; x_wconf 85' lang='lat' dir='ltr'>Ecclesia;</span> <span class='ocrx_word' id='word_1_381' title='bbox 871 2106 901 2130; x_wconf 92' lang='lat' dir='ltr'>et</span> <span class='ocrx_word' id='word_1_382' title='bbox 923 2099 1011 2129; x_wconf 89' lang='lat' dir='ltr'>aliter</span> <span class='ocrx_word' id='word_1_383' title='bbox 1034 2105 1138 2139; x_wconf 90' lang='lat' dir='ltr'>potest</span> <span class='ocrx_word' id='word_1_384' title='bbox 1153 2097 1282 2128; x_wconf 83' lang='lat' dir='ltr'>rationis</span> <span class='ocrx_word' id='word_1_385' title='bbox 1306 2097 1402 2127; x_wconf 88' lang='lat' dir='ltr'>huius</span> <span class='ocrx_word' id='word_1_386' title='bbox 1425 2096 1491 2128; x_wconf 87' lang='lat' dir='ltr'>effi-</span> 
     </span>
     <span class='ocr_line' id='line_1_60' title="bbox 432 2141 1492 2184; baseline -0.004 -9"><span class='ocrx_word' id='word_1_387' title='bbox 432 2145 514 2175; x_wconf 90' lang='lat' dir='ltr'>cacia</span> <span class='ocrx_word' id='word_1_388' title='bbox 538 2144 650 2174; x_wconf 91' lang='lat' dir='ltr'>discuti</span> <span class='ocrx_word' id='word_1_389' title='bbox 674 2150 768 2184; x_wconf 87' lang='lat' dir='ltr'>atque</span> <span class='ocrx_word' id='word_1_390' title='bbox 792 2143 903 2173; x_wconf 88' lang='lat' dir='ltr'>veritas</span> <span class='ocrx_word' id='word_1_391' title='bbox 926 2143 1040 2173; x_wconf 88' lang='lat' dir='ltr'>videri:</span> <span class='ocrx_word' id='word_1_392' title='bbox 1070 2142 1186 2172; x_wconf 91' lang='lat' dir='ltr'>idcirco</span> <span class='ocrx_word' id='word_1_393' title='bbox 1210 2141 1269 2171; x_wconf 81' lang='lat' dir='ltr'>alia</span> <span class='ocrx_word' id='word_1_394' title='bbox 1284 2141 1492 2181; x_wconf 90' lang='lat' dir='ltr'>gradiendum</span> 
     </span>
     <span class='ocr_line' id='line_1_61' title="bbox 432 2188 559 2219; baseline -0.008 0"><span class='ocrx_word' id='word_1_395' title='bbox 432 2196 478 2219; x_wconf 89' lang='lat' dir='ltr'>est</span> <span class='ocrx_word' id='word_1_396' title='bbox 500 2188 559 2218; x_wconf 89' lang='lat' dir='ltr'>via.</span> 
     </span>
    </p>

    <p class='ocr_par' dir='ltr' id='par_1_11' title="bbox 433 2229 1506 3589">
     <span class='ocr_line' id='line_1_62' title="bbox 487 2229 1495 2271; baseline -0.003 -9"><span class='ocrx_word' id='word_1_397' title='bbox 487 2233 538 2263; x_wconf 92' lang='lat' dir='ltr'>IV.</span> <span class='ocrx_word' id='word_1_398' title='bbox 556 2231 748 2271; x_wconf 89' lang='lat' dir='ltr'>Principium</span> <span class='ocrx_word' id='word_1_399' title='bbox 765 2237 871 2261; x_wconf 88' lang='lat' dir='ltr'>autem</span> <span class='ocrx_word' id='word_1_400' title='bbox 894 2231 989 2261; x_wconf 93' lang='lat' dir='ltr'>huius</span> <span class='ocrx_word' id='word_1_401' title='bbox 1013 2229 1184 2260; x_wconf 88' lang='lat' dir='ltr'>evidentiae</span> <span class='ocrx_word' id='word_1_402' title='bbox 1208 2229 1281 2259; x_wconf 92' lang='lat' dir='ltr'>hinc</span> <span class='ocrx_word' id='word_1_403' title='bbox 1300 2229 1495 2260; x_wconf 88' lang='lat' dir='ltr'>sumendum</span> 
     </span>
     <span class='ocr_line' id='line_1_63' title="bbox 433 2273 1495 2315; baseline -0.004 -8"><span class='ocrx_word' id='word_1_404' title='bbox 433 2283 489 2307; x_wconf 89' lang='lat' dir='ltr'>est.</span> <span class='ocrx_word' id='word_1_405' title='bbox 512 2276 773 2306; x_wconf 87' lang='lat' dir='ltr'>Benedictionum</span> <span class='ocrx_word' id='word_1_406' title='bbox 797 2275 911 2315; x_wconf 88' lang='lat' dir='ltr'>duplex</span> <span class='ocrx_word' id='word_1_407' title='bbox 936 2283 981 2306; x_wconf 88' lang='lat' dir='ltr'>est</span> <span class='ocrx_word' id='word_1_408' title='bbox 1004 2282 1117 2314; x_wconf 88' lang='lat' dir='ltr'>genus:</span> <span class='ocrx_word' id='word_1_409' title='bbox 1144 2283 1218 2303; x_wconf 91' lang='lat' dir='ltr'>nam</span> <span class='ocrx_word' id='word_1_410' title='bbox 1242 2273 1398 2313; x_wconf 88' lang='lat' dir='ltr'>quaedam</span> <span class='ocrx_word' id='word_1_411' title='bbox 1421 2280 1495 2303; x_wconf 94' lang='lat' dir='ltr'>sunt</span> 
     </span>
     <span class='ocr_line' id='line_1_64' title="bbox 433 2317 1496 2359; baseline -0.003 -8"><span class='ocrx_word' id='word_1_412' title='bbox 433 2320 636 2355; x_wconf 87' lang='lat' dir='ltr'>invocativae,</span> <span class='ocrx_word' id='word_1_413' title='bbox 654 2326 684 2350; x_wconf 91' lang='lat' dir='ltr'>et</span> <span class='ocrx_word' id='word_1_414' title='bbox 699 2320 855 2359; x_wconf 88' lang='lat' dir='ltr'>quaedam</span> <span class='ocrx_word' id='word_1_415' title='bbox 871 2319 1101 2355; x_wconf 87' lang='lat' dir='ltr'>constitutivae.</span> <span class='ocrx_word' id='word_1_416' title='bbox 1125 2317 1364 2348; x_wconf 89' lang='lat' dir='ltr'>Benedictiones</span> <span class='ocrx_word' id='word_1_417' title='bbox 1380 2317 1496 2348; x_wconf 87' lang='lat' dir='ltr'>consti-</span> 
     </span>
     <span class='ocr_line' id='line_1_65' title="bbox 435 2361 1498 2404; baseline -0.003 -10"><span class='ocrx_word' id='word_1_418' title='bbox 435 2364 548 2395; x_wconf 91' lang='lat' dir='ltr'>tutivas</span> <span class='ocrx_word' id='word_1_419' title='bbox 571 2373 651 2393; x_wconf 90' lang='lat' dir='ltr'>voco</span> <span class='ocrx_word' id='word_1_420' title='bbox 676 2373 786 2393; x_wconf 89' lang='lat' dir='ltr'>ornnes</span> <span class='ocrx_word' id='word_1_421' title='bbox 819 2363 934 2404; x_wconf 90' lang='lat' dir='ltr'>quibus</span> <span class='ocrx_word' id='word_1_422' title='bbox 958 2373 993 2393; x_wconf 86' lang='lat' dir='ltr'>ea</span> <span class='ocrx_word' id='word_1_423' title='bbox 1016 2372 1098 2403; x_wconf 89' lang='lat' dir='ltr'>quae</span> <span class='ocrx_word' id='word_1_424' title='bbox 1127 2361 1358 2392; x_wconf 85' lang='lat' dir='ltr'>benedicuntur</span> <span class='ocrx_word' id='word_1_425' title='bbox 1381 2361 1498 2392; x_wconf 90' lang='lat' dir='ltr'>consti-</span> 
     </span>
     <span class='ocr_line' id='line_1_66' title="bbox 435 2405 1496 2440; baseline -0.003 -1"><span class='ocrx_word' id='word_1_426' title='bbox 435 2414 568 2440; x_wconf 89' lang='lat' dir='ltr'>tuuntur</span> <span class='ocrx_word' id='word_1_427' title='bbox 591 2407 622 2437; x_wconf 89' lang='lat' dir='ltr'>in</span> <span class='ocrx_word' id='word_1_428' title='bbox 646 2417 712 2437; x_wconf 88' lang='lat' dir='ltr'>esse</span> <span class='ocrx_word' id='word_1_429' title='bbox 736 2416 839 2437; x_wconf 91' lang='lat' dir='ltr'>sacro:</span> <span class='ocrx_word' id='word_1_430' title='bbox 864 2414 894 2437; x_wconf 91' lang='lat' dir='ltr'>et</span> <span class='ocrx_word' id='word_1_431' title='bbox 923 2407 998 2437; x_wconf 89' lang='lat' dir='ltr'>tales</span> <span class='ocrx_word' id='word_1_432' title='bbox 1023 2413 1096 2437; x_wconf 91' lang='lat' dir='ltr'>sunt</span> <span class='ocrx_word' id='word_1_433' title='bbox 1119 2415 1231 2436; x_wconf 90' lang='lat' dir='ltr'>omnes</span> <span class='ocrx_word' id='word_1_434' title='bbox 1261 2405 1496 2436; x_wconf 88' lang='lat' dir='ltr'>benedictiones</span> 
     </span>
     <span class='ocr_line' id='line_1_67' title="bbox 435 2449 1496 2490; baseline -0.003 -8"><span class='ocrx_word' id='word_1_435' title='bbox 435 2452 570 2482; x_wconf 90' lang='lat' dir='ltr'>vestium</span> <span class='ocrx_word' id='word_1_436' title='bbox 594 2451 843 2481; x_wconf 87' lang='lat' dir='ltr'>sacerdotalium.</span> <span class='ocrx_word' id='word_1_437' title='bbox 868 2450 1107 2481; x_wconf 88' lang='lat' dir='ltr'>Benedictiones</span> <span class='ocrx_word' id='word_1_438' title='bbox 1130 2459 1204 2480; x_wconf 88' lang='lat' dir='ltr'>vero</span> <span class='ocrx_word' id='word_1_439' title='bbox 1228 2449 1420 2480; x_wconf 89' lang='lat' dir='ltr'>invocativas</span> <span class='ocrx_word' id='word_1_440' title='bbox 1443 2459 1496 2490; x_wconf 88' lang='lat' dir='ltr'>ap-</span> 
     </span>
     <span class='ocr_line' id='line_1_68' title="bbox 437 2495 1496 2537; baseline -0.004 -10"><span class='ocrx_word' id='word_1_441' title='bbox 437 2496 522 2537; x_wconf 91' lang='lat' dir='ltr'>pello</span> <span class='ocrx_word' id='word_1_442' title='bbox 547 2505 598 2526; x_wconf 88' lang='lat' dir='ltr'>eas</span> <span class='ocrx_word' id='word_1_443' title='bbox 614 2495 730 2535; x_wconf 91' lang='lat' dir='ltr'>quibus</span> <span class='ocrx_word' id='word_1_444' title='bbox 754 2504 890 2535; x_wconf 73' lang='lat' dir='ltr'>eaquae</span> <span class='ocrx_word' id='word_1_445' title='bbox 906 2495 1135 2525; x_wconf 90' lang='lat' dir='ltr'>benedicuntur</span> <span class='ocrx_word' id='word_1_446' title='bbox 1158 2503 1224 2524; x_wconf 91' lang='lat' dir='ltr'>non</span> <span class='ocrx_word' id='word_1_447' title='bbox 1241 2500 1407 2534; x_wconf 89' lang='lat' dir='ltr'>propterea</span> <span class='ocrx_word' id='word_1_448' title='bbox 1422 2500 1496 2524; x_wconf 90' lang='lat' dir='ltr'>sunt</span> 
     </span>
     <span class='ocr_line' id='line_1_69' title="bbox 438 2537 1494 2574; baseline -0.003 -3"><span class='ocrx_word' id='word_1_449' title='bbox 438 2548 538 2571; x_wconf 86' lang='lat' dir='ltr'>sacra:</span> <span class='ocrx_word' id='word_1_450' title='bbox 563 2546 599 2569; x_wconf 92' lang='lat' dir='ltr'>ut</span> <span class='ocrx_word' id='word_1_451' title='bbox 614 2546 687 2569; x_wconf 90' lang='lat' dir='ltr'>sunt</span> <span class='ocrx_word' id='word_1_452' title='bbox 702 2538 935 2570; x_wconf 89' lang='lat' dir='ltr'>benedictiones</span> <span class='ocrx_word' id='word_1_453' title='bbox 951 2548 1078 2569; x_wconf 88' lang='lat' dir='ltr'>mensae</span> <span class='ocrx_word' id='word_1_454' title='bbox 1094 2545 1124 2568; x_wconf 90' lang='lat' dir='ltr'>et</span> <span class='ocrx_word' id='word_1_455' title='bbox 1140 2538 1255 2568; x_wconf 89' lang='lat' dir='ltr'>domus</span> <span class='ocrx_word' id='word_1_456' title='bbox 1273 2544 1303 2568; x_wconf 93' lang='lat' dir='ltr'>et</span> <span class='ocrx_word' id='word_1_457' title='bbox 1322 2537 1420 2574; x_wconf 88' lang='lat' dir='ltr'>navis,</span> <span class='ocrx_word' id='word_1_458' title='bbox 1436 2544 1494 2568; x_wconf 90' lang='lat' dir='ltr'>etc.</span> 
     </span>
     <span class='ocr_line' id='line_1_70' title="bbox 438 2581 1496 2615; baseline -0.003 -1"><span class='ocrx_word' id='word_1_459' title='bbox 438 2584 488 2615; x_wconf 88' lang='lat' dir='ltr'>Ad</span> <span class='ocrx_word' id='word_1_460' title='bbox 518 2583 758 2613; x_wconf 89' lang='lat' dir='ltr'>discernendum</span> <span class='ocrx_word' id='word_1_461' title='bbox 789 2589 895 2613; x_wconf 89' lang='lat' dir='ltr'>autern</span> <span class='ocrx_word' id='word_1_462' title='bbox 923 2583 978 2613; x_wconf 90' lang='lat' dir='ltr'>has</span> <span class='ocrx_word' id='word_1_463' title='bbox 1007 2582 1240 2612; x_wconf 91' lang='lat' dir='ltr'>benedictiones</span> <span class='ocrx_word' id='word_1_464' title='bbox 1272 2582 1310 2612; x_wconf 92' lang='lat' dir='ltr'>ab</span> <span class='ocrx_word' id='word_1_465' title='bbox 1339 2581 1400 2612; x_wconf 90' lang='lat' dir='ltr'>illis</span> <span class='ocrx_word' id='word_1_466' title='bbox 1430 2591 1496 2612; x_wconf 90' lang='lat' dir='ltr'>non</span> 
     </span>
     <span class='ocr_line' id='line_1_71' title="bbox 439 2625 1496 2666; baseline -0.003 -8"><span class='ocrx_word' id='word_1_467' title='bbox 439 2627 525 2658; x_wconf 89' lang='lat' dir='ltr'>ducit</span> <span class='ocrx_word' id='word_1_468' title='bbox 555 2627 714 2657; x_wconf 88' lang='lat' dir='ltr'>diversitas</span> <span class='ocrx_word' id='word_1_469' title='bbox 737 2627 924 2657; x_wconf 89' lang='lat' dir='ltr'>verborum:</span> <span class='ocrx_word' id='word_1_470' title='bbox 949 2633 985 2657; x_wconf 92' lang='lat' dir='ltr'>ut</span> <span class='ocrx_word' id='word_1_471' title='bbox 1014 2633 1099 2666; x_wconf 92' lang='lat' dir='ltr'>patet</span> <span class='ocrx_word' id='word_1_472' title='bbox 1123 2635 1159 2656; x_wconf 83' lang='lat' dir='ltr'>ex</span> <span class='ocrx_word' id='word_1_473' title='bbox 1186 2626 1247 2656; x_wconf 95' lang='lat' dir='ltr'>hoc</span> <span class='ocrx_word' id='word_1_474' title='bbox 1278 2626 1366 2666; x_wconf 94' lang='lat' dir='ltr'>quod</span> <span class='ocrx_word' id='word_1_475' title='bbox 1389 2625 1421 2655; x_wconf 92' lang='lat' dir='ltr'>in</span> <span class='ocrx_word' id='word_1_476' title='bbox 1445 2636 1496 2656; x_wconf 92' lang='lat' dir='ltr'>ve-</span> 
     </span>
     <span class='ocr_line' id='line_1_72' title="bbox 439 2669 1496 2703; baseline -0.002 -1"><span class='ocrx_word' id='word_1_477' title='bbox 439 2672 535 2703; x_wconf 88' lang='lat' dir='ltr'>stium</span> <span class='ocrx_word' id='word_1_478' title='bbox 551 2670 791 2701; x_wconf 89' lang='lat' dir='ltr'>sacerdotalium</span> <span class='ocrx_word' id='word_1_479' title='bbox 814 2670 1032 2701; x_wconf 90' lang='lat' dir='ltr'>benedictione</span> <span class='ocrx_word' id='word_1_480' title='bbox 1048 2670 1186 2701; x_wconf 89' lang='lat' dir='ltr'>Ecclesia</span> <span class='ocrx_word' id='word_1_481' title='bbox 1210 2669 1308 2700; x_wconf 89' lang='lat' dir='ltr'>utitur</span> <span class='ocrx_word' id='word_1_482' title='bbox 1331 2679 1496 2700; x_wconf 84' lang='lat' dir='ltr'>consecra-</span> 
     </span>
     <span class='ocr_line' id='line_1_73' title="bbox 439 2713 1495 2754; baseline -0.002 -8"><span class='ocrx_word' id='word_1_483' title='bbox 439 2717 533 2747; x_wconf 87' lang='lat' dir='ltr'>tionis</span> <span class='ocrx_word' id='word_1_484' title='bbox 555 2714 695 2751; x_wconf 91' lang='lat' dir='ltr'>nomine,</span> <span class='ocrx_word' id='word_1_485' title='bbox 716 2721 746 2745; x_wconf 94' lang='lat' dir='ltr'>et</span> <span class='ocrx_word' id='word_1_486' title='bbox 767 2714 800 2744; x_wconf 88' lang='lat' dir='ltr'>in</span> <span class='ocrx_word' id='word_1_487' title='bbox 824 2715 1038 2754; x_wconf 85' lang='lat' dir='ltr'>corporalium</span> <span class='ocrx_word' id='word_1_488' title='bbox 1058 2713 1275 2745; x_wconf 91' lang='lat' dir='ltr'>benedictione</span> <span class='ocrx_word' id='word_1_489' title='bbox 1298 2722 1379 2750; x_wconf 91' lang='lat' dir='ltr'>non;</span> <span class='ocrx_word' id='word_1_490' title='bbox 1403 2720 1435 2744; x_wconf 89' lang='lat' dir='ltr'>et</span> <span class='ocrx_word' id='word_1_491' title='bbox 1449 2722 1495 2745; x_wconf 89' lang='lat' dir='ltr'>ta-</span> 
     </span>
     <span class='ocr_line' id='line_1_74' title="bbox 439 2757 1497 2798; baseline -0.002 -8"><span class='ocrx_word' id='word_1_492' title='bbox 439 2770 512 2790; x_wconf 92' lang='lat' dir='ltr'>men</span> <span class='ocrx_word' id='word_1_493' title='bbox 530 2765 651 2790; x_wconf 87' lang='lat' dir='ltr'>constat</span> <span class='ocrx_word' id='word_1_494' title='bbox 666 2759 828 2798; x_wconf 87' lang='lat' dir='ltr'>corporale</span> <span class='ocrx_word' id='word_1_495' title='bbox 845 2759 994 2789; x_wconf 87' lang='lat' dir='ltr'>sacratius</span> <span class='ocrx_word' id='word_1_496' title='bbox 1011 2768 1077 2789; x_wconf 91' lang='lat' dir='ltr'>esse</span> <span class='ocrx_word' id='word_1_497' title='bbox 1094 2758 1242 2794; x_wconf 89' lang='lat' dir='ltr'>vestibus,</span> <span class='ocrx_word' id='word_1_498' title='bbox 1255 2758 1329 2798; x_wconf 91' lang='lat' dir='ltr'>quia</span> <span class='ocrx_word' id='word_1_499' title='bbox 1346 2757 1385 2787; x_wconf 91' lang='lat' dir='ltr'>ad</span> <span class='ocrx_word' id='word_1_500' title='bbox 1402 2768 1497 2788; x_wconf 85' lang='lat' dir='ltr'>usum</span> 
     </span>
     <span class='ocr_line' id='line_1_75' title="bbox 440 2801 1497 2843; baseline -0.002 -9"><span class='ocrx_word' id='word_1_501' title='bbox 440 2803 539 2843; x_wconf 86' lang='lat' dir='ltr'>magis</span> <span class='ocrx_word' id='word_1_502' title='bbox 554 2813 676 2833; x_wconf 89' lang='lat' dir='ltr'>sacrum</span> <span class='ocrx_word' id='word_1_503' title='bbox 701 2802 903 2838; x_wconf 91' lang='lat' dir='ltr'>benedicitur,</span> <span class='ocrx_word' id='word_1_504' title='bbox 921 2802 1037 2833; x_wconf 89' lang='lat' dir='ltr'>scilicet</span> <span class='ocrx_word' id='word_1_505' title='bbox 1053 2801 1280 2833; x_wconf 89' lang='lat' dir='ltr'>continentiam</span> <span class='ocrx_word' id='word_1_506' title='bbox 1296 2801 1412 2832; x_wconf 87' lang='lat' dir='ltr'>Christi</span> <span class='ocrx_word' id='word_1_507' title='bbox 1429 2810 1497 2833; x_wconf 88' lang='lat' dir='ltr'>cor-</span> 
     </span>
     <span class='ocr_line' id='line_1_76' title="bbox 440 2845 1496 2888; baseline -0.001 -11"><span class='ocrx_word' id='word_1_508' title='bbox 440 2848 525 2888; x_wconf 89' lang='lat' dir='ltr'>poris</span> <span class='ocrx_word' id='word_1_509' title='bbox 549 2847 739 2877; x_wconf 89' lang='lat' dir='ltr'>immediate.</span> <span class='ocrx_word' id='word_1_510' title='bbox 756 2864 777 2869; x_wconf 86' lang='lat'>-·</span> <span class='ocrx_word' id='word_1_511' title='bbox 799 2847 864 2877; x_wconf 91' lang='lat' dir='ltr'>Nec</span> <span class='ocrx_word' id='word_1_512' title='bbox 881 2847 967 2877; x_wconf 90' lang='lat' dir='ltr'>ducit</span> <span class='ocrx_word' id='word_1_513' title='bbox 989 2847 1151 2877; x_wconf 90' lang='lat' dir='ltr'>diversitas</span> <span class='ocrx_word' id='word_1_514' title='bbox 1167 2846 1255 2876; x_wconf 91' lang='lat' dir='ltr'>modi</span> <span class='ocrx_word' id='word_1_515' title='bbox 1283 2845 1496 2882; x_wconf 89' lang='lat' dir='ltr'>benedicendi,</span> 
     </span>
     <span class='ocr_line' id='line_1_77' title="bbox 441 2889 1498 2931; baseline -0.001 -10"><span class='ocrx_word' id='word_1_516' title='bbox 441 2891 555 2922; x_wconf 90' lang='lat' dir='ltr'>scilicet</span> <span class='ocrx_word' id='word_1_517' title='bbox 584 2891 784 2931; x_wconf 90' lang='lat' dir='ltr'>imperative,</span> <span class='ocrx_word' id='word_1_518' title='bbox 808 2890 998 2921; x_wconf 87' lang='lat' dir='ltr'>enuntiative</span> <span class='ocrx_word' id='word_1_519' title='bbox 1028 2896 1082 2921; x_wconf 82' lang='lat' dir='ltr'>aut</span> <span class='ocrx_word' id='word_1_520' title='bbox 1112 2889 1319 2930; x_wconf 86' lang='lat' dir='ltr'>deprecative:</span> <span class='ocrx_word' id='word_1_521' title='bbox 1343 2890 1498 2930; x_wconf 84' lang='lat' dir='ltr'>quoniam</span> 
     </span>
     <span class='ocr_line' id='line_1_78' title="bbox 442 2932 1499 2975; baseline 0 -10"><span class='ocrx_word' id='word_1_522' title='bbox 442 2942 563 2965; x_wconf 88' lang='lat' dir='ltr'>constat</span> <span class='ocrx_word' id='word_1_523' title='bbox 585 2934 818 2965; x_wconf 89' lang='lat' dir='ltr'>benedictiones</span> <span class='ocrx_word' id='word_1_524' title='bbox 840 2932 997 2975; x_wconf 31' lang='lat' dir='ltr'>*utrasque</span> <span class='ocrx_word' id='word_1_525' title='bbox 1020 2933 1087 2966; x_wconf 91' lang='lat' dir='ltr'>fieri</span> <span class='ocrx_word' id='word_1_526' title='bbox 1118 2933 1329 2974; x_wconf 89' lang='lat' dir='ltr'>deprecative,</span> <span class='ocrx_word' id='word_1_527' title='bbox 1357 2941 1392 2964; x_wconf 91' lang='lat' dir='ltr'>ut</span> <span class='ocrx_word' id='word_1_528' title='bbox 1413 2940 1499 2975; x_wconf 88' lang='lat' dir='ltr'>patet</span> 
     </span>
     <span class='ocr_line' id='line_1_79' title="bbox 442 2978 1500 3009; baseline -0.001 0"><span class='ocrx_word' id='word_1_529' title='bbox 442 2979 475 3009; x_wconf 91' lang='lat' dir='ltr'>in</span> <span class='ocrx_word' id='word_1_530' title='bbox 490 2978 664 3008; x_wconf 86' lang='lat' dir='ltr'>Pontificali</span> <span class='ocrx_word' id='word_1_531' title='bbox 682 2985 710 3008; x_wconf 90' lang='lat' dir='ltr'>et</span> <span class='ocrx_word' id='word_1_532' title='bbox 734 2978 901 3009; x_wconf 90' lang='lat' dir='ltr'>Ordinario</span> <span class='ocrx_word' id='word_1_533' title='bbox 918 2979 1082 3009; x_wconf 88' lang='lat' dir='ltr'>Romanae</span> <span class='ocrx_word' id='word_1_534' title='bbox 1106 2978 1272 3009; x_wconf 84' lang='lat' dir='ltr'>Ecclesiae.</span> <span class='ocrx_word' id='word_1_535' title='bbox 1289 2995 1309 3001; x_wconf 95' lang='lat'><em>-</em></span> <span class='ocrx_word' id='word_1_536' title='bbox 1324 2978 1390 3008; x_wconf 91' lang='lat' dir='ltr'>Nec</span> <span class='ocrx_word' id='word_1_537' title='bbox 1413 2978 1500 3008; x_wconf 93' lang='lat' dir='ltr'>ducit</span> 
     </span>
     <span class='ocr_line' id='line_1_80' title="bbox 444 3021 1500 3062; baseline 0 -10"><span class='ocrx_word' id='word_1_538' title='bbox 444 3022 603 3052; x_wconf 87' lang='lat' dir='ltr'>diversitas</span> <span class='ocrx_word' id='word_1_539' title='bbox 633 3021 865 3058; x_wconf 86' lang='lat' dir='ltr'>ministrorum,</span> <span class='ocrx_word' id='word_1_540' title='bbox 888 3030 966 3062; x_wconf 89' lang='lat' dir='ltr'>puta</span> <span class='ocrx_word' id='word_1_541' title='bbox 996 3023 1136 3062; x_wconf 89' lang='lat' dir='ltr'>episcopi</span> <span class='ocrx_word' id='word_1_542' title='bbox 1166 3029 1220 3053; x_wconf 90' lang='lat' dir='ltr'>aut</span> <span class='ocrx_word' id='word_1_543' title='bbox 1249 3022 1435 3052; x_wconf 84' lang='lat' dir='ltr'>sacerdotis:</span> <span class='ocrx_word' id='word_1_544' title='bbox 1464 3029 1500 3052; x_wconf 94' lang='lat' dir='ltr'>ut</span> 
     </span>
     <span class='ocr_line' id='line_1_81' title="bbox 443 3065 1500 3107; baseline 0 -11"><span class='ocrx_word' id='word_1_545' title='bbox 443 3073 528 3107; x_wconf 90' lang='lat' dir='ltr'>patet</span> <span class='ocrx_word' id='word_1_546' title='bbox 551 3066 589 3095; x_wconf 93' lang='lat' dir='ltr'>de</span> <span class='ocrx_word' id='word_1_547' title='bbox 617 3065 835 3096; x_wconf 90' lang='lat' dir='ltr'>benedictione</span> <span class='ocrx_word' id='word_1_548' title='bbox 863 3066 1064 3097; x_wconf 88' lang='lat' dir='ltr'>constitutiva</span> <span class='ocrx_word' id='word_1_549' title='bbox 1088 3076 1188 3107; x_wconf 90' lang='lat' dir='ltr'>aquae</span> <span class='ocrx_word' id='word_1_550' title='bbox 1215 3073 1339 3096; x_wconf 89' lang='lat' dir='ltr'>sanctae</span> <span class='ocrx_word' id='word_1_551' title='bbox 1362 3076 1380 3096; x_wconf 92' lang='lat' dir='ltr'>a</span> <span class='ocrx_word' id='word_1_552' title='bbox 1403 3076 1500 3096; x_wconf 89' lang='lat' dir='ltr'>sacer-</span> 
     </span>
     <span class='ocr_line' id='line_1_82' title="bbox 445 3109 1500 3150; baseline 0.001 -11"><span class='ocrx_word' id='word_1_553' title='bbox 445 3111 517 3140; x_wconf 91' lang='lat' dir='ltr'>dote</span> <span class='ocrx_word' id='word_1_554' title='bbox 541 3109 631 3140; x_wconf 87' lang='lat' dir='ltr'>facta.</span> <span class='ocrx_word' id='word_1_555' title='bbox 657 3109 826 3140; x_wconf 90' lang='lat' dir='ltr'>Innotescit</span> <span class='ocrx_word' id='word_1_556' title='bbox 854 3116 959 3140; x_wconf 87' lang='lat' dir='ltr'>tamen</span> <span class='ocrx_word' id='word_1_557' title='bbox 983 3110 1176 3150; x_wconf 91' lang='lat' dir='ltr'>quandoque</span> <span class='ocrx_word' id='word_1_558' title='bbox 1205 3109 1391 3140; x_wconf 88' lang='lat' dir='ltr'>huiusmodi</span> <span class='ocrx_word' id='word_1_559' title='bbox 1416 3109 1500 3140; x_wconf 83' lang='lat' dir='ltr'>diffe-</span> 
     </span>
     <span class='ocr_line' id='line_1_83' title="bbox 444 3152 1502 3194; baseline -0.001 -10"><span class='ocrx_word' id='word_1_560' title='bbox 444 3153 543 3184; x_wconf 87' lang='lat' dir='ltr'>rentia</span> <span class='ocrx_word' id='word_1_561' title='bbox 567 3163 603 3184; x_wconf 88' lang='lat' dir='ltr'>ex</span> <span class='ocrx_word' id='word_1_562' title='bbox 625 3152 759 3183; x_wconf 88' lang='lat' dir='ltr'>ministri</span> <span class='ocrx_word' id='word_1_563' title='bbox 783 3153 1025 3183; x_wconf 87' lang='lat' dir='ltr'>communitate:</span> <span class='ocrx_word' id='word_1_564' title='bbox 1050 3153 1201 3194; x_wconf 88' lang='lat' dir='ltr'>quoniam</span> <span class='ocrx_word' id='word_1_565' title='bbox 1221 3153 1397 3183; x_wconf 89' lang='lat' dir='ltr'>benedictio</span> <span class='ocrx_word' id='word_1_566' title='bbox 1420 3163 1502 3193; x_wconf 88' lang='lat' dir='ltr'>quae</span> 
     </span>
     <span class='ocr_line' id='line_1_84' title="bbox 444 3196 1503 3238; baseline -0.001 -11"><span class='ocrx_word' id='word_1_567' title='bbox 444 3197 562 3238; x_wconf 89' lang='lat' dir='ltr'>passim</span> <span class='ocrx_word' id='word_1_568' title='bbox 586 3196 765 3228; x_wconf 89' lang='lat' dir='ltr'>communis</span> <span class='ocrx_word' id='word_1_569' title='bbox 789 3203 836 3227; x_wconf 90' lang='lat' dir='ltr'>est</span> <span class='ocrx_word' id='word_1_570' title='bbox 858 3197 953 3227; x_wconf 91' lang='lat' dir='ltr'>etiam</span> <span class='ocrx_word' id='word_1_571' title='bbox 976 3196 1148 3227; x_wconf 87' lang='lat' dir='ltr'>ministerio</span> <span class='ocrx_word' id='word_1_572' title='bbox 1172 3196 1352 3232; x_wconf 89' lang='lat' dir='ltr'>mulierum,</span> <span class='ocrx_word' id='word_1_573' title='bbox 1368 3206 1433 3227; x_wconf 92' lang='lat' dir='ltr'>non</span> <span class='ocrx_word' id='word_1_574' title='bbox 1457 3203 1503 3227; x_wconf 89' lang='lat' dir='ltr'>est</span> 
     </span>
     <span class='ocr_line' id='line_1_85' title="bbox 446 3239 1502 3280; baseline -0.001 -9"><span class='ocrx_word' id='word_1_575' title='bbox 446 3241 662 3277; x_wconf 88' lang='lat' dir='ltr'>constitutiva;</span> <span class='ocrx_word' id='word_1_576' title='bbox 686 3240 767 3271; x_wconf 90' lang='lat' dir='ltr'>sicut</span> <span class='ocrx_word' id='word_1_577' title='bbox 783 3247 829 3271; x_wconf 89' lang='lat' dir='ltr'>est</span> <span class='ocrx_word' id='word_1_578' title='bbox 851 3240 1028 3271; x_wconf 89' lang='lat' dir='ltr'>benedictio</span> <span class='ocrx_word' id='word_1_579' title='bbox 1047 3250 1128 3280; x_wconf 91' lang='lat' dir='ltr'>quae</span> <span class='ocrx_word' id='word_1_580' title='bbox 1151 3241 1242 3271; x_wconf 88' lang='lat' dir='ltr'>datur</span> <span class='ocrx_word' id='word_1_581' title='bbox 1264 3240 1297 3270; x_wconf 88' lang='lat' dir='ltr'>in</span> <span class='ocrx_word' id='word_1_582' title='bbox 1316 3239 1502 3280; x_wconf 86' lang='lat' dir='ltr'>Completo-</span> 
     </span>
     <span class='ocr_line' id='line_1_86' title="bbox 446 3282 1504 3326; baseline -0.003 -10"><span class='ocrx_word' id='word_1_583' title='bbox 446 3285 504 3322; x_wconf 90' lang='lat' dir='ltr'>rio,</span> <span class='ocrx_word' id='word_1_584' title='bbox 521 3291 551 3316; x_wconf 92' lang='lat' dir='ltr'>et</span> <span class='ocrx_word' id='word_1_585' title='bbox 573 3285 750 3316; x_wconf 89' lang='lat' dir='ltr'>benedictio</span> <span class='ocrx_word' id='word_1_586' title='bbox 765 3285 902 3315; x_wconf 90' lang='lat' dir='ltr'>vestium</span> <span class='ocrx_word' id='word_1_587' title='bbox 924 3284 957 3315; x_wconf 90' lang='lat' dir='ltr'>in</span> <span class='ocrx_word' id='word_1_588' title='bbox 973 3284 1170 3325; x_wconf 85' lang='lat' dir='ltr'>professione</span> <span class='ocrx_word' id='word_1_589' title='bbox 1194 3282 1293 3326; x_wconf 90' lang='lat' dir='ltr'>(unde</span> <span class='ocrx_word' id='word_1_590' title='bbox 1316 3283 1387 3314; x_wconf 88' lang='lat' dir='ltr'>illae</span> <span class='ocrx_word' id='word_1_591' title='bbox 1402 3290 1504 3314; x_wconf 89' lang='lat' dir='ltr'>vestes</span> 
     </span>
     <span class='ocr_line' id='line_1_87' title="bbox 446 3327 1504 3369; baseline -0.002 -10"><span class='ocrx_word' id='word_1_592' title='bbox 446 3339 511 3360; x_wconf 92' lang='lat' dir='ltr'>non</span> <span class='ocrx_word' id='word_1_593' title='bbox 535 3336 608 3360; x_wconf 92' lang='lat' dir='ltr'>sunt</span> <span class='ocrx_word' id='word_1_594' title='bbox 631 3329 731 3369; x_wconf 88' lang='lat' dir='ltr'>magis</span> <span class='ocrx_word' id='word_1_595' title='bbox 754 3329 934 3360; x_wconf 86' lang='lat' dir='ltr'>benedictae</span> <span class='ocrx_word' id='word_1_596' title='bbox 957 3338 1055 3369; x_wconf 89' lang='lat' dir='ltr'>quam</span> <span class='ocrx_word' id='word_1_597' title='bbox 1079 3328 1167 3359; x_wconf 89' lang='lat' dir='ltr'>cibus</span> <span class='ocrx_word' id='word_1_598' title='bbox 1190 3327 1246 3368; x_wconf 92' lang='lat' dir='ltr'>qui</span> <span class='ocrx_word' id='word_1_599' title='bbox 1264 3327 1298 3357; x_wconf 91' lang='lat' dir='ltr'>in</span> <span class='ocrx_word' id='word_1_600' title='bbox 1320 3337 1429 3358; x_wconf 88' lang='lat' dir='ltr'>mensa</span> <span class='ocrx_word' id='word_1_601' title='bbox 1452 3328 1504 3358; x_wconf 89' lang='lat' dir='ltr'>be-</span> 
     </span>
     <span class='ocr_line' id='line_1_88' title="bbox 446 3371 1504 3415; baseline -0.002 -12"><span class='ocrx_word' id='word_1_602' title='bbox 446 3371 624 3415; x_wconf 91' lang='lat' dir='ltr'>nedicitur).</span> <span class='ocrx_word' id='word_1_603' title='bbox 640 3391 661 3396; x_wconf 97' lang='lat'>—</span> <span class='ocrx_word' id='word_1_604' title='bbox 678 3372 739 3403; x_wconf 90' lang='lat' dir='ltr'>Sed</span> <span class='ocrx_word' id='word_1_605' title='bbox 755 3373 795 3403; x_wconf 91' lang='lat' dir='ltr'>ad</span> <span class='ocrx_word' id='word_1_606' title='bbox 810 3373 890 3403; x_wconf 90' lang='lat' dir='ltr'>hanc</span> <span class='ocrx_word' id='word_1_607' title='bbox 913 3372 1136 3403; x_wconf 90' lang='lat' dir='ltr'>discretionem</span> <span class='ocrx_word' id='word_1_608' title='bbox 1159 3371 1374 3402; x_wconf 83' lang='lat' dir='ltr'>universaliter</span> <span class='ocrx_word' id='word_1_609' title='bbox 1390 3371 1504 3402; x_wconf 90' lang='lat' dir='ltr'>ducere</span> 
     </span>
     <span class='ocr_line' id='line_1_89' title="bbox 446 3415 1506 3456; baseline -0.002 -9"><span class='ocrx_word' id='word_1_610' title='bbox 446 3417 570 3447; x_wconf 91' lang='lat' dir='ltr'>videtur</span> <span class='ocrx_word' id='word_1_611' title='bbox 592 3417 742 3447; x_wconf 89' lang='lat' dir='ltr'>restrictio</span> <span class='ocrx_word' id='word_1_612' title='bbox 767 3427 843 3448; x_wconf 90' lang='lat' dir='ltr'>usus</span> <span class='ocrx_word' id='word_1_613' title='bbox 867 3426 903 3447; x_wconf 85' lang='lat' dir='ltr'>ex</span> <span class='ocrx_word' id='word_1_614' title='bbox 925 3417 956 3447; x_wconf 91' lang='lat' dir='ltr'>vi</span> <span class='ocrx_word' id='word_1_615' title='bbox 980 3415 1223 3447; x_wconf 84' lang='lat' dir='ltr'>benedictionis:</span> <span class='ocrx_word' id='word_1_616' title='bbox 1247 3415 1310 3446; x_wconf 88' lang='lat' dir='ltr'>hoc</span> <span class='ocrx_word' id='word_1_617' title='bbox 1333 3421 1388 3452; x_wconf 87' lang='lat' dir='ltr'>est,</span> <span class='ocrx_word' id='word_1_618' title='bbox 1416 3415 1506 3456; x_wconf 92' lang='lat' dir='ltr'>quod</span> 
     </span>
     <span class='ocr_line' id='line_1_90' title="bbox 448 3459 1506 3501; baseline -0.002 -10"><span class='ocrx_word' id='word_1_619' title='bbox 448 3471 484 3491; x_wconf 88' lang='lat' dir='ltr'>ex</span> <span class='ocrx_word' id='word_1_620' title='bbox 508 3461 569 3491; x_wconf 88' lang='lat' dir='ltr'>hoc</span> <span class='ocrx_word' id='word_1_621' title='bbox 592 3461 680 3501; x_wconf 92' lang='lat' dir='ltr'>quod</span> <span class='ocrx_word' id='word_1_622' title='bbox 704 3461 765 3491; x_wconf 91' lang='lat' dir='ltr'>hoc</span> <span class='ocrx_word' id='word_1_623' title='bbox 788 3467 834 3491; x_wconf 91' lang='lat' dir='ltr'>est</span> <span class='ocrx_word' id='word_1_624' title='bbox 857 3460 1070 3496; x_wconf 89' lang='lat' dir='ltr'>benedictum,</span> <span class='ocrx_word' id='word_1_625' title='bbox 1090 3470 1156 3491; x_wconf 92' lang='lat' dir='ltr'>non</span> <span class='ocrx_word' id='word_1_626' title='bbox 1180 3466 1226 3490; x_wconf 90' lang='lat' dir='ltr'>est</span> <span class='ocrx_word' id='word_1_627' title='bbox 1245 3459 1380 3499; x_wconf 87' lang='lat' dir='ltr'>amplius</span> <span class='ocrx_word' id='word_1_628' title='bbox 1403 3459 1506 3489; x_wconf 90' lang='lat' dir='ltr'>habile</span> 
     </span>
     <span class='ocr_line' id='line_1_91' title="bbox 447 3503 1505 3543; baseline -0.002 -8"><span class='ocrx_word' id='word_1_629' title='bbox 447 3504 540 3541; x_wconf 87' lang='lat' dir='ltr'>licite,</span> <span class='ocrx_word' id='word_1_630' title='bbox 557 3504 651 3535; x_wconf 84' lang='lat' dir='ltr'>etiam</span> <span class='ocrx_word' id='word_1_631' title='bbox 674 3505 700 3534; x_wconf 91' lang='lat' dir='ltr'>si</span> <span class='ocrx_word' id='word_1_632' title='bbox 717 3505 878 3537; x_wconf 80' lang='lat' dir='ltr'>alienatur.</span> <span class='ocrx_word' id='word_1_633' title='bbox 895 3504 953 3534; x_wconf 90' lang='lat' dir='ltr'>nisi</span> <span class='ocrx_word' id='word_1_634' title='bbox 977 3505 1016 3535; x_wconf 86' lang='lat' dir='ltr'>ad</span> <span class='ocrx_word' id='word_1_635' title='bbox 1031 3504 1127 3535; x_wconf 90' lang='lat' dir='ltr'>talem</span> <span class='ocrx_word' id='word_1_636' title='bbox 1150 3513 1255 3540; x_wconf 86' lang='lat' dir='ltr'>usum,</span> <span class='ocrx_word' id='word_1_637' title='bbox 1273 3503 1385 3543; x_wconf 89' lang='lat' dir='ltr'>procul</span> <span class='ocrx_word' id='word_1_638' title='bbox 1407 3503 1505 3534; x_wconf 90' lang='lat' dir='ltr'>dubio</span> 
     </span>
     <span class='ocr_line' id='line_1_92' title="bbox 449 3547 1505 3589; baseline -0.001 -11"><span class='ocrx_word' id='word_1_639' title='bbox 449 3547 652 3589; x_wconf 86' lang='lat' dir='ltr'>spiritualem.</span> <span class='ocrx_word' id='word_1_640' title='bbox 687 3548 772 3579; x_wconf 90' lang='lat' dir='ltr'>Cum</span> <span class='ocrx_word' id='word_1_641' title='bbox 804 3549 889 3579; x_wconf 89' lang='lat' dir='ltr'>enim</span> <span class='ocrx_word' id='word_1_642' title='bbox 918 3548 1163 3589; x_wconf 83' lang='lat' dir='ltr'>unumquodque</span> <span class='ocrx_word' id='word_1_643' title='bbox 1192 3549 1233 3579; x_wconf 80' lang='lat' dir='ltr'>sit</span> <span class='ocrx_word' id='word_1_644' title='bbox 1251 3552 1385 3587; x_wconf 81' lang='lat' dir='ltr'>propter</span> <span class='ocrx_word' id='word_1_645' title='bbox 1411 3556 1505 3578; x_wconf 84' lang='lat' dir='ltr'>suum</span> 
     </span>
    </p>
   </div>
   <div class='ocr_carea' id='block_1_8' title="bbox 1511 317 1534 3585">
    <p class='ocr_par' dir='ltr' id='par_1_12' title="bbox 1511 317 1534 3585">
     <span class='ocr_line' id='line_1_93' title="bbox 1511 317 1534 3585; baseline 0 0"><span class='ocrx_word' id='word_1_646' title='bbox 1511 317 1534 3585; x_wconf 95' lang='lat' dir='ltr'> </span> 
     </span>
    </p>
   </div>
   <div class='ocr_carea' id='block_1_9' title="bbox 1039 223 1987 270">
    <p class='ocr_par' dir='ltr' id='par_1_13' title="bbox 1039 223 1987 270">
     <span class='ocr_line' id='line_1_94' title="bbox 1039 223 1987 270; baseline 0 -9"><span class='ocrx_word' id='word_1_647' title='bbox 1039 223 1304 270; x_wconf 89' lang='lat' dir='ltr'>QUAESTIO</span> <span class='ocrx_word' id='word_1_648' title='bbox 1339 223 1585 269; x_wconf 87' lang='lat' dir='ltr'>LXXXVIII,</span> <span class='ocrx_word' id='word_1_649' title='bbox 1613 223 1908 261; x_wconf 84' lang='lat' dir='ltr'>ARTlCULUS</span> <span class='ocrx_word' id='word_1_650' title='bbox 1936 223 1987 261; x_wconf 90' lang='lat' dir='ltr'>XI</span> 
     </span>
    </p>
   </div>
   <div class='ocr_carea' id='block_1_10' title="bbox 427 300 1512 344">
    <p class='ocr_par' dir='ltr' id='par_1_14' title="bbox 427 300 1512 344">
     <span class='ocr_line' id='line_1_95' title="bbox 427 300 1512 344; baseline -0.007 -7"><span class='ocrx_word' id='word_1_651' title='bbox 427 308 531 337; x_wconf 88' lang='lat' dir='ltr'>lemne</span> <span class='ocrx_word' id='word_1_652' title='bbox 554 305 712 344; x_wconf 89' lang='lat' dir='ltr'>religionis</span> <span class='ocrx_word' id='word_1_653' title='bbox 735 305 774 334; x_wconf 91' lang='lat' dir='ltr'>sit</span> <span class='ocrx_word' id='word_1_654' title='bbox 796 303 1048 342; x_wconf 88' lang='lat' dir='ltr'>indispensabile,</span> <span class='ocrx_word' id='word_1_655' title='bbox 1067 301 1198 332; x_wconf 89' lang='lat' dir='ltr'>dubium</span> <span class='ocrx_word' id='word_1_656' title='bbox 1224 300 1368 336; x_wconf 90' lang='lat' dir='ltr'>occurrit,</span> <span class='ocrx_word' id='word_1_657' title='bbox 1383 310 1484 340; x_wconf 78' lang='lat' dir='ltr'>quan-</span> <span class='ocrx_word' id='word_1_658' title='bbox 1509 306 1512 315; x_wconf 76' lang='grc'><strong><em>’</em></strong></span> 
     </span>
    </p>
   </div>
   <div class='ocr_carea' id='block_1_11' title="bbox 1535 301 2600 475">
    <p class='ocr_par' dir='ltr' id='par_1_15' title="bbox 1535 301 2600 475">
     <span class='ocr_line' id='line_1_96' title="bbox 1535 301 2593 342; baseline 0.003 -12"><span class='ocrx_word' id='word_1_659' title='bbox 1535 310 1627 340; x_wconf 81' lang='lat' dir='ltr'>opus,</span> <span class='ocrx_word' id='word_1_660' title='bbox 1645 308 1686 332; x_wconf 80' lang='lat' dir='ltr'>ut</span> <span class='ocrx_word' id='word_1_661' title='bbox 1702 301 1814 333; x_wconf 86' lang='lat' dir='ltr'>dicitur</span> <span class='ocrx_word' id='word_1_662' title='bbox 1826 302 1862 332; x_wconf 86' lang='lat' dir='ltr'>in</span> <span class='ocrx_word' id='word_1_663' title='bbox 1877 301 1904 332; x_wconf 89' lang='lat'>11</span> <span class='ocrx_word' id='word_1_664' title='bbox 1924 302 2014 332; x_wconf 86' lang='lat' dir='ltr'>Caeli</span> <span class='ocrx_word' id='word_1_665' title='bbox 2027 301 2055 337; x_wconf 84' lang='grc'>*,</span> <span class='ocrx_word' id='word_1_666' title='bbox 2073 308 2280 342; x_wconf 60' lang='lat' dir='ltr'>consequens*</span> <span class='ocrx_word' id='word_1_667' title='bbox 2288 308 2334 332; x_wconf 86' lang='lat' dir='ltr'>est</span> <span class='ocrx_word' id='word_1_668' title='bbox 2352 303 2439 342; x_wconf 71' lang='lat' dir='ltr'>qnod</span> <span class='ocrx_word' id='word_1_669' title='bbox 2454 309 2502 333; x_wconf 79' lang='lat' dir='ltr'>res</span> <span class='ocrx_word' id='word_1_670' title='bbox 2518 312 2593 332; x_wconf 58' lang='lat' dir='ltr'>con-</span> 
     </span>
     <span class='ocr_line' id='line_1_97' title="bbox 1538 344 2593 386; baseline 0.002 -12"><span class='ocrx_word' id='word_1_671' title='bbox 1538 344 2003 386; x_wconf 37' lang='lat' dir='ltr'>stitutapergbenedictionem</span> <span class='ocrx_word' id='word_1_672' title='bbox 2023 345 2056 375; x_wconf 87' lang='lat' dir='ltr'>in</span> <span class='ocrx_word' id='word_1_673' title='bbox 2080 354 2178 381; x_wconf 51' lang='lat' dir='ltr'>novo,</span> <span class='ocrx_word' id='word_1_674' title='bbox 2195 354 2262 378; x_wconf 79' lang='lat' dir='ltr'>esse</span> <span class='ocrx_word' id='word_1_675' title='bbox 2285 346 2325 379; x_wconf 81' lang='lat' dir='ltr'>ad</span> <span class='ocrx_word' id='word_1_676' title='bbox 2347 347 2593 386; x_wconf 69' lang='lat' dir='ltr'>corresponden-</span> 
     </span>
     <span class='ocr_line' id='line_1_98' title="bbox 1539 388 2600 434; baseline 0.002 -16"><span class='ocrx_word' id='word_1_677' title='bbox 1539 395 1603 418; x_wconf 92' lang='lat' dir='ltr'>tem</span> <span class='ocrx_word' id='word_1_678' title='bbox 1627 398 1727 430; x_wconf 51' lang='lat' dir='ltr'>usum¹</span> <span class='ocrx_word' id='word_1_679' title='bbox 1741 389 1794 426; x_wconf 65' lang='lat' dir='ltr'>tali</span> <span class='ocrx_word' id='word_1_680' title='bbox 1814 399 1884 421; x_wconf 77' lang='lat' dir='ltr'>,esse</span> <span class='ocrx_word' id='word_1_681' title='bbox 1901 388 2134 419; x_wconf 85' lang='lat' dir='ltr'>determinetur.</span> <span class='ocrx_word' id='word_1_682' title='bbox 2158 388 2198 419; x_wconf 88' lang='lat' dir='ltr'>Et</span> <span class='ocrx_word' id='word_1_683' title='bbox 2220 389 2282 421; x_wconf 87' lang='lat' dir='ltr'>hoc</span> <span class='ocrx_word' id='word_1_684' title='bbox 2298 389 2397 429; x_wconf 73' lang='lat' dir='ltr'>modo</span> <span class='ocrx_word' id='word_1_685' title='bbox 2417 390 2600 434; x_wconf 49' lang='lat' dir='ltr'>corporale„</span> 
     </span>
     <span class='ocr_line' id='line_1_99' title="bbox 1539 423 2593 475; baseline 0.003 -13"><span class='ocrx_word' id='word_1_686' title='bbox 1539 428 1628 472; x_wconf 89' lang='lat' dir='ltr'>quod</span> <span class='ocrx_word' id='word_1_687' title='bbox 1640 439 1711 462; x_wconf 90' lang='lat' dir='ltr'>ante</span> <span class='ocrx_word' id='word_1_688' title='bbox 1722 427 1973 473; x_wconf 70' lang='lat' dir='ltr'>benedictionem</span> <span class='ocrx_word' id='word_1_689' title='bbox 1987 438 2051 462; x_wconf 85' lang='lat' dir='ltr'>erat</span> <span class='ocrx_word' id='word_1_690' title='bbox 2060 429 2163 462; x_wconf 79' lang='lat' dir='ltr'>habile</span> <span class='ocrx_word' id='word_1_691' title='bbox 2173 438 2208 462; x_wconf 91' lang='lat' dir='ltr'>ut</span> <span class='ocrx_word' id='word_1_692' title='bbox 2218 428 2298 463; x_wconf 80' lang='lat' dir='ltr'>esset</span> <span class='ocrx_word' id='word_1_693' title='bbox 2309 423 2593 475; x_wconf 55' lang='lat' dir='ltr'>su&#39;da&#39;riolum,etc.⁴,</span> 
     </span>
    </p>
   </div>
   <div class='ocr_carea' id='block_1_12' title="bbox 1510 470 2594 518">
    <p class='ocr_par' dir='ltr' id='par_1_16' title="bbox 1510 470 2594 518">
     <span class='ocr_line' id='line_1_100' title="bbox 1510 470 2594 518; baseline 0.004 -13"><span class='ocrx_word' id='word_1_694' title='bbox 1510 499 1512 509; x_wconf 48' lang='lat'>2</span> <span class='ocrx_word' id='word_1_695' title='bbox 1539 485 1575 505; x_wconf 85' lang='lat' dir='ltr'>ex</span> <span class='ocrx_word' id='word_1_696' title='bbox 1598 472 1814 506; x_wconf 78' lang='lat' dir='ltr'>benedictione</span> <span class='ocrx_word' id='word_1_697' title='bbox 1831 474 2030 506; x_wconf 77' lang='lat' dir='ltr'>constituitur</span> <span class='ocrx_word' id='word_1_698' title='bbox 2053 470 2293 506; x_wconf 73' lang='lat' dir='ltr'>habile-tantum</span> <span class='ocrx_word' id='word_1_699' title='bbox 2309 477 2348 510; x_wconf 87' lang='lat' dir='ltr'>ad</span> <span class='ocrx_word' id='word_1_700' title='bbox 2371 476 2594 518; x_wconf 52' lang='lat' dir='ltr'>corporis&#39;D&#39;o‘-</span> 
     </span>
    </p>
   </div>
   <div class='ocr_carea' id='block_1_13' title="bbox 1539 511 2604 1657">
    <p class='ocr_par' dir='ltr' id='par_1_17' title="bbox 1539 511 2601 1304">
     <span class='ocr_line' id='line_1_101' title="bbox 1539 511 2594 561; baseline 0.004 -12"><span class='ocrx_word' id='word_1_701' title='bbox 1539 519 1617 549; x_wconf 89' lang='lat' dir='ltr'>mini</span> <span class='ocrx_word' id='word_1_702' title='bbox 1641 519 1895 559; x_wconf 74' lang='lat' dir='ltr'>susceptionem:</span> <span class='ocrx_word' id='word_1_703' title='bbox 1915 527 1946 550; x_wconf 87' lang='lat' dir='ltr'>et</span> <span class='ocrx_word' id='word_1_704' title='bbox 1968 519 2011 549; x_wconf 82' lang='lat' dir='ltr'>sic</span> <span class='ocrx_word' id='word_1_705' title='bbox 2031 519 2073 549; x_wconf 82' lang='lat' dir='ltr'>&#39;de</span> <span class='ocrx_word' id='word_1_706' title='bbox 2095 519 2173 549; x_wconf 79' lang='lat' dir='ltr'>aliis.</span> <span class='ocrx_word' id='word_1_707' title='bbox 2197 519 2238 550; x_wconf 89' lang='lat' dir='ltr'>Et</span> <span class='ocrx_word' id='word_1_708' title='bbox 2260 529 2316 559; x_wconf 90' lang='lat' dir='ltr'>per</span> <span class='ocrx_word' id='word_1_709' title='bbox 2328 511 2594 561; x_wconf 58' lang='lat' dir='ltr'>oppositufflsddk</span> 
     </span>
     <span class='ocr_line' id='line_1_102' title="bbox 1539 560 2595 604; baseline 0.002 -10"><span class='ocrx_word' id='word_1_710' title='bbox 1539 573 1612 594; x_wconf 89' lang='lat' dir='ltr'>mus</span> <span class='ocrx_word' id='word_1_711' title='bbox 1635 563 1800 595; x_wconf 55' lang='lat' dir='ltr'>seusnavis</span> <span class='ocrx_word' id='word_1_712' title='bbox 1823 564 1862 594; x_wconf 85' lang='lat' dir='ltr'>ad</span> <span class='ocrx_word' id='word_1_713' title='bbox 1884 573 2019 595; x_wconf 86' lang='lat' dir='ltr'>omnem</span> <span class='ocrx_word' id='word_1_714' title='bbox 2041 572 2136 595; x_wconf 83' lang='lat' dir='ltr'>usum</span> <span class='ocrx_word' id='word_1_715' title='bbox 2150 563 2353 594; x_wconf 28' lang='lat' dir='ltr'>,esthabilis</span> <span class='ocrx_word' id='word_1_716' title='bbox 2376 560 2595 604; x_wconf 64' lang='lat' dir='ltr'>posuben‘edb</span> 
     </span>
     <span class='ocr_line' id='line_1_103' title="bbox 1540 606 2596 650; baseline 0.009 -14"><span class='ocrx_word' id='word_1_717' title='bbox 1540 607 1678 642; x_wconf 84' lang='lat' dir='ltr'>ctionem</span> <span class='ocrx_word' id='word_1_718' title='bbox 1694 607 1734 637; x_wconf 88' lang='lat' dir='ltr'>ad</span> <span class='ocrx_word' id='word_1_719' title='bbox 1755 617 1853 648; x_wconf 88' lang='lat' dir='ltr'>quem</span> <span class='ocrx_word' id='word_1_720' title='bbox 1868 614 1933 639; x_wconf 82' lang='lat' dir='ltr'>erat</span> <span class='ocrx_word' id='word_1_721' title='bbox 1955 606 2068 638; x_wconf 82' lang='lat' dir='ltr'>habilis</span> <span class='ocrx_word' id='word_1_722' title='bbox 2087 614 2161 645; x_wconf 76' lang='lat' dir='ltr'>ante</span> <span class='ocrx_word' id='word_1_723' title='bbox 2174 607 2596 650; x_wconf 65' lang='lat' dir='ltr'>benedictionem.,2Eller</span> 
     </span>
     <span class='ocr_line' id='line_1_104' title="bbox 1540 650 2598 697; baseline 0.004 -16"><span class='ocrx_word' id='word_1_724' title='bbox 1540 657 1651 691; x_wconf 60' lang='lat' dir='ltr'>pterea*</span> <span class='ocrx_word' id='word_1_725' title='bbox 1668 650 1844 687; x_wconf 83' lang='lat' dir='ltr'>benedictio</span> <span class='ocrx_word' id='word_1_726' title='bbox 1868 651 1983 682; x_wconf 86' lang='lat' dir='ltr'>horum</span> <span class='ocrx_word' id='word_1_727' title='bbox 2007 657 2053 682; x_wconf 92' lang='lat' dir='ltr'>est</span> <span class='ocrx_word' id='word_1_728' title='bbox 2075 651 2181 694; x_wconf 80' lang='lat' dir='ltr'>solum</span> <span class='ocrx_word' id='word_1_729' title='bbox 2204 651 2380 683; x_wconf 87' lang='lat' dir='ltr'>invocativa</span> <span class='ocrx_word' id='word_1_730' title='bbox 2407 651 2598 697; x_wconf 61' lang='lat' dir='ltr'>divinacu-</span> 
     </span>
     <span class='ocr_line' id='line_1_105' title="bbox 1540 689 2596 735; baseline 0.005 -11"><span class='ocrx_word' id='word_1_731' title='bbox 1540 693 1756 726; x_wconf 73' lang='lat' dir='ltr'>sistentiae¹ex</span> <span class='ocrx_word' id='word_1_732' title='bbox 1780 695 1837 724; x_wconf 81' lang='lat' dir='ltr'>sua</span> <span class='ocrx_word' id='word_1_733' title='bbox 1858 694 1965 734; x_wconf 82' lang='lat' dir='ltr'>gratia,</span> <span class='ocrx_word' id='word_1_734' title='bbox 1990 704 2027 724; x_wconf 87' lang='lat' dir='ltr'>ex</span> <span class='ocrx_word' id='word_1_735' title='bbox 2049 694 2203 725; x_wconf 79' lang='lat' dir='ltr'>memoria</span> <span class='ocrx_word' id='word_1_736' title='bbox 2224 693 2379 735; x_wconf 80' lang='lat' dir='ltr'>passionis</span> <span class='ocrx_word' id='word_1_737' title='bbox 2386 692 2395 732; x_wconf 62' lang='grc' dir='ltr'>,ἶ</span> <span class='ocrx_word' id='word_1_738' title='bbox 2423 693 2460 734; x_wconf 68' lang='lat' dir='ltr'>ex</span> <span class='ocrx_word' id='word_1_739' title='bbox 2483 689 2596 731; x_wconf 67' lang='lat' dir='ltr'>merito</span> 
     </span>
     <span class='ocr_line' id='line_1_106' title="bbox 1540 735 2596 784; baseline 0.003 -15"><span class='ocrx_word' id='word_1_740' title='bbox 1540 735 1793 769; x_wconf 79' lang='lat' dir='ltr'>benedicentium</span> <span class='ocrx_word' id='word_1_741' title='bbox 1809 738 1847 768; x_wconf 88' lang='lat' dir='ltr'>de</span> <span class='ocrx_word' id='word_1_742' title='bbox 1864 746 2016 777; x_wconf 79' lang='lat' dir='ltr'>congruo,</span> <span class='ocrx_word' id='word_1_743' title='bbox 2033 735 2101 769; x_wconf 61' lang='lat' dir='ltr'>etc-¹</span> <span class='ocrx_word' id='word_1_744' title='bbox 2114 750 2135 762; x_wconf 90' lang='lat'>·-</span> <span class='ocrx_word' id='word_1_745' title='bbox 2157 738 2200 769; x_wconf 90' lang='lat' dir='ltr'>Et</span> <span class='ocrx_word' id='word_1_746' title='bbox 2221 739 2300 769; x_wconf 84' lang='lat' dir='ltr'>bene</span> <span class='ocrx_word' id='word_1_747' title='bbox 2316 739 2393 770; x_wconf 81' lang='lat' dir='ltr'>nota</span> <span class='ocrx_word' id='word_1_748' title='bbox 2415 740 2596 784; x_wconf 75' lang='lat' dir='ltr'>quod&#39;dixi&#39;,</span> 
     </span>
     <span class='ocr_line' id='line_1_107' title="bbox 1540 780 2595 822; baseline 0.003 -9"><span class='ocrx_word' id='word_1_749' title='bbox 1540 793 1581 813; x_wconf 88' lang='lat' dir='ltr'>ex</span> <span class='ocrx_word' id='word_1_750' title='bbox 1608 783 1640 814; x_wconf 83' lang='grc' dir='ltr'>νί</span> <span class='ocrx_word' id='word_1_751' title='bbox 1666 781 1898 812; x_wconf 78' lang='lat' dir='ltr'>benedictionis.</span> <span class='ocrx_word' id='word_1_752' title='bbox 1930 782 2013 819; x_wconf 84' lang='lat' dir='ltr'>Quia</span> <span class='ocrx_word' id='word_1_753' title='bbox 2041 781 2067 812; x_wconf 87' lang='lat' dir='ltr'>si</span> <span class='ocrx_word' id='word_1_754' title='bbox 2082 784 2257 822; x_wconf 74' lang='lat' dir='ltr'>›res-quae</span> <span class='ocrx_word' id='word_1_755' title='bbox 2276 782 2474 815; x_wconf 79' lang='lat' dir='ltr'>benedicitur</span> <span class='ocrx_word' id='word_1_756' title='bbox 2499 780 2595 816; x_wconf 75' lang='lat' dir='ltr'>etiam</span> 
     </span>
     <span class='ocr_line' id='line_1_108' title="bbox 1541 824 2596 866; baseline 0.003 -9"><span class='ocrx_word' id='word_1_757' title='bbox 1541 827 1607 857; x_wconf 88' lang='lat' dir='ltr'>sine</span> <span class='ocrx_word' id='word_1_758' title='bbox 1630 824 1848 856; x_wconf 83' lang='lat' dir='ltr'>benedictione</span> <span class='ocrx_word' id='word_1_759' title='bbox 1877 835 1914 857; x_wconf 78' lang='lat' dir='ltr'>ex</span> <span class='ocrx_word' id='word_1_760' title='bbox 1942 825 2003 856; x_wconf 81' lang='lat' dir='ltr'>alia</span> <span class='ocrx_word' id='word_1_761' title='bbox 2034 835 2128 856; x_wconf 81' lang='lat' dir='ltr'>causa</span> <span class='ocrx_word' id='word_1_762' title='bbox 2153 826 2303 866; x_wconf 80' lang='lat' dir='ltr'>deputata</span> <span class='ocrx_word' id='word_1_763' title='bbox 2319 828 2497 859; x_wconf 44' lang='lat' dir='ltr'>fimeta&amp;</span> <span class='ocrx_word' id='word_1_764' title='bbox 2519 829 2596 860; x_wconf 62' lang='lat' dir='ltr'>usui</span> 
     </span>
     <span class='ocr_line' id='line_1_109' title="bbox 1541 868 2597 911; baseline 0.002 -11"><span class='ocrx_word' id='word_1_765' title='bbox 1541 869 1704 911; x_wconf 88' lang='lat' dir='ltr'>spirituali,</span> <span class='ocrx_word' id='word_1_766' title='bbox 1721 879 1786 899; x_wconf 89' lang='lat' dir='ltr'>non</span> <span class='ocrx_word' id='word_1_767' title='bbox 1809 869 1936 900; x_wconf 86' lang='lat' dir='ltr'>haberet</span> <span class='ocrx_word' id='word_1_768' title='bbox 1957 868 2153 900; x_wconf 84' lang='lat' dir='ltr'>sanctitatem</span> <span class='ocrx_word' id='word_1_769' title='bbox 2179 871 2384 909; x_wconf 17' lang='lat' dir='ltr'>suamrexyi</span> <span class='ocrx_word' id='word_1_770' title='bbox 2406 872 2597 911; x_wconf 62' lang='lat' dir='ltr'>benedipgio·</span> 
     </span>
     <span class='ocr_line' id='line_1_110' title="bbox 1540 912 2598 954; baseline -0.002 -10"><span class='ocrx_word' id='word_1_771' title='bbox 1540 914 1598 951; x_wconf 88' lang='lat' dir='ltr'>nis,</span> <span class='ocrx_word' id='word_1_772' title='bbox 1616 914 1670 944; x_wconf 90' lang='lat' dir='ltr'>sed</span> <span class='ocrx_word' id='word_1_773' title='bbox 1693 912 1869 943; x_wconf 88' lang='lat' dir='ltr'>benedictio</span> <span class='ocrx_word' id='word_1_774' title='bbox 1892 918 2090 944; x_wconf 83' lang='lat' dir='ltr'>concurreret</span> <span class='ocrx_word' id='word_1_775' title='bbox 2111 912 2154 943; x_wconf 93' lang='lat' dir='ltr'>ibi</span> <span class='ocrx_word' id='word_1_776' title='bbox 2177 913 2216 943; x_wconf 89' lang='lat' dir='ltr'>ad</span> <span class='ocrx_word' id='word_1_777' title='bbox 2239 913 2318 944; x_wconf 90' lang='lat' dir='ltr'>bene</span> <span class='ocrx_word' id='word_1_778' title='bbox 2349 923 2426 951; x_wconf 80' lang='lat' dir='ltr'>esse.</span> <span class='ocrx_word' id='word_1_779' title='bbox 2447 915 2492 954; x_wconf 81' lang='lat' dir='ltr'>Et</span> <span class='ocrx_word' id='word_1_780' title='bbox 2508 917 2598 951; x_wconf 57' lang='lat' dir='ltr'>gimi-</span> 
     </span>
     <span class='ocr_line' id='line_1_111' title="bbox 1543 952 2597 998; baseline 0.005 -10"><span class='ocrx_word' id='word_1_781' title='bbox 1543 958 1612 989; x_wconf 88' lang='lat' dir='ltr'>liter</span> <span class='ocrx_word' id='word_1_782' title='bbox 1634 956 1809 988; x_wconf 89' lang='lat' dir='ltr'>benedictio</span> <span class='ocrx_word' id='word_1_783' title='bbox 1834 966 1934 997; x_wconf 91' lang='lat' dir='ltr'>quae,</span> <span class='ocrx_word' id='word_1_784' title='bbox 1958 956 2018 987; x_wconf 87' lang='lat' dir='ltr'>nisi</span> <span class='ocrx_word' id='word_1_785' title='bbox 2045 956 2134 986; x_wconf 86' lang='lat' dir='ltr'>aliter</span> <span class='ocrx_word' id='word_1_786' title='bbox 2164 955 2364 997; x_wconf 83' lang='lat' dir='ltr'>interveniret</span> <span class='ocrx_word' id='word_1_787' title='bbox 2386 952 2597 998; x_wconf 67' lang='lat' dir='ltr'>consecratio,</span> 
     </span>
     <span class='ocr_line' id='line_1_112' title="bbox 1543 994 2598 1041; baseline 0.004 -9"><span class='ocrx_word' id='word_1_788' title='bbox 1543 1012 1608 1032; x_wconf 88' lang='lat' dir='ltr'>non</span> <span class='ocrx_word' id='word_1_789' title='bbox 1631 1001 1846 1032; x_wconf 85' lang='lat' dir='ltr'>admitteretur</span> <span class='ocrx_word' id='word_1_790' title='bbox 1867 1000 1956 1041; x_wconf 89' lang='lat' dir='ltr'>quod</span> <span class='ocrx_word' id='word_1_791' title='bbox 1979 1007 2060 1031; x_wconf 87' lang='lat' dir='ltr'>esset</span> <span class='ocrx_word' id='word_1_792' title='bbox 2088 999 2300 1035; x_wconf 79' lang='lat' dir='ltr'>constitutiva.</span> <span class='ocrx_word' id='word_1_793' title='bbox 2320 995 2375 1032; x_wconf 75' lang='lat' dir='ltr'>sed</span> <span class='ocrx_word' id='word_1_794' title='bbox 2405 994 2598 1041; x_wconf 72' lang='lat' dir='ltr'>invocativa,</span> 
     </span>
     <span class='ocr_line' id='line_1_113' title="bbox 1541 1043 2599 1087; baseline 0.003 -11"><span class='ocrx_word' id='word_1_795' title='bbox 1541 1046 1616 1086; x_wconf 88' lang='lat' dir='ltr'>quia</span> <span class='ocrx_word' id='word_1_796' title='bbox 1639 1045 1717 1076; x_wconf 89' lang='lat' dir='ltr'>nihil</span> <span class='ocrx_word' id='word_1_797' title='bbox 1739 1043 1940 1076; x_wconf 82' lang='lat' dir='ltr'>constituitur</span> <span class='ocrx_word' id='word_1_798' title='bbox 1962 1044 1995 1074; x_wconf 86' lang='lat' dir='ltr'>in</span> <span class='ocrx_word' id='word_1_799' title='bbox 2019 1043 2127 1085; x_wconf 54' lang='lat' dir='ltr'>alicius)</span> <span class='ocrx_word' id='word_1_800' title='bbox 2150 1047 2217 1074; x_wconf 77' lang='lat' dir='ltr'>esse</span> <span class='ocrx_word' id='word_1_801' title='bbox 2240 1044 2343 1084; x_wconf 66' lang='lat' dir='ltr'>perfia</span> <span class='ocrx_word' id='word_1_802' title='bbox 2356 1045 2432 1077; x_wconf 68' lang='lat' dir='ltr'>‘sine</span> <span class='ocrx_word' id='word_1_803' title='bbox 2454 1044 2521 1087; x_wconf 78' lang='lat' dir='ltr'>q&#39;u‘o</span> <span class='ocrx_word' id='word_1_804' title='bbox 2543 1048 2599 1079; x_wconf 79' lang='lat' dir='ltr'>ha—</span> 
     </span>
     <span class='ocr_line' id='line_1_114' title="bbox 1541 1085 2601 1130; baseline 0.005 -11"><span class='ocrx_word' id='word_1_805' title='bbox 1541 1091 1627 1122; x_wconf 83' lang='lat' dir='ltr'>beret</span> <span class='ocrx_word' id='word_1_806' title='bbox 1655 1089 1736 1123; x_wconf 87' lang='lat' dir='ltr'>illud</span> <span class='ocrx_word' id='word_1_807' title='bbox 1765 1098 1840 1122; x_wconf 85' lang='lat' dir='ltr'>esse.</span> <span class='ocrx_word' id='word_1_808' title='bbox 1865 1088 1952 1119; x_wconf 83' lang='lat' dir='ltr'>Talis</span> <span class='ocrx_word' id='word_1_809' title='bbox 1981 1095 2090 1120; x_wconf 83' lang='lat' dir='ltr'>autem</span> <span class='ocrx_word' id='word_1_810' title='bbox 2121 1095 2168 1119; x_wconf 86' lang='lat' dir='ltr'>est</span> <span class='ocrx_word' id='word_1_811' title='bbox 2189 1088 2367 1122; x_wconf 71' lang='lat' dir='ltr'>benedictio</span> <span class='ocrx_word' id='word_1_812' title='bbox 2387 1085 2480 1130; x_wconf 62' lang='lat' dir='ltr'>squas</span> <span class='ocrx_word' id='word_1_813' title='bbox 2507 1085 2601 1124; x_wconf 66' lang='lat' dir='ltr'>datur</span> 
     </span>
     <span class='ocr_line' id='line_1_115' title="bbox 1543 1131 2600 1175; baseline 0.001 -10"><span class='ocrx_word' id='word_1_814' title='bbox 1543 1133 1784 1175; x_wconf 85' lang='lat' dir='ltr'>suscipientibus</span> <span class='ocrx_word' id='word_1_815' title='bbox 1815 1132 1952 1173; x_wconf 83' lang='lat' dir='ltr'>primam</span> <span class='ocrx_word' id='word_1_816' title='bbox 1974 1139 2140 1163; x_wconf 85' lang='lat' dir='ltr'>tonsuram</span> <span class='ocrx_word' id='word_1_817' title='bbox 2166 1131 2199 1163; x_wconf 85' lang='lat' dir='ltr'>in</span> <span class='ocrx_word' id='word_1_818' title='bbox 2229 1132 2359 1171; x_wconf 80' lang='lat' dir='ltr'>collecta</span> <span class='ocrx_word' id='word_1_819' title='bbox 2381 1133 2600 1174; x_wconf 58' lang='lat' dir='ltr'>primaz12nmu</span> 
     </span>
     <span class='ocr_line' id='line_1_116' title="bbox 1543 1174 2601 1223; baseline 0.003 -15"><span class='ocrx_word' id='word_1_820' title='bbox 1543 1178 1608 1208; x_wconf 91' lang='lat' dir='ltr'>sine</span> <span class='ocrx_word' id='word_1_821' title='bbox 1631 1176 1685 1208; x_wconf 83' lang='lat' dir='ltr'>tali</span> <span class='ocrx_word' id='word_1_822' title='bbox 1707 1176 1926 1208; x_wconf 89' lang='lat' dir='ltr'>benedictione</span> <span class='ocrx_word' id='word_1_823' title='bbox 1956 1183 2036 1207; x_wconf 87' lang='lat' dir='ltr'>esset</span> <span class='ocrx_word' id='word_1_824' title='bbox 2058 1174 2266 1207; x_wconf 85' lang='lat' dir='ltr'>nihilominus</span> <span class='ocrx_word' id='word_1_825' title='bbox 2296 1177 2367 1208; x_wconf 83' lang='lat' dir='ltr'>data</span> <span class='ocrx_word' id='word_1_826' title='bbox 2398 1185 2429 1209; x_wconf 88' lang='lat' dir='ltr'>et</span> <span class='ocrx_word' id='word_1_827' title='bbox 2455 1179 2601 1223; x_wconf 55' lang='lat' dir='ltr'>suscepta</span> 
     </span>
     <span class='ocr_line' id='line_1_117' title="bbox 1542 1218 2600 1277; baseline 0.003 -26"><span class='ocrx_word' id='word_1_828' title='bbox 1542 1220 1644 1261; x_wconf 89' lang='lat' dir='ltr'>prima</span> <span class='ocrx_word' id='word_1_829' title='bbox 1662 1226 1802 1256; x_wconf 88' lang='lat' dir='ltr'>tonsura,</span> <span class='ocrx_word' id='word_1_830' title='bbox 1819 1225 1850 1251; x_wconf 89' lang='lat' dir='ltr'>et</span> <span class='ocrx_word' id='word_1_831' title='bbox 1865 1221 2094 1261; x_wconf 86' lang='lat' dir='ltr'>consequenter</span> <span class='ocrx_word' id='word_1_832' title='bbox 2109 1218 2236 1250; x_wconf 83' lang='lat' dir='ltr'>effectus</span> <span class='ocrx_word' id='word_1_833' title='bbox 2253 1219 2383 1252; x_wconf 89' lang='lat' dir='ltr'>clericus</span> <span class='ocrx_word' id='word_1_834' title='bbox 2398 1221 2453 1263; x_wconf 92' lang='lat' dir='ltr'>qui</span> <span class='ocrx_word' id='word_1_835' title='bbox 2470 1220 2514 1259; x_wconf 78' lang='lat' dir='ltr'>sic</span> <span class='ocrx_word' id='word_1_836' title='bbox 2531 1233 2600 1277; x_wconf 68' lang='lat' dir='ltr'>emp</span> 
     </span>
     <span class='ocr_line' id='line_1_118' title="bbox 1543 1264 1740 1304; baseline -0.005 -9"><span class='ocrx_word' id='word_1_837' title='bbox 1543 1264 1740 1304; x_wconf 89' lang='lat' dir='ltr'>suscepisset.</span> 
     </span>
    </p>

    <p class='ocr_par' dir='ltr' id='par_1_18' title="bbox 1543 1296 2604 1657">
     <span class='ocr_line' id='line_1_119' title="bbox 1598 1296 2601 1348; baseline 0.005 -10"><span class='ocrx_word' id='word_1_838' title='bbox 1598 1309 1646 1338; x_wconf 89' lang='lat' dir='ltr'>Ex</span> <span class='ocrx_word' id='word_1_839' title='bbox 1669 1307 1785 1348; x_wconf 87' lang='lat' dir='ltr'>quibus</span> <span class='ocrx_word' id='word_1_840' title='bbox 1799 1306 1940 1347; x_wconf 85' lang='lat' dir='ltr'>sequitur</span> <span class='ocrx_word' id='word_1_841' title='bbox 1964 1307 2243 1348; x_wconf 33' lang='lat' dir='ltr'>q&#39;uodvbenedictio</span> <span class='ocrx_word' id='word_1_842' title='bbox 2265 1317 2329 1348; x_wconf 78' lang='lat' dir='ltr'>qua</span> <span class='ocrx_word' id='word_1_843' title='bbox 2352 1310 2529 1342; x_wconf 83' lang='lat' dir='ltr'>monachus</span> <span class='ocrx_word' id='word_1_844' title='bbox 2548 1296 2601 1342; x_wconf 62' lang='lat' dir='ltr'>bei</span> 
     </span>
     <span class='ocr_line' id='line_1_120' title="bbox 1543 1350 2602 1398; baseline 0.002 -14"><span class='ocrx_word' id='word_1_845' title='bbox 1543 1352 1698 1384; x_wconf 88' lang='lat' dir='ltr'>nedicitur</span> <span class='ocrx_word' id='word_1_846' title='bbox 1713 1361 1779 1381; x_wconf 89' lang='lat' dir='ltr'>non</span> <span class='ocrx_word' id='word_1_847' title='bbox 1792 1357 1848 1385; x_wconf 16' lang='lat' dir='ltr'>rest</span> <span class='ocrx_word' id='word_1_848' title='bbox 1865 1350 2069 1383; x_wconf 81' lang='lat' dir='ltr'>constitutiva</span> <span class='ocrx_word' id='word_1_849' title='bbox 2081 1350 2181 1390; x_wconf 81' lang='lat' dir='ltr'>ipsius</span> <span class='ocrx_word' id='word_1_850' title='bbox 2202 1350 2236 1382; x_wconf 87' lang='lat' dir='ltr'>in</span> <span class='ocrx_word' id='word_1_851' title='bbox 2252 1361 2323 1383; x_wconf 77' lang='lat' dir='ltr'>esse</span> <span class='ocrx_word' id='word_1_852' title='bbox 2341 1353 2491 1394; x_wconf 81' lang='lat' dir='ltr'>religioso</span> <span class='ocrx_word' id='word_1_853' title='bbox 2506 1353 2602 1398; x_wconf 67' lang='lat' dir='ltr'>(quo2</span> 
     </span>
     <span class='ocr_line' id='line_1_121' title="bbox 1543 1393 2602 1437; baseline 0.003 -11"><span class='ocrx_word' id='word_1_854' title='bbox 1543 1397 1630 1428; x_wconf 83' lang='lat' dir='ltr'>niam</span> <span class='ocrx_word' id='word_1_855' title='bbox 1653 1395 1678 1426; x_wconf 89' lang='lat' dir='ltr'>si</span> <span class='ocrx_word' id='word_1_856' title='bbox 1701 1395 1769 1425; x_wconf 90' lang='lat' dir='ltr'>sola</span> <span class='ocrx_word' id='word_1_857' title='bbox 1791 1394 1988 1434; x_wconf 85' lang='lat' dir='ltr'>professione</span> <span class='ocrx_word' id='word_1_858' title='bbox 2012 1393 2046 1425; x_wconf 85' lang='lat' dir='ltr'>fit</span> <span class='ocrx_word' id='word_1_859' title='bbox 2069 1394 2258 1432; x_wconf 79' lang='lat' dir='ltr'>monachus,</span> <span class='ocrx_word' id='word_1_860' title='bbox 2282 1394 2350 1426; x_wconf 86' lang='lat' dir='ltr'>sine</span> <span class='ocrx_word' id='word_1_861' title='bbox 2372 1397 2602 1437; x_wconf 57' lang='lat' dir='ltr'>benedictione,</span> 
     </span>
     <span class='ocr_line' id='line_1_122' title="bbox 1544 1437 2602 1485; baseline 0.004 -14"><span class='ocrx_word' id='word_1_862' title='bbox 1544 1441 1607 1471; x_wconf 89' lang='lat' dir='ltr'>iam</span> <span class='ocrx_word' id='word_1_863' title='bbox 1632 1438 1821 1470; x_wconf 88' lang='lat' dir='ltr'>constitutus</span> <span class='ocrx_word' id='word_1_864' title='bbox 1845 1445 1892 1468; x_wconf 87' lang='lat' dir='ltr'>est</span> <span class='ocrx_word' id='word_1_865' title='bbox 1914 1437 1946 1468; x_wconf 92' lang='lat' dir='ltr'>in</span> <span class='ocrx_word' id='word_1_866' title='bbox 1970 1447 2036 1468; x_wconf 87' lang='lat' dir='ltr'>esse</span> <span class='ocrx_word' id='word_1_867' title='bbox 2059 1437 2231 1481; x_wconf 86' lang='lat' dir='ltr'>religioso),</span> <span class='ocrx_word' id='word_1_868' title='bbox 2256 1439 2311 1470; x_wconf 88' lang='lat' dir='ltr'>sed</span> <span class='ocrx_word' id='word_1_869' title='bbox 2333 1440 2540 1475; x_wconf 85' lang='lat' dir='ltr'>solummodo</span> <span class='ocrx_word' id='word_1_870' title='bbox 2554 1443 2602 1485; x_wconf 68' lang='lat' dir='ltr'>in-</span> 
     </span>
     <span class='ocr_line' id='line_1_123' title="bbox 1544 1479 2603 1529; baseline 0.003 -14"><span class='ocrx_word' id='word_1_871' title='bbox 1544 1484 1696 1515; x_wconf 84' lang='lat' dir='ltr'>vocativa.</span> <span class='ocrx_word' id='word_1_872' title='bbox 1721 1483 1756 1514; x_wconf 90' lang='lat' dir='ltr'>In</span> <span class='ocrx_word' id='word_1_873' title='bbox 1779 1482 1868 1513; x_wconf 91' lang='lat' dir='ltr'>cuius</span> <span class='ocrx_word' id='word_1_874' title='bbox 1891 1482 2034 1522; x_wconf 86' lang='lat' dir='ltr'>signum,</span> <span class='ocrx_word' id='word_1_875' title='bbox 2057 1482 2090 1512; x_wconf 88' lang='lat' dir='ltr'>in</span> <span class='ocrx_word' id='word_1_876' title='bbox 2113 1481 2282 1513; x_wconf 78' lang='lat' dir='ltr'>Ordinatio</span> <span class='ocrx_word' id='word_1_877' title='bbox 2305 1483 2462 1522; x_wconf 85' lang='lat' dir='ltr'>Ecclesiae</span> <span class='ocrx_word' id='word_1_878' title='bbox 2485 1479 2603 1529; x_wconf 54' lang='lat' dir='ltr'>Romi?-</span> 
     </span>
     <span class='ocr_line' id='line_1_124' title="bbox 1545 1526 2603 1568; baseline 0.002 -9"><span class='ocrx_word' id='word_1_879' title='bbox 1545 1539 1604 1559; x_wconf 90' lang='lat' dir='ltr'>nae</span> <span class='ocrx_word' id='word_1_880' title='bbox 1636 1527 1768 1558; x_wconf 89' lang='lat' dir='ltr'>collecta</span> <span class='ocrx_word' id='word_1_881' title='bbox 1789 1526 1842 1557; x_wconf 89' lang='lat' dir='ltr'>illa</span> <span class='ocrx_word' id='word_1_882' title='bbox 1871 1526 1904 1556; x_wconf 92' lang='lat' dir='ltr'>in</span> <span class='ocrx_word' id='word_1_883' title='bbox 1928 1536 1992 1566; x_wconf 90' lang='lat' dir='ltr'>qua</span> <span class='ocrx_word' id='word_1_884' title='bbox 2019 1526 2198 1557; x_wconf 85' lang='lat' dir='ltr'>continetur</span> <span class='ocrx_word' id='word_1_885' title='bbox 2226 1527 2403 1560; x_wconf 90' lang='lat' dir='ltr'>benedictio</span> <span class='ocrx_word' id='word_1_886' title='bbox 2434 1530 2603 1568; x_wconf 82' lang='lat' dir='ltr'>monaehi,</span> 
     </span>
     <span class='ocr_line' id='line_1_125' title="bbox 1545 1570 2604 1614; baseline 0.004 -11"><span class='ocrx_word' id='word_1_887' title='bbox 1545 1583 1612 1603; x_wconf 91' lang='lat' dir='ltr'>non</span> <span class='ocrx_word' id='word_1_888' title='bbox 1635 1571 1810 1612; x_wconf 84' lang='lat' dir='ltr'>appellatur</span> <span class='ocrx_word' id='word_1_889' title='bbox 1831 1570 2020 1607; x_wconf 85' lang='lat' dir='ltr'>benedictio,</span> <span class='ocrx_word' id='word_1_890' title='bbox 2036 1571 2091 1600; x_wconf 86' lang='lat' dir='ltr'>sed</span> <span class='ocrx_word' id='word_1_891' title='bbox 2113 1572 2239 1601; x_wconf 82' lang='lat' dir='ltr'>oratio.-</span> <span class='ocrx_word' id='word_1_892' title='bbox 2260 1570 2297 1602; x_wconf 89' lang='lat' dir='ltr'>fit</span> <span class='ocrx_word' id='word_1_893' title='bbox 2325 1582 2464 1614; x_wconf 84' lang='lat' dir='ltr'>namque</span> <span class='ocrx_word' id='word_1_894' title='bbox 2485 1572 2604 1607; x_wconf 61' lang='lat' dir='ltr'>ibiffl</span> 
     </span>
     <span class='ocr_line' id='line_1_126' title="bbox 1544 1614 2595 1657; baseline -0.006 -10"><span class='ocrx_word' id='word_1_895' title='bbox 1544 1616 1663 1657; x_wconf 87' lang='lat' dir='ltr'>pluries</span> <span class='ocrx_word' id='word_1_896' title='bbox 1686 1614 1846 1647; x_wconf 79' lang='lat' dir='ltr'>distinctio</span> <span class='ocrx_word' id='word_1_897' title='bbox 1869 1614 2096 1646; x_wconf 87' lang='lat' dir='ltr'>benedictionis</span> <span class='ocrx_word' id='word_1_898' title='bbox 2118 1615 2158 1645; x_wconf 92' lang='lat' dir='ltr'>ab</span> <span class='ocrx_word' id='word_1_899' title='bbox 2181 1614 2334 1647; x_wconf 87' lang='lat' dir='ltr'>oratione.</span> <span class='ocrx_word' id='word_1_900' title='bbox 2568 1626 2595 1641; x_wconf 50' lang='grc' dir='ltr'><em>ψ</em></span> 
     </span>
    </p>
   </div>
   <div class='ocr_carea' id='block_1_14' title="bbox 2621 309 2630 318">
    <p class='ocr_par' dir='ltr' id='par_1_19' title="bbox 2621 309 2630 318">
     <span class='ocr_line' id='line_1_127' title="bbox 2621 309 2630 318; baseline 0 0"><span class='ocrx_word' id='word_1_901' title='bbox 2621 309 2630 318; x_wconf 72' lang='grc' dir='ltr'><strong>ι</strong></span> 
     </span>
    </p>
   </div>
   <div class='ocr_carea' id='block_1_15' title="bbox 2620 308 2830 356">
    <p class='ocr_par' dir='ltr' id='par_1_20' title="bbox 2620 308 2830 356">
     <span class='ocr_line' id='line_1_128' title="bbox 2620 308 2830 356; baseline 0.005 -1"><span class='ocrx_word' id='word_1_902' title='bbox 2620 308 2700 356; x_wconf 60' lang='lat' dir='ltr'>scit:</span> <span class='ocrx_word' id='word_1_903' title='bbox 2712 313 2830 356; x_wconf 55' lang='lat' dir='ltr'>1¹:231ss</span> 
     </span>
    </p>
   </div>
   <div class='ocr_carea' id='block_1_16' title="bbox 1600 1642 2656 1702">
    <p class='ocr_par' dir='ltr' id='par_1_21' title="bbox 1600 1642 2656 1702">
     <span class='ocr_line' id='line_1_129' title="bbox 1600 1642 2656 1702; baseline 0.002 -12"><span class='ocrx_word' id='word_1_904' title='bbox 1600 1659 1692 1691; x_wconf 88' lang='lat' dir='ltr'>Unde</span> <span class='ocrx_word' id='word_1_905' title='bbox 1722 1659 1762 1689; x_wconf 88' lang='lat' dir='ltr'>ad</span> <span class='ocrx_word' id='word_1_906' title='bbox 1791 1658 1947 1689; x_wconf 88' lang='lat' dir='ltr'>rationem</span> <span class='ocrx_word' id='word_1_907' title='bbox 1968 1658 2087 1689; x_wconf 81' lang='lat' dir='ltr'>litterae</span> <span class='ocrx_word' id='word_1_908' title='bbox 2111 1658 2264 1689; x_wconf 86' lang='lat' dir='ltr'>diceretur</span> <span class='ocrx_word' id='word_1_909' title='bbox 2287 1660 2378 1700; x_wconf 86' lang='lat' dir='ltr'>quod</span> <span class='ocrx_word' id='word_1_910' title='bbox 2399 1660 2506 1692; x_wconf 87' lang='lat' dir='ltr'>minor</span> <span class='ocrx_word' id='word_1_911' title='bbox 2531 1642 2605 1702; x_wconf 63' lang='lat' dir='ltr'>pno-</span> <span class='ocrx_word' id='word_1_912' title='bbox 2654 1680 2656 1683; x_wconf 38' lang='lat' dir='ltr'>f</span> 
     </span>
    </p>
   </div>
   <div class='ocr_carea' id='block_1_17' title="bbox 1545 1701 2607 2010">
    <p class='ocr_par' dir='ltr' id='par_1_22' title="bbox 1545 1701 2546 1745">
     <span class='ocr_line' id='line_1_130' title="bbox 1545 1701 2546 1745; baseline 0.001 -10"><span class='ocrx_word' id='word_1_913' title='bbox 1545 1704 1673 1745; x_wconf 88' lang='lat' dir='ltr'>positio,</span> <span class='ocrx_word' id='word_1_914' title='bbox 1691 1703 1815 1739; x_wconf 85' lang='lat' dir='ltr'>scilicet,</span> <span class='ocrx_word' id='word_1_915' title='bbox 1833 1701 1913 1733; x_wconf 79' lang='lat' dir='ltr'>Esse</span> <span class='ocrx_word' id='word_1_916' title='bbox 1935 1702 2122 1743; x_wconf 82' lang='lat' dir='ltr'>religiosum</span> <span class='ocrx_word' id='word_1_917' title='bbox 2151 1703 2293 1735; x_wconf 79' lang='lat' dir='ltr'>consistit</span> <span class='ocrx_word' id='word_1_918' title='bbox 2319 1704 2351 1734; x_wconf 89' lang='lat' dir='ltr'>in</span> <span class='ocrx_word' id='word_1_919' title='bbox 2374 1704 2546 1736; x_wconf 74' lang='lat' dir='ltr'>benedictio</span> 
     </span>
    </p>

    <p class='ocr_par' dir='ltr' id='par_1_23' title="bbox 1545 1746 2607 2010">
     <span class='ocr_line' id='line_1_131' title="bbox 1545 1746 2605 1787; baseline 0.001 -8"><span class='ocrx_word' id='word_1_920' title='bbox 1545 1749 1626 1779; x_wconf 80' lang='lat' dir='ltr'>sicut</span> <span class='ocrx_word' id='word_1_921' title='bbox 1645 1756 1713 1777; x_wconf 83' lang='lat' dir='ltr'>esse</span> <span class='ocrx_word' id='word_1_922' title='bbox 1734 1755 1864 1777; x_wconf 79' lang='lat' dir='ltr'>sacrum</span> <span class='ocrx_word' id='word_1_923' title='bbox 1881 1746 1913 1776; x_wconf 83' lang='lat' dir='ltr'>in</span> <span class='ocrx_word' id='word_1_924' title='bbox 1937 1746 2038 1776; x_wconf 86' lang='lat' dir='ltr'>calice</span> <span class='ocrx_word' id='word_1_925' title='bbox 2051 1747 2194 1777; x_wconf 76' lang='lat' dir='ltr'>consistit</span> <span class='ocrx_word' id='word_1_926' title='bbox 2208 1747 2240 1777; x_wconf 85' lang='lat' dir='ltr'>in</span> <span class='ocrx_word' id='word_1_927' title='bbox 2265 1750 2512 1787; x_wconf 85' lang='lat' dir='ltr'>consecratione,</span> <span class='ocrx_word' id='word_1_928' title='bbox 2530 1747 2605 1780; x_wconf 74' lang='lat' dir='ltr'>cuin</span> 
     </span>
     <span class='ocr_line' id='line_1_132' title="bbox 1546 1788 2607 1831; baseline 0.003 -9"><span class='ocrx_word' id='word_1_929' title='bbox 1546 1790 1727 1826; x_wconf 86' lang='lat' dir='ltr'>reverentia,</span> <span class='ocrx_word' id='word_1_930' title='bbox 1744 1797 1791 1820; x_wconf 82' lang='lat' dir='ltr'>est</span> <span class='ocrx_word' id='word_1_931' title='bbox 1813 1789 1906 1819; x_wconf 80' lang='lat' dir='ltr'>falsa:</span> <span class='ocrx_word' id='word_1_932' title='bbox 1930 1788 2085 1830; x_wconf 70' lang='lat' dir='ltr'>quoniam</span> <span class='ocrx_word' id='word_1_933' title='bbox 2107 1799 2174 1831; x_wconf 84' lang='lat' dir='ltr'>non</span> <span class='ocrx_word' id='word_1_934' title='bbox 2197 1800 2234 1820; x_wconf 93' lang='lat' dir='ltr'>ex</span> <span class='ocrx_word' id='word_1_935' title='bbox 2255 1791 2287 1821; x_wconf 82' lang='lat' dir='ltr'>vi</span> <span class='ocrx_word' id='word_1_936' title='bbox 2309 1790 2537 1824; x_wconf 79' lang='lat' dir='ltr'>benedictionis</span> <span class='ocrx_word' id='word_1_937' title='bbox 2559 1799 2607 1828; x_wconf 67' lang='lat' dir='ltr'>eat</span> 
     </span>
     <span class='ocr_line' id='line_1_133' title="bbox 1545 1833 2607 1876; baseline 0.005 -11"><span class='ocrx_word' id='word_1_938' title='bbox 1545 1835 1617 1876; x_wconf 91' lang='lat' dir='ltr'>quis</span> <span class='ocrx_word' id='word_1_939' title='bbox 1640 1834 1815 1874; x_wconf 87' lang='lat' dir='ltr'>religiosus,</span> <span class='ocrx_word' id='word_1_940' title='bbox 1832 1833 1887 1863; x_wconf 93' lang='lat' dir='ltr'>sed</span> <span class='ocrx_word' id='word_1_941' title='bbox 1909 1833 2102 1870; x_wconf 89' lang='lat' dir='ltr'>benedictio,</span> <span class='ocrx_word' id='word_1_942' title='bbox 2128 1833 2154 1864; x_wconf 89' lang='lat' dir='ltr'>si</span> <span class='ocrx_word' id='word_1_943' title='bbox 2177 1843 2240 1874; x_wconf 89' lang='lat' dir='ltr'>qua</span> <span class='ocrx_word' id='word_1_944' title='bbox 2263 1836 2458 1876; x_wconf 86' lang='lat' dir='ltr'>quandoque</span> <span class='ocrx_word' id='word_1_945' title='bbox 2479 1836 2531 1875; x_wconf 78' lang='lat' dir='ltr'>fit,</span> <span class='ocrx_word' id='word_1_946' title='bbox 2558 1838 2607 1870; x_wconf 63' lang='lat' dir='ltr'>est</span> 
     </span>
     <span class='ocr_line' id='line_1_134' title="bbox 1545 1876 2607 1922; baseline 0.003 -12"><span class='ocrx_word' id='word_1_947' title='bbox 1545 1878 1721 1910; x_wconf 83' lang='lat' dir='ltr'>invocativa</span> <span class='ocrx_word' id='word_1_948' title='bbox 1735 1884 1870 1908; x_wconf 88' lang='lat' dir='ltr'>tantum.</span> <span class='ocrx_word' id='word_1_949' title='bbox 1890 1876 2109 1908; x_wconf 85' lang='lat' dir='ltr'>Manifestatur</span> <span class='ocrx_word' id='word_1_950' title='bbox 2123 1885 2231 1908; x_wconf 87' lang='lat' dir='ltr'>autem</span> <span class='ocrx_word' id='word_1_951' title='bbox 2246 1877 2290 1908; x_wconf 92' lang='lat' dir='ltr'>sic</span> <span class='ocrx_word' id='word_1_952' title='bbox 2306 1888 2373 1910; x_wconf 87' lang='lat' dir='ltr'>esse</span> <span class='ocrx_word' id='word_1_953' title='bbox 2387 1889 2426 1911; x_wconf 85' lang='lat' dir='ltr'>ex</span> <span class='ocrx_word' id='word_1_954' title='bbox 2439 1879 2507 1911; x_wconf 25' lang='lat' dir='ltr'>hoc,</span> <span class='ocrx_word' id='word_1_955' title='bbox 2517 1882 2607 1922; x_wconf 82' lang='lat' dir='ltr'>quod</span> 
     </span>
     <span class='ocr_line' id='line_1_135' title="bbox 1545 1921 2607 1963; baseline 0.002 -9"><span class='ocrx_word' id='word_1_956' title='bbox 1545 1922 1639 1955; x_wconf 89' lang='lat' dir='ltr'>multi</span> <span class='ocrx_word' id='word_1_957' title='bbox 1655 1921 1791 1963; x_wconf 87' lang='lat' dir='ltr'>religiosi</span> <span class='ocrx_word' id='word_1_958' title='bbox 1814 1930 1881 1951; x_wconf 90' lang='lat' dir='ltr'>non</span> <span class='ocrx_word' id='word_1_959' title='bbox 1895 1921 2134 1958; x_wconf 83' lang='lat' dir='ltr'>benedicuntur,</span> <span class='ocrx_word' id='word_1_960' title='bbox 2158 1927 2195 1951; x_wconf 89' lang='lat' dir='ltr'>ut</span> <span class='ocrx_word' id='word_1_961' title='bbox 2216 1928 2302 1961; x_wconf 85' lang='lat' dir='ltr'>patet</span> <span class='ocrx_word' id='word_1_962' title='bbox 2323 1923 2363 1954; x_wconf 88' lang='lat' dir='ltr'>de</span> <span class='ocrx_word' id='word_1_963' title='bbox 2382 1923 2493 1955; x_wconf 80' lang='lat' dir='ltr'>ordine</span> <span class='ocrx_word' id='word_1_964' title='bbox 2515 1924 2607 1963; x_wconf 64' lang='lat' dir='ltr'>Pimpr-</span> 
     </span>
     <span class='ocr_line' id='line_1_136' title="bbox 1547 1966 2607 2010; baseline 0 -11"><span class='ocrx_word' id='word_1_965' title='bbox 1547 1967 1740 1999; x_wconf 80' lang='lat' dir='ltr'>dicatorum:</span> <span class='ocrx_word' id='word_1_966' title='bbox 1766 1972 1796 1996; x_wconf 93' lang='lat' dir='ltr'>et</span> <span class='ocrx_word' id='word_1_967' title='bbox 1818 1972 1924 1996; x_wconf 89' lang='lat' dir='ltr'>tamen</span> <span class='ocrx_word' id='word_1_968' title='bbox 1948 1971 2071 1996; x_wconf 89' lang='lat' dir='ltr'>constat</span> <span class='ocrx_word' id='word_1_969' title='bbox 2094 1974 2148 1996; x_wconf 90' lang='lat' dir='ltr'>eos</span> <span class='ocrx_word' id='word_1_970' title='bbox 2172 1975 2238 1996; x_wconf 88' lang='lat' dir='ltr'>esse</span> <span class='ocrx_word' id='word_1_971' title='bbox 2262 1975 2329 1996; x_wconf 89' lang='lat' dir='ltr'>non</span> <span class='ocrx_word' id='word_1_972' title='bbox 2351 1966 2458 1999; x_wconf 86' lang='lat' dir='ltr'>minus</span> <span class='ocrx_word' id='word_1_973' title='bbox 2481 1968 2607 2010; x_wconf 53' lang='lat' dir='ltr'>religio?</span> 
     </span>
    </p>
   </div>
   <div class='ocr_carea' id='block_1_18' title="bbox 1546 2008 2620 2092">
    <p class='ocr_par' dir='ltr' id='par_1_24' title="bbox 1546 2008 2620 2092">
     <span class='ocr_line' id='line_1_137' title="bbox 1546 2008 2619 2054; baseline 0.002 -13"><span class='ocrx_word' id='word_1_974' title='bbox 1546 2021 1608 2047; x_wconf 90' lang='lat' dir='ltr'>sos,</span> <span class='ocrx_word' id='word_1_975' title='bbox 1626 2017 1656 2041; x_wconf 91' lang='lat' dir='ltr'>et</span> <span class='ocrx_word' id='word_1_976' title='bbox 1677 2015 1754 2040; x_wconf 89' lang='lat' dir='ltr'>voto</span> <span class='ocrx_word' id='word_1_977' title='bbox 1778 2009 1913 2039; x_wconf 86' lang='lat' dir='ltr'>solemni</span> <span class='ocrx_word' id='word_1_978' title='bbox 1942 2008 2116 2039; x_wconf 85' lang='lat' dir='ltr'>adstrictos.</span> <span class='ocrx_word' id='word_1_979' title='bbox 2147 2008 2301 2049; x_wconf 84' lang='lat' dir='ltr'>Alioquin</span> <span class='ocrx_word' id='word_1_980' title='bbox 2324 2010 2473 2042; x_wconf 83' lang='lat' dir='ltr'>monachi</span> <span class='ocrx_word' id='word_1_981' title='bbox 2503 2008 2619 2054; x_wconf 48' lang='lat' dir='ltr'>dupli-2</span> 
     </span>
     <span class='ocr_line' id='line_1_138' title="bbox 1547 2052 2620 2092; baseline 0.002 -7"><span class='ocrx_word' id='word_1_982' title='bbox 1547 2055 1621 2086; x_wconf 90' lang='lat' dir='ltr'>citer</span> <span class='ocrx_word' id='word_1_983' title='bbox 1645 2060 1748 2085; x_wconf 89' lang='lat' dir='ltr'>essent</span> <span class='ocrx_word' id='word_1_984' title='bbox 1776 2052 1930 2092; x_wconf 85' lang='lat' dir='ltr'>religiosi,</span> <span class='ocrx_word' id='word_1_985' title='bbox 1955 2052 2071 2083; x_wconf 89' lang='lat' dir='ltr'>scilicet</span> <span class='ocrx_word' id='word_1_986' title='bbox 2094 2063 2131 2083; x_wconf 91' lang='lat' dir='ltr'>ex</span> <span class='ocrx_word' id='word_1_987' title='bbox 2153 2052 2184 2083; x_wconf 93' lang='lat' dir='ltr'>vi</span> <span class='ocrx_word' id='word_1_988' title='bbox 2214 2053 2442 2086; x_wconf 86' lang='lat' dir='ltr'>benedictionis</span> <span class='ocrx_word' id='word_1_989' title='bbox 2465 2062 2496 2086; x_wconf 90' lang='lat' dir='ltr'>et</span> <span class='ocrx_word' id='word_1_990' title='bbox 2517 2066 2556 2089; x_wconf 83' lang='lat' dir='ltr'>ex</span> <span class='ocrx_word' id='word_1_991' title='bbox 2575 2057 2620 2089; x_wconf 61' lang='lat' dir='ltr'>vi&gt;</span> 
     </span>
    </p>
   </div>
   <div class='ocr_carea' id='block_1_19' title="bbox 1547 2096 2616 3413">
    <p class='ocr_par' dir='ltr' id='par_1_25' title="bbox 1547 2096 2616 3413">
     <span class='ocr_line' id='line_1_139' title="bbox 1547 2096 2608 2140; baseline -0.002 -11"><span class='ocrx_word' id='word_1_992' title='bbox 1547 2098 1762 2140; x_wconf 90' lang='lat' dir='ltr'>professionis,</span> <span class='ocrx_word' id='word_1_993' title='bbox 1779 2096 1892 2138; x_wconf 92' lang='lat' dir='ltr'>reliqui</span> <span class='ocrx_word' id='word_1_994' title='bbox 1915 2104 2022 2128; x_wconf 88' lang='lat' dir='ltr'>autem</span> <span class='ocrx_word' id='word_1_995' title='bbox 2045 2107 2111 2128; x_wconf 88' lang='lat' dir='ltr'>uno</span> <span class='ocrx_word' id='word_1_996' title='bbox 2134 2103 2259 2127; x_wconf 86' lang='lat' dir='ltr'>tantum</span> <span class='ocrx_word' id='word_1_997' title='bbox 2290 2099 2392 2130; x_wconf 87' lang='lat' dir='ltr'>modo</span> <span class='ocrx_word' id='word_1_998' title='bbox 2415 2106 2518 2131; x_wconf 74' lang='lat' dir='ltr'>essent</span> <span class='ocrx_word' id='word_1_999' title='bbox 2537 2100 2608 2138; x_wconf 78' lang='lat' dir='ltr'>reli.</span> 
     </span>
     <span class='ocr_line' id='line_1_140' title="bbox 1547 2139 2590 2183; baseline -0.002 -10"><span class='ocrx_word' id='word_1_1000' title='bbox 1547 2142 1644 2183; x_wconf 84' lang='lat' dir='ltr'>giosi:</span> <span class='ocrx_word' id='word_1_1001' title='bbox 1669 2141 1758 2183; x_wconf 91' lang='lat' dir='ltr'>quod</span> <span class='ocrx_word' id='word_1_1002' title='bbox 1781 2141 1884 2171; x_wconf 90' lang='lat' dir='ltr'>adhuc</span> <span class='ocrx_word' id='word_1_1003' title='bbox 1907 2150 1973 2171; x_wconf 90' lang='lat' dir='ltr'>non</span> <span class='ocrx_word' id='word_1_1004' title='bbox 1997 2147 2043 2172; x_wconf 90' lang='lat' dir='ltr'>est</span> <span class='ocrx_word' id='word_1_1005' title='bbox 2065 2140 2220 2172; x_wconf 85' lang='lat' dir='ltr'>auditum.</span> <span class='ocrx_word' id='word_1_1006' title='bbox 2540 2139 2549 2148; x_wconf 64' lang='grc'><strong>”</strong></span> <span class='ocrx_word' id='word_1_1007' title='bbox 2588 2173 2590 2178; x_wconf 43' lang='grc'><strong>,</strong></span> 
     </span>
     <span class='ocr_line' id='line_1_141' title="bbox 1602 2180 2608 2225; baseline 0.002 -8"><span class='ocrx_word' id='word_1_1008' title='bbox 1602 2186 1643 2217; x_wconf 87' lang='lat' dir='ltr'>Et</span> <span class='ocrx_word' id='word_1_1009' title='bbox 1665 2185 1739 2216; x_wconf 90' lang='lat' dir='ltr'>huic</span> <span class='ocrx_word' id='word_1_1010' title='bbox 1762 2184 1914 2215; x_wconf 90' lang='lat' dir='ltr'>solutioni</span> <span class='ocrx_word' id='word_1_1011' title='bbox 1937 2183 2015 2215; x_wconf 89' lang='lat' dir='ltr'>nihil</span> <span class='ocrx_word' id='word_1_1012' title='bbox 2038 2193 2097 2225; x_wconf 90' lang='lat' dir='ltr'>ego</span> <span class='ocrx_word' id='word_1_1013' title='bbox 2119 2184 2213 2215; x_wconf 90' lang='lat' dir='ltr'>video</span> <span class='ocrx_word' id='word_1_1014' title='bbox 2237 2185 2360 2217; x_wconf 87' lang='lat' dir='ltr'>obstare</span> <span class='ocrx_word' id='word_1_1015' title='bbox 2389 2180 2608 2220; x_wconf 58' lang='lat' dir='ltr'>auctoritatem</span> 
     </span>
     <span class='ocr_line' id='line_1_142' title="bbox 1548 2229 2609 2271; baseline 0.002 -10"><span class='ocrx_word' id='word_1_1016' title='bbox 1548 2240 1651 2261; x_wconf 89' lang='lat' dir='ltr'>sacrae</span> <span class='ocrx_word' id='word_1_1017' title='bbox 1675 2229 1862 2270; x_wconf 88' lang='lat' dir='ltr'>Scripturae,</span> <span class='ocrx_word' id='word_1_1018' title='bbox 1879 2235 1933 2259; x_wconf 89' lang='lat' dir='ltr'>aut</span> <span class='ocrx_word' id='word_1_1019' title='bbox 1956 2235 2102 2259; x_wconf 87' lang='lat' dir='ltr'>naturam</span> <span class='ocrx_word' id='word_1_1020' title='bbox 2125 2238 2298 2260; x_wconf 88' lang='lat' dir='ltr'>sacrorum.</span> <span class='ocrx_word' id='word_1_1021' title='bbox 2323 2230 2410 2267; x_wconf 88' lang='lat' dir='ltr'>Quin</span> <span class='ocrx_word' id='word_1_1022' title='bbox 2433 2231 2558 2271; x_wconf 87' lang='lat' dir='ltr'>potius,</span> <span class='ocrx_word' id='word_1_1023' title='bbox 2582 2230 2609 2263; x_wconf 76' lang='lat' dir='ltr'>si</span> 
     </span>
     <span class='ocr_line' id='line_1_143' title="bbox 1547 2272 2608 2315; baseline 0.002 -10"><span class='ocrx_word' id='word_1_1024' title='bbox 1547 2274 1706 2305; x_wconf 88' lang='lat' dir='ltr'>Ecclesiae</span> <span class='ocrx_word' id='word_1_1025' title='bbox 1730 2272 1906 2304; x_wconf 86' lang='lat' dir='ltr'>auctoritati</span> <span class='ocrx_word' id='word_1_1026' title='bbox 1929 2279 1960 2303; x_wconf 88' lang='lat' dir='ltr'>et</span> <span class='ocrx_word' id='word_1_1027' title='bbox 1975 2272 2048 2303; x_wconf 88' lang='lat' dir='ltr'>ritui</span> <span class='ocrx_word' id='word_1_1028' title='bbox 2065 2273 2266 2310; x_wconf 84' lang='lat' dir='ltr'>attendimus,</span> <span class='ocrx_word' id='word_1_1029' title='bbox 2282 2274 2428 2305; x_wconf 84' lang='lat' dir='ltr'>videmus</span> <span class='ocrx_word' id='word_1_1030' title='bbox 2443 2276 2532 2315; x_wconf 89' lang='lat' dir='ltr'>quod</span> <span class='ocrx_word' id='word_1_1031' title='bbox 2547 2275 2608 2307; x_wconf 83' lang='lat' dir='ltr'>Im-</span> 
     </span>
     <span class='ocr_line' id='line_1_144' title="bbox 1548 2316 2538 2359; baseline 0.001 -10"><span class='ocrx_word' id='word_1_1032' title='bbox 1548 2325 1684 2359; x_wconf 86' lang='lat' dir='ltr'>perator,</span> <span class='ocrx_word' id='word_1_1033' title='bbox 1701 2317 1756 2358; x_wconf 90' lang='lat' dir='ltr'>qui</span> <span class='ocrx_word' id='word_1_1034' title='bbox 1772 2316 1945 2356; x_wconf 82' lang='lat' dir='ltr'>inungitur,</span> <span class='ocrx_word' id='word_1_1035' title='bbox 1962 2316 2157 2348; x_wconf 87' lang='lat' dir='ltr'>benedicitur</span> <span class='ocrx_word' id='word_1_1036' title='bbox 2177 2324 2210 2348; x_wconf 88' lang='lat' dir='ltr'>et</span> <span class='ocrx_word' id='word_1_1037' title='bbox 2232 2317 2452 2355; x_wconf 77' lang='lat' dir='ltr'>sanctificatur,</span> <span class='ocrx_word' id='word_1_1038' title='bbox 2471 2329 2538 2351; x_wconf 86' lang='lat' dir='ltr'>non</span> 
     </span>
     <span class='ocr_line' id='line_1_145' title="bbox 1547 2329 2610 2402; baseline 0.002 -8"><span class='ocrx_word' id='word_1_1039' title='bbox 1547 2363 1616 2394; x_wconf 89' lang='lat' dir='ltr'>lum</span> <span class='ocrx_word' id='word_1_1040' title='bbox 1640 2361 1779 2402; x_wconf 86' lang='lat' dir='ltr'>privatur</span> <span class='ocrx_word' id='word_1_1041' title='bbox 1801 2360 1936 2401; x_wconf 88' lang='lat' dir='ltr'>imperio</span> <span class='ocrx_word' id='word_1_1042' title='bbox 1960 2361 2041 2392; x_wconf 91' lang='lat' dir='ltr'>sicut</span> <span class='ocrx_word' id='word_1_1043' title='bbox 2064 2360 2233 2401; x_wconf 82' lang='lat' dir='ltr'>episcopus</span> <span class='ocrx_word' id='word_1_1044' title='bbox 2262 2361 2463 2402; x_wconf 84' lang='lat' dir='ltr'>episcopatu:</span> <span class='ocrx_word' id='word_1_1045' title='bbox 2487 2329 2610 2396; x_wconf 49' lang='lat' dir='ltr'>mdix</span> 
     </span>
     <span class='ocr_line' id='line_1_146' title="bbox 1549 2403 2610 2448; baseline 0.001 -11"><span class='ocrx_word' id='word_1_1046' title='bbox 1549 2407 1689 2447; x_wconf 87' lang='lat' dir='ltr'>privatur</span> <span class='ocrx_word' id='word_1_1047' title='bbox 1712 2412 1748 2436; x_wconf 94' lang='lat' dir='ltr'>ut</span> <span class='ocrx_word' id='word_1_1048' title='bbox 1770 2414 1836 2435; x_wconf 91' lang='lat' dir='ltr'>non</span> <span class='ocrx_word' id='word_1_1049' title='bbox 1860 2411 2020 2436; x_wconf 87' lang='lat' dir='ltr'>remaneat</span> <span class='ocrx_word' id='word_1_1050' title='bbox 2042 2403 2227 2445; x_wconf 87' lang='lat' dir='ltr'>Imperator,</span> <span class='ocrx_word' id='word_1_1051' title='bbox 2248 2405 2400 2447; x_wconf 88' lang='lat' dir='ltr'>episcopo</span> <span class='ocrx_word' id='word_1_1052' title='bbox 2419 2413 2526 2438; x_wconf 85' lang='lat' dir='ltr'>tamen</span> <span class='ocrx_word' id='word_1_1053' title='bbox 2543 2406 2610 2448; x_wconf 97' lang='lat' dir='ltr'>prb</span> 
     </span>
     <span class='ocr_line' id='line_1_147' title="bbox 1548 2448 2610 2490; baseline 0.001 -8"><span class='ocrx_word' id='word_1_1054' title='bbox 1548 2457 1622 2482; x_wconf 88' lang='lat' dir='ltr'>vato</span> <span class='ocrx_word' id='word_1_1055' title='bbox 1651 2455 1832 2480; x_wconf 88' lang='lat' dir='ltr'>remanente</span> <span class='ocrx_word' id='word_1_1056' title='bbox 1862 2448 2025 2489; x_wconf 78' lang='lat' dir='ltr'>episcopo.</span> <span class='ocrx_word' id='word_1_1057' title='bbox 2056 2448 2155 2485; x_wconf 91' lang='lat' dir='ltr'>Quod</span> <span class='ocrx_word' id='word_1_1058' title='bbox 2185 2449 2211 2480; x_wconf 92' lang='lat' dir='ltr'>si</span> <span class='ocrx_word' id='word_1_1059' title='bbox 2233 2449 2311 2481; x_wconf 84' lang='lat' dir='ltr'>haec</span> <span class='ocrx_word' id='word_1_1060' title='bbox 2339 2456 2444 2490; x_wconf 86' lang='lat' dir='ltr'>potest</span> <span class='ocrx_word' id='word_1_1061' title='bbox 2470 2450 2610 2483; x_wconf 68' lang='lat' dir='ltr'>Ecclesi-</span> 
     </span>
     <span class='ocr_line' id='line_1_148' title="bbox 1547 2492 2610 2535; baseline 0.001 -10"><span class='ocrx_word' id='word_1_1062' title='bbox 1547 2495 1581 2525; x_wconf 89' lang='lat' dir='ltr'>in</span> <span class='ocrx_word' id='word_1_1063' title='bbox 1605 2495 1796 2534; x_wconf 85' lang='lat' dir='ltr'>Imperatore</span> <span class='ocrx_word' id='word_1_1064' title='bbox 1819 2499 1926 2528; x_wconf 85' lang='lat' dir='ltr'>uncto,</span> <span class='ocrx_word' id='word_1_1065' title='bbox 1943 2492 2110 2524; x_wconf 88' lang='lat' dir='ltr'>benedicto</span> <span class='ocrx_word' id='word_1_1066' title='bbox 2128 2499 2159 2523; x_wconf 90' lang='lat' dir='ltr'>et</span> <span class='ocrx_word' id='word_1_1067' title='bbox 2181 2492 2384 2530; x_wconf 80' lang='lat' dir='ltr'>sanctificato,</span> <span class='ocrx_word' id='word_1_1068' title='bbox 2400 2497 2610 2535; x_wconf 62' lang='lat' dir='ltr'>quantoma-</span> 
     </span>
     <span class='ocr_line' id='line_1_149' title="bbox 1549 2536 2612 2579; baseline -0.001 -11"><span class='ocrx_word' id='word_1_1069' title='bbox 1549 2539 1596 2579; x_wconf 82' lang='lat' dir='ltr'>gis</span> <span class='ocrx_word' id='word_1_1070' title='bbox 1618 2544 1723 2578; x_wconf 88' lang='lat' dir='ltr'>potest</span> <span class='ocrx_word' id='word_1_1071' title='bbox 1744 2537 1777 2568; x_wconf 89' lang='lat' dir='ltr'>in</span> <span class='ocrx_word' id='word_1_1072' title='bbox 1801 2536 1960 2567; x_wconf 87' lang='lat' dir='ltr'>monacho</span> <span class='ocrx_word' id='word_1_1073' title='bbox 1979 2536 2086 2567; x_wconf 91' lang='lat' dir='ltr'>solum</span> <span class='ocrx_word' id='word_1_1074' title='bbox 2109 2537 2294 2568; x_wconf 87' lang='lat' dir='ltr'>benedicto!</span> <span class='ocrx_word' id='word_1_1075' title='bbox 2319 2537 2442 2568; x_wconf 84' lang='lat' dir='ltr'>Testari</span> <span class='ocrx_word' id='word_1_1076' title='bbox 2465 2538 2552 2570; x_wconf 85' lang='lat' dir='ltr'>enim</span> <span class='ocrx_word' id='word_1_1077' title='bbox 2565 2539 2612 2571; x_wconf 78' lang='lat' dir='ltr'>vi.-</span> 
     </span>
     <span class='ocr_line' id='line_1_150' title="bbox 1550 2580 2612 2621; baseline 0.002 -8"><span class='ocrx_word' id='word_1_1078' title='bbox 1550 2584 1663 2613; x_wconf 89' lang='lat' dir='ltr'>dentur</span> <span class='ocrx_word' id='word_1_1079' title='bbox 1685 2582 1762 2612; x_wconf 90' lang='lat' dir='ltr'>haec</span> <span class='ocrx_word' id='word_1_1080' title='bbox 1784 2581 1872 2621; x_wconf 91' lang='lat' dir='ltr'>quod</span> <span class='ocrx_word' id='word_1_1081' title='bbox 1896 2590 2008 2611; x_wconf 87' lang='lat' dir='ltr'>omnes</span> <span class='ocrx_word' id='word_1_1082' title='bbox 2031 2580 2216 2611; x_wconf 87' lang='lat' dir='ltr'>huiusmodi</span> <span class='ocrx_word' id='word_1_1083' title='bbox 2241 2581 2484 2619; x_wconf 81' lang='lat' dir='ltr'>benedictiones,</span> <span class='ocrx_word' id='word_1_1084' title='bbox 2500 2583 2612 2615; x_wconf 52' lang='lat' dir='ltr'>suncti*</span> 
     </span>
     <span class='ocr_line' id='line_1_151' title="bbox 1549 2624 2612 2659; baseline 0.002 -2"><span class='ocrx_word' id='word_1_1085' title='bbox 1549 2626 1711 2658; x_wconf 88' lang='lat' dir='ltr'>ficationes</span> <span class='ocrx_word' id='word_1_1086' title='bbox 1734 2633 1766 2656; x_wconf 92' lang='lat' dir='ltr'>et</span> <span class='ocrx_word' id='word_1_1087' title='bbox 1783 2625 1948 2656; x_wconf 90' lang='lat' dir='ltr'>unctiones</span> <span class='ocrx_word' id='word_1_1088' title='bbox 1972 2624 2078 2655; x_wconf 84' lang='lat' dir='ltr'>solum</span> <span class='ocrx_word' id='word_1_1089' title='bbox 2106 2624 2323 2656; x_wconf 86' lang='lat' dir='ltr'>invocationes</span> <span class='ocrx_word' id='word_1_1090' title='bbox 2346 2626 2505 2658; x_wconf 87' lang='lat' dir='ltr'>solemnes</span> <span class='ocrx_word' id='word_1_1091' title='bbox 2524 2631 2612 2659; x_wconf 57' lang='lat' dir='ltr'>sunu</span> 
     </span>
     <span class='ocr_line' id='line_1_152' title="bbox 1604 2668 2612 2710; baseline 0.002 -10"><span class='ocrx_word' id='word_1_1092' title='bbox 1604 2670 1718 2700; x_wconf 90' lang='lat' dir='ltr'>Fateor</span> <span class='ocrx_word' id='word_1_1093' title='bbox 1740 2676 1846 2700; x_wconf 85' lang='lat' dir='ltr'>tamen</span> <span class='ocrx_word' id='word_1_1094' title='bbox 1878 2669 1967 2709; x_wconf 92' lang='lat' dir='ltr'>quod</span> <span class='ocrx_word' id='word_1_1095' title='bbox 1990 2668 2015 2699; x_wconf 91' lang='lat' dir='ltr'>si</span> <span class='ocrx_word' id='word_1_1096' title='bbox 2039 2668 2233 2700; x_wconf 89' lang='lat' dir='ltr'>consecratio</span> <span class='ocrx_word' id='word_1_1097' title='bbox 2261 2669 2420 2710; x_wconf 81' lang='lat' dir='ltr'>virginum</span> <span class='ocrx_word' id='word_1_1098' title='bbox 2441 2680 2516 2701; x_wconf 86' lang='lat' dir='ltr'>vera</span> <span class='ocrx_word' id='word_1_1099' title='bbox 2536 2674 2612 2702; x_wconf 68' lang='lat' dir='ltr'>com»</span> 
     </span>
     <span class='ocr_line' id='line_1_153' title="bbox 1550 2707 2612 2754; baseline 0.001 -9"><span class='ocrx_word' id='word_1_1100' title='bbox 1550 2714 1681 2745; x_wconf 87' lang='lat' dir='ltr'>sectatio</span> <span class='ocrx_word' id='word_1_1101' title='bbox 1705 2720 1760 2744; x_wconf 91' lang='lat' dir='ltr'>aut</span> <span class='ocrx_word' id='word_1_1102' title='bbox 1775 2712 1977 2744; x_wconf 85' lang='lat' dir='ltr'>constitutiva</span> <span class='ocrx_word' id='word_1_1103' title='bbox 1995 2712 2172 2744; x_wconf 89' lang='lat' dir='ltr'>benedictio</span> <span class='ocrx_word' id='word_1_1104' title='bbox 2189 2719 2245 2750; x_wconf 89' lang='lat' dir='ltr'>est,</span> <span class='ocrx_word' id='word_1_1105' title='bbox 2261 2713 2304 2744; x_wconf 86' lang='lat' dir='ltr'>ita</span> <span class='ocrx_word' id='word_1_1106' title='bbox 2327 2714 2416 2754; x_wconf 86' lang='lat' dir='ltr'>quod</span> <span class='ocrx_word' id='word_1_1107' title='bbox 2429 2723 2467 2745; x_wconf 88' lang='lat' dir='ltr'>ex</span> <span class='ocrx_word' id='word_1_1108' title='bbox 2489 2714 2521 2744; x_wconf 83' lang='lat' dir='ltr'>vi</span> <span class='ocrx_word' id='word_1_1109' title='bbox 2535 2707 2612 2746; x_wconf 52' lang='lat' dir='ltr'>cmiv-</span> 
     </span>
     <span class='ocr_line' id='line_1_154' title="bbox 1551 2756 2612 2798; baseline 0.001 -9"><span class='ocrx_word' id='word_1_1110' title='bbox 1551 2757 1732 2789; x_wconf 80' lang='lat' dir='ltr'>sectationis</span> <span class='ocrx_word' id='word_1_1111' title='bbox 1755 2766 1872 2797; x_wconf 83' lang='lat' dir='ltr'>sponsa</span> <span class='ocrx_word' id='word_1_1112' title='bbox 1895 2756 2011 2788; x_wconf 88' lang='lat' dir='ltr'>Christi</span> <span class='ocrx_word' id='word_1_1113' title='bbox 2034 2763 2124 2793; x_wconf 82' lang='lat' dir='ltr'>esset.</span> <span class='ocrx_word' id='word_1_1114' title='bbox 2141 2767 2208 2788; x_wconf 89' lang='lat' dir='ltr'>non</span> <span class='ocrx_word' id='word_1_1115' title='bbox 2230 2765 2339 2797; x_wconf 89' lang='lat' dir='ltr'>posset</span> <span class='ocrx_word' id='word_1_1116' title='bbox 2361 2767 2417 2798; x_wconf 86' lang='lat' dir='ltr'>per</span> <span class='ocrx_word' id='word_1_1117' title='bbox 2439 2757 2612 2790; x_wconf 70' lang='lat' dir='ltr'>Ecclesiam</span> 
     </span>
     <span class='ocr_line' id='line_1_155' title="bbox 1552 2800 2612 2843; baseline 0.002 -11"><span class='ocrx_word' id='word_1_1118' title='bbox 1552 2802 1724 2843; x_wconf 85' lang='lat' dir='ltr'>dispensari</span> <span class='ocrx_word' id='word_1_1119' title='bbox 1747 2801 1820 2841; x_wconf 87' lang='lat' dir='ltr'>plus</span> <span class='ocrx_word' id='word_1_1120' title='bbox 1842 2810 1940 2842; x_wconf 88' lang='lat' dir='ltr'>quam</span> <span class='ocrx_word' id='word_1_1121' title='bbox 1963 2810 2038 2832; x_wconf 89' lang='lat' dir='ltr'>cum</span> <span class='ocrx_word' id='word_1_1122' title='bbox 2061 2800 2158 2832; x_wconf 86' lang='lat' dir='ltr'>calice</span> <span class='ocrx_word' id='word_1_1123' title='bbox 2180 2809 2373 2833; x_wconf 83' lang='lat' dir='ltr'>consecrato.</span> <span class='ocrx_word' id='word_1_1124' title='bbox 2397 2802 2464 2833; x_wconf 88' lang='lat' dir='ltr'>Nec</span> <span class='ocrx_word' id='word_1_1125' title='bbox 2487 2802 2612 2834; x_wconf 71' lang='lat' dir='ltr'>dirimo·-</span> 
     </span>
     <span class='ocr_line' id='line_1_156' title="bbox 1551 2845 2613 2885; baseline 0 -8"><span class='ocrx_word' id='word_1_1126' title='bbox 1551 2853 1635 2877; x_wconf 93' lang='lat' dir='ltr'>retur</span> <span class='ocrx_word' id='word_1_1127' title='bbox 1658 2845 1900 2877; x_wconf 80' lang='lat' dir='ltr'>matrimonium</span> <span class='ocrx_word' id='word_1_1128' title='bbox 1922 2851 1996 2885; x_wconf 88' lang='lat' dir='ltr'>post</span> <span class='ocrx_word' id='word_1_1129' title='bbox 2017 2851 2216 2876; x_wconf 82' lang='lat' dir='ltr'>contractum</span> <span class='ocrx_word' id='word_1_1130' title='bbox 2238 2855 2276 2877; x_wconf 82' lang='lat' dir='ltr'>ex</span> <span class='ocrx_word' id='word_1_1131' title='bbox 2297 2845 2328 2876; x_wconf 91' lang='lat' dir='ltr'>vi</span> <span class='ocrx_word' id='word_1_1132' title='bbox 2350 2845 2428 2882; x_wconf 84' lang='lat' dir='ltr'>voti,</span> <span class='ocrx_word' id='word_1_1133' title='bbox 2451 2846 2509 2877; x_wconf 84' lang='lat' dir='ltr'>sed</span> <span class='ocrx_word' id='word_1_1134' title='bbox 2529 2846 2613 2878; x_wconf 77' lang='lat' dir='ltr'>cxvi</span> 
     </span>
     <span class='ocr_line' id='line_1_157' title="bbox 1551 2889 2614 2930; baseline 0.001 -9"><span class='ocrx_word' id='word_1_1135' title='bbox 1551 2889 1805 2921; x_wconf 84' lang='lat' dir='ltr'>consecrationis.</span> <span class='ocrx_word' id='word_1_1136' title='bbox 1829 2889 1895 2920; x_wconf 91' lang='lat' dir='ltr'>Nec</span> <span class='ocrx_word' id='word_1_1137' title='bbox 1910 2889 2014 2920; x_wconf 88' lang='lat' dir='ltr'>obstat</span> <span class='ocrx_word' id='word_1_1138' title='bbox 2029 2889 2090 2920; x_wconf 92' lang='lat' dir='ltr'>hoc</span> <span class='ocrx_word' id='word_1_1139' title='bbox 2113 2899 2179 2920; x_wconf 90' lang='lat' dir='ltr'>non</span> <span class='ocrx_word' id='word_1_1140' title='bbox 2202 2899 2270 2920; x_wconf 89' lang='lat' dir='ltr'>esse</span> <span class='ocrx_word' id='word_1_1141' title='bbox 2288 2896 2511 2930; x_wconf 84' lang='lat' dir='ltr'>computatum</span> <span class='ocrx_word' id='word_1_1142' title='bbox 2533 2890 2614 2923; x_wconf 73' lang='lat' dir='ltr'>inter</span> 
     </span>
     <span class='ocr_line' id='line_1_158' title="bbox 1551 2932 2614 2975; baseline 0.002 -11"><span class='ocrx_word' id='word_1_1143' title='bbox 1551 2934 1779 2975; x_wconf 88' lang='lat' dir='ltr'>impedimenta</span> <span class='ocrx_word' id='word_1_1144' title='bbox 1801 2932 1978 2964; x_wconf 79' lang='lat' dir='ltr'>dirimentia</span> <span class='ocrx_word' id='word_1_1145' title='bbox 2001 2932 2256 2965; x_wconf 82' lang='lat' dir='ltr'>matrimonium:</span> <span class='ocrx_word' id='word_1_1146' title='bbox 2279 2933 2432 2975; x_wconf 88' lang='lat' dir='ltr'>quoniam</span> <span class='ocrx_word' id='word_1_1147' title='bbox 2456 2933 2519 2965; x_wconf 90' lang='lat' dir='ltr'>hoc</span> <span class='ocrx_word' id='word_1_1148' title='bbox 2539 2933 2614 2966; x_wconf 75' lang='lat' dir='ltr'>ideo</span> 
     </span>
     <span class='ocr_line' id='line_1_159' title="bbox 1553 2976 2614 3019; baseline 0 -10"><span class='ocrx_word' id='word_1_1149' title='bbox 1553 2979 1612 3010; x_wconf 83' lang='lat' dir='ltr'>fuit</span> <span class='ocrx_word' id='word_1_1150' title='bbox 1635 2978 1710 3019; x_wconf 84' lang='lat' dir='ltr'>quia</span> <span class='ocrx_word' id='word_1_1151' title='bbox 1733 2987 1799 3008; x_wconf 90' lang='lat' dir='ltr'>non</span> <span class='ocrx_word' id='word_1_1152' title='bbox 1818 2983 2041 3008; x_wconf 84' lang='lat' dir='ltr'>consecrantur</span> <span class='ocrx_word' id='word_1_1153' title='bbox 2063 2976 2198 3017; x_wconf 83' lang='lat' dir='ltr'>virgines</span> <span class='ocrx_word' id='word_1_1154' title='bbox 2213 2977 2273 3008; x_wconf 88' lang='lat' dir='ltr'>nisi</span> <span class='ocrx_word' id='word_1_1155' title='bbox 2296 2977 2456 3018; x_wconf 75' lang='lat' dir='ltr'>professae</span> <span class='ocrx_word' id='word_1_1156' title='bbox 2474 2977 2614 3019; x_wconf 81' lang='lat' dir='ltr'>aliqum</span> 
     </span>
     <span class='ocr_line' id='line_1_160' title="bbox 1552 3020 2615 3062; baseline 0.001 -10"><span class='ocrx_word' id='word_1_1157' title='bbox 1552 3022 1748 3062; x_wconf 84' lang='lat' dir='ltr'>religionem.</span> <span class='ocrx_word' id='word_1_1158' title='bbox 1772 3021 1835 3052; x_wconf 91' lang='lat' dir='ltr'>Sed</span> <span class='ocrx_word' id='word_1_1159' title='bbox 1857 3021 1884 3052; x_wconf 91' lang='lat' dir='ltr'>si</span> <span class='ocrx_word' id='word_1_1160' title='bbox 1906 3021 1946 3052; x_wconf 91' lang='lat' dir='ltr'>de</span> <span class='ocrx_word' id='word_1_1161' title='bbox 1961 3020 2045 3052; x_wconf 85' lang='lat' dir='ltr'>facto</span> <span class='ocrx_word' id='word_1_1162' title='bbox 2069 3021 2239 3062; x_wconf 84' lang='lat' dir='ltr'>episcopus</span> <span class='ocrx_word' id='word_1_1163' title='bbox 2254 3028 2449 3053; x_wconf 85' lang='lat' dir='ltr'>consecraret</span> <span class='ocrx_word' id='word_1_1164' title='bbox 2469 3022 2615 3054; x_wconf 80' lang='lat' dir='ltr'>volunta·</span> 
     </span>
     <span class='ocr_line' id='line_1_161' title="bbox 1553 3065 2614 3105; baseline 0.003 -9"><span class='ocrx_word' id='word_1_1165' title='bbox 1553 3067 1633 3097; x_wconf 88' lang='lat' dir='ltr'>riam</span> <span class='ocrx_word' id='word_1_1166' title='bbox 1648 3066 1812 3105; x_wconf 88' lang='lat' dir='ltr'>virginem,</span> <span class='ocrx_word' id='word_1_1167' title='bbox 1823 3072 1909 3102; x_wconf 85' lang='lat' dir='ltr'>tunc,</span> <span class='ocrx_word' id='word_1_1168' title='bbox 1925 3065 1951 3096; x_wconf 89' lang='lat' dir='ltr'>si</span> <span class='ocrx_word' id='word_1_1169' title='bbox 1970 3071 2052 3096; x_wconf 90' lang='lat' dir='ltr'>esset</span> <span class='ocrx_word' id='word_1_1170' title='bbox 2066 3065 2244 3097; x_wconf 89' lang='lat' dir='ltr'>benedictio</span> <span class='ocrx_word' id='word_1_1171' title='bbox 2261 3073 2297 3096; x_wconf 91' lang='lat' dir='ltr'>ut</span> <span class='ocrx_word' id='word_1_1172' title='bbox 2311 3066 2432 3097; x_wconf 86' lang='lat' dir='ltr'>dictum</span> <span class='ocrx_word' id='word_1_1173' title='bbox 2447 3073 2503 3103; x_wconf 80' lang='lat' dir='ltr'>est,</span> <span class='ocrx_word' id='word_1_1174' title='bbox 2520 3066 2614 3099; x_wconf 67' lang='lat' dir='ltr'>medo</span> 
     </span>
     <span class='ocr_line' id='line_1_162' title="bbox 1554 3109 2615 3151; baseline 0.001 -10"><span class='ocrx_word' id='word_1_1175' title='bbox 1554 3110 1643 3151; x_wconf 89' lang='lat' dir='ltr'>quod</span> <span class='ocrx_word' id='word_1_1176' title='bbox 1665 3110 1803 3140; x_wconf 86' lang='lat' dir='ltr'>Ecclesia</span> <span class='ocrx_word' id='word_1_1177' title='bbox 1821 3109 1973 3140; x_wconf 86' lang='lat' dir='ltr'>iudicaret</span> <span class='ocrx_word' id='word_1_1178' title='bbox 1995 3118 2130 3150; x_wconf 88' lang='lat' dir='ltr'>sequens</span> <span class='ocrx_word' id='word_1_1179' title='bbox 2145 3109 2473 3142; x_wconf 83' lang='lat' dir='ltr'>matrimoniumfore</span> <span class='ocrx_word' id='word_1_1180' title='bbox 2488 3110 2615 3143; x_wconf 66' lang='lat' dir='ltr'>nuum</span> 
     </span>
     <span class='ocr_line' id='line_1_163' title="bbox 1555 3153 2615 3195; baseline 0.003 -12"><span class='ocrx_word' id='word_1_1181' title='bbox 1555 3164 1592 3184; x_wconf 82' lang='lat' dir='ltr'>ex</span> <span class='ocrx_word' id='word_1_1182' title='bbox 1613 3153 1644 3183; x_wconf 88' lang='lat' dir='ltr'>vi</span> <span class='ocrx_word' id='word_1_1183' title='bbox 1668 3153 1912 3184; x_wconf 87' lang='lat' dir='ltr'>consecrationis</span> <span class='ocrx_word' id='word_1_1184' title='bbox 1942 3153 1981 3183; x_wconf 87' lang='lat' dir='ltr'>ab</span> <span class='ocrx_word' id='word_1_1185' title='bbox 2004 3153 2143 3184; x_wconf 86' lang='lat' dir='ltr'>Ecclesia</span> <span class='ocrx_word' id='word_1_1186' title='bbox 2170 3154 2376 3194; x_wconf 84' lang='lat' dir='ltr'>approbatae;</span> <span class='ocrx_word' id='word_1_1187' title='bbox 2401 3160 2432 3184; x_wconf 89' lang='lat' dir='ltr'>et</span> <span class='ocrx_word' id='word_1_1188' title='bbox 2460 3153 2615 3195; x_wconf 60' lang='lat' dir='ltr'>quoniam</span> 
     </span>
     <span class='ocr_line' id='line_1_164' title="bbox 1555 3196 2615 3236; baseline 0.002 -9"><span class='ocrx_word' id='word_1_1189' title='bbox 1555 3197 1617 3228; x_wconf 92' lang='lat' dir='ltr'>hoc</span> <span class='ocrx_word' id='word_1_1190' title='bbox 1631 3207 1697 3227; x_wconf 91' lang='lat' dir='ltr'>non</span> <span class='ocrx_word' id='word_1_1191' title='bbox 1721 3203 1801 3227; x_wconf 90' lang='lat' dir='ltr'>esset</span> <span class='ocrx_word' id='word_1_1192' title='bbox 1815 3196 1848 3226; x_wconf 90' lang='lat' dir='ltr'>in</span> <span class='ocrx_word' id='word_1_1193' title='bbox 1871 3203 2026 3236; x_wconf 89' lang='lat' dir='ltr'>potestate</span> <span class='ocrx_word' id='word_1_1194' title='bbox 2040 3197 2208 3234; x_wconf 86' lang='lat' dir='ltr'>Ecclesiae,</span> <span class='ocrx_word' id='word_1_1195' title='bbox 2225 3197 2307 3229; x_wconf 81' lang='lat' dir='ltr'>sicut</span> <span class='ocrx_word' id='word_1_1196' title='bbox 2327 3207 2386 3228; x_wconf 87' lang='lat' dir='ltr'>nec</span> <span class='ocrx_word' id='word_1_1197' title='bbox 2401 3197 2615 3230; x_wconf 67' lang='lat' dir='ltr'>cancamum·</span> 
     </span>
     <span class='ocr_line' id='line_1_165' title="bbox 1556 3239 2615 3282; baseline 0.002 -11"><span class='ocrx_word' id='word_1_1198' title='bbox 1556 3240 1632 3271; x_wconf 85' lang='lat' dir='ltr'>erari</span> <span class='ocrx_word' id='word_1_1199' title='bbox 1647 3240 1766 3271; x_wconf 83' lang='lat' dir='ltr'>vivum.</span> <span class='ocrx_word' id='word_1_1200' title='bbox 1791 3240 1832 3270; x_wconf 91' lang='lat' dir='ltr'>Et</span> <span class='ocrx_word' id='word_1_1201' title='bbox 1853 3239 1926 3270; x_wconf 90' lang='lat' dir='ltr'>ideo</span> <span class='ocrx_word' id='word_1_1202' title='bbox 1942 3240 2022 3270; x_wconf 90' lang='lat' dir='ltr'>forte</span> <span class='ocrx_word' id='word_1_1203' title='bbox 2037 3241 2215 3272; x_wconf 89' lang='lat' dir='ltr'>Matthaeus</span> <span class='ocrx_word' id='word_1_1204' title='bbox 2231 3241 2406 3282; x_wconf 84' lang='lat' dir='ltr'>Apostolus</span> <span class='ocrx_word' id='word_1_1205' title='bbox 2420 3241 2486 3282; x_wconf 87' lang='lat' dir='ltr'>pati</span> <span class='ocrx_word' id='word_1_1206' title='bbox 2506 3241 2615 3282; x_wconf 74' lang='lat' dir='ltr'>potius</span> 
     </span>
     <span class='ocr_line' id='line_1_166' title="bbox 1556 3283 2613 3325; baseline 0.002 -11"><span class='ocrx_word' id='word_1_1207' title='bbox 1556 3283 1658 3314; x_wconf 87' lang='lat' dir='ltr'>voluit</span> <span class='ocrx_word' id='word_1_1208' title='bbox 1679 3283 1706 3314; x_wconf 93' lang='lat'>*.</span> <span class='ocrx_word' id='word_1_1209' title='bbox 1736 3284 1891 3321; x_wconf 88' lang='lat' dir='ltr'>Quamvis</span> <span class='ocrx_word' id='word_1_1210' title='bbox 1923 3283 2078 3323; x_wconf 87' lang='lat' dir='ltr'>passionis</span> <span class='ocrx_word' id='word_1_1211' title='bbox 2102 3285 2170 3316; x_wconf 90' lang='lat' dir='ltr'>eius</span> <span class='ocrx_word' id='word_1_1212' title='bbox 2192 3285 2294 3325; x_wconf 85' lang='lat' dir='ltr'>possit</span> <span class='ocrx_word' id='word_1_1213' title='bbox 2315 3285 2376 3316; x_wconf 83' lang='lat' dir='ltr'>alia</span> <span class='ocrx_word' id='word_1_1214' title='bbox 2405 3285 2494 3317; x_wconf 83' lang='lat' dir='ltr'>reddi</span> <span class='ocrx_word' id='word_1_1215' title='bbox 2515 3284 2613 3317; x_wconf 76' lang='lat' dir='ltr'>ratio:</span> 
     </span>
     <span class='ocr_line' id='line_1_167' title="bbox 1558 3327 2615 3370; baseline 0.003 -12"><span class='ocrx_word' id='word_1_1216' title='bbox 1558 3328 1675 3358; x_wconf 92' lang='lat' dir='ltr'>scilicet</span> <span class='ocrx_word' id='word_1_1217' title='bbox 1697 3327 1772 3368; x_wconf 86' lang='lat' dir='ltr'>quia</span> <span class='ocrx_word' id='word_1_1218' title='bbox 1794 3337 1860 3357; x_wconf 91' lang='lat' dir='ltr'>non</span> <span class='ocrx_word' id='word_1_1219' title='bbox 1890 3327 2073 3367; x_wconf 83' lang='lat' dir='ltr'>expediebat</span> <span class='ocrx_word' id='word_1_1220' title='bbox 2095 3328 2127 3359; x_wconf 89' lang='lat' dir='ltr'>in</span> <span class='ocrx_word' id='word_1_1221' title='bbox 2155 3329 2311 3370; x_wconf 82' lang='lat' dir='ltr'>principio</span> <span class='ocrx_word' id='word_1_1222' title='bbox 2340 3328 2413 3360; x_wconf 87' lang='lat' dir='ltr'>fidei</span> <span class='ocrx_word' id='word_1_1223' title='bbox 2435 3338 2492 3369; x_wconf 84' lang='lat' dir='ltr'>per</span> <span class='ocrx_word' id='word_1_1224' title='bbox 2520 3329 2615 3360; x_wconf 78' lang='lat' dir='ltr'>talem</span> 
     </span>
     <span class='ocr_line' id='line_1_168' title="bbox 1558 3371 2616 3413; baseline 0.003 -12"><span class='ocrx_word' id='word_1_1225' title='bbox 1558 3378 1743 3412; x_wconf 86' lang='lat' dir='ltr'>apparenter</span> <span class='ocrx_word' id='word_1_1226' title='bbox 1773 3371 2004 3402; x_wconf 87' lang='lat' dir='ltr'>irreverentiam</span> <span class='ocrx_word' id='word_1_1227' title='bbox 2030 3372 2169 3404; x_wconf 87' lang='lat' dir='ltr'>divinam</span> <span class='ocrx_word' id='word_1_1228' title='bbox 2197 3372 2295 3404; x_wconf 89' lang='lat' dir='ltr'>fidem</span> <span class='ocrx_word' id='word_1_1229' title='bbox 2326 3372 2510 3413; x_wconf 83' lang='lat' dir='ltr'>propagari,</span> <span class='ocrx_word' id='word_1_1230' title='bbox 2533 3382 2616 3413; x_wconf 81' lang='lat' dir='ltr'>quae</span> 
     </span>
    </p>
   </div>
   <div class='ocr_carea' id='block_1_20' title="bbox 1557 3415 2617 3496">
    <p class='ocr_par' dir='ltr' id='par_1_26' title="bbox 1557 3415 2617 3496">
     <span class='ocr_line' id='line_1_169' title="bbox 1557 3415 2617 3456; baseline 0.002 -11"><span class='ocrx_word' id='word_1_1231' title='bbox 1557 3415 1789 3455; x_wconf 88' lang='lat' dir='ltr'>praedicatione</span> <span class='ocrx_word' id='word_1_1232' title='bbox 1806 3421 1836 3445; x_wconf 91' lang='lat' dir='ltr'>et</span> <span class='ocrx_word' id='word_1_1233' title='bbox 1859 3415 1954 3455; x_wconf 87' lang='lat' dir='ltr'>signis</span> <span class='ocrx_word' id='word_1_1234' title='bbox 1969 3417 2173 3456; x_wconf 88' lang='lat' dir='ltr'>propaganda</span> <span class='ocrx_word' id='word_1_1235' title='bbox 2196 3423 2269 3453; x_wconf 87' lang='lat' dir='ltr'>erat,</span> <span class='ocrx_word' id='word_1_1236' title='bbox 2287 3416 2463 3447; x_wconf 88' lang='lat' dir='ltr'>secundum</span> <span class='ocrx_word' id='word_1_1237' title='bbox 2484 3416 2617 3447; x_wconf 72' lang='lat' dir='ltr'>Domini</span> 
     </span>
     <span class='ocr_line' id='line_1_170' title="bbox 1558 3459 2049 3496; baseline 0.002 -7"><span class='ocrx_word' id='word_1_1238' title='bbox 1558 3459 1754 3496; x_wconf 87' lang='lat' dir='ltr'>mandatum,</span> <span class='ocrx_word' id='word_1_1239' title='bbox 1770 3459 1867 3489; x_wconf 88' lang='lat' dir='ltr'>Marci</span> <span class='ocrx_word' id='word_1_1240' title='bbox 1889 3459 2004 3490; x_wconf 90' lang='lat' dir='ltr'>ultimo</span> <span class='ocrx_word' id='word_1_1241' title='bbox 2022 3459 2049 3490; x_wconf 90' lang='lat'>*.</span> 
     </span>
    </p>
   </div>
   <div class='ocr_carea' id='block_1_21' title="bbox 1561 3502 2616 3588">
    <p class='ocr_par' dir='ltr' id='par_1_27' title="bbox 1561 3502 2616 3588">
     <span class='ocr_line' id='line_1_171' title="bbox 1615 3502 2616 3535; baseline 0.001 -1"><span class='ocrx_word' id='word_1_1242' title='bbox 1615 3503 1655 3534; x_wconf 81' lang='lat' dir='ltr'>V.</span> <span class='ocrx_word' id='word_1_1243' title='bbox 1672 3502 1763 3534; x_wconf 91' lang='lat' dir='ltr'>Circa</span> <span class='ocrx_word' id='word_1_1244' title='bbox 1792 3509 1898 3533; x_wconf 89' lang='lat' dir='ltr'>autem</span> <span class='ocrx_word' id='word_1_1245' title='bbox 1920 3503 2107 3534; x_wconf 87' lang='lat' dir='ltr'>decretalem</span> <span class='ocrx_word' id='word_1_1246' title='bbox 2125 3503 2288 3534; x_wconf 81' lang='lat' dir='ltr'>inductam</span> <span class='ocrx_word' id='word_1_1247' title='bbox 2310 3503 2343 3534; x_wconf 88' lang='lat' dir='ltr'>in</span> <span class='ocrx_word' id='word_1_1248' title='bbox 2365 3503 2467 3534; x_wconf 89' lang='lat' dir='ltr'>littera</span> <span class='ocrx_word' id='word_1_1249' title='bbox 2488 3504 2527 3535; x_wconf 87' lang='lat' dir='ltr'>ab</span> <span class='ocrx_word' id='word_1_1250' title='bbox 2550 3506 2616 3535; x_wconf 82' lang='lat' dir='ltr'>Au-</span> 
     </span>
     <span class='ocr_line' id='line_1_172' title="bbox 1561 3546 2616 3588; baseline 0.002 -11"><span class='ocrx_word' id='word_1_1251' title='bbox 1561 3554 1646 3578; x_wconf 91' lang='lat' dir='ltr'>ctore</span> <span class='ocrx_word' id='word_1_1252' title='bbox 1660 3546 1677 3566; x_wconf 88' lang='lat'><em>*</em></span> <span class='ocrx_word' id='word_1_1253' title='bbox 1702 3546 1835 3577; x_wconf 91' lang='lat' dir='ltr'>dubium</span> <span class='ocrx_word' id='word_1_1254' title='bbox 1857 3556 1987 3587; x_wconf 90' lang='lat' dir='ltr'>quoque</span> <span class='ocrx_word' id='word_1_1255' title='bbox 2011 3546 2155 3583; x_wconf 92' lang='lat' dir='ltr'>occurrit,</span> <span class='ocrx_word' id='word_1_1256' title='bbox 2174 3554 2332 3588; x_wconf 88' lang='lat' dir='ltr'>quantum</span> <span class='ocrx_word' id='word_1_1257' title='bbox 2354 3547 2454 3578; x_wconf 85' lang='lat' dir='ltr'>valeat</span> <span class='ocrx_word' id='word_1_1258' title='bbox 2477 3548 2517 3578; x_wconf 93' lang='lat' dir='ltr'>ad</span> <span class='ocrx_word' id='word_1_1259' title='bbox 2541 3558 2616 3579; x_wconf 91' lang='lat' dir='ltr'>con-</span> 
     </span>
    </p>
   </div>
   <div class='ocr_carea' id='block_1_22' title="bbox 2643 3294 2832 3318">
    <p class='ocr_par' dir='ltr' id='par_1_28' title="bbox 2643 3294 2832 3318">
     <span class='ocr_line' id='line_1_173' title="bbox 2643 3294 2832 3318; baseline -0.005 -1"><span class='ocrx_word' id='word_1_1260' title='bbox 2643 3297 2652 3306; x_wconf 88' lang='lat'><strong>·</strong></span> <span class='ocrx_word' id='word_1_1261' title='bbox 2666 3294 2702 3317; x_wconf 83' lang='lat' dir='ltr'>ef.</span> <span class='ocrx_word' id='word_1_1262' title='bbox 2718 3300 2783 3318; x_wconf 81' lang='lat' dir='ltr'>nun.</span> <span class='ocrx_word' id='word_1_1263' title='bbox 2797 3300 2832 3317; x_wconf 84' lang='lat' dir='ltr'>m.</span> 
     </span>
    </p>
   </div>
   <div class='ocr_carea' id='block_1_23' title="bbox 2642 3444 2849 3493">
    <p class='ocr_par' dir='ltr' id='par_1_29' title="bbox 2642 3444 2849 3493">
     <span class='ocr_line' id='line_1_174' title="bbox 2642 3444 2849 3493; baseline 0.014 -7"><span class='ocrx_word' id='word_1_1264' title='bbox 2642 3466 2652 3476; x_wconf 75' lang='lat'>&#39;⁴</span> <span class='ocrx_word' id='word_1_1265' title='bbox 2668 3444 2849 3493; x_wconf 34' lang='lat' dir='ltr'>verberas-0502</span> 
     </span>
    </p>
   </div>
   <div class='ocr_carea' id='block_1_24' title="bbox 2642 3528 2854 3578">
    <p class='ocr_par' dir='ltr' id='par_1_30' title="bbox 2642 3528 2854 3578">
     <span class='ocr_line' id='line_1_175' title="bbox 2642 3528 2854 3578; baseline 0.005 -1"><span class='ocrx_word' id='word_1_1266' title='bbox 2642 3530 2722 3578; x_wconf 67' lang='lat'>:2¹2¹-</span> <span class='ocrx_word' id='word_1_1267' title='bbox 2735 3528 2786 3552; x_wconf 55' lang='grc' dir='ltr'>δ”</span> <span class='ocrx_word' id='word_1_1268' title='bbox 2799 3534 2854 3551; x_wconf 68' lang='lat'><em>00·-</em></span> 
     </span>
    </p>
   </div>
  </div>
 </body>
</html>
