2860 4244
232 930 239 937 ·
255 928 290 949 Cf.
307 931 372 948 num.
382 932 403 948 v.

231 1194 239 1203 ⁸
254 1192 289 1214 Cf.
305 1198 370 1214 num.
384 1199 416 1214 vi.

230 2686 237 2694 “
253 2684 322 2707 Num.
339 2692 369 2714 iv,
385 2686 424 2709 fin.

471 240 519 275 88

468 316 636 355 pecuniam
660 315 816 350 furtivam,
837 314 1001 344 comedere
1025 319 1053 342 et
1077 311 1181 341 bibere
1198 311 1230 340 in
1246 310 1326 339 vasis
1350 309 1481 345 furtivis,
1499 317 1528 340 et

468 359 662 394 huiusmodi,
684 366 718 389 ut
742 358 860 388 faciunt
884 357 967 386 fures
984 362 1105 385 utentes
1123 354 1215 384 rebus
1235 363 1313 393 quas
1328 360 1402 383 sunt
1422 352 1525 384 furati.

469 404 503 433 In
527 403 574 433 his
590 403 675 433 enim
694 412 760 432 non
776 400 940 431 intervenit
959 399 1130 429 continuus
1146 404 1234 427 actus
1249 396 1456 433 voluntarius,
1473 398 1526 427 sed

468 447 661 487 quandoque
684 452 842 476 exercetur
864 443 977 492 aliqui-s
1000 449 1106 477 actus,
1131 447 1162 471 et
1184 441 1377 482 quandoque
1400 441 1526 471 nullus:

469 500 543 520 nam
552 490 681 520 induere
695 496 724 519 et
740 498 850 519 ornare
864 498 895 517 se
909 486 1046 516 actiones
1061 485 1220 525 quaedam
1232 483 1427 515 voluntariae
1440 491 1526 520 sunt;

467 534 617 564 indutum
629 540 735 564 autem
748 542 824 567 esse,
835 538 865 561 et
881 529 1023 560 similiter
1034 535 1183 559 ornatum
1196 537 1272 564 esse,
1286 535 1316 558 et
1331 527 1527 564 huiusmodi,

468 587 534 607 non
550 584 624 607 sunt
639 577 786 611 actiones,
804 574 858 605 sed
878 575 916 604 nd
937 573 1227 613 praedicamentum
1243 572 1370 603 habitus
1385 579 1527 613 spectan-

468 621 519 651 tia.
545 621 636 652 Unde
656 620 694 650 de
713 619 761 649 his
781 618 900 658 aliquid
920 624 965 648 est
985 616 1199 652 manifestum,
1219 615 1335 647 scilicet
1354 617 1443 657 quod
1462 626 1527 646 non

468 664 616 694 continue
640 669 784 703 peccant:
810 669 840 692 et
857 661 977 702 aliquid
993 661 1176 696 obscurum,
1200 670 1239 690 an
1264 659 1381 692 scilicet
1403 661 1528 701 quoties

467 707 652 738 huiusmodi
675 713 763 737 actus
786 711 944 741 exercent,
969 704 1062 735 toties
1092 711 1223 744 peccent
1249 704 1432 735 mortaliter.
1463 707 1528 745 Ap-

467 758 555 790 paret
578 751 663 781 enim
687 750 787 790 prima
810 749 899 779 fonte
922 748 1182 788 distinguendum
1205 757 1286 783 esse,
1311 749 1399 788 quod
1423 755 1528 779 actua-

466 794 535 825 liter
551 794 664 825 habere
679 800 785 824 actum
799 792 909 823 utendi
925 802 958 823 re
974 792 1074 823 aliena
1090 792 1243 831 contingit
1258 791 1433 831 dupliciter.
1454 793 1528 823 Uno

467 839 577 874 modo,
591 837 773 873 formaliter,
787 837 848 867 hoc
859 843 905 867 est
920 836 1008 877 quod
1022 836 1156 866 intentio
1171 835 1288 866 feratur
1303 846 1397 876 super
1409 836 1527 867 alieno:

467 889 497 912 et
520 881 563 912 sic
586 881 726 922 quoties,
751 881 986 911 discontinuato
1010 879 1171 910 actualiter
1194 886 1324 920 peccato
1354 887 1420 910 tam
1442 880 1528 911 intus

466 936 565 966 quarn
581 932 674 962 extra,
692 925 790 956 utitur
805 934 838 955 re
854 924 963 960 aliena,
980 923 1072 955 toties
1091 930 1199 964 peccat
1218 923 1392 954 mortaliter
1402 924 1430 955 *.
1453 924 1527 955 Alio

467 970 577 1005 modo,
595 968 805 1005 materialiter,
826 968 887 999 hoc
902 975 948 999 est
964 968 1063 1009 quod,
1079 967 1159 998 nihil
1175 967 1343 1007 cogitando
1360 967 1399 998 de
1413 967 1528 1004 alieno,

467 1013 567 1044 utitur
590 1023 622 1044 re
645 1013 747 1044 aliena
770 1019 805 1043 ut
828 1019 902 1043 sua:
927 1018 962 1042 ut
983 1012 1009 1042 si
1033 1012 1150 1051 cogitat
1172 1011 1211 1041 de
1234 1011 1397 1042 induendo
1422 1022 1464 1048 se,
1490 1013 1528 1043 de

468 1057 622 1093 emendo,
646 1057 685 1087 de
709 1056 928 1094 comedendo,
952 1056 991 1086 de
1018 1055 1172 1091 bibendo,
1197 1061 1228 1085 et
1257 1065 1323 1085 non
1345 1055 1462 1096 cogitat
1490 1056 1528 1086 de

467 1102 581 1132 alieno.
606 1101 648 1131 Et
670 1101 714 1131 sic
729 1100 852 1130 videtur
875 1100 965 1140 quod
987 1109 1100 1130 omnes
1121 1098 1172 1130 isti
1189 1105 1276 1130 actus
1296 1099 1358 1130 sint
1380 1100 1456 1130 mali
1479 1110 1528 1130 ea-

467 1146 540 1176 dem
556 1155 691 1176 numero
716 1143 915 1175 deformitate
938 1153 1001 1184 qua
1024 1143 1083 1174 fuit
1107 1142 1190 1173 mala
1204 1142 1337 1174 intentio
1357 1143 1528 1180 detinendi,

467 1188 660 1229 possidendi,
684 1198 719 1220 ac
743 1198 799 1228 per
821 1188 883 1218 hoc
907 1187 1016 1218 utendi
1039 1187 1132 1220 rebus
1155 1186 1203 1217 his
1228 1193 1263 1216 ut
1285 1187 1420 1227 propriis
1435 1187 1461 1218 *.

522 1233 562 1263 V.
581 1232 643 1264 Sed
658 1232 799 1272 primum
815 1231 910 1262 huius
927 1231 1135 1261 distinctionis
1151 1230 1333 1260 membrum
1348 1231 1469 1261 veritati
1483 1231 1528 1261 in-

467 1276 592 1307 haerere
615 1276 693 1307 mihi
716 1276 849 1307 videtur.
874 1275 1038 1312 Quoniam
1053 1273 1282 1313 multiplicatur
1297 1283 1432 1304 numero
1456 1285 1528 1314 pec-

468 1327 575 1351 catum
602 1330 668 1351 non
691 1319 777 1350 iuxta
800 1318 1098 1358 multiplicationem
1122 1323 1252 1348 actuum
1275 1317 1530 1348 voluntariorum

467 1371 532 1395 tam
562 1364 647 1395 intus
677 1373 775 1403 quam
804 1368 888 1392 extra
912 1360 962 1403 (ut
992 1367 1078 1402 patet
1105 1371 1142 1391 ex
1165 1360 1227 1392 hoc
1256 1361 1345 1401 quod
1368 1368 1456 1393 actus
1479 1372 1528 1392 ex-

467 1408 562 1438 terior
585 1414 615 1438 et
637 1406 766 1437 interior
790 1412 863 1436 sunt
886 1415 989 1435 unum
1012 1414 1148 1435 numero
1171 1412 1354 1445 peccatum;
1384 1412 1414 1437 et
1437 1406 1530 1437 multi

467 1458 554 1482 actus
573 1450 738 1482 exteriores
763 1456 793 1480 et
815 1449 978 1480 interiores
994 1449 1166 1480 voluntatis
1180 1455 1257 1479 sunt
1276 1459 1379 1480 unum
1394 1459 1529 1481 numero

467 1501 649 1535 peccatum,
673 1501 709 1524 ut
732 1501 818 1534 patet
842 1503 917 1524 cum
940 1492 1012 1533 quis
1032 1492 1186 1524 desiderat
1209 1492 1371 1531 occidere,
1394 1500 1425 1524 et
1447 1494 1530 1525 dele-

467 1547 567 1570 ctatur
590 1539 628 1569 de
648 1537 782 1578 cogitata
801 1537 970 1573 occisione,
990 1544 1021 1568 et
1044 1543 1147 1577 sperat
1169 1536 1267 1573 illam,
1285 1543 1316 1568 et
1334 1537 1468 1568 intendit
1486 1539 1530 1569 ire

467 1584 505 1614 ad
525 1583 745 1618 occidendum,
767 1588 797 1613 et
819 1587 983 1622 praeparat
1005 1581 1045 1611 ad
1069 1580 1130 1611 hoc
1153 1580 1295 1621 gladium
1309 1588 1340 1612 et
1359 1581 1485 1621 sagittas
1501 1589 1531 1613 et

467 1628 600 1663 lanceas,
619 1633 691 1663 etc.;
716 1626 792 1656 haec
811 1625 897 1656 enirn
917 1625 1035 1661 omnia,
1056 1635 1123 1655 uno
1140 1631 1288 1656 contextu
1312 1624 1402 1662 facta,
1427 1636 1531 1657 unum

467 1681 602 1702 numero
618 1677 692 1701 sunt
707 1676 873 1710 peccatum
889 1668 1046 1710 mortale),
1060 1669 1114 1699 sed
1130 1668 1216 1699 iuxta
1233 1668 1530 1708 multiplicationem

467 1715 632 1751 moralem,
656 1714 856 1745 materialiter
879 1719 995 1750 tamen,
1011 1712 1198 1744 moralitatis
1214 1719 1355 1744 actuum.
1378 1713 1459 1744 Dico
1477 1723 1531 1744 au-

467 1767 531 1791 tem
555 1760 723 1796 moralem,
746 1758 786 1788 ad
809 1756 1014 1788 differentiam
1038 1756 1311 1796 multiplicationis
1334 1756 1367 1787 in
1390 1767 1457 1788 esse
1477 1768 1530 1788 na-

466 1810 554 1834 turae
570 1809 700 1833 actuum
716 1801 888 1832 voluntatis
904 1801 1106 1837 deformium,
1129 1807 1206 1841 puta
1229 1800 1404 1831 desiderare
1423 1801 1530 1838 furari,

467 1847 613 1878 delectari
637 1847 675 1877 de
698 1845 836 1886 cogitato
860 1845 955 1882 furto,
980 1845 1140 1875 intendere
1163 1844 1207 1875 ire
1231 1844 1270 1874 ad
1294 1844 1476 1882 furandum,
1501 1853 1531 1877 et

466 1890 668 1922 huiusmodi:
692 1889 838 1930 quamvis
861 1889 947 1919 enim
970 1888 1086 1928 singuli
1102 1894 1189 1919 actus
1212 1887 1348 1919 habeant
1371 1888 1452 1920 forte
1468 1890 1530 1920 sin-

465 1935 556 1976 gulas
579 1934 793 1965 deformitates
818 1933 963 1969 morales,
988 1942 1023 1963 ac
1046 1942 1102 1974 per
1126 1932 1188 1963 hoc
1211 1932 1318 1972 plures
1340 1933 1373 1962 in
1389 1943 1455 1964 esse
1475 1944 1529 1964 na-

465 1986 564 2015 turae,
589 1978 622 2008 in
645 1987 758 2018 genere
781 1984 885 2007 tamen
906 1977 1004 2007 moris
1029 1986 1093 2007 una
1107 1986 1243 2007 numero
1266 1983 1392 2007 tantum
1408 1984 1455 2008 est
1477 1988 1530 2009 eo-

465 2033 538 2054 rum
561 2022 731 2057 moralitas,
757 2028 787 2052 et
809 2021 882 2051 ideo
906 2027 980 2051 sunt
1003 2030 1106 2051 unum
1130 2029 1265 2051 numero
1289 2028 1470 2061 peccatum,
1496 2029 1531 2052 ut

465 2067 586 2097 dictum
602 2072 657 2096 est.
682 2065 912 2105 Multiplicatur
927 2071 1036 2095 autem
1051 2064 1213 2095 moralitas
1229 2074 1375 2100 numero,
1391 2076 1446 2097 seu
1463 2076 1530 2096 ma-

465 2110 620 2146 terialiter,
645 2110 676 2140 in
700 2118 814 2149 genere
837 2109 950 2145 moris,
975 2109 1100 2149 quoties
1123 2108 1194 2150 quis
1218 2118 1255 2139 ex
1278 2119 1345 2139 non
1368 2110 1530 2141 actualiter

465 2161 614 2195 peccante
638 2153 671 2183 in
694 2153 747 2184 tali
771 2153 874 2193 specie
898 2153 1017 2193 peccati
1034 2152 1069 2184 fit
1084 2152 1246 2184 actualiter
1269 2162 1402 2193 peccans
1418 2153 1451 2185 in
1466 2154 1528 2185 illa.

464 2198 594 2230 Attendi
609 2207 684 2228 vero
701 2197 823 2228 videtur
846 2197 923 2228 haec
938 2197 1043 2228 unitas
1062 2196 1234 2228 numeralis
1258 2206 1355 2237 penes
1375 2197 1528 2229 unitatem

465 2241 684 2283 applicationis
707 2241 830 2271 animae
855 2241 894 2272 ad
916 2241 1012 2272 talem
1028 2241 1184 2281 speciem:
1208 2240 1252 2272 ita
1275 2241 1364 2282 quod
1387 2242 1529 2282 quandiu

465 2286 571 2323 anima
592 2285 747 2326 applicata
770 2285 810 2315 ad
829 2285 908 2316 illud
932 2294 987 2325 per
1002 2285 1143 2326 aliquem
1162 2291 1269 2316 actum
1283 2285 1464 2316 interiorem
1481 2286 1531 2317 vel

467 2330 652 2362 exteriorem
669 2336 853 2368 perseverat,
867 2336 1163 2370 quantumcumque
1183 2335 1270 2359 actus
1285 2329 1482 2370 multiplicet,
1497 2330 1530 2360 in

466 2383 579 2414 genere
598 2380 746 2409 naturae,
768 2383 832 2403 non
857 2373 970 2409 moris,
997 2383 1051 2403 eos
1075 2373 1277 2413 multiplicat;
1308 2383 1420 2404 omnes
1445 2374 1531 2405 enim

466 2418 583 2448 habent
605 2417 762 2447 rationem
785 2416 881 2447 unius
904 2426 1039 2447 numero
1066 2416 1099 2447 in
1124 2427 1238 2457 genere
1261 2417 1376 2454 moris,
1401 2424 1531 2458 propter

466 2461 588 2493 unitam
616 2467 868 2501 perseverantem
890 2460 1136 2500 applicationem
1163 2460 1296 2491 animae.
1328 2461 1430 2492 Cuius
1457 2462 1528 2492 uni-

465 2512 562 2537 tatem
585 2511 749 2536 attestatur
771 2504 804 2534 in
827 2504 948 2535 actibus
970 2504 1172 2535 interioribus
1195 2511 1374 2536 contextus:
1398 2505 1431 2536 in
1447 2512 1530 2536 exte-

466 2549 602 2580 rioribus
624 2558 699 2579 vero
730 2548 952 2579 continuatum
980 2548 1153 2588 imperium
1183 2548 1345 2588 passivum
1372 2549 1530 2589 operatio-

467 2603 546 2624 num
569 2592 818 2632 dependentium
834 2592 866 2622 in
883 2601 950 2623 esse
966 2599 996 2623 et
1019 2592 1052 2623 in
1075 2591 1140 2623 fieri
1156 2593 1195 2622 ab
1210 2591 1396 2632 imperante,
1420 2594 1530 2634 quales

467 2644 541 2668 sunt
563 2643 671 2667 motus
695 2636 900 2676 propriorum
922 2636 1142 2667 membrorum
1165 2636 1345 2668 voluntarii.

521 2681 575 2711 VI.
598 2681 646 2711 De
662 2680 803 2711 secundo
820 2687 927 2711 autem
943 2680 1113 2711 membro*
1128 2679 1254 2711 dubito:
1273 2686 1439 2721 propterea
1455 2681 1529 2722 quia

465 2725 567 2756 sciens
589 2734 657 2755 rem
680 2724 819 2765 aliquam
842 2734 910 2755 esse
932 2724 1084 2761 alienam,
1109 2731 1139 2755 et
1166 2731 1258 2755 utens
1281 2734 1317 2755 ea
1345 2725 1445 2756 invito
1473 2726 1529 2756 do-

466 2769 565 2805 mino,
590 2768 735 2809 quamvis
759 2767 838 2798 nihil
861 2769 900 2799 de
921 2768 983 2799 hoc
1006 2768 1131 2809 cogitet,
1149 2778 1215 2799 non
1232 2775 1398 2800 excusatur
1420 2779 1437 2799 a
1461 2779 1530 2810 pec-

466 2819 536 2843 cato
561 2812 702 2849 mortali,
727 2822 765 2843 ex
787 2821 853 2852 quo
877 2819 924 2843 est
946 2812 979 2843 in
1003 2812 1058 2843 tali
1081 2819 1164 2843 statu
1187 2813 1295 2853 quod,
1319 2813 1344 2843 si
1369 2813 1528 2853 cogitaret,

466 2856 544 2887 nihil
571 2857 678 2887 minus
705 2862 845 2888 uteretur
866 2856 919 2887 illa
942 2866 974 2887 re
997 2856 1099 2887 aliena
1121 2856 1220 2887 invito
1244 2856 1389 2888 domino.
1419 2857 1467 2888 Ex
1490 2867 1528 2888 eo

465 2910 604 2941 namque
626 2901 715 2941 quod
745 2900 932 2931 huiusmodi
954 2907 1042 2932 actus
1066 2900 1234 2931 voluntarii
1257 2907 1332 2932 sunt
1354 2901 1393 2932 de
1416 2910 1530 2942 genere

466 2955 526 2975 suo
550 2951 676 2984 peccata
699 2944 862 2981 mortalia,
887 2944 1042 2986 quoniam
1071 2944 1205 2986 quilibet
1231 2951 1278 2976 est
1303 2945 1349 2976 uti
1373 2955 1405 2975 re
1429 2945 1529 2976 aliena

466 2988 565 3019 invito
594 2988 743 3024 domino,
774 2995 805 3019 et
834 2988 942 3019 nullus
972 2998 1084 3020 eorum
1114 2988 1195 3020 cedit
1223 2988 1256 3020 in
1285 2988 1371 3020 idem
1394 2998 1528 3020 numero

467 3041 542 3063 cum
557 3031 665 3068 altero,
685 3031 841 3072 quoniam
864 3032 1088 3063 discontinuati
1104 3039 1179 3063 sunt
1202 3032 1287 3063 intus
1303 3039 1334 3064 et
1353 3039 1450 3064 extra:
1475 3043 1529 3073 ap-

466 3082 554 3116 paret
584 3076 674 3116 quod
701 3075 793 3106 toties
816 3076 941 3116 quoties
965 3083 1114 3112 utuntur,
1139 3076 1234 3107 etiam
1258 3076 1336 3107 nihil
1360 3077 1529 3116 cogitando

466 3120 504 3150 de
521 3129 553 3150 re
569 3119 680 3156 aliena,
697 3119 790 3151 toties
809 3126 939 3159 peccant
955 3120 1143 3156 mortaliter;
1167 3120 1312 3160 quamvis
1332 3121 1529 3152 durumhoc

465 3164 621 3195 videatur.

521 3208 562 3238 Et
584 3207 608 3238 si
633 3213 743 3238 neutra
766 3216 837 3247 pars
861 3216 933 3238 vera
955 3206 1096 3243 videtur,
1121 3206 1443 3247 subdistinguendum
1466 3214 1527 3239 est:

466 3251 555 3292 quod
583 3258 670 3282 actus
698 3250 772 3292 qui,
797 3250 864 3282 sine
891 3260 977 3281 novo
1001 3257 1204 3291 contemptu,
1230 3251 1350 3282 utendo
1373 3261 1406 3282 re
1430 3251 1530 3282 aliena

467 3301 664 3332 exercentur,
690 3301 764 3326 sunt
791 3294 925 3335 duplicis
953 3294 1153 3326 differentiae.
1186 3294 1327 3332 Quidam
1350 3305 1424 3326 cum
1448 3305 1530 3326 nova

466 3339 580 3370 iniuria
602 3339 735 3370 domini.
759 3339 799 3370 Et
818 3339 966 3370 dicuntur
980 3345 1068 3370 actus
1084 3349 1159 3371 cum
1176 3349 1259 3370 nova
1274 3339 1388 3370 iniuria
1407 3339 1529 3370 domini

467 3390 554 3414 actus
571 3383 616 3413 illi
635 3383 690 3423 qui
714 3383 763 3413 vel
786 3383 922 3414 reddunt
938 3382 1040 3423 ipsam
1056 3392 1123 3414 rem
1140 3383 1338 3420 deteriorem,
1354 3383 1397 3414 ita
1414 3390 1450 3414 ut
1464 3393 1529 3414 non

467 3434 547 3457 esset
570 3427 707 3467 amplius
731 3437 748 3457 a
772 3427 904 3457 domino
929 3427 1112 3467 repetenda,
1138 3427 1193 3458 sed
1223 3427 1290 3458 eius
1321 3427 1459 3467 pretium
1483 3426 1531 3469 (fit

468 3471 553 3501 enim
575 3470 689 3501 iniuria
713 3477 788 3501 tunc
812 3481 895 3501 nova
919 3471 1063 3508 domino,
1089 3481 1124 3502 ex
1148 3471 1209 3502 hoc
1233 3471 1322 3512 quod
1345 3471 1469 3511 cogitur
1491 3472 1529 3501 ad

468 3514 754 3546 commutationem
770 3514 813 3545 rei
830 3525 914 3551 suae,
932 3515 957 3545 si
973 3515 1066 3546 debet
1085 3525 1154 3546 eam
1171 3524 1366 3555 recuperare:
1392 3522 1427 3546 ut
1446 3522 1532 3555 patet

468 3559 506 3589 de
530 3558 775 3598 consumptione
798 3558 892 3589 vestis
917 3558 1062 3595 furtivae;
1088 3559 1133 3590 uti
1155 3569 1292 3600 namque
1308 3566 1393 3590 veste
1417 3569 1528 3590 consu-

1130 233 1396 280 QUAESTIO
1427 234 1567 279 LXVI,
1597 233 1894 270 ARTICULUS
1925 234 1972 269 111

1580 310 1697 340 mendo
1713 310 1809 346 illam,
1835 317 1880 341 est
1904 310 2002 341 facere
2027 316 2062 339 ut
2085 308 2218 338 domino
2242 318 2290 338 res
2307 318 2363 339 sua
2386 308 2560 339 satisfacere
2577 318 2643 338 non

1580 353 1690 403 possit,
1708 353 1802 384 etiam
1819 353 1843 384 si
1861 354 2018 384 reddenda
2034 360 2129 388 esset;
2155 359 2184 383 et
2208 353 2249 382 ob
2273 352 2334 382 hoc
2357 352 2443 383 addit
2463 362 2580 382 novam
2596 352 2643 383 in-

1579 397 1695 427 iuriam
1718 407 1812 437 super
1835 395 2083 439 detentionem).
2107 396 2158 426 vel
2181 405 2218 426 ex
2241 403 2328 435 parte
2352 395 2479 431 utentis,
2495 396 2571 437 quia
2587 395 2643 426 sci-

1580 440 1651 470 licet
1674 441 1810 472 reddunt
1839 448 1980 472 utentem
2003 440 2215 480 impotentem
2245 439 2285 469 ad
2307 438 2564 471 satisfaciendum
2587 440 2643 470 do-

1580 484 1680 520 mino,
1705 491 1741 515 ut
1762 491 1847 525 patet
1870 485 1903 515 in
1922 494 2061 525 paupere
2084 483 2279 524 expendente
2301 482 2451 513 furtivam
2474 483 2644 523 pecuniam

1581 538 1638 559 nec
1651 528 1784 559 habente
1797 529 1881 559 unde
1898 529 1998 570 possit
2010 528 2185 558 satisfacere
2198 526 2331 558 domino
2345 525 2547 569 (huiusmodi
2558 527 2645 558 enim

1581 572 1731 622 expensio
1750 572 1862 603 nociva
1877 580 1924 603 est
1946 572 2090 608 domino,
2107 571 2225 602 addens
2241 580 2336 621 supra
2353 570 2569 603 detentionem
2583 570 2645 601 im-

1580 616 1758 656 potentiam
1779 616 1973 652 restituendi,
1998 626 2033 647 ac
2057 625 2112 656 per
2135 615 2197 646 hoc
2220 614 2336 655 peioris
2360 614 2552 645 conditionis
2573 614 2645 645 red-

1582 661 1658 690 dens
1681 659 1850 690 dominum
1869 658 2051 710 pecuniae).
2082 662 2181 690 Actus
2204 665 2312 690 autem
2335 658 2402 689 sine
2425 668 2510 689 nova
2531 658 2646 689 iniuria

1582 703 1703 733 domini
1726 710 1800 734 sunt
1822 703 1878 743 qui
1894 713 1959 733 non
1975 703 2009 733 in
2028 703 2183 734 damnum
2202 702 2324 733 domini
2341 702 2532 734 redundant:
2557 709 2602 738 ut,
2619 701 2646 732 si

1581 758 1629 778 res
1652 747 1716 778 iam
1736 746 1861 777 devenit
1883 747 1922 776 ad
1942 753 2059 778 statum
2074 747 2108 778 in
2123 756 2190 788 quo
2209 746 2361 778 dominus
2377 747 2476 778 nollet
2492 756 2573 783 earn,
2590 746 2646 776 sed

1581 792 1648 822 eius
1672 791 1821 831 pretium,
1846 790 1885 820 de
1908 797 2012 821 cetero
2036 790 2082 822 uti
2104 790 2174 830 ipsa
2197 800 2314 821 novam
2337 800 2403 821 non
2426 790 2513 822 addit
2536 791 2646 821 deten-

1581 835 1661 866 tioni
1678 834 1836 866 iniuriam.
1861 834 1901 865 Et
1917 833 2061 865 similiter
2076 833 2101 864 si
2118 835 2297 873 expendens
2311 834 2482 874 pecuniam
2496 834 2647 866 furtivam

1580 880 1675 910 habet
1697 879 1728 909 in
1753 885 1906 919 promptu
1930 878 2014 908 unde
2029 877 2204 908 satisfacere
2227 885 2344 918 posset,
2361 877 2387 908 si
2401 878 2504 915 vellet,
2522 877 2646 909 nullam

1581 923 1704 954 videtur
1734 921 1907 954 detentioni
1938 921 2052 952 addere
2081 921 2238 952 iniuriam.
2265 938 2286 944 -
2310 921 2475 954 Diceretur
2505 931 2645 962 namque

1581 968 1670 1009 quod
1693 966 1804 1007 primis
1827 966 1950 997 actibus
1974 965 2067 997 toties
2089 965 2216 1006 quoties
2238 972 2348 1004 peccat
2370 966 2554 1002 mortaliter,
2579 975 2646 997 non

1582 1018 1690 1042 autem
1712 1011 1872 1042 secundis:
1897 1010 1979 1040 sicut
2002 1019 2059 1040 nec
2082 1008 2181 1040 semel
2203 1008 2343 1040 bibendo
2364 1009 2398 1040 in
2421 1020 2494 1041 vase
2516 1009 2649 1046 furtivo,

1582 1065 1656 1086 cum
1678 1054 1829 1096 sit-actus
1846 1054 1912 1085 sine
1927 1053 2051 1085 iniuria.
2075 1052 2231 1090 Quamvis
2250 1053 2289 1083 de
2304 1052 2367 1083 hoc
2381 1063 2447 1084 non
2465 1054 2504 1086 sit
2526 1053 2644 1085 simile:

1581 1099 1656 1140 quia
1679 1098 1866 1129 huiusmodi
1889 1105 1993 1134 actus,
2019 1097 2137 1128 scilicet
2158 1097 2258 1127 semel
2281 1096 2425 1134 bibendi,
2448 1107 2515 1129 non
2538 1103 2586 1128 est
2606 1097 2649 1128 de

1581 1150 1693 1174 natura
1709 1153 1766 1173 sua
1785 1143 1854 1173 talis
1874 1142 1963 1183 quod
1982 1147 2186 1182 computetur
2201 1141 2282 1172 inter
2298 1150 2352 1171 eos
2371 1141 2428 1181 qui
2446 1141 2528 1173 fiunt
2545 1141 2647 1173 invito

1582 1187 1727 1218 domino.

1621 1230 1725 1268 ¹Quid
1747 1230 1864 1260 horum
1882 1229 2045 1270 verius-sit
2067 1238 2134 1259 non
2157 1228 2247 1259 facile
2262 1228 2367 1259 video.
2391 1228 2557 1266 Quoniam
2571 1238 2646 1260 cum

1582 1281 1669 1304 actus
1693 1275 1731 1304 de
1755 1280 1866 1304 natura
1889 1283 1946 1303 sua
1968 1273 2112 1308 intueor,
2136 1272 2261 1303 videtur
2288 1273 2378 1314 quod
2405 1273 2498 1305 toties
2521 1272 2649 1314 quoties

1582 1318 1680 1348 utitur
1702 1327 1734 1347 re
1758 1317 1860 1347 aliena
1881 1316 1982 1347 invito
2005 1316 2152 1352 domino,
2176 1323 2286 1355 peccat
2307 1315 2492 1349 mortaliter.
2515 1334 2537 1340 -
2560 1317 2648 1349 Cum

1582 1371 1657 1392 vero
1681 1361 1846 1392 considero
1877 1360 1966 1401 quod
1995 1370 2071 1391 usus
2095 1359 2161 1390 sine
2185 1369 2269 1390 nova
2291 1359 2406 1391 iniuria
2435 1370 2502 1394 non
2523 1360 2648 1393 videtur

1583 1415 1649 1436 esse
1672 1405 1772 1436 invito
1797 1404 1941 1440 domino,
1967 1403 2018 1435 cui
2041 1403 2230 1434 tantundem
2244 1409 2290 1434 est
2313 1403 2338 1434 si
2362 1403 2433 1435 talis
2451 1412 2530 1437 usus
2547 1404 2603 1437 fiet
2617 1411 2653 1437 et

1582 1450 1608 1480 si
1631 1459 1696 1480 non
1720 1448 1791 1480 fiat:
1816 1449 1940 1479 videtur
1959 1448 2049 1488 quod
2073 1457 2139 1478 non
2154 1446 2249 1478 toties
2267 1447 2393 1488 quoties
2407 1447 2507 1481 utitur
2529 1453 2652 1499 peceat.

1582 1494 1637 1524 sed
1661 1493 1753 1524 toties
1777 1492 1902 1533 quoties
1926 1502 2000 1523 cum
2023 1501 2107 1522 nova
2130 1490 2261 1529 iniuria,
2285 1491 2318 1522 in
2342 1491 2456 1523 affectu
2478 1492 2529 1523 vel
2549 1492 2585 1525 in
2606 1491 2654 1523 afr

1582 1538 1677 1573 fectu,
1702 1544 1737 1568 ut
1760 1537 1953 1567 declaratum
1969 1542 2025 1567 est
2049 1553 2068 1558 -—
2093 1535 2178 1567 Cum
2194 1543 2302 1566 autem
2317 1536 2446 1566 attendo
2462 1536 2552 1576 quod
2565 1536 2651 1570 miel-

1582 1581 1735 1622 tiplicatio
1758 1581 1876 1612 horum
1900 1587 2029 1611 actuum
2053 1586 2100 1610 est
2122 1579 2156 1610 in
2175 1589 2242 1610 esse
2258 1586 2388 1610 naturae
2411 1585 2443 1610 et
2458 1589 2525 1611 non
2539 1580 2653 1616 moria.

1582 1636 1687 1657 unum
1708 1631 1834 1656 tantum
1855 1624 1979 1655 videtur
1998 1634 2064 1654 esse
2087 1630 2263 1663 peccatum,
2288 1623 2367 1654 dum
2389 1633 2457 1655 non
2479 1630 2655 1656 renovamr

1583 1670 1711 1701 affectus
1734 1669 1774 1699 ad
1797 1669 1946 1699 alienum.
1969 1685 1991 1691 -
2015 1668 2055 1698 Et
2076 1667 2150 1698 licet
2175 1668 2252 1698 haec
2276 1667 2388 1699 ultima
2409 1668 2560 1708 replicata
2579 1667 2653 1705 νὴ,

1582 1723 1664 1754 quae
1695 1713 1800 1753 primo
1822 1712 1883 1743 fuit
1905 1712 2014 1747 allata,
2038 1711 2142 1752 prima
2163 1711 2268 1742 fronte
2290 1721 2364 1742 vera
2387 1719 2552 1752 appareat,
2575 1718 2651 1752 pto·

1583 1764 1652 1798 pter
1675 1757 1829 1788 unitatem
1853 1755 1982 1786 moralis
2005 1755 2228 1791 deformitatis;
2259 1755 2286 1786 si
2307 1755 2382 1796 quis
2411 1762 2518 1787 tamen
2546 1755 2650 1788 conai-

1583 1802 1669 1832 deret
1698 1801 1787 1841 quod
1817 1806 1983 1840 operantes
2013 1799 2191 1830 secundum
2219 1799 2364 1830 habitum
2386 1810 2454 1831 non
2477 1800 2652 1832 deliberant

1583 1846 1663 1877 circa
1685 1845 1841 1875 rationem
1863 1843 2032 1874 formalem
2057 1843 2203 1880 habitus,
2227 1849 2264 1874 ut
2289 1850 2378 1883 patet
2404 1844 2438 1875 in
2460 1843 2649 1880 artificibus,

1582 1889 1638 1930 qui
1662 1895 1795 1921 utuntur
1818 1895 1882 1919 arte
1905 1887 1997 1928 quasi
2020 1894 2148 1923 natura,
2174 1894 2209 1918 ut
2230 1886 2328 1918 habes
2350 1887 2384 1918 in
2406 1887 2557 1921 XEthic.
2570 1887 2588 1909 *
2604 1887 2653 1919 ,ἀι

1583 1933 1775 1965 citharaedo:
1800 1931 2006 1963 manifestum
2021 1930 2075 1962 fiet
2097 1931 2186 1972 quod
2210 1931 2356 1962 detentor
2373 1931 2465 1972 quasi
2483 1931 2650 1965 exhabhu

1582 1985 1732 2018 operatur
1755 1976 1941 2007 deliberatae
1965 1975 2171 2012 detentionis,
2196 1982 2227 2007 et
2252 1981 2420 2016 propterea
2443 1985 2511 2007 non
2534 1975 2653 2016 cogitat

1582 2032 1622 2053 an
1646 2031 1679 2052 re
1701 2030 1759 2052 sua
1781 2030 1822 2051 an
1845 2020 1947 2051 aliena
1970 2026 2085 2051 utatur.
2117 2019 2210 2050 Unde
2234 2029 2301 2050 non
2323 2026 2371 2051 est
2392 2025 2562 2060 propterea
2580 2028 2650 2051 me-

1581 2065 1669 2097 lioris
1692 2064 1884 2096 conditionis
1915 2073 2014 2104 quarn
2043 2073 2109 2094 non
2132 2063 2278 2095 detentor
2303 2063 2360 2104 qui
2383 2063 2650 2099 uteretur-*alieno

1581 2109 1681 2141 invito
1705 2108 1848 2145 domino,
1865 2117 1963 2149 quem
1985 2114 2110 2139 constat
2131 2107 2224 2140 toties
2238 2107 2365 2149 quoties
2387 2117 2518 2148 peccare
2529 2115 2650 2141 mortae

1581 2154 1660 2186 liter.
1684 2170 1706 2176 —
1730 2153 1770 2184 Et
1792 2162 1848 2193 per
1866 2152 1928 2182 hoc
1952 2151 2048 2182 etiam
2070 2151 2246 2183 excluditur
2261 2151 2366 2183 media
2379 2151 2430 2182 via
2453 2151 2652 2194 distingsrem

1581 2199 1662 2230 inter
1684 2204 1773 2229 actus
1797 2205 1872 2228 cum
1895 2205 1980 2226 nova
2002 2195 2116 2226 iniuria
2139 2195 2190 2226 vel
2212 2195 2278 2226 sine
2302 2204 2386 2227 nova
2407 2195 2535 2228 iniuria.
2565 2195 2652 2234 Quia

1581 2242 1700 2274 seilicet
1715 2250 1781 2271 non
1798 2247 1844 2271 est
1863 2239 2003 2271 melioris
2019 2238 2213 2270 conditionis
2232 2240 2378 2271 detentor
2400 2247 2581 2281 quam‘non
2595 2240 2651 2272 de-

1581 2293 1696 2318 tentor.
1720 2285 1783 2316 Sed
1805 2283 1831 2314 si
1838 2284 1919 2335 ‘quis
1938 2293 2005 2314 non
2021 2290 2102 2314 esset
2125 2283 2271 2315 detentor
2284 2283 2329 2315 rei
2346 2283 2477 2321 alienae,
2493 2290 2535 2316 et
2543 2290 2657 2317 tmen

1583 2336 1722 2362 uteretur
1745 2339 1781 2360 ea
1804 2328 1936 2359 scienter
1957 2327 2058 2358 invito
2083 2328 2217 2358 domino
2239 2327 2294 2360 tali
2318 2337 2379 2360 usu
2405 2329 2461 2369 qui
2485 2329 2657 2361 consuevit

1582 2374 1683 2415 pretio
1707 2372 1881 2406 aestimari
1905 2378 2048 2412 peccaret
2070 2372 2244 2403 mortaliter
2266 2381 2304 2403 ex
2326 2379 2439 2404 natura
2461 2378 2573 2404 actus.
2582 2373 2651 2404 De·

1581 2425 1686 2450 tentor
1699 2416 1794 2456 igitur
1812 2416 1904 2448 toties
1923 2422 2032 2456 peccat
2051 2416 2225 2447 mortaliter
2239 2416 2366 2457 quoties
2381 2425 2486 2447 novus
2500 2426 2650 2449 consum·

1581 2469 1671 2503 ptor,
1695 2460 1822 2502 quoties
1845 2460 1968 2490 noviter
1991 2466 2083 2490 utens
2107 2467 2168 2496 est,
2193 2459 2275 2491 sicut
2297 2467 2439 2500 peccaret
2466 2460 2561 2492 toties
2582 2470 2650 2492 non

1584 2507 1741 2537 detentor.

1636 2550 1744 2580 Restat
1765 2548 1861 2588 igitur
1883 2557 1920 2577 ex
1943 2547 2042 2578 tribus
2059 2547 2160 2578 allatis
2175 2546 2232 2577 viis
2256 2547 2346 2588 quod
2363 2547 2418 2578 illa
2433 2548 2503 2579 sola
2518 2548 2558 2582 sit
2572 2557 2650 2581 ‚vera

1581 2603 1663 2635 quae
1686 2599 1774 2623 actus
1797 2602 1834 2622 ex
1857 2598 1968 2622 natura
1991 2601 2048 2622 sua
2071 2601 2174 2622 novos
2197 2590 2278 2622 cirea
2299 2601 2368 2622 rem
2383 2591 2530 2632 aliquam
2546 2591 2649 2625 invito

1582 2637 1727 2673 domino,
1743 2636 1894 2667 intuetur.
1918 2635 1959 2666 Et
1982 2635 2026 2666 sic
2049 2636 2089 2666 ad
2113 2634 2249 2666 dubium
2270 2635 2304 2666 in
2319 2635 2506 2676 principio*
2521 2642 2650 2669 motum

1582 2689 1668 2723 patet
1690 2680 1875 2721 responsio:
1906 2679 1994 2720 quod
2018 2679 2162 2710 detentor
2184 2679 2331 2720 quidem,
2355 2679 2550 2721 inquantum
2568 2680 2649 2713 deti·

1582 2732 1645 2760 net,
1670 2734 1736 2755 non
1759 2723 1910 2755 continue
1933 2729 2050 2763 peccat,
2074 2724 2129 2754 sed
2152 2723 2278 2764 quoties
2300 2730 2434 2754 renovat
2455 2732 2650 2757 consensum

1583 2768 1757 2804 detinendi;
1790 2773 2000 2808 consumptor
2022 2773 2130 2798 autem
2153 2774 2184 2799 et
2207 2774 2319 2804 utens,
2342 2767 2469 2808 quoties
2498 2768 2539 2799 de
2561 2773 2658 2806 novor

1583 2813 1742 2844 consumit
1761 2822 1816 2843 seu
1832 2811 1931 2843 utitur
1949 2811 2003 2842 tali
2019 2821 2080 2842 usu
2099 2811 2155 2852 qui
2175 2812 2341 2843 consuevit
2358 2812 2461 2852 pretio
2480 2810 2658 2848 acatii-fisa

1582 2858 1646 2888 sive
1671 2857 1709 2887 de
1731 2856 1794 2887 hoc
1813 2855 1928 2895 cogitet
1947 2855 2011 2886 sive
2030 2865 2106 2886 non.
2131 2873 2151 2879 -
2174 2856 2215 2887 Et
2234 2854 2441 2887 confirmatur
2458 2856 2526 2888 hoc·
2539 2866 2578 2889 οι
2590 2856 2650 2889 de·

1582 2901 1725 2932 finitione
1748 2898 1959 2951 supradicta*
1981 2899 2181 2936 iuristarum,
2205 2899 2323 2931 scilicet
2344 2901 2436 2941 quod
2457 2900 2582 2933 furtum
2602 2904 2684 2933 'nat-⁸

1583 2944 1788 2977 contrectatio
1813 2953 1879 2975 non
1902 2943 2010 2974 solum
2031 2943 2087 2981 rei,
2111 2944 2166 2974 sed
2189 2952 2277 2975 usus.

1637 2988 1766 3020 V11.In
1789 2988 1904 3019 eodem
1927 2987 2060 3019 articulo
2083 2987 2194 3024 tertio,
2217 2988 2251 3018 in
2278 2988 2488 3038 responsione
2518 2974 2559 3020 ad
2587 2994 2651 3021 Ιοιιὺ

1582 3033 1679 3069 tium,
1704 3031 1839 3064 dubium
1865 3031 2002 3063 occurrit
2031 3031 2158 3072 duplex.
2186 3010 2334 3063 ’Primum
2357 3038 2404 3063 est
2433 3031 2515 3063 cirea
2536 3031 2650 3065 ultim·

1582 3077 1686 3113 verba,
1710 3076 1842 3107 scilicet:
1865 3075 1907 3107 Id
1927 3076 2013 3116 quod
2035 3081 2081 3107 est
2098 3085 2162 3116 per
2182 3077 2331 3116 rapinam
2355 3076 2499 3107 ablatum
2523 3081 2650 3109 estvm

1575 3122 1694 3161 pteris,
1711 3129 1774 3151 non
1790 3120 1989 3160 simpliciter,
2004 3119 2062 3151 sed
2078 3124 2234 3160 quantum
2249 3120 2293 3151 ad
2311 3119 2535 3155 detentionem.
2547 3119 2652 3159 ,Ωυο-

1582 3164 1668 3195 niam
1691 3164 1724 3194 in
1747 3163 1902 3205 praesenti
1917 3163 2047 3194 materia
2071 3172 2137 3194 esse
2152 3163 2287 3195 alicuius
2309 3171 2468 3204 quantum
2482 3163 2648 3197 adfecten-

1581 3207 1703 3239 tionem
1726 3214 1773 3239 est
1794 3207 1908 3238 habere
1930 3207 1980 3238 ius
2004 3207 2177 3239 detinendi:
2202 3207 2283 3239 sicut
2306 3216 2373 3239 esse
2390 3207 2524 3240 alicuius
2544 3217 2648 3249 quan-

1581 3258 1652 3283 tum
1675 3251 1715 3282 ad
1736 3251 1917 3283 custodiam
1939 3251 2091 3291 importat
2113 3252 2229 3282 habere
2251 3252 2302 3284 ius
2326 3251 2537 3284 custodiendi.
2558 3251 2650 3284 Gon·

1582 3302 1643 3327 stat
1665 3302 1772 3326 autem
1795 3295 1885 3336 quod
1908 3301 2015 3335 raptor
2038 3305 2104 3326 non
2120 3295 2215 3327 habet
2238 3295 2288 3326 ius
2304 3295 2482 3328 detinendi:
2505 3295 2582 3336 quia
2604 3301 2650 3327 te-

1583 3346 1675 3370 netur
1701 3339 1740 3370 ad
1772 3349 1838 3371 non
1867 3338 2092 3376 detinendum,
2117 3346 2148 3371 et
2177 3347 2286 3380 peccat
2311 3339 2490 3371 mortaliter-
2507 3339 2648 3371 volendo

1584 3383 1737 3420 detinere,
1762 3390 1792 3414 et
1815 3382 1925 3414 tandiu
1950 3390 1995 3414 est
2022 3383 2055 3414 in
2079 3390 2161 3415 statu
2191 3383 2309 3424 peceati
2333 3382 2475 3415 mortalis
2505 3383 2648 3424 quandiu

1584 3427 1711 3458 detinet.
1741 3427 1814 3457 Non
1838 3434 1885 3458 est
1907 3427 2002 3467 igitur
2025 3437 2135 3459 verum
2159 3428 2246 3468 quod
2269 3437 2317 3458 res
2340 3433 2428 3467 rapta
2451 3427 2491 3459 sit
2513 3427 2649 3468 raptoris

1584 3477 1741 3512 quantum
1765 3471 1804 3501 ad
1828 3471 2055 3502 detentionem.

1641 3515 1824 3546 Secundum
1848 3515 1982 3546 dubium
2006 3523 2052 3546 est
2075 3515 2150 3556 quia
2174 3515 2206 3545 in
2229 3515 2288 3546 hac
2301 3514 2508 3555 responsione
2526 3517 2650 3547 Auctor

1585 3558 1717 3590 sustinet
1740 3559 1827 3599 quod
1853 3559 1877 3589 si
1902 3559 1973 3600 quis
1997 3569 2063 3590 rem
2087 3558 2258 3600 propriam,
2283 3566 2404 3599 raptam
2429 3559 2466 3589 ab
2490 3558 2570 3595 alio,
2595 3568 2649 3590 oc-

2675 1885 2686 1896 ·
2700 1883 2795 1906 Comm.
2813 1884 2860 1905 ..Τ

2675 1909 2762 1933 inum
2778 1910 2860 1937 tic.,le‹

2675 1942 2748 1986 :trba
2774 1942 2858 1964 eap.v1

2676 2641 2684 2650 ’
2699 2639 2772 2662 Νιιιιι.
2786 2645 2823 2662 ιιι.

2699 2902 2771 2926 Num.
2783 2909 2798 2926 r.
