2860 4244
1025 246 1290 291 QUAESTIO
1320 246 1498 292 LXXIV,
1528 246 1824 283 ART1CULUs
1856 247 1885 282 11

1129 336 1446 377 ARTICULUS
1476 335 1775 378 SECUNDUS

737 422 892 452 UTRUM
914 419 1169 451 DETRACTIO
1193 419 1260 450 SIT
1284 418 1470 450 GRAvms
1493 418 1732 474 PEccATuM
1756 421 1881 458 QUAM
1905 419 2129 451 SUSURRM
2132 419 2176 451 10

376 259 445 293 140

394 513 446 554 ..px
486 526 500 539 ,,
578 500 1128 530 DSECUNDUMS1CPROCED1TUR.
1145 488 1304 525 Videtur
1325 488 1456 537 quod
1482 496 1623 537 quanto
1653 489 1775 526 maius
1795 498 1850 526 est
1878 490 2024 526 bonum
2052 489 2157 538 quod
2186 489 2333 526 tollitur.
2365 491 2464 526 Inter
2484 503 2542 526 ce-

394 514 556 604 52⁸2}
579 545 758 582 detractio
779 544 824 580 sit
843 543 993 591 gravius
1013 550 1212 602 peccatum
1233 554 1348 590 quam
1368 554 1428 578 su·
1454 536 1457 597 Ι
1481 549 1561 578 tera
1579 553 1673 580 vero
1695 543 1877 580 exteriora
1898 543 1999 579 bona
2017 542 2253 591 praeeminet
2271 542 2434 578 amicus:
2455 543 2543 590 quia

384 598 388 603 ’
403 575 441 643 ’,
468 612 504 641 r
520 594 748 640 ε’(ιιιιιειῒίο.
779 598 939 632 Peccata
978 595 1080 631 enim
1111 594 1186 631 oris
1220 594 1456 632 consistunt
1480 595 1560 630 sine
1586 595 1717 631 amicis
1754 596 1876 632 nullus
1909 596 2036 632 vivere
2062 593 2223 643 posset⁶
2236 624 2244 642 ,
2274 602 2315 631 ut
2345 602 2448 643 patet
2475 607 2544 643 per
2670 596 2684 621 ὅ

473 641 614 687 affin
643 651 717 686 hoc
745 649 849 698 quod
886 648 1019 697 aliquis
1056 649 1194 684 mala‘
1223 647 1320 685 dicit.
1351 647 1429 684 Sed
1455 629 1457 691 Ι
1481 646 1769 695 Philosophum,
1800 648 1838 684 in
1856 648 1942 684 VIII
1970 648 2090 684 Ethic.
2111 648 2141 684 ³¹⁵.
2171 648 2282 685 Unde
2311 647 2445 684 dicitur
2471 648 2543 684 Ec·
2570 650 2622 698 '304
2641 666 2646 672 ·
2666 657 2723 675 ¹³¹·
2740 657 2779 672 ¹·-

369 702 555 738 detractor
592 703 679 739 dicit
707 702 754 739 de
787 701 962 750 proximo
993 713 1037 737 ea
1073 712 1171 748 quae
1210 708 1296 737 sunt
1327 701 1428 737 mala
1455 737 1457 746 ,
1481 700 1539 736 cli.
1560 712 1595 736 V1
1615 699 1652 735 *z
1679 701 1812 736 Amico
1825 700 1938 748 fideli
1963 701 2065 737 nulla
2093 706 2148 737 est
2173 701 2427 749 comparatio.-
2455 700 2580 748 quia
2571 678 2744 739 ’'versilis''

128 1238 137 1246 ⁸
153 1236 219 1257 Vers.
235 1242 254 1257 2.

128 1445 138 1454 ¹·
153 1444 220 1466 Vei-s.
236 1449 260 1465 11.

208 1665 248 1684 xx,
257 1662 301 1680 art.
310 1664 323 1686 3
332 1665 337 1683 ;

205 1702 210 1711 ,
217 1690 338 1713 quaxxm,

127 1659 202 1706 {3¹:12

127 1715 168 1733 art.
182 1718 202 1740 3.

127 1820 135 1828 ⁸
150 1818 217 1839 Vers.
234 1824 264 1845 ¹7·

129 1977 197 2004 ‘Qu-
205 1982 284 2002 Lxxffl,
295 1980 338 1998 art.

179 2003 200 2024 la
218 2003 278 2029 11⁸⁶,

130 2019 210 2055 cxxiii,
225 2033 266 2051 art.
272 2019 303 2051 8.

131 3109 195 3137 Qu.
203 3115 264 3136 xxxi,
269 3112 311 3131 art.
317 3115 340 3136 4,

131 3135 160 3157 ad
174 3142 193 3157 2.

368 753 596 802 simpliciter,
617 755 706 803 quia
734 767 779 791 ex
807 755 942 791 talibus
970 754 1089 790 oritur
1111 753 1266 790 infamia
1293 754 1354 790 vel
1377 753 1430 789 di·
1455 778 1457 791 Ι

368 806 549 844 minuitur
577 808 697 844 fama:
728 820 880 844 susurro
910 814 1038 843 autem
1067 818 1145 843 non
1172 814 1277 843 curat
1304 806 1428 843 dicere

367 859 436 896 nisi
465 862 564 897 mala
598 860 837 909 apparentia,
864 872 963 909 quae
1001 859 1140 896 scilicet
1175 859 1395 908 displiceant
1414 857 1429 887 β
1455 884 1456 897 2

1455 920 1456 930 ¹
1483 911 1605 948 maius
1633 918 1832 969 peccatum
1862 922 1978 970 quam
2007 911 2199 958 detractio,
2222 918 2258 948 et
2286 912 2415 948 etiam
2426 924 2543 961 quam

1454 952 1458 1014 Ι
1482 964 1732 1006 contumelia:
1763 963 1851 1012 quia
1874 964 2018 1000 amicus
2038 970 2092 1000 est
2117 964 2250 1000 melior
2273 976 2386 1012 quam
2409 966 2543 1010 honor,

1455 1027 1457 1057 ἐ
1482 1023 1519 1054 et
1535 1017 1663 1054 amari
1680 1028 1793 1065 quam
1822 1017 2015 1061 honorari,
2037 1023 2078 1053 ut
2097 1017 2134 1053 in
2154 1016 2241 1053 VIII
2269 1018 2390 1054 Ethic.
2410 1016 2430 1039 *
2457 1017 2544 1054 Phi-

367 912 543 950 audienti.
588 915 689 972 Ergo
728 914 879 961 gravius
915 921 1115 961 peccatum
1153 920 1209 948 est
1246 911 1427 949 detractio

367 976 481 1013 quam
512 966 728 1003 susurratio.

420 1030 454 1054 2.
476 1017 707 1066 PRAETEREA,
728 1019 960 1068 quicumque
989 1019 1109 1055 aufert
1134 996 1243 1054 alicui
1273 1018 1427 1064 famam,

1483 759 1519 789 et
1547 752 1691 801 optima
1709 753 1811 789 fama
1829 757 1853 798 ⁸,
1875 765 1974 800 quae
2002 765 2070 802 per
2094 753 2366 790 detractionem
2390 753 2541 801 tollitur,

1482 806 1530 842 ad
1556 806 1631 842 hoc
1659 805 1825 842 maxime
1852 806 2063 842 necessaria
2091 814 2147 843 est
2173 814 2215 843 ut
2235 807 2355 843 homo
2383 806 2544 843 idoneus

1482 860 1531 896 ad
1569 857 1771 894 amicitiam
1806 858 2001 895 habeatur.
2045 859 2094 894 Et
2125 859 2212 896 ideo
2247 860 2451 896 susurratio
2489 867 2545 895 est

367 1071 486 1107 aufert
514 1072 548 1108 ei
577 1085 654 1109 non
683 1073 807 1109 solum
827 1083 946 1108 unum
977 1071 1153 1117 amicum,
1175 1070 1242 1107 sed
1271 1070 1428 1107 multos:
1455 1063 1457 1094 Ι
1482 1070 1665 1118 losophus
1694 1068 1792 1106 d-.icit

366 1124 454 1172 quia
491 1125 750 1174 unusquisque
776 1131 790 1152 Υ
821 1124 952 1172 refugit
987 1123 1191 1161 amicitiam
1229 1123 1428 1160 infamium
1455 1134 1457 1168 Ι

1455 1169 1457 1191 ²
1482 1182 1537 1211 tas
1553 1175 1697 1223 peccati
1717 1175 1837 1223 magis
1856 1175 2059 1212 attenditur
2074 1187 2119 1211 ex
2133 1175 2210 1211 fine
2225 1186 2343 1222 quam
2364 1186 2408 1211 ex
2428 1182 2546 1211 mate-

366 1230 476 1279 ralip.
500 1243 560 1268 xrx
581 1233 616 1267 *.
645 1230 721 1269 His·
747 1231 814 1279 qui
839 1231 997 1267 oderunt
1022 1229 1230 1266 Dominum
1263 1229 1429 1265 amicitia
1456 1263 1457 1266 ,

1455 1278 1457 1282 ’
1482 1280 1648 1328 gravior:
1665 1281 1844 1327 quamvis
1853 1280 2042 1318 detractor
2051 1281 2282 1329 quandoque
2291 1280 2423 1329 peiora
2430 1279 2543 1320 dicat.

366 1187 635 1225 personarum;
657 1179 758 1215 unde
780 1185 910 1215 contra
930 1178 1122 1226 quendam
1144 1176 1288 1221 dicitur,
1306 1177 1337 1212 II
1358 1177 1429 1212 Pa-

368 1283 547 1333 iungeris.
587 1284 801 1321 Susurratio
831 1291 958 1319 autem
994 1283 1115 1318 aufert
1145 1293 1265 1317 unum
1304 1281 1429 1318 solum

367 1337 545 1374 amicum.
590 1337 753 1374 Gravius
792 1348 882 1383 ergo
918 1342 1119 1383 peccatum
1157 1341 1214 1370 est
1249 1333 1428 1370 detractio

367 1401 484 1436 quam
512 1397 730 1426 susurratio.

421 1443 455 1479 3.
476 1443 708 1489 PRAETEREA,
725 1443 798 1478 Iac.
816 1452 851 1477 ιν
864 1440 884 1462 *
904 1440 1054 1477 dicitur:
1083 1437 1158 1481 Qui
1174 1439 1334 1477 dewahit
1339 1440 1429 1487 fra·
1455 1468 1457 1476 .

365 1494 414 1530 tri
430 1507 511 1540 suo,
531 1495 692 1532 detrahit
715 1494 814 1543 legi‚·
842 1502 878 1530 et
896 1506 965 1542 per
984 1503 1223 1541 consequens
1246 1493 1344 1538 Deo,
1365 1492 1429 1540 qui

350 1555 422 1584 1est
439 1548 645 1595 legislator:
673 1555 710 1584 et
729 1548 781 1584 sic
800 1555 1001 1595 peccatum
1021 1544 1261 1584 detractionis
1280 1545 1430 1582 videtur

365 1613 448 1637 esse
475 1609 674 1649 peccatum
702 1600 741 1637 in
766 1601 907 1647 Deum,
929 1600 1032 1648 quod
1062 1607 1118 1636 est
1149 1598 1427 1647 gravissimum,

365 1662 407 1691 ut
434 1666 549 1702 supra
567 1654 588 1676 *
614 1653 787 1691 habitum
817 1660 883 1689 est.
921 1654 1126 1689 Peccatum
1155 1660 1284 1688 autem
1304 1663 1430 1688 susur·

365 1707 518 1745 rationis
546 1714 603 1744 est
629 1707 667 1743 in
690 1706 920 1755 proximum.
957 1706 1059 1753 Ergo
1087 1712 1287 1753 peccatum
1309 1704 1430 1741 detra-

366 1761 499 1797 ctionis
529 1768 583 1796 est
606 1759 756 1807 gravius
785 1771 901 1807 quam
921 1766 1122 1807 peccatum
1151 1757 1427 1795 susurrationis.

420 1815 493 1850 SED
522 1824 668 1850 CONTRA
687 1824 754 1850 as‘r
777 1813 882 1860 quod
902 1811 1035 1848 dicitur
1053 1811 1170 1848 Eccli.
1190 1823 1214 1847 v
1231 1810 1271 1847 *ε
1301 1811 1426 1847 Deno-

364 1867 453 1904 tatio
467 1867 632 1914 pessima
660 1877 774 1914 super
790 1865 1018 1914 bilinguem:
1045 1864 1279 1901 susurratori
1302 1868 1428 1900 autem

365 1916 492 1957 odium
521 1925 558 1956 et
581 1919 774 1955 inimicitia
802 1924 839 1954 et
863 1917 1099 1955 contumelia.

420 1973 645 2009 Respounao
665 1983 848 2008 morannum
868 1971 984 2019 quod,
1005 1971 1100 2007 sicut
1119 1981 1234 2018 supra
1247 1968 1268 1990 *
1288 1968 1429 2006 dictum

365 2033 440 2072 est,
470 2032 670 2073 peccatum
707 2025 746 2061 in
782 2024 998 2072 proximum
1041 2030 1146 2060 tanto
1188 2029 1244 2059 est
1276 2021 1428 2070 gravius

365 2085 508 2126 quanto
538 2090 606 2126 per
633 2078 759 2125 ipsum
789 2076 911 2114 maius
942 2083 1223 2113 ¹nocumentum
1251 2074 1428 2123 proximo

364 2131 540 2168 infertur:
585 2131 862 2168 nocumentum
905 2137 1032 2167 autem
1063 2136 1175 2166 tanto
1213 2127 1336 2165 maius
1375 2134 1430 2164 est

420 2245 447 2276 α)
467 2244 578 2269 mala.-
595 2244 664 2269 male
683 2243 753 2268 PDa.

419 2278 443 2312 β)
464 2279 630 2312 displiceant.
643 2293 663 2298 -
681 2279 821 2310 displicent
839 2278 897 2304 PsL
916 2284 941 2303 et
959 2286 985 2304 a.

418 2315 444 2348 γ)
465 2314 650 2346 unusquisque.
665 2327 680 2333 -
699 2314 848 2339 intellectus
861 2309 1039 2347 unusquisque
1057 2313 1157 2346 1⁷1pr,
1177 2313 1324 2339 intellectus
1337 2313 1428 2338 unius-

363 2351 490 2382 cuiusque
508 2349 700 2375 PACEGLst
718 2355 746 2375 et
761 2357 788 2374 a.

1535 1125 1594 1160 Au
1610 1134 1747 1160 patmum
1763 1133 1861 1159 ERoo
1881 1134 2066 1158 mci-:noum
2087 1121 2191 1170 quod
2207 1122 2352 1170 species
2369 1129 2405 1158 et
2423 1122 2545 1170 gravi-

1482 1228 1562 1264 riali
1590 1228 1752 1265 obiecto.
1783 1229 1832 1264 Et
1855 1227 1943 1264 ideo
1971 1228 2116 1264 ratione
2142 1227 2228 1264 finis
2258 1227 2464 1267 susurratio
2490 1235 2546 1265 est

1535 1335 1594 1369 An
1622 1344 1813 1370 secunaum
1831 1344 2015 1370 mesanum
2045 1333 2149 1382 quod
2172 1333 2275 1370 fama
2303 1341 2364 1371 est
2379 1333 2544 1389 disposi-

1481 1385 1532 1422 tio
1562 1386 1612 1422 ad
1638 1385 1857 1432 amicitiam,
1879 1393 1915 1422 et
1933 1385 2088 1422 infamia
2116 1386 2166 1423 ad
2184 1379 2447 1427 inimicitiam
2448 1382 2545 1424 ms-

1481 1438 1618 1486 positio
1637 1445 1766 1475 autem
1794 1438 1923 1477 deficit
1941 1439 1989 1475 ab
2019 1450 2065 1475 eo
2093 1438 2143 1476 ad
2166 1440 2271 1487 quod
2300 1439 2481 1488 disponit.
2497 1439 2546 1476 Et

1482 1491 1569 1528 ideo
1598 1492 1659 1528 ille
1679 1492 1746 1539 qui
1771 1498 1950 1540 operatur
1976 1492 2026 1528 ad
2045 1491 2187 1540 aliquid
2211 1492 2318 1540 quod
2345 1492 2546 1541 est'dispo-

1455 1540 1457 1551 ¹
1482 1544 1566 1581 sitio
1595 1546 1644 1582 ad
1672 1544 1917 1591 inimicitiam,
1938 1546 2065 1582 minus
2091 1553 2225 1593 peccat
2241 1555 2364 1594 ¹quam
2393 1544 2452 1582 ille
2480 1546 2544 1594 qui

1455 1604 1457 1649 J
1483 1597 1622 1635 directe
1650 1605 1829 1646 operatur
1856 1597 1906 1635 ad
1932 1597 2165 1635 inimicitiam
2194 1598 2460 1636 inducendam.

1535 1653 1593 1687 Αι)
1631 1662 1789 1687 TERTIUM
1826 1662 2010 1688 mCENDUM
2047 1651 2152 1699 quod
2189 1651 2248 1687 ille
2284 1651 2349 1700 qui
2386 1649 2548 1688 detrahit

1481 1703 1582 1740 fratri
1608 1703 1794 1740 intantum
1821 1703 1974 1741 videtur
2000 1703 2197 1741 detrahere
2221 1703 2294 1752 legi
2318 1704 2544 1753 inquantum

1455 1755 1456 1765 ¹
1482 1756 1692 1793 contemnit
1704 1764 1952 1805 praeceptum
1967 1757 2014 1794 de
2031 1756 2230 1794 dilectione
2244 1757 2421 1806 proximi.
2445 1757 2547 1794 Con-

1481 1816 1538 1846 tra
1564 1809 1670 1858 quod
1699 1808 1873 1846 directius
1893 1809 1967 1857 agit
1994 1809 2058 1858 qui
2083 1809 2287 1847 amicitiam
2308 1809 2546 1859 disrumpere

1481 1861 1619 1898 nititur.
1640 1862 1750 1899 Unde
1769 1863 1844 1899 hoc
1863 1869 2061 1911 peccatum
2082 1862 2247 1899 maxime
2267 1870 2398 1900 contra
2417 1864 2545 1900 Deum

1482 1922 1558 1952 estz
1587 1914 1676 1963 quia
1695 1916 1799 1952 Deus
1826 1914 1970 1952 dilectio
1988 1921 2054 1960 est,
2074 1923 2115 1951 ut
2133 1915 2269 1952 dicitur
2298 1917 2313 1952 l
2333 1918 2437 1953 Ioan.
2459 1927 2494 1953 tv
2513 1916 2544 1953 *.

1482 1968 1714 2016 Etpropter
1741 1969 1816 2004 hoc
1837 1967 1971 2005 dicitur
1997 1969 2109 2005 Frov.
2129 1979 2165 2005 vr
2183 1968 2225 2005 *ε
2253 1968 2548 2017 Sexsunt=q²uae

1482 2020 1560 2058 odit
1585 2021 1784 2067 Dominus,
1803 2027 1840 2058 et
1855 2022 2052 2070 septimum
2071 2022 2272 2058 detestatur
2298 2022 2428 2059 anima
2446 2019 2547 2059 ainsi

1484 2081 1520 2111 et
1547 2074 1622 2110 hoc
1650 2074 1861 2123 septimum
1889 2074 1996 2123 ponit
2014 2074 2057 2096 ’⁸
2062 2086 2148 2111 eum
2175 2075 2242 2123 qui
2265 2074 2427 2113 seruat-zat
2446 2073 2584 2114 ἰωὰ·
2598 2085 2664 2109 ver·-
2679 2092 2711 2115 ¹9

1479 2127 1626 2171 fratres
1646 2127 1883 2164 discordiam.
2378 2149 2379 2152 =
2462 2144 2467 2147 -
2514 2134 2542 2160 1«-

1535 2241 1561 2274 δ)
1576 2243 1708 2274 posset.-
1722 2242 1809 2283 possit
1828 2242 1900 2274 EpG,
1916 2245 2006 2273 potest
2023 2241 2070 2266 Pa.

1523 2277 1562 2311 ε)
1577 2277 1641 2310 quia
1667 2281 1694 2303 et
1717 2277 1819 2309 optima
1842 2277 1931 2311 sama.
1949 2291 1968 2297 -
1992 2277 2056 2310 quia
2081 2280 2108 2303 et
2126 2277 2184 2310 ipsa
2195 2278 2278 2312 sama
2300 2277 2357 2310 ΒΚ
2369 2282 2395 2304 et
2413 2277 2547 2314 Ριιιιοςιῑη..1
2586 2301 2629 2312 ,
2647 2261 2650 2264 ‚

1474 2313 1556 2346 sama
1580 2316 1670 2338 aurem
1690 2313 1748 2347 ipsa
1768 2313 1796 2337 P.
2574 2315 2577 2317 ’

1047 2418 1380 2451 Commentariun
1403 2418 1654 2452 Cardinalis
1677 2417 1879 2450 Caietam

397 2501 417 2521 u
442 2497 579 2530 utroque
603 2490 699 2523 simul
720 2489 851 2521 articulo
875 2489 1070 2530 quaestionis
1087 2489 1429 2531 septuagesimaequar-

398 2542 458 2571 tae,
482 2534 520 2564 de
544 2534 773 2569 susurratione,
799 2533 934 2564 dubium
958 2532 1102 2569 occurrit,
1127 2543 1168 2563 an
1191 2533 1365 2565 susurratio
1390 2534 1429 2565 sit

368 2578 462 2610 unius
481 2578 594 2631 speciei
618 2577 868 2618 specialissimae.
894 2577 935 2608 Et
951 2584 997 2608 est
1019 2576 1098 2608 ratio
1116 2577 1203 2607 dubii
1227 2577 1301 2619 quia
1319 2587 1428 2608 susur-

367 2623 446 2654 ratio
472 2623 585 2653 directe
605 2622 705 2653 tendit
720 2628 829 2653 contra
844 2621 1029 2652 amicitiam.
1055 2621 1135 2652 sicut
1154 2621 1304 2653 detractio
1320 2629 1429 2652 contra

366 2667 500 2703 famam,
533 2674 563 2697 et
593 2666 787 2697 contumelia
820 2673 929 2698 contra
956 2666 1122 2697 honorem.
1157 2665 1291 2696 Constat
1322 2672 1429 2697 autem

366 2711 522 2743 amicitiae
545 2721 612 2742 esse
635 2710 751 2742 multas
774 2710 913 2750 species:
946 2710 1062 2742 scilicet
1079 2710 1226 2746 honesti,
1250 2710 1353 2747 utilis,
1370 2717 1428 2742 etc.

368 2756 500 2787 Videtur
523 2765 597 2796 ergo
620 2755 710 2797 quod
732 2754 906 2786 susurratio
931 2754 963 2784 in
986 2761 1035 2787 tot
1058 2754 1170 2786 debeat
1193 2754 1342 2795 distingui
1359 2765 1429 2796 spe-

368 2799 429 2830 cies
453 2806 533 2840 quot
548 2806 622 2832 sunt
637 2798 791 2830 amicitiae
808 2798 936 2839 species.
962 2816 983 2821 -
1007 2799 1042 2828 In
1059 2798 1247 2840 oppositum
1261 2798 1429 2831 auctoritas

367 2850 413 2874 est
436 2843 564 2879 litterae,
584 2853 666 2884 quae
690 2843 937 2873 susurrationem
954 2849 989 2873 ut
1015 2842 1141 2873 unicam
1157 2849 1265 2873 tractat
1281 2843 1428 2883 speciem.

367 2888 416 2924 Et,
442 2895 476 2918 ut
500 2894 595 2928 patet,
619 2888 669 2918 hic
692 2887 770 2917 liber
792 2894 839 2918 est
862 2887 1096 2917 consummatio
1120 2887 1301 2918 moralium.

422 2932 472 2962 Ad
488 2932 549 2962 hoc
566 2931 679 2962 dicitur
694 2932 784 2972 quod
799 2931 874 2972 quia
894 2941 959 2961 non
974 2931 1157 2962 inconvenit
1173 2941 1271 2962 unam
1291 2931 1429 2971 speciem
1454 2929 1456 2936 '

368 2975 626 3016 specialissimam
656 2975 823 3006 habituum
845 2975 972 3006 tendere
995 2975 1027 3006 in
1043 2975 1198 3006 rationem
1222 2985 1429 3006 communem

368 3019 476 3050 multis
499 3019 680 3060 generibus;
706 3026 742 3050 ut
767 3019 800 3049 in
821 3019 979 3050 habitibus
1002 3019 1265 3050 intellectualibus
1282 3025 1367 3060 patet
1391 3020 1428 3049 de

367 3063 591 3104 metaphysica,
609 3073 690 3104 quae
707 3064 806 3094 tendit
821 3064 854 3093 in
870 3074 924 3094 ens
940 3063 1131 3104 inquantum
1152 3073 1223 3100 ens;
1247 3070 1278 3094 et
1292 3064 1325 3094 in
1342 3063 1428 3094 habi-

367 3108 450 3139 tibus
469 3107 643 3138 moralibus
659 3108 697 3137 de
714 3107 779 3137 odii
798 3107 886 3143 vitio,
902 3108 1001 3148 quod,
1017 3108 1102 3138 iuxta
1127 3108 1304 3148 supradicta
1319 3107 1345 3144 *,
1363 3115 1428 3138 ten-

369 3152 414 3182 dit
428 3152 461 3182 in
479 3161 686 3182 communem
702 3151 777 3181 mali
793 3151 962 3182 rationem:
983 3151 1098 3182 idcirco
1116 3152 1232 3182 mirum
1252 3162 1318 3182 non
1335 3158 1381 3182 est
1404 3151 1429 3182 si

368 3195 522 3226 amicitiae
535 3196 653 3226 multae
670 3202 743 3226 sunt
759 3195 887 3235 species,
901 3202 931 3225 et
945 3202 1051 3225 tamen
1068 3195 1240 3226 susurratio
1257 3195 1348 3226 unica
1363 3202 1429 3226 tan-

368 3247 438 3271 tum
451 3247 497 3270 est
508 3240 636 3280 species,
653 3240 784 3270 tendens
800 3239 832 3269 in
849 3249 1056 3270 communem
1071 3239 1226 3269 rationem
1237 3239 1428 3270 inimicitiae.

369 3284 414 3315 lta
425 3285 514 3324 quod
533 3284 613 3315 sicut
632 3284 754 3320 odium,
777 3283 808 3313 in
833 3293 1055 3324 quaecumque
1078 3284 1160 3313 mala
1180 3283 1287 3319 tendit,
1308 3283 1432 3323 attingit

369 3338 405 3358 ea
420 3329 610 3369 inquantum
622 3328 738 3358 habent
753 3327 828 3358 mali
840 3327 1010 3364 rationem;
1027 3327 1069 3358 ita
1085 3327 1268 3363 susurratio,
1282 3327 1313 3357 in
1327 3327 1431 3358 cuius-

370 3382 507 3412 cumque
523 3372 677 3403 amicitiae
694 3371 866 3402 divortium
882 3371 998 3408 tendat,
1012 3371 1135 3411 attingit
1154 3381 1224 3402 eam
1240 3371 1431 3412 inquantum

370 3416 510 3447 continet
525 3426 630 3446 amare
646 3423 677 3447 et
692 3426 758 3446 non
779 3415 887 3452 amari,
901 3425 982 3456 quae
999 3422 1045 3446 est
1061 3415 1241 3446 communis
1257 3415 1336 3446 ratio
1354 3415 1431 3446 ami-

370 3460 468 3491 citiae.
501 3460 592 3491 Unde
611 3467 703 3500 -patet
726 3461 813 3500 quod
837 3470 903 3490 non
928 3466 1054 3500 oportet
1076 3459 1285 3500 multiplicare
1313 3460 1431 3500 species
1457 3490 1459 3500 ,

370 3504 601 3540 susurrationis,
618 3505 691 3535 dato
707 3505 794 3544 quod
812 3503 1062 3544 multiplicentur
1081 3504 1199 3544 species
1223 3503 1387 3535 amicitiae.

425 3548 643 3579 Recolendum
667 3554 771 3579 tamen
802 3548 863 3578 hoc
887 3548 919 3578 in
942 3548 1015 3579 loco
1046 3555 1092 3579 est
1114 3549 1202 3589 quod
1231 3547 1305 3588 quia
1329 3557 1431 3578 unum

1452 2496 1453 2501 ¹
1479 2489 1593 2520 vitium
1616 2489 1715 2520 utimr
1738 2487 1812 2523 alio,
1837 2488 1862 2518 si
1885 2487 1958 2528 quis
1980 2487 2189 2519 susurrando
2197 2487 2338 2538 intepdjz
2353 2468 2546 2525 delectabile,

1480 2540 1558 2576 puta
1588 2533 1680 2574 quia,
1712 2532 1863 2572 ponendo
1894 2531 2066 2562 discordias
2093 2530 2174 2562 inter
2203 2531 2372 2573 coniuges.
2400 2533 2548 2570 abutetur

1481 2587 1579 2608 uxore
1602 2577 1707 2612 illius;
1736 2581 1791 2607 aut
1814 2575 1907 2612 utile,
1931 2582 2010 2616 puta
2032 2575 2117 2616 quia,
2142 2576 2334 2608 susurrando
2358 2576 2439 2609 inter
2462 2573 2547 2619 prin-

1482 2621 1575 2663 cipes,
1600 2619 1765 2661 usurpabit
1785 2619 1843 2650 sibi
1861 2629 1998 2660 regnum
2015 2619 2065 2650 vel
2085 2618 2289 2657 comitatum;
2313 2618 2370 2652 aut
2392 2620 2547 2651 damnum

1481 2666 1609 2697 alterius
1624 2666 1676 2696 cui
1701 2665 1829 2701 invidet,
1846 2671 1924 2705 puta
1946 2665 2032 2704 quia,
2049 2665 2256 2695 susurrando
2265 2644 2347 2695 inter
2369 2665 2547 2714 negotiatos

1481 2720 1546 2747 res,
1572 2710 1649 2742 alter
1664 2709 1846 2742 excludetur
1861 2718 1880 2740 a
1895 2709 2044 2741 societate
2065 2708 2266 2740 commercii}
2289 2709 2477 2742 huiusmodi
2494 2711 2547 2744 aar

1454 2759 1455 2768 ¹
1482 2754 1615 2786 surratio
1640 2764 1706 2785 non
1722 2760 1769 2785 est
1789 2753 1972 2794 simpliciter
1995 2753 2183 2789 susurrano,
2192 2753 2264 2784 sed
2271 2753 2353 2786 sicut
2374 2754 2431 2794 qui
2443 2753 2546 2795 fiatur

1482 2805 1537 2831 tur
1557 2804 1593 2830 ut
1614 2798 1807 2836 moechetur,
1825 2798 1932 2839 magis
1954 2803 2000 2830 est
2023 2797 2172 2829 moechus
2191 2807 2287 2839 quam

2303 2797 2412 2839 sur*,
2428 2796 2472 2835 ita
2486 2796 2546 2850 1249

1454 2861 1455 2885 Ι
1482 2843 1582 2894 magis
1606 2849 1652 2873 est
1675 2842 1806 2878 adulter,
1827 2842 1917 2878 latro,
1934 2848 2003 2877 etc.,
2023 2851 2121 2882 quam
2137 2848 2277 2872 susurro.
2301 2840 2343 2872 Et
2364 2836 2446 2872 haec
2465 2841 2547 2872 dieta

1482 2887 1545 2918 sint
1567 2894 1603 2918 ut
1624 2886 1794 2937 perspicias
1813 2887 1902 2926 quod
1918 2885 2120 2926 particulares
2135 2885 2213 2916 fines
2229 2886 2269 2916 ad
2284 2895 2367 2926 quos
2383 2885 2547 2917 ordinatur

1482 2931 1655 2962 susurratio
1686 2930 1719 2960 in
1747 2930 1957 2960 dissolutione
1987 2929 2214 2966 amicitiarum,
2246 2929 2311 2960 sive
2337 2936 2479 2970 spectent
2506 2930 2545 2960 ad

1482 2975 1558 3006 utile
1582 2975 1646 3005 sive
1670 2975 1710 3005 ad
1734 2974 1915 3005 delectabile
1939 2984 1994 3004 seu
2017 2974 2148 3005 illorum
2167 2973 2327 3015 opposita,
2343 2983 2410 3004 non
2425 2973 2547 3004 variant

1481 3019 1703 3050 susurrationis
1719 3019 1866 3059 speciem,
1883 3018 1937 3049 sed
1953 3025 2122 3058 apponunt
2137 3017 2404 3050 circumstantiam
2419 3018 2545 3049 alterius

1482 3063 1610 3104 speciei:
1636 3070 1671 3093 ut
1694 3063 1838 3102 exempla
1861 3063 1953 3093 allata
1976 3063 2158 3103 ostendunt.

1538 3108 1575 3137 11.
1597 3108 1632 3137 In
1648 3107 1767 3137 eisdem
1783 3106 1920 3137 articulis
1944 3106 2138 3147 quaestionis
2155 3106 2544 3147 septuagesimaequartae,

1482 3158 1644 3182 memento
1674 3158 1709 3181 ut
1737 3151 1815 3181 scias
1839 3150 2030 3190 distinguere
2053 3150 2304 3181 susurrationem
2334 3151 2415 3181 sicut
2438 3149 2544 3180 distin-

1481 3195 1588 3235 guitur
1610 3202 1676 3225 tam
1700 3195 1894 3225 contumelia
1916 3204 2015 3235 quam
2037 3194 2197 3230 detractiO,
2222 3195 2339 3225 scilicet
2357 3195 2389 3225 in
2405 3193 2546 3225 materia-

1482 3239 1546 3270 lem
1562 3246 1592 3269 et
1611 3238 1778 3269 formalem
1792 3238 1818 3269 *.
1843 3239 1884 3269 Et
1907 3238 2081 3279 quodlicet
2104 3239 2276 3269 susurratio
2293 3238 2443 3274 formalis,
2463 3246 2544 3278 quae
2570 3254 2579 3263 ·

1483 3283 1600 3314 scilicet
1622 3283 1756 3313 intendit
1778 3282 2008 3322 separationem
2031 3282 2195 3319 amicitiae,
2220 3283 2259 3313 sit
2281 3283 2414 3313 mortale
2436 3291 2545 3322 pecca-

1483 3334 1554 3358 tum
1585 3337 1621 3357 ex
1644 3337 1704 3357 suo
1727 3336 1856 3367 genere,
1881 3326 2081 3357 materialiter
2108 3334 2214 3358 tamen
2241 3337 2307 3357 non
2330 3334 2377 3357 est
2399 3325 2543 3357 mortale.

1483 3372 1595 3402 Posset
1621 3378 1727 3401 tamen
1754 3381 1820 3401 esse
1843 3371 1995 3407 mortale,
2026 3371 2107 3402 sicut
2137 3371 2175 3402 de
2206 3370 2395 3402 detractione
2424 3369 2544 3400 dictum

1485 3421 1544 3446 est:
1567 3415 1696 3456 quando
1727 3415 1843 3446 scilicet
1868 3414 2064 3455 culpabiliter
2087 3414 2187 3446 homo
2216 3415 2255 3445 ad
2283 3421 2450 3455 utramque
2474 3423 2544 3454 par-

1485 3467 1550 3490 tem
1572 3459 1616 3490 sic
1638 3459 1782 3500 loquitur
1798 3466 1833 3489 ut
1853 3459 1964 3490 inferat
1980 3459 2153 3490 divortium
2172 3458 2336 3494 amicitiae,
2353 3468 2411 3488 nec
2427 3457 2464 3488 de
2482 3457 2543 3488 hoc

1487 3510 1583 3534 curat.
1608 3504 1679 3534 Hoc
1703 3503 1789 3534 enim
1810 3510 1856 3534 est
1878 3503 1968 3543 peius
1992 3513 2090 3544 quam
2106 3502 2284 3534 notabiliter
2299 3502 2421 3533 laedere
2441 3501 2543 3532 hono-

1487 3557 1554 3578 rem
1577 3554 1632 3578 aut
1654 3547 1772 3578 famam
1797 3547 1933 3588 proximi
1956 3554 2078 3588 praeter
2100 3546 2320 3578 intentionem.

2637 1037 2642 1043 .
2650 1028 2699 1048 viu,
2710 1029 2731 1043 n.
2743 1028 2763 1044 2.
2771 1032 2782 1038 -

2627 1049 2649 1070 h.
2664 1049 2717 1071 lect.
2730 1054 2782 1070 νιιι.

2573 1926 2583 1936 '
2593 1924 2662 1947 Vera
2675 1925 2699 1951 8,
2708 1925 2743 1946 16.

2573 1982 2584 1992 ’
2597 1981 2666 2004 ven.
2681 1981 2713 2003 16.

2574 2808 2694 2831 ’.Αι-ὶιῑοι
2707 2808 2783 2831 Eehic.

2573 2835 2613 2858 lib.
2627 2834 2664 2862 V,
2681 2841 2708 2857 en

2572 2868 2642 2910 lect.
2639 2893 2675 2910 m

2595 3252 2632 3275 Cf.
2647 3258 2687 3280 qu.
2701 3259 2766 3275 mu
2774 3269 2781 3280 ,

2571 3283 2782 3328 ιιςιψω
