2860 4244
120 1704 170 1726 ·Cf.
175 1705 229 1726 Luc.
237 1710 287 1732 etp.
292 1711 329 1730 xv,

121 1738 181 1753 vers.
197 1737 203 1752 ι
219 1748 224 1756 ,
240 1731 272 1752 ι6.

121 1760 131 1769 ’
139 1758 174 1779 Cf.
183 1758 238 1779 ibid.
247 1763 297 1785 cap.
306 1763 330 1784 x,

121 1791 180 1806 vers.
194 1790 231 1812 30.

121 1837 329 1864 ⁴Cf.xoan.cap.xt,

120 1869 188 1911 Υῗῖῐ
207 1869 298 1917 idfciip
305 1895 328 1916 x,

120 1922 178 1937 vers.
193 1923 215 1942 4.

120 2032 128 2039 ⁴
136 2029 171 2051 Cf.
185 2029 219 2050 ad
229 2028 327 2056 Philipp.

119 2062 169 2083 cap.
180 2061 213 2082 ιιι,
225 2061 284 2077 vers.
296 2061 328 2083 ¹9-

120 2532 130 2543 ⁶
144 2532 195 2553 Art.
205 2517 230 2559 ⁴3,
245 2530 273 2553 ad
287 2537 307 2552 2.

121 2686 130 2694 ⁸
146 2685 212 2706 Vers.
229 2690 260 2712 19.

122 2794 130 2802 ⁸
147 2792 210 2814 Vers.
225 2798 261 2814 20.

123 3058 131 3066 ⁸
147 3056 183 3078 Ps.
198 3062 219 3082 L,
230 3061 289 3078 vers.
300 3061 332 3083 19.

123 3321 235 3369 221⁶}ssth
234 3321 299 3375 'tt-2⁶·
305 3321 334 3342 ‘³⁶'

356 245 426 280 190

350 311 541 349 visibiliter
569 312 691 348 Deum
720 310 996 360 cognoscimus,
1020 320 1093 356 per
1119 309 1218 344 hunc
1245 306 1282 342 in
1312 306 1404 342 invi-

351 365 512 402 sibilium
541 376 709 401 amorem
730 363 936 411 rapiamur.
967 362 1015 397 Et
1034 361 1120 397 ideo
1142 372 1186 395 ea
1206 370 1302 407 quae
1321 371 1406 407 per-

352 418 469 454 tinent
496 416 545 454 ad
574 416 710 453 Christi
737 415 1027 458 humanitatem,
1055 425 1123 460 per
1150 411 1312 448 modum
1342 423 1405 447 cu-

353 470 501 507 iusdam
528 467 844 514 manuductionis,
875 466 1039 502 maxime
1069 464 1315 502 devotionem
1345 476 1406 500 ex-

355 523 486 561 citant:
517 534 605 558 cum
634 528 761 557 tamen
791 519 944 557 devotio
964 517 1215 567 principaliter
1244 517 1342 554 circa
1361 529 1406 553 ea

354 588 451 624 quae
481 581 566 611 sunt
594 573 795 611 divinitatis
825 572 1012 608 consistat.

406 630 463 664 AD
492 638 650 663 TERTIUM
678 636 861 662 DICENDUM
898 624 1003 673 quod
1032 622 1205 670 scientia,
1236 629 1272 659 et
1299 621 1407 670 quid-

354 681 443 728 quid
463 679 563 716 aliud
583 679 631 715 ad
659 678 960 726 magnitudinem
986 676 1158 725 pertinet,
1179 675 1330 712 occasio
1352 682 1407 711 est

378 801 425 861 de)
446 801 570 860 εοέιὲάὲῒ.
584 814 602 819 -
620 801 772 826 considerat
785 799 983 833 AFHLpCDEK
997 804 1023 824 et
1040 806 1066 829 a,
1085 799 1264 824 consideratio
1284 799 1332 831 pK,
1348 804 1410 822 con-

352 837 376 861 si
396 839 452 861 eret
517 844 528 860 s
556 853 562 861 .

986 222 1251 276 QUAEsTio
1281 227 1473 275 Lxxxn,
1503 228 1798 266 ARTicULus
1829 228 1879 265 IV

1458 306 1564 354 quod
1591 307 1711 344 homo
1747 306 1946 343 confidat*
1976 307 2023 343 de
2062 306 2210 354 seipso,
2242 313 2278 343 et
2313 306 2402 343 ideo
2438 319 2517 344 non

1456 358 1618 395 totaliter
1645 371 1685 396 se
1704 361 1789 396 Deo
1818 359 1951 396 tradat.
1981 360 2031 395 Et
2059 359 2146 395 inde
2172 365 2228 395 est
2255 359 2362 406 quod
2389 359 2518 396 huius-

1457 410 1564 447 modi
1592 411 1824 461 quandoque
1854 411 2140 449 occasionaliter
2172 411 2420 448 devotionem
2448 411 2519 448 im-

1458 463 1635 512 pediunt:
1665 471 1700 501 et
1732 465 1770 501 in
1800 464 2032 513 simplicibus
2057 471 2094 501 et
2113 463 2336 501 mulieribus
2362 463 2517 501 devotio

1459 516 1652 563 abundat,
1698 517 1901 554 elationem
1953 517 2259 566 comprimendo.
2309 516 2349 553 Si
2390 523 2520 553 tamen

1459 568 1673 616 scientiam,
1705 577 1741 606 et
1766 582 2052 619 quamcumque
2089 570 2201 607 aliam
2232 569 2518 618 perfectionem,

1459 622 1578 658 homo
1606 621 1771 670 perfecte
1799 624 1883 660 Deo
1913 623 2062 671 subdat,
2088 621 2160 660 ex<
2187 624 2262 660 hoc
2290 622 2373 671 ipso
2403 622 2523 659 devo-

1459 674 1510 711 tio
1540 681 1711 721 augetur.

1518 796 1543 828 ζ)
1563 803 1608 822 ex.
1623 811 1642 815 -
1660 800 1687 822 et
1704 804 1741 821 ex
1759 797 1987 830 ABCDFHKpEx.

1028 912 1358 945 Commentaria
1382 908 1630 942 Oamdinalis
1651 910 1851 943 Caietam

385 1004 404 1024 N
428 994 559 1024 articulo
588 993 678 1024 tertio
702 993 844 1023 eiusdem
866 992 1060 1033 quaestionis
1087 991 1411 1031 octogesimaesecun-

358 1007 452 1074 idae,
470 1044 545 1068 nota
569 1047 677 1068 causas
701 1036 878 1067 devotionis
901 1037 1082 1067 intrinsecas
1106 1036 1201 1065 duas:
1231 1034 1347 1065 scilicet
1371 1033 1413 1063 al-
1438 1065 1440 1072 J

354 1089 453 1113 teram
468 1092 514 1112 >ex
535 1088 623 1121 parte
645 1081 857 1111 meditationis
880 1081 939 1111 Dei
963 1086 993 1111 et
1016 1079 1243 1110 beneficiorum
1265 1086 1412 1113 suorum;
1438 1073 1441 1091 s

354 1126 484 1157 alteram
510 1135 547 1155 ex
569 1132 655 1165 parte
680 1125 892 1155 meditationis
922 1124 1127 1164 propriorum
1157 1123 1348 1154 defectuum.
1378 1122 1412 1151 In

355 1170 457 1211 prima
472 1176 546 1200 sunt
564 1170 698 1205 bonitas,
715 1168 936 1204 misericordia,
953 1167 1072 1204 caritas,
1090 1174 1158 1203 etc„
1183 1166 1242 1197 Dei
1265 1176 1336 1206 erga
1356 1165 1414 1195 ho-

355 1214 476 1245 minem
500 1220 529 1244 et
553 1222 617 1250 me;
642 1212 854 1253 beneficiaque
875 1212 1039 1243 creationis
1063 1212 1102 1241 ad
1124 1211 1295 1250 imaginem
1312 1219 1413 1245 suam,

355 1258 592 1297 redemptionis,
617 1257 775 1297 baptismi,
798 1256 1051 1296 inspirationum,
1075 1255 1281 1285 vocationum
1305 1263 1360 1293 per
1383 1263 1416 1283 se

355 1303 405 1333 vel
428 1302 516 1338 alios,
534 1301 756 1341 expectationis
772 1301 811 1330 ad
830 1300 1067 1340 poenitentiam,
1083 1298 1306 1333 Eucharistiae,
1328 1306 1416 1337 prae-

356 1346 539 1377 servationis
569 1356 587 1375 a
615 1352 662 1375 tot
691 1344 836 1384 periculis
866 1343 989 1373 animae
1017 1349 1047 1373 et
1074 1342 1234 1382 corporis,
1259 1341 1415 1381 angelicae

356 1391 527 1425 custodiae,
553 1395 583 1419 et
605 1388 802 1428 reliquorum
826 1387 1052 1418 beneficiorum
1075 1386 1294 1426 singularium.
1320 1386 1355 1415 In
1370 1395 1415 1415 se-

356 1434 459 1465 cunda
488 1439 562 1464 sunt
591 1432 730 1463 defectus
755 1432 865 1472 culpae
890 1438 919 1462 et
943 1441 1065 1471 poenae
1095 1437 1160 1461 tam
1187 1430 1220 1460 in
1248 1429 1415 1470 praeterito

356 1488 453 1518 quarn
472 1478 505 1507 in
524 1476 692 1517 praesenti3
712 1476 844 1506 labilitas
864 1476 904 1505 ad
922 1475 1135 1515 peccandum;
1161 1474 1324 1514 dissipatio
1344 1483 1416 1514 pro-

355 1522 440 1562 priae
467 1521 657 1552 substantiae
688 1519 924 1551 assuefaciendo
953 1519 1106 1559 cogitatus
1130 1525 1160 1549 et
1184 1518 1363 1549 voluntates
1388 1525 1418 1549 et

355 1566 573 1597 inclinationes
596 1565 729 1595 aliarum
752 1574 882 1595 suarum
904 1563 1019 1595 virium
1043 1564 1082 1593 ad
1105 1563 1240 1599 malurn,
1266 1562 1417 1593 habitatio

356 1611 389 1641 in
412 1610 539 1650 regione
562 1609 737 1649 longinqua
760 1609 799 1639 ab
823 1608 959 1639 amicitia
982 1615 1012 1638 et
1036 1607 1272 1638 conversatione
1296 1606 1417 1642 divina,
1442 1625 1444 1629 ι

357 1655 542 1694 perversitas
558 1653 685 1684 affectus
704 1653 804 1692 magis
827 1652 1013 1692 temporalia
1028 1662 1126 1692 quam
1142 1651 1314 1691 spiritualia
1331 1661 1419 1682 com-
1442 1667 1444 1684 i

357 1699 454 1729 moda
469 1699 519 1728 vel
534 1698 740 1728 incommoda
755 1697 915 1728 sentientis
930 1696 963 1732 *;
985 1696 1110 1726 nuditas
1123 1706 1141 1725 a
1152 1695 1330 1731 virtutibus,
1351 1695 1418 1725 vul·
1443 1706 1444 1711 ¹

357 1753 431 1773 nera
453 1742 659 1785 ignorantiae,
674 1741 818 1777 malitiae,
835 1740 1022 1771 infirmitatis
1046 1748 1076 1771 et
1099 1738 1416 1780 concupiscentiae*;

357 1787 482 1818 vincula
496 1796 652 1817 manuum
668 1793 698 1816 et
714 1786 842 1826 pedum,
859 1794 993 1825 operum
1010 1784 1126 1815 scilicet
1142 1790 1172 1814 et
1187 1783 1367 1820 affectuum,
1385 1783 1417 1813 in

357 1832 501 1867 tenebris,
518 1831 551 1861 in
573 1830 725 1860 fetoribus
748 1837 778 1861 et
800 1828 1060 1859 amaritudinibus
1081 1838 1147 1858 esse
1171 1838 1228 1858 nec
1246 1828 1372 1858 horrere
1388 1827 1418 1864 *;

357 1886 468 1906 vocem
485 1874 619 1915 pastoris
635 1874 764 1904 interius
782 1883 847 1903 non
864 1882 1033 1913 agnoscere
1048 1871 1080 1908 *;
1106 1879 1145 1908 et,
1163 1872 1252 1912 quod
1268 1872 1418 1902 omnibus

357 1919 447 1960 peius
471 1926 526 1953 est,
551 1919 657 1949 Deum
680 1928 738 1958 pro
759 1917 889 1948 inimico
914 1924 945 1947 et
967 1917 1057 1947 hoste
1080 1916 1173 1947 toties
1188 1915 1317 1956 elegisse
1333 1926 1419 1947 mor-

356 1964 458 1994 taliter
481 1963 657 2003 peccando,
683 1969 712 1992 et
743 1968 908 2002 propterea
930 1968 1051 1992 tantam
1075 1960 1178 1991 eidem
1201 1960 1351 1991 iniuriam
1374 1959 1418 1990 fe-

356 2008 433 2038 cisse
457 2014 491 2038 ut
518 2017 576 2047 pro
601 2007 669 2037 Deo
694 2006 846 2036 refutatus
870 2005 926 2041 sit,
951 2005 1117 2044 factusque
1141 2011 1247 2035 noster
1270 2005 1348 2035 deus
1379 2004 1419 2035 sit

356 2059 463 2082 venter
474 2051 492 2070 *
507 2057 562 2081 aut
573 2050 707 2091 pecunia
724 2057 778 2080 aut
795 2049 971 2086 delectatio,
985 2056 1041 2080 etc.
1062 2049 1109 2079 Ex
1127 2049 1312 2079 huiusmodi
1329 2059 1417 2079 nam-

1463 999 1526 1029 que
1542 990 1809 1027 meditationibus,
1834 1000 1917 1031 quae
1939 990 2144 1031 quotidianae
2160 1000 2226 1021 esse
2242 991 2358 1021 debent
2372 991 2526 1031 religiosis

1464 1041 1495 1064 et
1517 1034 1730 1074 spiritualibus
1754 1034 1906 1074 personis,
1932 1034 2052 1065 omisso
2068 1034 2228 1065 vocalium
2244 1035 2428 1065 orationum
2443 1035 2526 1066 mul-

1438 1093 1440 1100 ι
1464 1078 1599 1119 tiloquio
1622 1079 1813 1115 voluntario,
1839 1078 1965 1109 devotio
1983 1078 2125 1119 aliaeque
2141 1085 2369 1120 consequenter
2391 1078 2526 1119 gignun-

1465 1128 1516 1152 tur
1544 1122 1683 1153 virtutes.
1718 1123 1784 1153 Nec
1816 1123 1953 1163 religiosi
1985 1130 2039 1153 aut
2062 1123 2243 1163 religiosae,
2275 1133 2331 1154 seu
2355 1122 2526 1163 spiritualis

1466 1166 1561 1196 etiam
1584 1167 1714 1197 nomine
1738 1167 1843 1197 vocari
1873 1173 1978 1207 potest
2007 1166 2063 1207 qui
2090 1167 2202 1198 saltem
2232 1167 2330 1198 semel
2357 1166 2390 1197 in
2413 1167 2464 1197 die
2487 1167 2528 1198 ad

1466 1210 1652 1240 huiusmodi
1675 1220 1708 1241 se
1731 1221 1797 1240 non
1820 1211 1974 1241 transfert.
2006 1212 2081 1249 Quo
2106 1212 2205 1242 modo
2234 1220 2372 1252 namque
2400 1211 2528 1242 effectus

1466 1254 1585 1294 absque
1610 1264 1713 1290 causa,
1738 1254 1809 1284 finis
1832 1255 1949 1295 absque
1965 1255 2082 1292 medio,
2105 1255 2250 1286 insularis
2273 1262 2385 1296 portus
2408 1256 2528 1296 absque

1467 1297 1665 1337 navigatione
1689 1298 1796 1328 haberi
1819 1299 1944 1338 nequit;
1977 1299 2020 1330 sic
2043 1309 2102 1330 nec
2124 1300 2233 1340 religio
2256 1299 2290 1330 in
2313 1306 2384 1330 actu
2408 1300 2527 1340 absque

1466 1341 1670 1382 frequentatis
1694 1342 1815 1372 actibus
1839 1352 1968 1373 suarum
1992 1346 2167 1380 causarum,
2192 1343 2373 1374 mediorum
2391 1354 2427 1374 ac
2442 1343 2527 1374 vehi-

1468 1386 1626 1416 culorum.

1524 1430 1561 1460 ΙΙ.
1586 1430 1621 1460 In
1645 1430 1850 1469 responsione
1873 1430 1913 1460 ad
1936 1430 2080 1467 tertium,
2105 1431 2229 1461 attende
2252 1432 2342 1471 quod
2368 1431 2449 1462 sicut
2478 1441 2528 1462 re-

1468 1483 1597 1505 movens
1620 1474 1792 1514 prohibens
1823 1474 1954 1514 ponitur
1986 1484 2079 1505 causa
2111 1475 2317 1505 occasionalis
2346 1482 2468 1512 motus,
2493 1482 2530 1507 ut

1468 1518 1613 1548 auferens
1637 1518 1822 1549 columnam
1845 1525 1891 1548 est
1914 1528 2007 1549 causa
2023 1518 2229 1549 occasionalis
2253 1526 2361 1550 motus
2384 1520 2530 1560 gravium

1469 1562 1743 1603 superpositorum
1760 1563 1919 1599 deorsum,
1936 1570 1967 1593 et
1989 1563 2133 1594 auferens
2149 1563 2351 1594 obstaculum
2367 1573 2467 1605 aquae
2484 1570 2531 1595 est

1469 1617 1562 1637 causa
1578 1606 1680 1637 fluxus
1697 1607 1839 1637 eiusdem
1854 1606 1886 1643 *;
1907 1607 1950 1637 ita
1965 1607 2123 1647 simplices
2140 1614 2170 1638 et
2185 1607 2333 1638 mulieres
2353 1618 2482 1639 causam
2496 1608 2530 1639 in

1469 1661 1501 1681 se
1525 1651 1640 1681 habent
1664 1650 1857 1687 devotionis,
1882 1651 1957 1692 quia
1980 1651 2095 1682 scilicet
2125 1661 2191 1682 non
2218 1652 2336 1683 habent
2358 1652 2530 1693 prohibens

1470 1695 1683 1731 devotionem,
1708 1695 1824 1726 scilicet
1846 1702 2007 1726 tumorem
2023 1696 2062 1726 de
2078 1695 2198 1736 seipsis.
2222 1697 2263 1727 Et
2286 1696 2360 1737 quia
2383 1706 2449 1727 non
2472 1707 2531 1737 po-

1469 1740 1617 1770 nentibus
1633 1739 1757 1770 obicem
1772 1740 1859 1770 Deus
1875 1740 1928 1770 dat
1943 1739 2084 1779 gratiam,
2105 1740 2177 1771 ideo
2197 1740 2335 1777 Ecclesia
2354 1740 2531 1772 femineum

1470 1794 1581 1814 sexum
1603 1784 1749 1814 devotum
1773 1783 1911 1824 appellat
1924 1783 1949 1814 *.
1973 1784 2048 1814 Non
2072 1791 2118 1815 est
2141 1794 2215 1824 ergo
2237 1785 2271 1815 in
2287 1785 2381 1825 culpa
2402 1785 2531 1816 scientia

1470 1828 1649 1864 doctorum,
1674 1837 1732 1858 nec
1754 1827 1787 1858 in
1810 1828 1904 1858 laude
1919 1827 2115 1868 imperfectio
2132 1828 2310 1859 muliebris:
2336 1829 2391 1860 sed
2414 1830 2532 1860 abusus

1470 1872 1616 1902 scientiae
1635 1871 1667 1901 in
1684 1871 1935 1911 magnifaciendo
1955 1882 1998 1910 se,
2020 1878 2050 1902 et
2073 1879 2176 1903 rectus
2192 1882 2269 1903 usus
2284 1873 2532 1914 imperfectionis

1470 1916 1502 1946 in
1527 1926 1593 1946 non
1616 1916 1768 1946 elevando
1791 1926 1833 1946 se.
1864 1916 1939 1953 Quo
1966 1916 2061 1956 longe
2089 1916 2203 1947 melior
2225 1923 2306 1947 esset
2328 1924 2430 1948 rectus
2454 1928 2531 1949 usus

1470 1960 1689 2000 perfectionis:
1722 1967 1757 1991 ut
1780 1960 1896 1991 scilicet
1923 1966 1953 1991 et
1976 1970 2047 1991 eam
2069 1960 2212 1997 haberet,
2237 1967 2268 1992 et
2291 1971 2328 1992 ex
2351 1971 2388 1992 ea
2410 1971 2476 1992 non
2499 1972 2533 1993 se

1470 2003 1698 2044 magnificaret;
1722 2011 1758 2035 ut
1779 2005 1847 2045 ipse
1866 2007 1997 2041 Auctor,
2021 2011 2087 2036 tam
2103 2005 2269 2036 eminentis
2293 2005 2465 2045 doctrinae,
2488 2006 2531 2037 fa-

1472 2049 1580 2079 ciebat.

1135 2201 1453 2261 ARTicUtus
1483 2218 1755 2270 QUARTUS

908 2336 920 2345 κ
940 2320 1095 2351 UTRUM
1119 2320 1325 2350 LAETlTlA
1348 2320 1415 2350 SIT
1438 2319 1704 2351 DEVOTIONIS
1727 2320 1780 2350 EF
1783 2319 1951 2351 FECTUS

444 2439 454 2463 ι
508 2444 528 2471 :⁷
568 2430 590 2455 D
611 2429 783 2460 QUARTUM
803 2429 856 2454 sm
875 2428 1115 2454 Paocemrua.
1131 2416 1291 2454 Videtur
1309 2416 1414 2464 quod

427 2470 434 2478 “
485 2471 545 2520 ’ῗῆ
568 2470 705 2507 laetitia
721 2482 799 2507 non
814 2470 859 2506 sit
878 2469 1093 2507 devotionis
1109 2469 1276 2506 effectus.
1299 2469 1411 2516 Quia,

361 2629 661 2666 consideratione
699 2628 942 2677 consequitur
981 2628 1020 2665 in
1057 2628 1184 2665 anima
1226 2628 1414 2676 quaedam

359 2682 531 2719 afflictio:
561 2682 772 2719 secundum
798 2681 890 2718 illud
921 2681 1056 2718 Thren.
1077 2693 1113 2718 111
1132 2680 1169 2717 *z
1200 2681 1416 2719 Recordare

353 2736 586 2783 paupertatis
613 2747 740 2782 meae,
770 2734 945 2772 absinthii
970 2739 1006 2770 et
1018 2734 1141 2782 fellis,
1172 2734 1276 2782 quod
1304 2734 1416 2783 perti-

360 2788 490 2825 netad
515 2788 752 2835 passionem;
783 2795 819 2824 et
846 2787 1018 2824 subditur
1041 2786 1080 2823 *z
1119 2787 1312 2824 Memoria
1340 2799 1415 2824 me-

359 2853 444 2878 mor
477 2853 562 2886 ero,
592 2847 628 2877 et
653 2842 813 2878 tabescet
847 2841 884 2877 in
919 2852 979 2877 me
1016 2840 1144 2877 anima
1173 2851 1269 2877 mea.
1313 2841 1415 2888 Ergo

360 2894 568 2941 delectatio,
599 2894 678 2931 sive
707 2893 900 2942 gaudium,
931 2905 1009 2930 non
1039 2900 1094 2930 est
1122 2892 1337 2930 devotionis
1365 2893 1417 2930 ef-

360 2947 491 2983 fectus.

416 3011 450 3035 2.
481 3000 721 3046 PRAETEREA,
752 2999 906 3036 devotio
944 2998 1146 3047 praecipue
1185 2998 1351 3035 consistit
1377 2998 1415 3035 in

360 3051 526 3088 interiori
555 3051 739 3088 sacrificio
760 3052 920 3100 spiritus.
951 3051 1027 3088 Sed
1056 3051 1095 3087 in
1119 3051 1258 3088 Psalm.
1279 3050 1299 3072 ’¹‘
1327 3051 1415 3089 dici-

360 3112 440 3141 tur:
469 3104 705 3152 Sacrificium
733 3105 815 3141 Deo
833 3104 984 3152 spiritus
1004 3104 1281 3141 contribulatus.
1312 3105 1414 3151 Ergo

361 3154 512 3194 afflictio
541 3157 661 3205 magis
690 3165 745 3194 est
773 3157 988 3194 devotionis
1026 3156 1181 3192 effectus
1216 3167 1333 3204 quam
1361 3156 1416 3193 iu-

362 3210 531 3247 cunditas
561 3210 640 3247 sive
668 3209 862 3258 gaudium.

415 3264 448 3300 3.
469 3264 701 3310 PRAETEREA,
724 3262 929 3310 Gregorius
957 3262 1157 3310 Nyssenus
1186 3260 1284 3308 dicit,
1309 3261 1348 3298 in
1375 3261 1415 3298 li-

361 3316 430 3352 bro
458 3317 503 3352 de
528 3317 698 3353 Homine
715 3315 746 3363 ³¹²,
777 3315 883 3364 quod
918 3315 1013 3351 sicut
1039 3315 1135 3351 risus
1164 3314 1336 3362 procedit
1366 3326 1416 3351 ex

360 3370 514 3417 gaudio,
535 3369 585 3405 ita
609 3369 791 3406 lacrimae
817 3374 853 3405 et
877 3367 1038 3418 gemitus
1056 3373 1144 3404 sunt
1168 3367 1279 3417 signa
1307 3367 1416 3404 tristi-

361 3422 444 3458 tiae.
475 3422 551 3458 Sed
572 3434 615 3458 ex
636 3422 841 3459 devotione
871 3420 1050 3469 contingit
1069 3420 1175 3469 quod
1195 3419 1309 3468 aliqui
1327 3432 1415 3469 pro-

416 3535 442 3568 α)
462 3535 703 3569 vivum-fontem
724 3535 810 3560 vivum
830 3535 884 3560 PH.

1466 2423 1645 2465 rumpant
1667 2415 1706 2453 in
1729 2416 1914 2454 lacrimas.
1945 2418 2046 2464 Ergo
2075 2417 2226 2464 laetitia,
2245 2418 2308 2454 vel
2337 2418 2531 2466 gaudium,

1465 2481 1544 2506 non
1573 2476 1629 2505 est
1657 2468 1872 2506 devotionis
1902 2469 2071 2506 effectus.

1521 2522 1595 2558 SED
1633 2533 1779 2559 CONTRA
1815 2533 1881 2559 EST
1918 2522 2025 2570 quod
2061 2522 2100 2559 in
2141 2522 2299 2559 collecta
2326 2522 2346 2545 ’⁸‘
2374 2523 2528 2561 dicitur:

1470 2574 1572 2616 Quos
1599 2574 1737 2612 ieiunia
1764 2575 1890 2612 votiva
1918 2576 2117 2626 castigant,
2139 2576 2219 2624 ipsa
2247 2587 2396 2624 quoque
2419 2577 2529 2615 devo-

1466 2628 1516 2664 tio
1543 2633 1673 2664 sancta
1701 2627 1882 2675 laetificet.

1521 2681 1746 2718 RESPONDEO
1766 2693 1950 2718 memnon
1979 2680 2086 2729 quod
2107 2681 2262 2719 devotio
2290 2694 2360 2730 per
2387 2694 2428 2719 se
2449 2682 2531 2732 qui-

1470 2732 1558 2770 dem
1588 2741 1623 2770 et
1650 2733 1904 2783 principaliter
1932 2734 2166 2782 spiritualem
2185 2734 2363 2772 laetitiam
2392 2735 2531 2773 mentis

1469 2794 1616 2824 causat:
1648 2799 1693 2823 ex
1730 2787 1977 2836 consequenti
2016 2794 2146 2824 autem
2181 2795 2217 2824 et
2250 2799 2320 2837 per
2352 2788 2530 2826 accidens

1469 2847 1598 2876 causat
1626 2839 1822 2877 tristitiam.
1851 2840 2006 2877 Dictum
2031 2847 2088 2877 est
2105 2841 2126 2863 ²¹⁶
2155 2840 2257 2878 enim
2277 2841 2383 2889 quod
2411 2841 2531 2879 devo·
2558 2850 2569 2861 ⁸

1468 2892 1520 2929 tio
1551 2904 1596 2928 ex
1625 2892 1762 2942 duplici
1792 2893 2095 2930 consideratione
2123 2894 2308 2943 procedit.
2338 2894 2530 2944 Principa-

1467 2945 1549 2982 liter
1576 2945 1732 2994 quidem
1754 2957 1799 2982 ex
1828 2946 2130 2984 consideratione
2152 2946 2303 2985 divinae
2332 2947 2527 2985 bonitatis:

1469 2998 1558 3046 quia
1577 2998 1646 3035 ista
1666 2998 1918 3037 consideratio
1938 2999 2101 3048 pertinet
2126 3000 2234 3049 quasi
2253 3001 2303 3038 ad
2322 3000 2529 3038 terminum

1469 3059 1596 3088 motus
1632 3052 1836 3089 voluntatis
1871 3053 2052 3090 tradentis
2085 3065 2126 3089 se
2153 3054 2252 3090 Deo.
2296 3054 2345 3090 Et
2383 3065 2428 3091 ex
2459 3053 2529 3091 ista

1469 3104 1769 3141 consideratione
1797 3117 1866 3154 per
1884 3118 1925 3142 se
1954 3105 2110 3154 quidem
2129 3106 2298 3155 sequitur
2319 3106 2527 3154 delectatio,

1469 3157 1682 3194 secundum
1701 3157 1792 3194 illud
1819 3158 1958 3195 Psalm.
1979 3158 2019 3195 *ε
2048 3159 2205 3196 Memor
2219 3160 2289 3207 fui
2311 3159 2395 3206 Dei,
2415 3164 2452 3196 et
2467 3159 2529 3196 de·

1469 3209 1620 3246 lectatus
1646 3221 1748 3247 sum.-
1777 3210 1845 3247 sed
1863 3222 1932 3259 per
1959 3211 2134 3248 accidens
2154 3212 2251 3249 haec
2275 3211 2527 3250 consideratio

1468 3261 1653 3299 tristitiam
1690 3262 1884 3311 quandam
1923 3271 2052 3301 causat
2086 3264 2125 3302 in
2157 3265 2215 3302 his
2251 3265 2315 3314 qui
2353 3264 2527 3302 nondum

1467 3315 1579 3363 plene
1607 3316 1692 3352 Deo
1727 3316 1917 3363 fruuntur,
1947 3318 2159 3355 secundum
2194 3317 2456 3355 illud<Psalm.
2486 3317 2526 3354 *ε

1468 3368 1590 3404 Sitivit
1614 3369 1743 3405 anima
1763 3381 1847 3406 mea
1876 3370 1927 3406 ad
1942 3371 2067 3407 Deum
2095 3371 2223 3408 vivum
2243 3375 2272 3417 ²,
2294 3378 2329 3407 et
2356 3377 2490 3419 postea
2507 3370 2528 3392 ²⁸²

1467 3421 1651 3469 sequitur:
1681 3422 1853 3458 Fuerunt
1868 3423 1961 3459 mihi
1986 3423 2169 3461 lacrimae
2190 3435 2297 3460 meae
2325 3430 2394 3460 etc.
2416 3443 2439 3450 —
2462 3424 2528 3461 Se-

2556 1611 2567 1622 ·
2579 1610 2678 1633 Aristot.
2695 1610 2767 1639 Phys.

2556 1691 2610 1712 leet.
2624 1695 2672 1712 vm.

2708 1788 2756 1837 οἳὲ

2595 1788 2694 1817 Suffng.

2594 1821 2606 1838 ⁸
2624 1822 2643 1863 2³
2661 1819 2707 1870 ἦ,
2726 1841 2757 1863 aa

2555 1789 2592 1864 ‘X‘
2604 1821 2630 1864 i.

2558 1868 2666 1897 Magnis.

2558 2532 2651 2582 initia?
2702 2532 2772 2587 ¹0⁰&

2577 3164 2614 3187 Ρι.
2623 3171 2700 3192 mvn,
2706 3170 2768 3188 ven.

2557 3316 2567 3327 ’
2576 3315 2614 3337 ΡΙ.
2621 3321 2668 3343 xu,
2678 3320 2737 3337 ven.
2746 3321 2768 3344 3.

2556 3365 2686 3394 ‘ven-4-
