2860 4244
158 2133 267 2180 ἑὲιιξοιρ.
277 2135 299 2154 et
307 2137 368 2159 resp.

160 2667 169 2675 ⁸
184 2665 231 2693 Qu.
246 2671 300 2687 ΠΝ
318 2671 369 2694 sqq.

404 228 472 264 128

399 318 487 342 eum
517 317 599 342 esse
629 317 798 351 caecum,
830 303 1045 340 convicium
1075 302 1229 350 quidem
1259 301 1358 348 dicit,
1389 302 1457 339 sed
1482 304 1483 327 ³

399 371 477 395 non
497 358 783 394 contumeliam:
810 357 839 393 si
860 356 943 405 quis
962 363 1089 392 autem
1109 354 1208 391 dicat
1228 354 1332 391 alteri
1352 355 1456 403 quod

399 411 443 447 sit
471 411 549 458 fur,
580 423 658 447 non
695 411 819 446 solum
855 408 1090 454 convicium,
1120 407 1188 444 sed
1225 406 1338 444 etiam
1367 419 1457 445 con-

399 463 593 500 tumeliam
623 463 741 499 infert.
763 481 787 490 -
814 458 1061 508 Quandoque
1078 470 1174 496 vero
1197 460 1466 508 repraesentat?

399 516 529 564 aliquis
558 515 668 552 alicui
689 515 877 551 defectum
906 512 1167 550 minorationis
1188 513 1268 550 sive
1288 513 1456 562 indigen-

398 569 485 605 tiae:
507 568 571 616 qui
592 568 703 604 etiam
725 567 880 614 derogat
899 565 1034 602 honori
1055 566 1303 614 consequenti
1323 578 1457 615 quam-

1069 221 1334 270 QUAESTIO
1365 222 1522 268 Lxxu,
1553 220 1849 258 ARTICULUS
1879 221 1892 256 1

1511 310 1676 345 cumque
1707 298 1977 335 excellentiam.
2008 298 2056 334 Et
2075 298 2150 333 hoc
2173 297 2216 333 fit
2235 308 2303 344 per
2321 297 2483 333 verbum
2503 296 2572 333 im-

1482 389 1483 393 ,
1503 351 1692 398 properii,
1722 352 1825 399 quod
1855 350 2007 399 proprie
2042 357 2097 386 est
2133 349 2288 396 quando
2317 348 2450 397 aliquis
2478 348 2575 385 iniu-

1510 402 1740 444 riosealteri
1767 403 1816 440 ad
1834 402 2064 441 memoriam
2089 401 2234 439 reducit
2262 401 2442 438 auxilium
2466 402 2573 449 quod

1481 477 1484 485 ι
1508 453 1670 492 contulit
1695 455 2049 494 e12necessitatem-
2078 453 2245 504 patienti.
2294 454 2405 491 Unde
2441 453 2576 492 dicitur

1509 507 1625 544 Eccli.
1641 520 1688 544 xx
1701 508 1741 545 *τ
1765 509 1922 558 Exigua
1942 508 2054 554 dabit,
2070 513 2106 544 et
2123 507 2240 544 multa
2262 506 2574 555 improperabit.-

1481 552 1484 604 l
1509 560 1755 609 Quandoque
1770 568 1900 598 tamen
1919 574 2041 598 unum
2057 561 2216 598 istorum
2231 571 2301 608 pro
2322 559 2394 596 alio
2410 558 2572 608 ponitur.

1072 671 1406 705 commentaria
1427 670 1679 704 naz-<unalis
1701 671 1901 706 Caietam

428 771 447 790 N
467 760 598 790 articulo
622 758 726 799 primo
750 758 946 799 quaestionis
969 758 1377 799 septuagesimaesecundae
1395 760 1458 790 ‘du-

401 773 517 834 Ibium
541 803 696 841 occurrit,
720 812 760 833 an
789 803 827 833 de
849 803 970 834 ratione
993 803 1206 834 contumeliae
1229 803 1269 834 sit
1298 804 1388 845 quod
1412 804 1457 834 di-

398 855 484 878 catur
512 845 705 878 contumelia
733 857 839 877 coram
867 847 923 877 illo
951 846 1002 877 cui
1029 846 1162 878 infertur
1184 848 1386 880 contumelia.
1419 848 1460 878 Et
1485 851 1487 887 ζ

397 899 443 922 est
465 892 543 922 ratio
568 891 654 923 dubii
679 891 754 932 quia
778 891 971 922 contumelia
993 891 1144 932 importat
1163 891 1363 923 manifestam
1377 892 1459 923 iniu-
1485 891 1487 931 ξ

396 935 491 966 riam:
515 936 596 966 sicut
614 935 659 965 ira
673 933 873 967 manifestam
889 934 1071 966 vindictam.
1097 935 1232 967 Constat
1247 944 1355 968 autem
1371 937 1460 977 quod

397 980 581 1011 huiusmodi
598 979 809 1011 manifestatio
833 980 1046 1020 principaliter
1060 980 1191 1011 refertur
1205 981 1244 1011 ad
1260 990 1336 1012 eum
1352 987 1460 1012 contra

397 1034 494 1065 quem
520 1024 677 1064 irrogatur
703 1024 915 1055 contumelia:
947 1024 1029 1055 sicut
1056 1025 1089 1055 in
1112 1024 1157 1055 ira
1184 1025 1224 1055 ad
1248 1035 1322 1056 eum
1351 1032 1460 1056 contra

397 1078 493 1110 quem
517 1068 690 1099 irascimur.
714 1086 735 1092 -
759 1069 805 1099 Ex
825 1069 920 1099 altera
936 1075 1042 1099 autem
1066 1076 1154 1109 parte
1177 1076 1307 1110 apparet
1330 1069 1459 1109 opposi-

397 1120 482 1144 tum:
515 1122 590 1143 nam
614 1112 706 1143 multi
730 1113 939 1143 contumelias
963 1120 1072 1144 contra
1095 1114 1257 1145 absentem
1284 1113 1459 1154 proferunt.

453 1157 503 1187 Ad
525 1157 587 1188 hoc
611 1157 724 1188 dicitur
747 1158 835 1198 quod
860 1167 933 1188 curn
957 1164 1044 1188 actus
1068 1157 1204 1188 morales
1225 1166 1273 1188 ex*
1285 1156 1460 1188 intentione
1485 1170 1488 1191 ε

396 1202 593 1238 iudicentur;
619 1208 649 1232 et
680 1201 891 1232 contumeliae
921 1208 1008 1232 actus
1038 1211 1095 1242 per
1123 1201 1184 1232 hoc
1211 1202 1244 1231 in
1268 1212 1324 1232 sua
1349 1208 1460 1232 natura
1487 1226 1488 1231 ,

396 1246 518 1276 locetur
541 1246 630 1286 quod
653 1252 761 1276 contra
784 1246 941 1276 honorem
965 1245 1080 1276 directe
1103 1244 1302 1276 machinatur
1318 1245 1459 1276 alterius:

397 1299 596 1330 consequens
619 1296 664 1320 est
688 1290 776 1330 quod
799 1290 838 1319 ad
863 1289 924 1319 hoc
947 1290 1036 1330 quod
1052 1296 1140 1319 actus
1157 1289 1270 1330 aliquis
1294 1289 1333 1319 sit
1356 1299 1412 1329 per
1427 1299 1460 1319 se

397 1341 428 1365 et
451 1334 564 1365 directe
587 1333 795 1369 contumelia,
820 1333 953 1373 exigitur
975 1333 1064 1373 quod
1087 1333 1202 1363 directe
1225 1339 1335 1363 contra
1357 1333 1461 1364 hono-

395 1388 463 1409 rem
487 1377 764 1417 tendat'proximi.
795 1378 869 1408 Non
896 1377 997 1408 tendit
1019 1383 1126 1408 autem
1155 1376 1271 1408 directe
1295 1384 1326 1408 et
1348 1386 1404 1417 per
1426 1386 1460 1407 se

396 1429 506 1454 contra
527 1422 684 1453 honorem
707 1421 841 1452 alicuius
862 1420 920 1462 qui
942 1421 1035 1452 inum
1057 1428 1234 1457 reveretur,
1258 1421 1314 1462 qui
1333 1421 1460 1452 occulte
1486 1434 1488 1463 ξ

395 1465 530 1498 intendit
552 1465 706 1498 iniuriari:
732 1466 787 1496 sed
810 1465 899 1496 solus
914 1465 965 1499 ille
988 1465 1042 1506 qui
1063 1475 1139 1497 eum
1163 1465 1208 1497 sic
1230 1466 1317 1506 parvi
1333 1465 1409 1497 facit
1425 1472 1461 1497 ut

396 1510 436 1541 ad
458 1509 659 1542 manifestam
674 1509 733 1540 sibi
747 1509 896 1540 iniuriam
912 1508 1029 1540 tendat.
1053 1509 1095 1540 Et
1116 1516 1247 1550 propter
1269 1510 1331 1541 hoc
1353 1509 1387 1540 in
1409 1509 1459 1547 lit.-
1486 1538 1488 1551 A

396 1561 460 1586 tera
485 1554 598 1585 dicitur
620 1552 710 1595 quod
734 1552 927 1584 contumelia
950 1552 984 1584 id
998 1554 1083 1595 quod
1105 1559 1152 1585 est
1174 1560 1286 1585 contra
1309 1554 1459 1585 honorem

395 1600 533 1631 alicuius
555 1599 683 1630 deducit
706 1599 738 1628 in
763 1599 908 1628 notitiam
932 1598 1010 1629 eius.

451 1643 624 1676 Sciendum
632 1644 745 1675 'tamen
763 1651 808 1673 est
822 1643 911 1683 quod
927 1641 1087 1682 tripliciter
1103 1642 1256 1682 contingit
1272 1642 1333 1672 hoc
1348 1640 1458 1673 facere.
1487 1665 1488 1674 1

395 1688 522 1724 Primo,
545 1687 579 1719 in
607 1687 719 1719 faeiem
742 1686 809 1718 eius
833 1686 1038 1727 per-sonaliter
1066 1686 1236 1717 audientia.
1252 1703 1276 1710 ·-
1297 1686 1459 1723 Secundo,
1487 1710 1489 1720 ,

395 1732 505 1765 litteris
521 1741 576 1763 seu
593 1731 712 1768 libello,
729 1737 765 1762 ut
780 1731 820 1762 ad
843 1740 918 1762 eum
940 1730 1093 1761 deveniat.
1117 1748 1138 1753 —
1154 1730 1273 1766 Tertio,
1290 1730 1393 1763 verbis
1410 1731 1460 1762 vel

397 1777 492 1820 signis
520 1776 555 1807 in
579 1775 718 1807 absentia
747 1774 969 1817 per-accidens
994 1772 1084 1817 (quia
1107 1774 1224 1815 scilicet
1244 1774 1358 1814 absens
1383 1772 1460 1817 est),

397 1821 451 1858 sed
474 1820 506 1850 in
530 1820 706 1860 praesentia
729 1829 786 1859 per
809 1829 841 1850 se
865 1818 973 1860 quoad
996 1817 1225 1849 intentionem:
1250 1819 1380 1858 quando
1405 1818 1461 1850 sci-

396 1865 469 1896 licet
490 1864 534 1894 ad
554 1864 616 1895 hoc
639 1863 713 1894 dicit
735 1862 887 1893 iniuriosa
913 1867 1023 1893 contra
1046 1861 1137 1892 illum
1161 1861 1255 1892 verba
1278 1864 1315 1893 ut
1336 1862 1369 1893 in
1388 1862 1460 1893 'eius

397 1909 543 1941 notitiam
566 1908 747 1943 deveniant,
772 1914 805 1938 et
825 1907 865 1939 ad
886 1907 949 1938 hoc
972 1915 1103 1946 operam
1120 1906 1190 1937 dat.
1221 1906 1352 1947 Semper
1375 1907 1460 1938 enim

396 1954 430 1984 in
453 1952 599 1985 notitiam
614 1951 831 1985 eiusdntendit
850 1951 1100 1982 contumeliosus
1122 1951 1279 1983 deducere
1301 1951 1391 1992 quod
1411 1959 1462 1983 eet

397 2005 506 2031 contra
529 1997 613 2028 illius
635 1997 805 2027 honorem:
830 1995 912 2027 sicut
925 1995 1022 2026 iratus
1042 1994 1214 2030 vindictam
1231 2004 1331 2036 quam
1352 1995 1386 2026 in
1406 1996 1460 2027 ab·

397 2041 496 2082 sentia
519 2041 602 2073 facit.
626 2058 657 2082 —v
670 2039 712 2071 Et
733 2050 790 2081 per
812 2039 874 2070 hoc
895 2046 982 2083 patet
1004 2037 1123 2081 solutio
1148 2039 1358 2078 obiectorum.

453 2085 489 2116 11.
516 2086 550 2116 In
575 2084 689 2116 eodem
711 2084 816 2124 primo
841 2082 1037 2125 quaestionis
1051 2083 1459 2124 septuagesimaesecundae

396 2130 528 2161 articulo
545 2129 679 2160 dubium
693 2128 839 2164 occurrit,
856 2137 896 2158 an
912 2128 952 2160 sit
965 2137 1037 2158 vera
1053 2126 1272 2159 determinatio
1294 2127 1421 2160 litterae·
1431 2127 1458 2165 ⁸,

397 2174 513 2206 scilieet
535 2174 623 2215 quod
647 2172 841 2205 contumelia
864 2172 1037 2203 consistens
1060 2170 1094 2203 in
1117 2171 1205 2203 saetis
1228 2181 1295 2203 non
1317 2167 1460 2203 consistit

397 2220 431 2250 in
453 2219 498 2249 eis
524 2218 716 2260 inquantum
738 2223 814 2248 sunt
837 2216 936 2253 facta.
959 2217 1016 2247 sed
1041 2216 1234 2257 inquantum
1261 2223 1335 2247 sunt
1358 2216 1456 2257 signa.

396 2266 538 2304 Apparet
559 2272 698 2303 namque
722 2261 853 2293 falsum:
885 2271 924 2292 eo
949 2261 1048 2302 quod·
1066 2260 1260 2293 contumelia
1283 2261 1459 2292 consistens

396 2308 429 2338 in
453 2307 713 2339 dehonestatione
739 2306 908 2337 Ianuarum
937 2306 1054 2336 domus
1081 2305 1230 2342 alicuius,
1254 2305 1287 2335 in
1311 2304 1459 2346 deturpa-

395 2351 482 2383 tione
505 2351 555 2382 vel
579 2349 791 2382 destructione
814 2349 990 2390 imaginum
1013 2349 1064 2380 vel
1086 2356 1292 2381 stemmatum
1314 2346 1458 2386 alicuius,

397 2395 538 2427 consistit
561 2395 593 2426 in
618 2395 705 2426 factis
729 2395 805 2435 ipsis
829 2401 864 2425 ut
886 2394 960 2425 talia
983 2394 1064 2425 facta
1087 2400 1171 2430 sunt,
1196 2400 1232 2425 ut
1255 2399 1353 2435 patet;
1376 2393 1459 2424 sicut

396 2440 505 2480 rapina
532 2440 565 2470 in
591 2439 750 2471 ablatione
772 2449 897 2474 rerum,
922 2446 953 2469 et
974 2437 1150 2469 verberatio
1178 2437 1211 2468 in
1241 2437 1459 2478 persecutione

397 2494 565 2525 personae,
597 2484 670 2515 licet
698 2482 876 2524 significent
898 2483 1043 2513 animum
1065 2482 1148 2512 male
1172 2481 1364 2522 dispositum
1385 2491 1459 2522 erga

397 2529 500 2564 illum,
517 2535 575 2559 etc.
602 2529 674 2559 Hoc
697 2527 783 2558 enim
806 2536 978 2558 commune
1002 2533 1048 2558 est
1071 2525 1222 2557 omnibus
1245 2525 1336 2557 malis
1359 2525 1458 2562 factis,

398 2572 527 2613 quando
556 2581 612 2612 per
634 2582 683 2608 se,
708 2571 826 2615 scilicet
849 2581 886 2602 ex
908 2570 1100 2606 intentione,
1123 2569 1214 2600 fiunt.
1238 2587 1259 2597 -·.
1283 2570 1324 2600 Et
1346 2569 1459 2600 confir-

398 2623 511 2647 matur.
537 2616 630 2654 Quia
645 2614 831 2646 huiusmodi
853 2614 986 2646 iniuriae
1010 2624 1075 2645 non
1099 2619 1242 2654 spectant
1264 2614 1304 2644 ad
1328 2614 1458 2655 aliquod

398 2660 654 2701 supradictorum
669 2659 820 2690 vitiorum
836 2668 918 2700 quae
934 2659 1037 2699 posita
1052 2665 1127 2689 sunt
1139 2658 1158 2678 ¹⁸⁸
1169 2657 1292 2699 opponi
1307 2657 1457 2689 iustitiae:

398 2712 434 2737 ut
457 2711 543 2746 patet
565 2704 769 2736 discurrendo
794 2713 850 2744 per
872 2703 1006 2744 singula,
1022 2702 1244 2739 homicidium,
1261 2701 1392 2739 furtum,
1411 2711 1459 2733 ra-

397 2749 517 2790 pinam,
534 2755 592 2780 etc.

453 2794 503 2824 Ad
526 2793 588 2823 hoc
611 2792 725 2823 dicitur
748 2791 836 2832 quod
859 2791 1016 2823 dubitatio
1040 2790 1141 2822 oritur
1156 2800 1193 2822 ex
1208 2790 1271 2822 hoc
1290 2791 1379 2832 quod
1395 2799 1458 2821 cre-

398 2838 481 2868 ditur
504 2837 536 2867 in
561 2836 727 2878 proposito
750 2836 869 2867 factum
897 2835 1010 2867 habere
1033 2834 1189 2866 rationem
1212 2834 1294 2875 signi
1315 2841 1458 2875 respectu

397 2881 547 2917 facienti&
573 2880 654 2912 sicut
675 2881 770 2911 verba
793 2886 936 2920 respectu
959 2879 1136 2921 loquentis:
1168 2889 1243 2910 cum
1265 2886 1373 2910 tamen
1395 2879 1457 2910 hoc

397 2936 464 2957 non
486 2925 636 2961 sufficiat;
669 2925 724 2955 sed
752 2933 811 2965 pro
834 2931 923 2955 tanto
952 2924 1032 2955 facta
1055 2930 1091 2955 ut
1113 2923 1194 2954 facta
1222 2923 1460 2964 distinguuntur

397 2970 448 3001 hic
471 2977 579 3000 contra
606 2969 687 3000 facta
710 2976 746 3000 ut
774 2969 878 3009 signa,
903 2968 978 3010 quia
1007 2968 1048 2999 ad
1074 2968 1142 2999 eius
1169 2967 1322 2999 offensam
1349 2974 1460 2998 contra

397 3024 496 3056 quem
518 3013 600 3044 fiunt
622 3023 688 3045 non
703 3013 894 3054 perveniunt
914 3019 951 3044 ut
973 3013 1065 3049 facta,
1082 3013 1136 3043 sed
1160 3019 1196 3043 ut
1218 3012 1316 3053 signa.
1340 3012 1406 3043 Fur
1419 3011 1459 3043 si-

398 3059 528 3100 quidem
553 3064 607 3088 aut
629 3059 709 3089 latro
731 3057 900 3088 iniuriatur
915 3057 998 3088 facto
1015 3064 1051 3088 ut
1069 3056 1189 3088 factum
1205 3063 1261 3093 est,
1285 3056 1362 3098 quia
1375 3056 1459 3087 actio

397 3102 560 3133 auferendi
583 3101 685 3143 privat
707 3101 799 3133 illurn
822 3101 915 3132 rebus
938 3101 1021 3131 suis:
1046 3107 1076 3132 et
1099 3100 1201 3132 simile
1225 3107 1271 3131 est
1293 3100 1332 3132 de
1355 3100 1459 3131 homi-

398 3146 480 3177 cidio
510 3154 541 3177 et
572 3145 639 3176 aliis
667 3145 864 3186 supradictis.
895 3144 1158 3176 Contumeliosus
1187 3151 1295 3176 autem
1328 3145 1458 3186 quando

398 3191 480 3226 facto
504 3190 686 3226 iniuriatur,
718 3198 784 3220 non
808 3189 975 3220 iniuriatur
1004 3189 1088 3220 facto
1116 3196 1152 3220 ut
1175 3189 1294 3220 facturn
1317 3196 1379 3225 est,
1403 3189 1458 3219 sed

398 3235 480 3266 facto
505 3242 540 3265 ut
561 3235 672 3274 signo:
704 3234 780 3275 quia
807 3233 888 3264 actio
911 3233 965 3264 illa
995 3233 1263 3264 dehonestationis
1285 3233 1399 3264 ianuae
1428 3239 1459 3264 et

398 3279 593 3315 huiusmodi,
617 3279 807 3320 inquantum
830 3277 904 3308 talia
927 3277 1007 3308 facta
1030 3277 1174 3308 absolute
1197 3285 1284 3314 sunt,
1308 3287 1374 3308 non
1397 3277 1458 3308 lae-

399 3324 478 3354 dunt
510 3323 692 3363 proximum
722 3321 840 3366 (neque
863 3321 949 3370 enim
976 3321 1154 3362 personalia
1181 3331 1285 3363 neque
1315 3332 1363 3352 res
1391 3321 1458 3352 eius

1485 760 1487 798 ζ
1512 759 1710 789 diminuunt:
1735 757 1794 789 nisi
1818 757 1899 792 forte
1922 767 1978 798 per
1994 757 2146 794 accidens,
2171 757 2247 798 quia
2265 755 2382 788 scilicet
2400 755 2454 787 illa
2469 755 2477 762 '

1485 800 1487 835 ἰ
1512 810 1579 841 erat
1601 812 1658 833 sua
1682 809 1712 834 et
1734 801 1814 832 nihil
1836 801 1974 842 amplius
1995 799 2108 844 valet);
2138 801 2195 832 sed
2217 808 2253 832 ut
2281 800 2398 831 habent
2419 799 2576 845 ratiqiem

1512 847 1593 887 signi
1616 846 1810 887 pertingunt,
1834 853 1992 886 quantum
2014 845 2048 875 iu
2063 855 2096 876 se
2112 851 2168 882 est,
2192 844 2232 876 ad
2254 843 2447 876 laedendum
2469 841 2575 875 hono*-

1513 901 1580 922 rem
1608 890 1756 932 proximi.
1786 908 1806 912 -
1835 888 1991 928 Quamvis
2017 896 2126 920 autem
2151 897 2324 919 commune
2353 887 2392 919 sit
2423 886 2574 919 omnibus

1485 935 1487 969 i
1512 936 1595 966 male
1618 935 1707 966 factis
1731 933 1904 975 significare
1927 933 2046 964 malam
2068 932 2279 964 intentionem
2301 931 2440 972 agentis,
2470 941 2575 973 neque

1485 978 1487 1021 ἶ
1513 990 1609 1020 penes
1634 980 1676 1010 sic
1700 989 1766 1010 esse
1789 979 1917 1019 signum
1940 977 2100 1008 distinctio
2123 977 2175 1008 hic
2197 976 2253 1013 sin
2277 976 2445 1018 proprium
2467 981 2574 1007 tamen

1486 1022 1487 1049 ἲ
1514 1034 1559 1055 est
1581 1024 1664 1054 male
1680 1023 1768 1054 factis
1793 1029 1828 1055 ut
1851 1029 1926 1054 sunt
1948 1021 2190 1057 contumeliosa,
2213 1021 2253 1052 ad
2275 1020 2398 1054 hoe:ut
2414 1019 2478 1051 sint
2498 1028 2576 1052 eon*—

1513 1068 1699 1104 tumeliosa,
1723 1068 1854 1098 induere
1877 1066 2032 1098 rationem
2055 1065 2135 1106 signi
2164 1064 2273 1106 quoad
2296 1063 2485 1099 efficaciam;
2513 1063 2576 1095 hoc

1513 1118 1576 1148 est,
1602 1112 1691 1153 quod
1713 1121 1779 1143 non
1802 1111 1985 1151 pertingunt
2009 1117 2044 1141 ut
2067 1108 2299 1140 contumeliosa
2323 1107 2363 1138 ad
2390 1106 2575 1138 iniuriatum

1506 1155 1628 1186 ‘nisiut
1650 1155 1748 1196 signa.
1782 1158 1828 1186 Ac
1851 1165 1908 1195 per
1931 1155 2006 1191 hoc,
2030 1154 2104 1185 talia
2127 1154 2208 1184 facta
2235 1159 2310 1183 sunt
2332 1151 2575 1188 contumeliosa,

1487 1238 1488 1242 Ἰ
1513 1207 1550 1231 ιιι
1571 1206 1646 1230 sunt
1668 1200 1741 1231 talia
1764 1199 1854 1235 facta,
1878 1198 2093 1235 materialiter;
2118 1204 2154 1228 ut
2176 1197 2274 1237 signa,
2299 1195 2482 1227 formaliter.

1486 1243 1488 1271 ι’
1568 1243 1610 1274 Et
1631 1244 1757 1274 adverte
1780 1243 1870 1285 quod
1890 1243 1966 1284 quia
1986 1253 2089 1273 unum
2104 1242 2218 1274 vitium
2232 1241 2367 1281 imperat
2381 1239 2479 1276 alteri,
2496 1239 2577 1270 sicut

1486 1282 1488 1307 ἲ
1513 1287 1643 1328 quando
1667 1287 1739 1328 quis
1755 1287 1876 1318 furatur
1899 1293 1935 1317 ut
1951 1284 2152 1322 moechetur,
2169 1286 2212 1316 ita
2235 1286 2261 1316 si
2283 1285 2356 1327 quis
2375 1290 2497 1324 raperet
2520 1293 2576 1314 seu

1486 1332 1488 1375 ξ
1513 1337 1689 1372 percuteret
1711 1337 1748 1362 ut
1770 1330 2061 1369 contumeliaretur‚
2076 1330 2185 1370 rapina
2207 1338 2264 1360 seu
2287 1335 2384 1370 percu
2459 1334 2511 1361 ut
2529 1327 2576 1370 fa-

1512 1382 1610 1406 ctumr‘
1624 1375 1762 1406 laederet
1782 1375 1815 1406 in
1838 1375 1934 1406 rebus
1954 1374 2006 1406 vel
2029 1383 2180 1415 persona,
2204 1380 2241 1405 ut
2278 1373 2286 1380 '
2382 1363 2419 1414 ἶ
2474 1374 2498 1397 ‚¹2
2522 1378 2533 1398 ·.

1513 1426 1600 1451 retur
1628 1426 1738 1451 contra
1767 1419 1940 1451 honorem:
1972 1425 2003 1450 et
2032 1424 2175 1460 peccaret
2202 1417 2302 1449 simut
2326 1417 2349 1454 d
2381 1432 2412 1465 χὼ

1486 1467 1488 1475 “
1514 1464 1596 1496 sicut
1617 1463 1670 1495 fur
1691 1471 1728 1496 ut
1751 1463 1945 1496 moechetur.
2313 1496 2315 1502 ¹

1569 1508 1627 1546 Est
1650 1514 1682 1539 et
1703 1507 1789 1539 aliud
1811 1506 2049 1540 advertendum.
2074 1506 2173 1544 Quod
2196 1515 2273 1537 cum
2286 1496 2466 1547 praem
2514 1539 2543 1546 .-.

1486 1554 1488 1581 2
1515 1552 1706 1595 nestationes
1734 1559 1766 1583 et
1794 1551 1908 1583 similia
1931 1561 1950 1582 a
1978 1550 2147 1582 manifesto
2175 1548 2259 1581 fiunt
2280 1540 2442 1594 ‘anania
2459 1541 2576 1593 haberit

1486 1613 1488 1627 v,
1514 1596 1650 1637 perfecte
1674 1595 1829 1627 rationem
1844 1595 2066 1627 contumeliae.
2090 1594 2177 1626 Cum
2191 1603 2267 1625 vero
2291 1594 2329 1625 ab
2350 1592 2496 1636 peitilto·
2516 1597 2518 1599 ’
2566 1596 2569 1598 “

1514 1641 1631 1672 cedunt
1646 1647 1783 1677 auctore,
1799 1640 1917 1672 habent
1928 1639 2061 1681 quidem
2075 1639 2232 1671 rationem
2244 1645 2337 1671 verae
2350 1643 2493 1681 commi

1514 1686 1589 1726 quia
1612 1685 1652 1715 ad
1675 1685 1737 1715 hoc
1757 1684 1837 1715 fiunt
1861 1691 1896 1715 ut
1918 1684 1950 1714 in
1967 1684 2114 1715 notitiam
2129 1683 2197 1714 eius
2212 1689 2244 1714 et
2257 1683 2396 1714 aliorum
2419 1681 2502 1722 dedu

1514 1730 1547 1763 id
1570 1729 1660 1770 quod
1682 1735 1729 1760 est
1752 1735 1861 1760 contra
1883 1728 2040 1765 honorem
2064 1727 2160 1760 eiust·
2177 1727 2285 1758 minus
2307 1733 2415 1763 tamen
2435 1735 2497 1766 ρει·
2511 1732 2530 1763 g

1514 1773 1670 1804 rationem
1692 1772 1809 1807 babent
1836 1772 2067 1809 contumeliae,
2091 1781 2154 1820 pro
2178 1777 2299 1813 quanto
2323 1767 2577 1822 contumelissqsus

1515 1824 1561 1853 est
1583 1816 1769 1848 manifestus
1791 1815 1966 1854 inim-iator,
1990 1816 2073 1847 sicut
2092 1812 2126 1852 ‘et
2147 1814 2253 1848 iratus.
2274 1851 2276 1854 ,
2348 1810 2353 1823 ’
2442 1849 2446 1854 ,
2472 1814 2475 1815 ’

1568 1858 1621 1892 111.
1645 1861 1681 1891 In
1705 1859 1912 1901 responsione
1936 1860 2127 1891 ad'tertium
2159 1855 2576 1899 eiusdemprimiffmieufi

1487 1901 1489 1932 ἦ
1513 1906 1649 1937 dubium
1673 1904 1818 1941 occurrit,
1842 1914 1882 1935 an
1899 1904 2094 1937 contumelia
2111 1899 2576 1949 distinguaturinipluresigffi

1514 1950 1589 1981 cies:
1609 1959 1676 1986 seu,
1693 1949 1904 1989 distinguatur
1923 1948 2026 1989 specie
2042 1949 2085 1979 ab
2097 1947 2343 1988 improperioet
2355 1944 2578 1989 midas&

1487 1991 1489 2019 ῗ
1514 2001 1561 2026 est
1586 1994 1666 2026 ratio
1696 1993 1784 2024 dubii
1817 1993 1892 2034 quia
1922 1992 2080 2024 distinctio
2110 1990 2256 2033 specifica
2282 1990 2456 2023 attenditur
2477 1997 2575 2033 penes

1486 2050 1487 2053 ¹
1513 2037 1684 2074 obiectum,
1709 2037 1798 2079 quod
1814 2044 1860 2068 est
1881 2036 2014 2068 materia
2034 2036 2115 2068 circa
2129 2039 2238 2077 quam.
2264 2032 2400 2066 Co‘nstat
2415 2035 2524 2078 autem
2537 2043 2576 2075 ex

1512 2083 1614 2114 littera
1636 2082 1724 2124 quod
1748 2080 1889 2113 defectus
1911 2081 2023 2122 culpae
2046 2088 2093 2112 est
2115 2079 2245 2112 materia
2267 2071 2574 2123 conmmeliae;3ffle⁶

1512 2127 1612 2158 fectus
1635 2125 1848 2158 communiter
1875 2132 1921 2156 est
1944 2125 2073 2156 materia
2096 2123 2246 2161 convicii;
2277 2123 2421 2155 defectus
2440 2124 2577 2164 piumf-

1510 2172 1572 2202 itae
1584 2170 1775 2211 indigentiae
1790 2177 1837 2201 est
1850 2170 1981 2201 materia
1995 2168 2190 2210 improperii.
2209 2169 2343 2205 Rursus,
2357 2164 2576 2211 defectusnil·

1511 2225 1572 2257 pae
1593 2215 1765 2246 maximam
1789 2214 1883 2246 habet
1905 2213 2118 2246 diversitatem
2139 2212 2336 2254 specificam:
2368 2218 2404 2245 ut
2424 2217 2517 2252 patet,
2532 2211 2576 2243 de

1512 2260 1688 2292 diversitate
1710 2259 1872 2290 vitiorum.
1896 2276 1917 2282 -
1941 2258 1978 2291 In
2000 2257 2189 2299 oppositum
2211 2264 2319 2296 autern
2337 2262 2385 2289 est
2403 2256 2503 2298 quodr

1512 2303 1677 2336 consuevit
1691 2305 1813 2334 Auctor
1835 2302 2001 2344 praeterire
2024 2300 2203 2344 specificam
2225 2300 2463 2342 distinctionem
2477 2293 2574 2343 vibo&

1511 2357 1585 2379 rum
1605 2348 1640 2379 in
1663 2347 1735 2379 hoc·
1748 2357 1860 2388 opere,
1885 2346 1940 2377 ubi
1968 2345 2138 2378 descendit·
2158 2340 2269 2387 usque¹
2284 2344 2326 2376 ad
2349 2337 2577 2386 specialis-'isan

1512 2392 1699 2423 moralium:
1723 2391 1866 2432 alioquin
1890 2401 1955 2421 non
1975 2397 2057 2421 esset
2078 2389 2212 2421 ultimus
2234 2389 2406 2420 momlium
2428 2389 2531 2420 hwa-¹
2544 2390 2569 2412 ’Ἀ

1567 2437 1618 2467 Ad
1642 2436 1707 2467 hoc
1735 2436 1850 2467 dicitur
1873 2435 1964 2475 quod
1994 2435 2107 2475 procul
2133 2433 2234 2465 dubio
2263 2433 2458 2465 courmelia
2478 2429 2576 2465 u‘aius

1511 2487 1558 2511 est
1580 2479 1695 2520 speciei
1718 2479 1971 2520 specialissimae,
1988 2488 2026 2510 ex
2045 2478 2164 2510 unitate
2183 2477 2325 2514 honoris,
2349 2484 2459 2509 contra
2473 2483 2574 2518 quem

1511 2525 1622 2560 tendit,
1637 2523 1816 2565 specificam
1839 2523 1993 2555 unitatem
2008 2523 2146 2554 habens:
2170 2521 2251 2553 sicut
2273 2521 2425 2553 detractio
2449 2530 2487 2554 en
2504 2520 2575 2553 uni·

1511 2575 1574 2600 tate
1602 2568 1714 2599 famae.
1747 2567 1852 2598 Huius
1879 2574 1987 2600 autem
2013 2566 2143 2607 signum
2175 2564 2380 2596 manifestum
2407 2573 2455 2597 est
2483 2564 2574 2606 quod

1511 2613 1596 2644 idern
1620 2611 1759 2643 defectus
1779 2612 1890 2652 culpae
1913 2617 2033 2652 spectat
2055 2611 2095 2641 ad
2118 2609 2345 2641 detractionem
2361 2615 2393 2640 et
2408 2608 2576 2643 contume-

1510 2657 1600 2688 liam:
1632 2662 1738 2697 potest
1763 2655 1849 2686 enirn
1878 2655 1949 2697 quis
1971 2653 2285 2686 etdetrahendoet
2313 2653 2574 2686 contumeliam

1511 2701 1671 2732 defectum
1686 2700 1841 2736 adulterii,
1858 2699 1943 2736 furti,
1959 2706 2029 2735 etc„
2045 2699 2157 2731 dicere.
2176 2698 2443 2738 HaBentergose
2456 2695 2574 2729 mad

1512 2745 1652 2776 defectus
1674 2744 1730 2786 qui
1753 2745 1901 2776 dicuntur
1930 2744 1970 2774 ad
1993 2743 2070 2775 haec
2095 2742 2171 2775 vitia
2193 2750 2258 2773 non
2282 2749 2319 2774 ut
2335 2741 2472 2775 materia
2493 2741 2575 2782 cium

1511 2799 1609 2831 quam
1632 2788 1805 2820 formaliter
1826 2794 1998 2824 versantur,
2022 2788 2077 2818 sed
2099 2785 2311 2819 materialiter.
2344 2786 2385 2817 Et
2407 2792 2577 2835 propter„

1511 2844 1578 2865 non
1600 2832 1722 2864 variant
1737 2831 1874 2874 species:
1899 2832 1955 2863 sed
1977 2831 2154 2863 secundum
2178 2829 2390 2862 diversitatem
2405 2824 2577 2869 finiunt-j

1511 2888 1595 2919 quos
1617 2878 1813 2914 ordinantur,
1837 2883 1916 2918 puta
1938 2875 2200 2907 dehonorationis
2213 2874 2264 2905 vel
2281 2873 2441 2912 infamiae,
2465 2874 2505 2906 ad
2524 2868 2576 2905 ’ὥ

1510 2932 1615 2954 versas
1642 2921 1762 2963 species
1791 2921 1964 2952 moralium
1990 2920 2142 2951 vitiorum
2168 2919 2378 2956 reducuntur,
2403 2925 2436 2950 et
2456 2917 2576 2950 unium·

1511 2973 1572 3002 tur,
1589 2973 1646 2998 etc.
1670 2965 1794 2998 Omnes
1810 2965 1968 3007 siquidem
1987 2964 2128 2996 defectus
2152 2970 2310 3004 quatenus
2331 2963 2491 2995 honorem
2510 2962 2574 2995 w,

1512 3011 1608 3047 dunt,
1632 3011 1728 3042 unius
1754 3017 1829 3041 sunt
1855 3009 2004 3046 rationis,
2035 3016 2066 3040 et
2095 3009 2136 3040 ad
2164 3007 2392 3040 contumeliam
2415 3011 2573 3049 spem-x.

1511 3062 1669 3096 quatenus
1691 3054 1811 3086 famam
1832 3054 1984 3085 minuunt
1999 3060 2054 3085 aut
2068 3052 2226 3089 auferunt,
2246 3052 2342 3084 unius
2356 3051 2575 3090 alteriusauut

1511 3099 1650 3136 rationis,
1675 3106 1706 3130 et
1727 3099 1767 3130 ad
1790 3098 2019 3130 detractionem
2041 3097 2208 3138 pertinent.
2228 3096 2285 3128 Est
2308 3102 2414 3128 tamen
2432 3095 2466 3127 in
2476 3092 2575 3138 uui}-

1510 3153 1592 3185 que,
1618 3153 1691 3186 curn
1714 3142 1834 3174 unitate
1857 3141 1990 3183 speciei,
2021 3141 2182 3172 diversitas
2208 3141 2366 3182 graduum
2395 3138 2573 3171 secundam

1511 3187 1611 3228 magis
1634 3194 1665 3219 et
1687 3186 1807 3218 minus:
1832 3186 1912 3218 dum
1935 3195 2020 3217 unus
2043 3185 2183 3217 defectus
2206 3185 2307 3226 magis
2325 3184 2504 3216 dehonorat
2514 3187 2573 3215 aut

1511 3232 1642 3263 infamat
1665 3241 1763 3273 quam
1786 3231 1883 3268 alius,
1907 3237 1942 3262 ut
1965 3236 2060 3271 patet.
2083 3246 2105 3253 -
2128 3230 2169 3261 Et
2191 3238 2247 3270 per
2262 3229 2324 3260 hoc
2347 3235 2433 3270 patet
2454 3227 2573 3274 solutio

1511 3276 1726 3308 obiectorum:
1756 3282 1869 3306 omnes
1896 3274 1983 3306 enim
2013 3274 2152 3305 defectus
2183 3281 2340 3315 quatenus
2360 3273 2572 3308 dehonorant,

1484 3329 1487 3350 ι
1512 3321 1607 3352 unius
1631 3327 1704 3351 sunt
1727 3319 1851 3360 speciei,
1877 3326 1912 3350 ut
1935 3319 2056 3350 dictum
2081 3325 2136 3350 est.

2459 1430 2498 1455 .”
2532 1430 2575 1460 ’,ν

2484 1477 2501 1484 ..
2561 1482 2572 1507 ἰ

1356 3455 1426 3461 ὢν
1432 3453 1602 3461 «καννν-»κ
1614 3456 1618 3458 -

2602 513 2614 525 ·
2627 512 2694 535 Vers-
2709 519 2738 540 ¹5·
