2860 4244
961 207 1227 273 QUAE-sno
1258 227 1360 275 civ,
1389 227 1685 265 ARTmULth
1716 228 1747 264 11

324 305 386 342 Sic
414 317 517 354 ergo,
547 305 578 342 si
606 305 823 342 obedientia
849 305 1002 354 proprie
1027 304 1242 353 accipiatur,
1273 318 1327 342 se-

271 357 441 396 cundum
461 358 567 407 quod
594 358 744 407 respicit
761 370 831 407 per
855 357 1100 395 intentionem
1128 357 1328 395 formalem

270 411 456 448 rationem
493 411 706 460 praecepti,
735 410 804 448 erit
836 410 1007 459 specialis
1034 410 1173 457 virtus,
1205 418 1240 447 et
1277 411 1330 448 in-

271 516 320 552 ad
349 516 605 554 obedientiam
633 516 842 564 requiretur
870 515 974 563 quod
1003 515 1160 563 impleat
1197 516 1330 564 aliquis

271 575 399 606 actum
436 569 614 616 iustitiae,
642 570 704 606 vel
741 568 892 605 alterius
927 567 1095 615 virtutis,
1132 568 1331 605 intendens

271 621 429 670 implere
457 628 722 670 praeceptum:
752 628 788 657 et
816 620 864 658 ad
892 620 1187 658 inobedientiam
1209 621 1332 670 requi-

273 726 313 763 Si
330 739 424 764 vero
444 726 660 763 obedientia
678 727 780 774 large
800 726 1003 775 accipiatur
1020 738 1090 775 pro
1113 727 1332 764 executione

273 779 547 827 cuiuscumque
576 779 680 828 quod
708 786 833 828 potest
860 780 995 816 eadere
1024 780 1094 816 sub
1114 788 1330 829 praecepto,

273 839 310 868 et
336 831 592 869 inobedientia
610 844 680 880 pro
701 832 908 871 omissione
928 832 1100 869 eiusdem
1119 837 1150 880 η,
1172 845 1217 869 ex
1240 845 1332 881 qua-

272 896 440 933 cumque
468 884 696 922 intentione':
726 885 779 922 sic
807 885 1025 922 obedientia
1053 885 1122 922 erit
1148 885 1333 933 generalis

271 937 404 985 virtus,
433 945 469 974 et
497 937 753 975 inobedientia
781 939 954 986 generale
981 945 1194 987 peccatum.

325 993 384 1027 Αι)
413 1002 603 1028 SECUNDUM
638 1002 824 1028 mCENDUM
857 990 962 1039 quod
1000 990 1216 1027 obedientia
1254 1002 1334 1027 non
1360 995 1362 1043 ι

273 1050 330 1080 est
354 1043 474 1080 virtus
492 1043 716 1091 theologica.
745 1043 836 1079 Non
857 1043 959 1080 enim
988 1055 1056 1092 per
1075 1055 1116 1080 se
1140 1043 1333 1080 obiectum
1361 1046 1362 1050 ’

273 1095 354 1133 eius
383 1104 439 1133 est
466 1097 584 1144 Deus,
605 1096 672 1133 sed
699 1104 948 1144 praeceptum
977 1096 1182 1145 superioris
1211 1096 1333 1133 cuius-

273 1160 452 1198 cumque,
479 1149 542 1186 vel
571 1160 792 1198 expressum
810 1149 873 1185 vel
901 1148 1236 1198 interpretativum,
1266 1149 1334 1185 sci-

273 1201 358 1239 licet
384 1201 543 1250 simplex
571 1201 734 1238 verbum
762 1201 919 1250 praelati
954 1201 1035 1238 eius
1070 1201 1239 1239 indicans
1265 1214 1335 1239 vo-

271 1255 472 1310 luntatem,
488 1254 579 1291 cui
588 1254 720 1292 obedit
746 1261 948 1303 promptus
977 1255 1171 1302 obediens,
1203 1267 1336 1292 secun-

254 1303 367 1345 ‘dum
394 1307 484 1344 illud
517 1307 585 1344 Tit.
615 1319 650 1344 ιιι
668 1307 704 1343 *ε
735 1308 843 1344 Dicto
871 1308 1031 1344 obedire.
1058 1330 1082 1336 -
1112 1309 1179 1345 Est
1207 1316 1335 1345 autem
1361 1294 1364 1338 Ι

270 1359 389 1397 virtus
417 1359 584 1407 moralis,
609 1372 697 1397 cum
727 1360 773 1397 sit
795 1372 891 1409 pars
903 1360 1083 1397 iustitiae:
1114 1369 1149 1397 et
1175 1369 1229 1398 est
1256 1373 1336 1398 me-

273 1411 379 1450 dium
407 1413 504 1450 inter
530 1413 767 1462 superfluum
805 1421 841 1450 et
876 1413 1116 1451 diminutum.

325 1465 541 1504 Attenditur
582 1474 711 1503 autem
749 1466 830 1503 eius
866 1466 1105 1514 superfluum
1142 1479 1221 1503 non
1253 1466 1334 1515 qui-

274 1518 363 1556 dem
401 1507 612 1556 secundum
649 1525 851 1567 quantum,
892 1520 955 1555 sed
995 1519 1207 1555 secundum
1245 1519 1336 1555 alias

273 1571 592 1609 circumstantias:
621 1571 848 1620 inquantum
878 1571 1018 1608 seilicet
1045 1572 1177 1619 aliquis
1207 1572 1337 1608 obedit
1362 1571 1364 1604 ἶ

271 1625 335 1662 vel
363 1624 423 1662 cui
450 1637 528 1662 non
566 1624 680 1661 debet
705 1625 767 1662 vel
797 1624 834 1660 in
869 1624 1005 1673 quibus
1024 1621 1059 1671 ⁰,
1090 1625 1185 1661 sicut
1222 1624 1335 1661 etiarn
1362 1638 1364 1673 j

273 1685 388 1726 supra
405 1676 428 1699 *
454 1678 502 1715 de
530 1676 710 1726 religione
747 1677 889 1714 dictum
919 1684 985 1714 est.
1007 1698 1031 1704 -
1059 1678 1190 1714 Potest
1222 1677 1335 1714 etiam
1363 1682 1364 1686 ’

274 1729 348 1775 dici
373 1731 479 1779 quod
514 1729 609 1767 sicut
634 1729 673 1767 in
703 1730 840 1767 iustitia
867 1730 1104 1779 superfluum
1140 1738 1194 1767 est
1222 1729 1261 1767 in
1289 1743 1335 1767 eo

272 1783 341 1832 qui
366 1782 500 1820 retinet
527 1783 705 1830 alienum,
729 1783 958 1820 diminutum
978 1791 1107 1820 autem
1131 1783 1168 1820 in
1198 1795 1245 1820 eo
1275 1783 1336 1820 cui

272 1847 352 1874 non
379 1836 548 1873 redditur
566 1836 670 1884 quod
700 1836 870 1882 debetur,
891 1844 932 1872 ut
959 1836 1216 1885 Philosophus
1235 1836 1335 1883 dicit,
1363 1837 1364 1850 ³

236 1909 244 1917 ·
273 1888 312 1926 in
338 1889 375 1926 V
400 1889 520 1926 Ethic.
540 1889 579 1934 *ς
608 1889 658 1925 ita
688 1889 802 1926 etiam
831 1888 1048 1926 obedientia
1080 1889 1252 1926 medium
1281 1896 1338 1926 est

273 1941 371 1980 inter
402 1941 640 1990 superfluum
675 1942 780 1991 quod
813 1941 1015 1979 attenditur
1043 1955 1087 1979 ex
1116 1950 1222 1992 parte
1256 1942 1336 1979 eius
1362 1959 1364 1990 f

273 1995 339 2043 qui
358 1995 543 2032 subtrahit
561 1994 747 2044 superiori
775 1994 1014 2032 obedientiae
1043 1995 1227 2042 debitum,
1248 1995 1337 2043 quia
1362 1995 1363 1998 ’

273 2048 559 2097 superabundat
580 2047 620 2085 in
648 2047 843 2097 implendo
862 2048 1057 2097 propriam
1085 2049 1336 2095 voluntatem,

273 2101 503 2139 diminutum
539 2108 666 2138 autem
705 2113 750 2138 ex
777 2108 883 2150 parte
918 2101 1122 2150 superioris
1160 2102 1220 2138 cui
1258 2114 1336 2138 non

273 2153 458 2192 obeditur.
483 2154 596 2191 Unde
624 2154 837 2191 secundum
865 2155 951 2200 hoc,
981 2154 1198 2192 obedientia
1226 2166 1307 2191 non
1326 2160 1334 2175 ‘

117 2253 124 2263 Ι
167 2219 173 2226 “
219 2207 245 2238 '‚
273 2207 342 2248 erit
369 2206 542 2245 medium
575 2207 737 2244 duarum
773 2207 1022 2245 malitiarum:
1051 2207 1147 2245 sicut
1174 2220 1289 2256 supra
1317 2208 1337 2228 '¹‘

273 2259 323 2299 de
350 2259 487 2298 iustitia
515 2259 659 2297 dictum
689 2267 756 2298 est.

227 2363 230 2364 ⁷
325 2313 386 2350 An
412 2325 574 2351 TERTIUM
610 2325 794 2351 ιιιεΕΝῡυΜ
828 2313 933 2362 quod
970 2313 1207 2359 obedientia,
1242 2313 1338 2350 sicut

273 2373 311 2403 et
337 2366 528 2415 quaelibet
554 2366 685 2413 virtus,
715 2367 829 2403 debet
856 2367 998 2403 habere
1017 2374 1238 2415 promptam
1266 2379 1337 2404 vo-

325 2479 348 2514 e)
367 2479 518 2505 Secundum
536 2480 595 2506 hoc.
611 2494 630 2500 -
649 2480 704 2505 Sed
720 2480 770 2506 hoc
787 2481 850 2512 HK,
869 2481 924 2506 Sed
941 2481 979 2511 D,
999 2481 1150 2506 Secundum
1168 2481 1240 2513 quod
1256 2481 1286 2511 E,
1302 2480 1338 2505 Et

271 2515 415 2542 ”eundum
434 2515 484 2541 hoc
501 2515 558 2547 AG,
577 2515 730 2542 Secundum
748 2515 798 2542 hoc
815 2516 886 2541 enim
905 2516 934 2541 P.
952 2529 970 2535 —
989 2516 1040 2541 Pro
1063 2517 1230 2548 requiretur,
1249 2517 1336 2549 requi-

272 2550 344 2576 retur
365 2550 522 2583 PDFGKpC
540 2555 565 2576 et
582 2558 609 2580 a,
628 2551 811 2583 requireretur
829 2552 862 2576 H.

324 2585 350 2618 ζ)
368 2586 529 2619 requiretur.
547 2599 566 2605 —
583 2586 732 2619 requiritur
751 2587 883 2612 PGHKsA
902 2592 928 2612 et
945 2594 972 2613 a.
989 2601 1008 2606 -
1026 2588 1094 2612 Ante
1107 2589 1281 2620 praeceptum
1298 2587 1337 2612 Pa

211 2603 221 2614 ’Ἴ
272 2621 371 2647 addunt
386 2622 509 2654 speciale.

324 2657 351 2689 η)
371 2656 496 2682 eiusdem.
513 2670 532 2676 —
550 2657 606 2682 eius
625 2657 666 2682 vel
684 2657 790 2683 BlKLa.

2366 229 2439 266 385

1356 342 1357 347 ,
1383 306 1565 342 luntatem
1594 306 1631 342 in
1661 317 1772 342 suum
1802 305 1999 355 proprium
2029 306 2242 353 obiectum,
2272 318 2350 343 non
2378 319 2442 343 au—

1383 366 1461 395 tem
1481 358 1519 395 in
1538 359 1577 395 id
1591 358 1697 406 quod
1716 370 1931 407 repugnans
1952 366 2006 396 est
2026 358 2071 396 ei.
2097 359 2300 408 Proprium
2315 367 2442 396 autem

271 463 491 501 obedientia
524 463 685 512 speciale
722 471 921 512 peccatum
969 463 1190 499 Secundum
1223 464 1298 500 hoc
1318 468 1330 484 ι
1356 414 1358 481 ἶ
1386 411 1577 448 obiectum
1608 410 1845 448 obedientiae
1874 418 1929 448 est
1952 420 2210 460 praeceptum,
2231 413 2335 461 quod
2363 411 2444 460 qui-

1386 463 1474 500 dem
1504 476 1549 500 ex
1578 464 1728 501 alterius
1754 465 1950 501 voluntate
1987 464 2167 513 procedit.
2206 465 2317 502 Unde
2353 466 2444 502 obe-

1386 515 1525 552 dientia
1553 516 1674 553 reddit
1700 524 1919 565 promptam
1947 517 2111 554 hominis
2129 518 2366 554 voluntatem
2395 517 2444 554 ad

1386 568 1620 616 implendam
1652 570 1890 606 voluntatem
1929 570 2099 616 alterius,
2129 570 2268 607 scilicet
2300 570 2443 619 praeci-

1358 652 1360 674 ,
1385 621 1532 669 pientis.
1564 621 1604 658 Si
1632 622 1817 659 autemid
1837 623 1942 671 quod
1971 623 2004 659 ei
2031 623 2258 672 praecipitur
2286 623 2329 660 sit
2356 635 2444 671 pro-

272 673 405 711 returc
432 674 537 722 quod
564 673 756 711 actualiter
780 681 998 710 contemnat
1025 682 1286 722 praeceptum.
1307 695 1331 702 —
1359 676 1360 679 ’

1386 681 1469 721 pter
1497 685 1536 710 se
1567 674 1600 710 ei
1627 674 1808 722 volitum,
1839 675 1950 712 etiam
1980 676 2124 723 absque
2159 676 2303 712 ratione
2336 688 2445 724 prae-

1387 726 1497 774 cepti,
1527 726 1622 763 sicut
1654 727 1788 764 accidit
1815 728 1853 764 in
1880 729 2088 777 prosperis;
2117 729 2192 765 iam
2218 741 2264 765 ex
2291 729 2445 777 propria

1385 779 1581 816 voluntate
1618 780 1736 816 tendit
1768 780 1806 816 in
1843 780 1955 827 illud,
1985 789 2022 818 et
2058 793 2137 818 non
2169 781 2320 818 videtur
2355 781 2445 818 illud

1387 831 1544 890 implere
1582 840 1737 880 propter
1771 842 2039 882 praeceptum,
2073 835 2140 871 sed
2173 842 2328 883 propter
2359 846 2446 883 pro-

1386 884 1509 943 priam
1538 885 1786 922 voluntatem.
1818 887 1894 923 Sed
1913 887 2067 935 quando
2095 887 2185 924 illud
2205 887 2310 935 quod
2337 899 2445 936 prae·
2455 926 2462 933 .

1360 946 1361 982 j
1389 937 1522 985 cipitur
1557 938 1659 973 nullo
1694 938 1813 975 modo
1852 946 1907 975 est
1944 939 2154 976 secundum
2193 952 2234 976 se
2261 939 2443 986 volitum,

1388 990 1456 1027 sed
1477 998 1543 1037 est,
1564 990 1774 1027 secundum
1803 1003 1842 1027 se
1863 992 2156 1039 consideratum,
2177 992 2353 1041 propriae
2376 1005 2446 1029 vo-

1388 1043 1519 1079 luntati
1547 1055 1782 1091 repugnans,
1812 1043 1907 1080 sicut
1935 1045 2068 1081 accidit
2095 1045 2133 1081 in
2161 1045 2321 1093 asperis;
2355 1053 2446 1082 tunc

1361 1118 1363 1142 5
1389 1096 1548 1132 omnino
1577 1096 1820 1133 manifestum
1850 1104 1905 1133 cst
1932 1097 2037 1145 quod
2066 1109 2144 1134 non
2171 1097 2347 1146 impletur
2375 1098 2445 1135 nisi

1389 1156 1544 1198 propter
1571 1156 1829 1198 praeceptum.
1859 1150 1908 1186 Et
1935 1149 2022 1187 ideo
2052 1150 2256 1198 Gregorius
2282 1150 2380 1198 dicit,
2409 1151 2446 1187 in

1361 1215 1363 1230 1
1389 1201 1484 1238 libro
1511 1202 1656 1238 Moral.
1677 1201 1717 1249 *,
1748 1202 1853 1251 quod
1881 1202 2087 1239 obedientia
2123 1215 2220 1251 quae
2246 1204 2356 1240 habet
2381 1204 2448 1240 ali-

1362 1254 1479 1304 quid
1504 1254 1551 1291 de
1576 1267 1644 1291 suo
1673 1255 1710 1291 in
1732 1256 1938 1303 prosperis.
1967 1261 2021 1292 est
2051 1256 2189 1292 nulla*
2215 1256 2276 1293 vel
2310 1256 2447 1303 minor,

1390 1307 1479 1357 quia
1506 1307 1645 1344 scilicet
1671 1309 1848 1345 voluntas
1875 1308 2029 1357 propria
2057 1321 2135 1345 non
2161 1308 2312 1346 videtur
2347 1309 2447 1357 prin-

1361 1357 1364 1415 ᾖ
1390 1360 1558 1409 cipaliter
1585 1360 1738 1397 tendere
1768 1361 1816 1398 ad
1843 1361 2078 1421 implendum
2098 1369 2355 1422 praeceptum,
2380 1363 2448 1399 sed

1362 1437 1364 1457 ,
1389 1413 1438 1450 ad
1466 1414 1748 1462 assequendum
1777 1414 1974 1463 proprium
2002 1414 2185 1452 volitum·
2215 1415 2252 1451 in
2281 1415 2448 1452 adversis

1362 1474 1364 1507 ξ
1390 1472 1515 1503 autem
1533 1466 1594 1503 vel
1619 1466 1831 1514 difficilibus
1859 1473 1911 1503 est
1938 1467 2072 1513 maior,
2094 1467 2180 1516 quia
2207 1468 2360 1516 propria
2379 1481 2447 1505 vo-

1389 1520 1512 1556 luntas
1540 1519 1579 1556 in
1601 1519 1690 1555 nihil
1710 1519 1810 1556 aliud
1838 1520 1958 1556 tendit
1976 1533 2093 1568 quam
2122 1521 2161 1557 in
2188 1528 2446 1569 praeceptum.

1445 1572 1520 1608 Sed
1535 1572 1609 1608 hoc
1624 1571 1907 1619 intelligendum
1927 1580 1982 1609 est
2002 1574 2212 1610 secundum
2232 1573 2322 1610 illud
2343 1574 2448 1621 quod

1391 1624 1552 1661 exterius
1581 1632 1747 1673 apparet.
1779 1625 1998 1662 Secundum
2018 1633 2147 1662 tamen
2165 1626 2236 1662 Dei
2255 1626 2447 1674 iudicium,

1391 1677 1455 1726 qui
1484 1677 1600 1715 corda
1630 1677 1795 1724 rimatur,
1815 1671 1939 1726 potest
1958 1678 2174 1726 contingere
2203 1679 2307 1727 quod
2336 1679 2448 1716 etiam

1363 1761 1364 1779 ἢ
1390 1729 1429 1767 in
1456 1729 1647 1778 prosperis
1674 1730 1907 1777 obedientia,
1936 1730 2079 1779 aliquid
2107 1731 2154 1768 de
2182 1744 2252 1768 suo
2281 1732 2448 1779 habens,

1363 1782 1364 1820 ἶ
1390 1795 1469 1820 ιιοιι
1496 1790 1653 1832 propter
1679 1784 1755 1820 hoc
1783 1783 1828 1820 sit
1854 1784 1980 1820 minus
2008 1784 2221 1821 laudabilis:
2252 1784 2282 1821 si
2310 1784 2450 1821 scilicet

1390 1836 1543 1885 propria
1575 1837 1752 1874 voluntas
1787 1836 1998 1874 obedientis
2033 1849 2113 1874 non
2151 1837 2278 1874 minus
2311 1838 2450 1874 devote

1390 1891 1519 1927 tendat
1547 1890 1595 1926 ad
1623 1889 1884 1938 impletionem
1913 1889 2117 1939 praecepti.

1443 1945 1502 1979 Αι)
1527 1954 1699 1984 QUARTUM
1727 1954 1912 1980 DiCENDUM
1935 1942 2042 1991 quod
2070 1942 2282 1980 reverentia
2309 1943 2450 1980 directe

1390 1994 1540 2044 respicit
1558 2007 1763 2044 personam
1785 1996 2051 2032 excellentem:
2073 2003 2110 2032 et
2127 1995 2214 2032 ideo
2239 1996 2451 2033 secundum

1391 2049 1583 2085 diversam
1612 2048 1796 2085 rationem
1825 2048 2077 2095 excellentiae,
2107 2048 2277 2086 diversas
2305 2048 2451 2097 species

1362 2138 1363 2141 ,
1389 2102 1515 2138 habet.
1546 2101 1776 2138 Obedientia
1793 2113 1887 2138 vero
1916 2101 2066 2150 respicit
2089 2108 2338 2150 praeceptum
2365 2114 2451 2150 per-

1391 2166 1508 2191 sonae
1528 2154 1760 2191 excellentis:
1783 2162 1818 2190 et
1836 2154 1924 2191 ideo
1945 2162 2001 2191 est
2014 2153 2028 2176 λ
2047 2154 2158 2191 unius
2178 2154 2342 2191 rationis.
2374 2155 2449 2191 Sed

1390 2208 1478 2256 quia
1497 2214 1653 2256 propoer
1672 2207 1924 2244 reverentiam
1943 2219 2130 2256 personae
2150 2207 2367 2245 obedientia
2387 2208 2450 2244 de-

1390 2261 1500 2298 betur
1528 2261 1608 2297 eius
1637 2268 1852 2309 praecepto,
1883 2273 2120 2309 consequens
2150 2267 2204 2297 est
2232 2261 2335 2309 quod
2361 2261 2451 2297 obe-

1392 2313 1530 2351 dientia
1557 2314 1681 2350 omnis
1700 2319 1718 2342 ⁸²
1746 2313 1792 2350 sit
1820 2313 1955 2350 eadem
1983 2313 2122 2362 specie,
2147 2325 2192 2350 ex
2221 2313 2376 2350 diversis
2399 2321 2453 2350 ta—

1363 2401 1365 2411 ,
1391 2379 1482 2403 men
1511 2367 1636 2415 specie
1667 2366 1789 2403 causis
1818 2366 2043 2415 procedens.

1444 2479 1468 2513 θ)
1488 2481 1590 2513 quibus.
1607 2494 1627 2499 -
1645 2488 1697 2505 non
1717 2480 1793 2505 debet
1811 2481 1907 2505 addunt
1926 2480 2027 2506 PEGH.
2044 2494 2064 2499 —
2080 2480 2160 2505 etiam
2180 2488 2233 2504 om.
2252 2480 2280 2505 P.

1445 2516 1463 2548 ι)
1488 2523 1549 2541 non.
1561 2530 1580 2535 —
1599 2515 1660 2541 Om.
1679 2515 1779 2548 aliquae
1797 2516 1932 2540 editiones.

1444 2552 1470 2584 κ)
1490 2551 1572 2576 nulla.
1591 2565 1609 2570 -
1627 2551 1668 2575 vel
1686 2551 1759 2576 nulla
1777 2551 1845 2576 PlsC
1864 2556 1890 2575 et
1907 2558 1933 2575 a.

1443 2585 1471 2618 λ)
1491 2590 1518 2612 et
1536 2587 1596 2612 ideo
1614 2590 1662 2611 est.
1678 2596 1698 2606 a·
1715 2590 1743 2611 et
1760 2586 1819 2612 ideo
1837 2587 1909 2619 quod
1927 2590 1967 2612 est
1985 2586 2180 2618 BDEFILpAK‚
2205 2589 2231 2611 et
2256 2586 2315 2611 ideo
2339 2593 2390 2610 non
2416 2590 2456 2611 est

1390 2622 1477 2654 pCsK,
1496 2625 1522 2647 et
1540 2622 1600 2647 ideo
1618 2622 1699 2647 etiam
1718 2625 1758 2647 est
1776 2622 1824 2652 sC,
1843 2622 1914 2654 quod
1931 2625 1970 2647 est
1988 2622 2058 2652 HsA,
2077 2625 2103 2646 et
2122 2622 2180 2646 ideo
2200 2629 2251 2647 non
2271 2624 2311 2646 est
2333 2621 2385 2646 nisi
2409 2621 2454 2646 Pa.

1445 2658 1473 2691 μ.)
1494 2658 1590 2682 omnis.
1607 2670 1626 2676 -
1643 2657 1757 2682 hominis
1777 2657 1822 2681 Pa.

949 2743 1283 2784 Commenta-fia.
1305 2743 1557 2776 Cardinalis
1581 2743 1782 2775 Caietam

276 2842 323 2906 In
338 2831 471 2864 articulo
488 2832 629 2863 secundo
645 2831 789 2862 eiusdem
804 2831 1124 2871 centesimaequartae
1140 2830 1336 2871 quaestionis

304 2875 439 2908 dubium
462 2876 607 2911 occurrit,
625 2885 666 2906 an
682 2875 843 2906 obiectum
859 2874 1055 2905 obedientiae
1071 2874 1110 2905 sit
1129 2881 1335 2915 praeceptum

273 2919 416 2961 obligans
428 2919 468 2950 ad
483 2920 619 2950 mortale
633 2925 814 2959 peccatum:
830 2919 881 2950 vel
895 2925 1100 2958 praeceptum
1115 2918 1335 2954 communiter,

273 2963 339 2995 sive
361 2963 481 3004 obliget
503 2963 543 2994 ad
566 2963 700 3002 mortale
724 2963 787 2993 sive
811 2963 849 2993 ad
865 2962 997 2993 veniale.
1021 2963 1062 2993 Et
1081 2969 1127 2993 est
1149 2962 1228 2994 ratio
1249 2962 1337 2992 dubii

274 3007 349 3048 quia
378 3007 452 3038 hinc
480 3006 554 3037 inde
585 3014 660 3038 sunt
689 3006 891 3038 auctoritates
915 3013 946 3037 et
968 3006 1114 3037 rationes.
1144 3006 1180 3036 In
1210 3005 1335 3047 primis,

274 3053 396 3082 Auctor
418 3051 470 3082 hic
493 3050 568 3082 dicit
593 3051 683 3092 quod
713 3052 862 3082 voluntas
889 3051 1083 3091 superioris,
1106 3051 1338 3091 quomodolibet

275 3097 463 3132 innotescat,
479 3100 526 3126 est
541 3094 698 3136 quoddam
714 3095 846 3126 tacitum
854 3100 1074 3136 praeceptum.
1099 3094 1234 3126 Constat
1251 3095 1336 3125 enim

275 3139 364 3181 quod
387 3149 454 3170 non
477 3138 582 3169 omnis
605 3139 753 3170 voluntas
776 3138 946 3179 superioris
970 3145 1047 3170 nota
1065 3145 1111 3169 est
1133 3146 1335 3179 praeceptum

275 3183 419 3224 obligans
443 3182 482 3213 ad
505 3183 654 3214 mortale:
686 3189 722 3214 ut
744 3189 830 3223 patet
853 3193 927 3214 cum
956 3182 1061 3214 innuit
1090 3183 1218 3214 subdito
1249 3183 1338 3224 quod

275 3227 393 3259 deferat
415 3226 533 3257 librum
556 3226 815 3264 hebdomadario,
840 3234 870 3258 et
892 3227 1089 3258 huiusmodi.
1111 3244 1133 3250 -
1156 3227 1197 3258 Et
1219 3237 1337 3264 rursus,

274 3271 308 3303 in
331 3271 539 3312 responsione
562 3271 603 3301 ad
619 3271 806 3307 secundum,
824 3270 914 3302 dicit:
938 3271 1082 3312 Simplex
1100 3272 1229 3302 verbum
1239 3282 1337 3312 prae-

276 3317 334 3347 lati
364 3317 433 3346 eius
463 3315 609 3346 indicans
640 3316 851 3353 voluntatem,
878 3317 930 3346 cui
952 3315 1054 3347 obedit
1078 3321 1248 3356 promptus
1270 3317 1339 3347 obe-
1363 3329 1365 3337 ν

275 3360 376 3397 diens,
401 3366 460 3390 etc.

331 3403 367 3434 ln
390 3403 579 3444 oppositum
594 3410 702 3433 autem
718 3409 764 3434 est
778 3402 854 3444 quia
869 3403 902 3433 in
917 3403 979 3434 hoc
998 3403 1141 3439 articulo,
1159 3403 1191 3434 in
1208 3414 1336 3444 respon-

276 3446 366 3478 sione
385 3447 424 3478 ad
447 3447 598 3488 primum,
622 3447 723 3478 littera
746 3446 836 3478 dicit:
861 3447 956 3478 Ratio
972 3449 1149 3488 praecepti,
1169 3458 1265 3488 quam
1289 3453 1336 3478 at-

276 3491 376 3522 tendit
390 3491 578 3528 obedientia,
594 3492 757 3522 concurrit
773 3491 986 3524 cum.actibus
1003 3493 1145 3522 omnium
1163 3493 1316 3522 virtutum
1327 3500 1338 3522 .·

277 3545 340 3566 non
364 3541 473 3572 tamen¹
490 3545 561 3566 cum
578 3535 723 3566 omnibus
738 3535 861 3566 actibus
875 3536 1040 3572 virtutum,
1057 3537 1133 3576 quia
1149 3546 1212 3566 non
1229 3545 1338 3566 omnes

418 3598 528 3622 Summas
546 3597 648 3622 Tm-:ot-
667 3597 698 3621 D.
711 3596 826 3621 ΤιιοΜΑΕ
845 3596 877 3621 Τ.
895 3597 938 3621 VI.

1389 2835 1480 2861 actus
1510 2831 1663 2861 virtutum
1691 2836 1767 2861 sunt
1796 2831 1827 2860 in
1853 2835 2036 2870 praecepto.
2069 2830 2110 2860 Et
2139 2830 2172 2860 in
2199 2830 2386 2870 quaestione
2409 2841 2455 2862 se-

1390 2874 1510 2914 quenti,
1534 2874 1567 2904 in
1587 2881 1644 2905 art.
1674 2885 1700 2910 1,
1724 2875 1763 2904 ad
1792 2885 1818 2910 1,
1835 2874 1964 2905 dicitur:
1988 2875 2155 2905 Peccatum
2173 2875 2297 2905 veniale
2320 2885 2382 2905 non
2407 2881 2454 2906 est

1390 2918 1620 2949 inobedientia:
1642 2919 1717 2958 quia
1743 2928 1804 2949 non
1834 2923 1879 2948 est
1903 2923 2015 2949 contra
2034 2923 2259 2958 praeceptum,
2281 2919 2340 2954 ,sed
2355 2929 2454 2959 prae-

1390 2967 1440 2993 ter
1448 2967 1669 3002 praeceptum.
1693 2962 1741 2992 Ex
1756 2962 1804 2992 his
1821 2962 1906 2992 enim
1922 2969 2051 3002 apparet
2074 2963 2163 3002 quod
2184 2969 2249 2993 tam
2275 2963 2455 2994 obedientia

1390 3016 1490 3047 quam
1517 3006 1732 3036 inobedientia
1760 3006 1886 3046 respicit
1915 3006 2121 3037 solummodo
2145 3013 2348 3046 praeceptum
2375 3007 2454 3037 obli-

1390 3060 1467 3090 gans
1491 3050 1530 3080 ad
1553 3050 1697 3081 mortale.
1732 3051 1816 3080 Nam
1846 3050 1890 3080 sic
1922 3051 2079 3081 sumendo
2109 3057 2330 3090 praeceptum,
2355 3051 2454 3092 aliqui

1391 3101 1479 3125 actus
1501 3093 1656 3125 virtutum
1679 3101 1754 3125 sunt
1771 3094 1804 3125 in
1828 3101 2007 3135 praecepto,
2032 3101 2062 3125 et
2083 3095 2218 3125 venialia
2235 3102 2319 3126 extra
2345 3095 2454 3126 inobe-

1391 3137 1542 3169 dientiam
1565 3145 1648 3175 sunt,
1665 3145 1696 3169 et
1719 3148 1784 3169 non
1815 3138 1918 3169 aliter:
1943 3138 2078 3170 venialia
2108 3139 2266 3179 siquidem
2293 3138 2326 3168 in
2356 3145 2453 3169 trans-

1390 3183 1550 3223 gressione
1581 3182 1738 3223 praecepti
1762 3183 1974 3214 communiter
1997 3183 2117 3223 sumpti
2141 3183 2327 3213 consistunt.

1447 3227 1485 3258 II.
1509 3227 1560 3257 Ad
1583 3227 1646 3258 hoc
1670 3227 1784 3258 dicitur
1806 3227 1895 3268 quod
1923 3227 2036 3267 procul
2060 3227 2157 3258 dubio
2190 3227 2350 3257 obiectum
2378 3227 2453 3257 obe-

1391 3270 1526 3302 dientiae
1550 3278 1596 3302 est
1619 3278 1824 3312 praeceptum
1848 3271 2062 3302 communiter
2087 3277 2264 3310 sumptum,
2288 3278 2385 3311 prout
2407 3278 2454 3302 est

1390 3315 1500 3346 tertius
1524 3322 1612 3346 actus
1639 3315 1769 3346 rationis
1793 3316 1946 3356 practicae
1959 3315 1986 3351 *,
2007 3315 2045 3345 de
2068 3325 2145 3355 quo,
2164 3315 2222 3345 sub
2246 3315 2372 3355 imperii
2394 3325 2453 3345 no-

1392 3359 1487 3395 mine,
1511 3359 1544 3389 in
1567 3359 1765 3400 praecedenti
1788 3360 1885 3390 Libro
1899 3359 1917 3378 *
1940 3365 2107 3390 tractatum
2122 3366 2176 3390 est.
2206 3359 2257 3389 Ad
2281 3358 2371 3389 cuius
2391 3359 2451 3390 cla—

1391 3403 1507 3434 riorem
1530 3403 1740 3439 intellectum,
1765 3403 1843 3434 scito
1874 3404 1963 3444 quod
1993 3403 2074 3434 sicut
2095 3403 2129 3433 in
2159 3402 2366 3443 dispositione
2394 3403 2453 3434 hu-

1390 3457 1504 3478 manae
1519 3447 1601 3478 vitae
1625 3448 1803 3478 secundum
1826 3457 1952 3487 corpus,
1969 3447 2082 3488 aliquis
2106 3454 2152 3477 est
2174 3446 2262 3477 cibus
2279 3447 2453 3478 contrarius

1390 3491 1486 3527 vitae,
1511 3498 1547 3522 ut
1569 3500 1742 3528 venenum;
1766 3491 1879 3532 aliquis
1903 3497 1949 3522 est
1971 3491 2119 3522 minuens
2148 3490 2268 3532 aliquid
2296 3491 2385 3531 quod
2408 3498 2454 3522 est

1391 3535 1430 3566 de
1453 3535 1628 3576 integritate
1652 3536 1743 3572 vitae,
1770 3542 1804 3566 ut
1827 3535 1915 3566 cibus
1938 3545 2056 3566 nocens
2080 3535 2180 3566 oculis
2199 3535 2249 3566 vel
2272 3535 2452 3571 stomacho;

2278 3604 2312 3629 49

2476 1207 2546 1228 ‘Lib.
2556 1207 2642 1229 XXXV
2651 1224 2656 1233 ,

2474 1239 2525 1264 cap.
2532 1239 2580 1260 xxv,
2592 1234 2621 1255 al.
2632 1240 2653 1258 x,

2475 1266 2497 1281 ιιι
2512 1263 2557 1281 vet.
2571 1266 2623 1281 xm.

2572 1295 2588 1312 ι

2573 2155 2592 2182 λ

2580 2318 2598 2343 μ.

2481 3318 2536 3340 Cf.
2547 3325 2586 3347 qu.
2593 3325 2690 3345 ιωιιι,

2480 3348 2522 3367 art.
2538 3351 2554 3373 1,
2569 3351 2616 3373 arg.
2632 3351 2652 3374 3.

2480 3361 2554 3399 ‘Qu’
2568 3377 2624 3393 xvu.
