2860 4244
73 852 179 900 Introdqu

75 1833 168 1856 ‘Ven-
181 1833 218 1855 82.

75 1990 168 2028 {Van
182 1996 198 2019 9
211 1995 263 2019 ιφ.

78 2579 88 2591 ·
102 2578 170 2602 Vm.
183 2584 222 2608 30·

78 2733 89 2744 ⁸
102 2733 170 2756 Vm.
183 2733 207 2756 8.

80 2845 88 2854 '¹
104 2843 162 2866 ord.
177 2842 244 2871 Oria.

81 3107 91 3117 ⁸
104 3106 172 3129 νει-ι.
186 3106 222 3129 26.

82 3266 92 3276 ⁸
106 3265 172 3288 vers.
186 3270 223 3292 ²4-

977 298 1244 345 QUAESTIO
1275 299 1448 346 LXXVI,
1478 300 1772 338 ARTICULUS
1803 302 1816 337 1

2411 301 2478 346 143

698 514 1112 592 QUAESTIO
1150 515 2082 572 SEPTUAGESIMASEXTA
2138 556 2139 559 ,

1046 634 1138 674 DE
1187 634 1750 675 MALEDICTIONE

1089 750 1122 775 ΙΝ
1152 750 1326 780 QUATUOR
1352 749 1554 775 ARTICULOS
1583 749 1697 774 DlVlSA

393 854 501 880 muna
529 842 850 880 considerandum
879 850 935 879 est
968 843 1016 880 de
1039 843 1305 880 maledictione
1336 843 1367 879 *.

206 854 443 936 mnDEt
470 895 568 932 circa
594 895 669 933 hoc
698 903 933 944 quaeruntur
961 903 1137 944 quatuor.

364 948 517 986 Primo:
550 956 678 986 utrum
707 948 803 985 licite
830 949 950 998 possit
975 949 1110 998 aliquis
1142 948 1369 985 maledicere

1476 842 1672 878 Secundo:
1699 849 1826 879 utrum
1846 843 1944 879 licite
1963 843 2082 891 possit
2102 844 2234 892 aliquis
2255 845 2483 882 maledicere

1529 893 1733 930 irrationali
1763 903 1968 932 creaturae.

1476 946 1628 983 Tertio:
1648 954 1776 984 utrum
1796 948 2010 984 maledictio
2031 949 2078 985 sit
2091 957 2292 997 peccatum
2312 951 2483 987 mortale.

415 1001 575 1039 homini.
1478 999 1647 1045 Quarto:
1669 1000 1716 1036 de
1737 1001 2022 1049 comparatione
2043 1002 2123 1038 eius
2150 1003 2198 1039 ad
2226 1003 2298 1039 alia
2318 1011 2483 1051 peccata.

1126 1116 1446 1159 ARTICULUS
1482 1117 1686 1160 PRIMUS

971 1210 1127 1241 UTRUM
1146 1209 1307 1240 LICEAT
1331 1209 1611 1240 MALEDICERE
1634 1210 1833 1247 ALIQUEM

577 1289 610 1313 1v
629 1288 712 1316 Sent„
732 1288 791 1313 dist.
810 1295 881 1318 xvm,
900 1296 946 1321 qu.
963 1295 991 1319 u,
1011 1293 1058 1314 art.
1080 1296 1101 1319 1,
1120 1288 1170 1321 qu⁸
1191 1295 1215 1318 2.
1234 1288 1267 1312 ad
1290 1295 1316 1317 ¹3
1338 1287 1379 1312 De
1403 1287 1508 1316 Virtut„
1527 1294 1572 1320 qu.
1590 1295 1617 1318 11,
1637 1292 1683 1312 art.
1702 1287 1727 1318 8,
1747 1288 1778 1312 ad
1802 1287 1847 1318 15;
1868 1288 1897 1312 In
1919 1288 1971 1317 Iob,
1992 1295 2047 1320 cap.
2066 1295 2103 1318 111,
2122 1289 2180 1313 lect.
2198 1296 2222 1319 ις

1063 1324 1107 1348 Ad
1125 1323 1212 1352 Rom„
1233 1331 1288 1355 cap.
1307 1330 1341 1354 ¹1,
1361 1323 1419 1348 lect.
1438 1330 1461 1353 1;
1481 1330 1536 1354 cap.
1555 1330 1599 1352 xu,
1618 1323 1677 1348 lect.
1695 1330 1733 1348 m.

353 1435 430 1456 Μ
423 1423 494 1454 „A
522 1415 545 1439 D
563 1414 701 1440 ptumum
720 1415 774 1440 sm
794 1414 1024 1440 PRocssnrrua
1037 1402 1068 1439 *.
1089 1403 1249 1439 Videtur
1268 1401 1374 1450 quod

342 1458 389 1499 W
402 1466 425 1497 ἑ,
439 1447 492 1515 ''5530“
522 1468 601 1493 non
620 1456 730 1493 liceat
747 1456 976 1493 maledicere
996 1456 1176 1505 aliquem.
1207 1456 1300 1492 Non
1320 1462 1376 1492 est

331 1542 337 1551 ,
368 1506 435 1556 ’,ἓὲ
459 1494 516 1554 ’θ’
524 1509 627 1546 enim
647 1509 790 1547 licitum
809 1509 1015 1558 praeterire
1029 1510 1254 1546 mandatum
1270 1510 1375 1556 Apo-

320 1574 326 1583 ’
368 1556 463 1590 4⁶²⁹&
480 1554 489 1574 Χ
523 1562 640 1610 stoli,
631 1575 670 1599 1n
689 1575 767 1612 quo
784 1562 956 1600 Christus
971 1562 1210 1621 loquebatur,
1227 1569 1268 1598 ut
1283 1560 1375 1598 dici·

312 1622 374 1652 tur
388 1615 420 1650 11
436 1614 488 1650 ad
501 1616 588 1652 Cor.
603 1615 705 1652 x111*.
731 1615 831 1652 Sed
823 1627 902 1664 ipse
917 1615 1111 1664 praecipit,
1126 1615 1238 1651 Rom.
1255 1613 1373 1650 Χιι**.

311 1667 535 1714 Benedicite,
564 1674 600 1705 et
626 1668 738 1705 nolite
767 1668 1002 1705 maledicere.
1050 1668 1152 1715 Ergo
1182 1679 1260 1704 non
1290 1666 1376 1702 licet

313 1720 480 1769 aliquem
509 1721 750 1758 maledicere.

365 1785 403 1810 2.
431 1774 666 1821 Pmmum,
695 1786 832 1811 omnes
859 1781 1036 1810 tenentur
1063 1774 1190 1810 Deum
1221 1771 1377 1809 benedi-

312 1837 420 1863 cere:
449 1827 663 1864 secundum
691 1827 783 1864 illud
811 1828 910 1864 Dan.
932 1839 968 1864 111
987 1826 1027 1863 *ε
1065 1825 1289 1871 Benedicite,
1300 1825 1379 1872 filii

310 1878 518 1925 hominum,
537 1880 716 1917 Domino.
746 1879 824 1917 Sed
843 1892 923 1917 non
941 1887 1066 1929 potest
1085 1892 1130 1916 ex
1149 1891 1216 1916 ore
1237 1878 1376 1915 eodem

310 1932 521 1981 procedere
549 1933 763 1971 benedictio
791 1933 865 1970 Dei
895 1940 931 1969 et
955 1933 1172 1970 maledictio
1196 1932 1376 1980 hominis,

310 1992 354 2022 ut
370 1986 555 2033 probatur
570 1988 643 2024 Iac.
661 1999 696 2024 111
715 1986 747 2024 ²⁸.
774 1987 875 2034 Ergo
896 1986 988 2023 nulli
1006 1986 1092 2023 licet
1110 1985 1278 2034 aliquem
1297 1987 1378 2022 r'na-

311 2038 487 2076 ledicere.

368 2092 403 2129 3.
419 2093 654 2140 PRAETEREA,
669 2092 730 2129 ille
745 2091 810 2140 qui
826 2091 991 2140 aliquem
1006 2091 1210 2139 maledicit,
1225 2091 1379 2128 videtur

313 2152 447 2193 optare
467 2145 548 2182 eius
577 2146 723 2183 malum
752 2146 885 2193 culpae
905 2145 968 2182 vel
986 2156 1159 2193 poenae:
1189 2143 1278 2193 quia
1297 2156 1377 2181 ma-

312 2197 465 2235 ledictio
493 2197 643 2235 videtur
671 2210 752 2236 esse
789 2198 1012 2247 imprecatio
1046 2198 1250 2246 quaedam.
1299 2197 1377 2234 Sed

313 2263 394 2289 non
420 2251 508 2288 licet
536 2251 753 2289 desiderare
781 2252 926 2288 malum
956 2251 1127 2288 alterius:
1161 2250 1376 2299 quinimmo

313 2316 424 2342 orare
453 2313 604 2353 oportet
631 2317 701 2354 pro
722 2304 902 2342 omnibus
930 2312 972 2341 ut
993 2304 1200 2342 liberentur
1219 2317 1241 2341 a
1259 2304 1376 2341 malo.

314 2359 418 2405 Ergo
445 2357 537 2394 nulli
564 2358 649 2395 licet
677 2357 918 2395 maledicere.

366 2422 405 2457 4.
430 2411 665 2458 Pmmnm,
687 2410 862 2448 diabolus
880 2422 950 2459 per
974 2409 1270 2446 obstinationem
1298 2421 1379 2446 ma-

313 2463 415 2502 xime
443 2463 635 2503 subiectus
664 2471 721 2501 est
748 2463 926 2501 malitiae.
956 2462 1033 2500 Sed
1062 2462 1248 2500 nonlicet
1267 2462 1379 2500 alicui

313 2516 544 2556 maledicere
564 2516 773 2563 diabolum,
803 2516 898 2554 sicut
926 2527 998 2553 nec
1025 2516 1213 2564 seipsum:
1244 2515 1380 2553 dicitur

316 2569 419 2608 enim
431 2570 548 2607 Eccli.
564 2582 624 2607 xxi
637 2570 674 2607 *t
700 2571 796 2607 Cum
815 2569 1004 2606 maledicit
1020 2569 1156 2617 impius
1173 2569 1377 2615 diabolum,

315 2622 504 2661 maledicit
529 2625 606 2672 ipse
632 2624 802 2660 animam
828 2635 950 2660 suam.
980 2622 1082 2670 Ergo
1110 2623 1231 2659 multo
1251 2622 1379 2660 minus

315 2676 401 2714 licet
428 2676 656 2714 maledicere
684 2675 895 2713 hominem.

374 2730 407 2766 5.
427 2730 668 2775 PRAETEREA',
697 2729 817 2766 Num.
837 2740 936 2775 xxm,
965 2739 1080 2776 super
1104 2727 1197 2765 illud
1215 2727 1247 2775 *,
1280 2728 1380 2770 Quo-

317 2782 429 2819 modo
465 2783 688 2819 maledicam
725 2783 788 2819 cui
823 2794 897 2818 non
934 2781 1132 2818 maledixit
1162 2781 1379 2818 Dominus?

319 2834 407 2872 dicit
435 2835 572 2872 Glossa
589 2835 630 2872 *z
657 2835 749 2872 Non
768 2840 891 2883 potest
915 2845 993 2870 esse
1011 2834 1106 2870 iusta
1134 2833 1382 2871 maledicendi

317 2900 434 2925 causa
453 2888 518 2925 ubi
530 2888 719 2936 peccantis
738 2888 939 2936 ignoratur
956 2886 1125 2936 affectus.
1156 2887 1233 2923 Sed
1258 2887 1378 2924 homo

317 2953 397 2979 non
429 2948 555 2990 potest
582 2940 676 2978 scire
706 2939 886 2977 affectum
915 2939 1066 2976 alterius
1093 2939 1279 2976 hominis:
1309 2952 1381 2976 nec

318 2994 432 3031 etiam
460 3001 589 3031 utrum
627 2993 673 3030 sit
700 2993 924 3030 maledictus
952 3004 975 3028 a
1002 2993 1101 3029 Deo.
1148 2993 1250 3039 Ergo
1288 2992 1380 3029 nulli

317 3047 404 3084 licet
431 3047 599 3095 aliquem
627 3046 827 3083 hominem
855 3044 1095 3082 maledicere.

372 3100 447 3136 SED
467 3111 613 3138 CONTRA
631 3111 698 3137 Es’r
717 3099 823 3147 quod
841 3099 952 3135 Deut.
968 3110 1065 3135 xxvii
1079 3097 1099 3119 *
1119 3096 1268 3134 dicitur:
1289 3098 1379 3134 Ma-

318 3153 470 3190 ledictus
503 3153 568 3201 qui
603 3165 677 3190 non
709 3157 911 3201 permanet
944 3151 982 3187 in
1018 3150 1253 3187 sermonibus
1287 3150 1380 3200 legis

307 3206 439 3244 huius.
469 3206 641 3243 Elisaeus
661 3205 775 3243 etiam
794 3204 922 3254 pueris
942 3203 1013 3240 sibi
1034 3203 1276 3240 illudentibus
1300 3215 1380 3240 ma-

318 3259 458 3306 ledixit,
487 3266 528 3295 ut
555 3258 716 3295 habetur
745 3258 796 3295 lV
823 3259 921 3307 Reg.
943 3269 965 3294 ιι
984 3256 1015 3293 *.

372 3313 599 3349 ΒΕεΡοΝῡεο
626 3323 810 3348 memnon
830 3310 935 3359 quod
954 3308 1182 3347 maledicere
1203 3308 1305 3346 idem
1326 3317 1382 3346 est

319 3365 426 3413 quod
453 3365 597 3402 malum
625 3364 759 3401 dicere.
799 3363 936 3400 Dicere
964 3370 1093 3400 autem
1122 3362 1314 3411 tripliciter
1341 3374 1381 3399 se

319 3418 436 3456 habet
455 3418 504 3456 ad
518 3418 557 3455 id
577 3418 680 3466 quod
701 3415 846 3454 dicitur.
876 3416 963 3453 Uno
983 3415 1115 3462 modo,
1130 3427 1200 3464 per
1219 3415 1380 3452 modum

375 3531 402 3562 α)
422 3530 545 3555 maledici
563 3530 737 3555 detractores.
750 3543 768 3548 —
786 3529 953 3554 detractores
971 3529 1095 3554 maledici
1110 3530 1141 3554 K.

375 3564 400 3597 β)
421 3565 466 3591 Sic
484 3566 573 3590 etiam.
586 3579 605 3584 -
619 3565 695 3590 Sicut
713 3565 793 3589 etiam
809 3565 868 3593 Ixa,
882 3564 959 3588 Sicut
972 3567 998 3588 et
1015 3564 1047 3594 G,
1062 3564 1097 3588 Et
1111 3564 1149 3588 sic
1167 3564 1247 3588 etiam
1265 3565 1293 3593 F,
1307 3564 1383 3588 Sicut

322 3600 401 3625 etiam
413 3601 439 3625 in
450 3601 598 3633 Scripturis
608 3601 638 3629 D,
650 3600 726 3625 Sicut
739 3603 765 3625 et
778 3599 940 3632 (Prophetae
954 3599 980 3623 in
997 3599 1158 3630 Scripturis)
1167 3599 1195 3624 Ρ.
1204 3613 1222 3618 -
1236 3600 1286 3623 Pro
1299 3606 1382 3631 quan-

1427 1401 1714 1439 enuntiationis.
1744 1402 1840 1439 sicut
1868 1402 2009 1451 aliquid
2038 1402 2258 1451 exprimitur
2286 1403 2404 1441 modo
2433 1404 2487 1441 in-

1427 1454 1605 1492 dicativo.
1635 1455 1684 1492 Et
1711 1455 1764 1492 sic
1791 1455 2018 1493 maledicere
2046 1455 2137 1492 nihil
2166 1463 2220 1492 est
2249 1456 2350 1493 aliud
2370 1469 2484 1505 quam

1425 1508 1570 1544 malum
1600 1507 1751 1544 alterius
1781 1509 1940 1545 referre:
1971 1509 2074 1557 quod
2102 1509 2264 1557 pertinet
2291 1509 2340 1546 ad
2365 1510 2487 1547 detra-

1426 1559 1604 1596 ctionem.
1634 1561 1747 1597 Unde
1767 1561 1999 1610 quandoque
2027 1561 2202 1598 maledici
2227 1562 2454 1600 detractores
2470 1568 2487 1584 ‘²

1427 1611 1613 1649 dicuntur.
1629 1633 1653 1640 -
1674 1613 1760 1650 Alio
1780 1614 1898 1651 modo
1917 1614 2044 1651 dicere
2065 1627 2104 1651 se
2124 1615 2239 1651 habet
2258 1615 2307 1652 ad
2325 1615 2363 1652 id
2383 1617 2488 1665 quod

1428 1665 1563 1702 dicitur
1578 1677 1648 1714 per
1669 1666 1830 1703 modum
1851 1679 2000 1704 causae.
2030 1667 2079 1703 Et
2097 1668 2172 1704 hoc
2188 1667 2343 1715 quidem
2361 1669 2487 1717 primo

1429 1725 1464 1754 et
1482 1718 1737 1767 principaliter
1757 1720 1938 1768 competit
1956 1721 2054 1766 Deo,
2075 1720 2142 1769 qui
2161 1720 2291 1757 omnia
2315 1733 2384 1757 suo
2403 1735 2489 1759 ver-

1429 1771 1479 1807 bo
1500 1771 1602 1808 fecit:
1623 1773 1836 1809 secundum
1856 1773 1947 1809 illud
1966 1773 2107 1810 Psalm.
2127 1772 2166 1809 *z
2196 1774 2316 1819 Dixit,
2336 1779 2373 1810 et
2377 1775 2489 1822 facta

1427 1830 1524 1862 sunt.
1561 1824 1852 1873 Consequenter
1879 1833 2008 1863 autem
2043 1826 2224 1874 competit
2258 1826 2489 1876 hominibus,

1430 1877 1495 1925 qui
1522 1878 1645 1914 verbo
1683 1890 1754 1915 suo
1782 1878 1877 1915 alios
1908 1887 2068 1916 movent
2103 1891 2173 1927 per
2200 1879 2405 1929 imperIum
2441 1881 2491 1919 ad

1430 1929 1572 1983 aliquid
1591 1931 1823 1968 faciendum.
1848 1932 1898 1968 Et
1916 1933 1964 1969 ad
1983 1932 2059 1969 hoc
2077 1932 2244 1969 instituta
2267 1940 2355 1970 sunt
2372 1935 2491 1971 verba

1429 1983 1645 2032 imperativi
1672 1984 1791 2022 modi.
1808 2006 1831 2013 -
1851 1985 1984 2022 Tertio
2003 1985 2124 2022 modo
2153 1985 2278 2034 ipsum
2300 1986 2426 2023 dicere
2450 2000 2490 2024 se

1429 2037 1544 2074 habet
1559 2037 1608 2074 ad
1622 2037 1660 2074 id
1680 2037 1785 2086 quod
1808 2037 1942 2075 dicitur
1962 2038 2070 2087 quasi
2090 2039 2280 2086 expressio
2298 2040 2491 2087 quaedam

1430 2090 1587 2127 affectus
1617 2090 1864 2128 desiderantis
1891 2091 1930 2128 id
1958 2091 2063 2140 quod
2097 2092 2219 2128 verbo
2258 2092 2490 2142 exprimitur.

1431 2144 1480 2180 Et
1507 2143 1556 2180 ad
1583 2144 1659 2180 hoc
1685 2144 1850 2181 instituta
1877 2152 1964 2181 sunt
1982 2145 2102 2182 verba
2130 2144 2287 2193 optativi
2318 2146 2436 2183 modi.

1482 2197 1756 2234 Praetermisso
1776 2196 1886 2244 igitur
1903 2197 2028 2246 primo
2055 2197 2174 2234 modo
2201 2198 2491 2248 maledictionis,

1431 2248 1495 2297 qui
1524 2256 1578 2286 est
1605 2262 1674 2298 per
1701 2250 1911 2298 simplicem
1941 2250 2241 2288 enuntiationem
2270 2251 2373 2299 mali,
2402 2264 2493 2289 con-

1430 2301 1676 2340 siderandum
1697 2311 1753 2340 est
1772 2303 1819 2340 de
1839 2303 1919 2340 aliis
1940 2303 2103 2340 duobus.
2133 2303 2208 2341 Ubi
2227 2303 2323 2341 scire
2342 2312 2493 2353 oportet

1430 2355 1678 2404 quod,facere
1698 2356 1839 2405 aliquid
1860 2364 1898 2393 et
1913 2356 2012 2393 velle
2032 2356 2123 2394 illud
2146 2369 2187 2393 se
2207 2365 2494 2406 consequuntur

1430 2408 1468 2445 in
1497 2408 1664 2446 bonitate
1694 2417 1731 2446 et
1758 2409 1912 2458 malitia,
1941 2417 1982 2446 ut
2010 2421 2055 2446 ex
2083 2409 2308 2458 supradictis
2330 2410 2351 2431 ³*

1431 2461 1542 2499 Unde
1571 2461 1611 2498 in
1639 2461 1717 2499 istis
1743 2461 1893 2499 duobus
1921 2462 2059 2510 modis,
2080 2462 2218 2510 quibus
2237 2464 2382 2500 malum
2406 2464 2495 2501 dici-

1430 2521 1490 2551 tur
1508 2526 1578 2563 per
1596 2516 1759 2552 modum
1774 2515 1995 2564 imperantis
2013 2516 2075 2552 vel
2093 2527 2163 2564 per
2177 2517 2340 2553 modum
2360 2524 2494 2565 optan-

1431 2567 1488 2614 tis,
1511 2568 1648 2604 eadem
1677 2567 1822 2605 ratione
1843 2576 1899 2605 est
1925 2568 2069 2617 aliquid
2088 2568 2229 2606 licitum
2259 2577 2295 2605 et
2313 2569 2493 2606 illicitum.

1433 2620 1473 2657 Si
1494 2620 1595 2658 enim
1615 2621 1748 2670 aliquis
1776 2621 1938 2670 imperet
1954 2622 2017 2659 vel
2045 2629 2150 2669 optet
2176 2622 2322 2659 malum
2344 2622 2495 2659 alterius

1432 2674 1659 2722 inquantum
1685 2682 1739 2711 est
1758 2675 1916 2722 malum,
1937 2674 2046 2723 quasi
2064 2674 2191 2723 ipsum
2211 2675 2355 2712 malum
2376 2675 2494 2712 inten-

1433 2727 1538 2773 dens,
1559 2726 1612 2763 sic
1638 2727 1867 2764 maledicere
1894 2735 2056 2776 utroque
2077 2728 2197 2764 modo
2227 2728 2293 2764 erit
2311 2727 2493 2766 illicitum.

1433 2781 1481 2816 Et
1507 2781 1582 2816 hoc
1607 2787 1662 2816 est
1681 2780 1909 2817 maledicere
1934 2793 2003 2829 per
2022 2792 2062 2817 se
2090 2781 2297 2829 loquendo.
2317 2801 2341 2808 —
2362 2781 2401 2817 Si
2430 2793 2495 2818 au-

1432 2841 1509 2869 tem
1529 2832 1663 2882 aliquis
1682 2833 1843 2882 imperet
1865 2834 1927 2870 vel
1958 2841 2062 2881 optet
2079 2834 2224 2870 malum
2253 2833 2404 2870 alterius
2423 2835 2494 2871 sub

1434 2885 1577 2922 ratione
1607 2885 1710 2927 boni,
1733 2885 1786 2922 sic
1814 2893 1871 2922 est
1888 2886 2043 2922 licitum.
2075 2886 2158 2922 Nec
2181 2885 2250 2922 erit
2277 2886 2492 2923 maledictio

1433 2950 1502 2987 per
1521 2950 1562 2974 se
1590 2938 1800 2985 loquendo,
1829 2938 1897 2975 sed
1924 2950 1994 2987 per
2018 2938 2212 2975 accidens:
2243 2939 2331 2987 quia
2358 2938 2494 2987 princi-

1434 2990 1528 3040 palis
1555 2991 1712 3027 intentio
1739 2991 1896 3028 dicentis
1924 3003 2003 3028 non
2030 2992 2146 3028 fertur
2166 2991 2212 3028 ad
2241 2992 2399 3038 malum,
2426 2992 2493 3029 sed

1434 3043 1482 3081 ad
1501 3044 1662 3080 bonum.

1487 3095 1683 3144 Contingit
1718 3103 1848 3133 autem
1889 3097 2035 3133 malum
2072 3096 2229 3145 aliquod
2265 3096 2338 3134 dici
2375 3097 2495 3146 impe—

1434 3149 1555 3186 rando
1593 3150 1654 3186 vel
1694 3149 1863 3198 optando
1901 3149 1971 3186 sub
2010 3149 2154 3186 ratione
2193 3149 2350 3198 duplicis
2390 3150 2493 3186 boni.

1435 3202 1681 3251 Quandoque
1701 3202 1858 3251 quidem
1886 3203 1957 3240 sub
1982 3202 2129 3240 ratione
2157 3202 2254 3239 iusti.
2285 3204 2333 3239 Et
2361 3203 2413 3239 sic
2439 3202 2494 3239 iu-

1436 3255 1508 3292 dex
1545 3255 1642 3292 licite
1680 3255 1872 3292 maledicit
1905 3255 2013 3292 illum
2043 3256 2103 3292 cui
2139 3255 2322 3304 praecipit
2356 3255 2492 3292 iustam

1434 3320 1602 3357 poenam
1631 3308 1770 3344 inferri.
1800 3309 1849 3345 Et
1883 3308 1936 3345 sic
1965 3308 2079 3345 etiam
2108 3308 2279 3345 Ecclesia
2306 3308 2494 3345 maledicit

1436 3360 1804 3398 anathematizando.
1844 3360 1906 3398 Sic
1944 3361 2057 3398 etiarn
2085 3359 2100 3389 β
2128 3362 2341 3409 Prophetae
2376 3373 2495 3409 quan-

1437 3414 1564 3463 doque
1584 3413 1841 3462 imprecantur
1864 3414 1964 3450 mala
1982 3413 2256 3462 peccatoribus,
2277 3413 2384 3462 quasi
2405 3425 2494 3450 con-

1436 3529 1520 3560 doque
1539 3528 1729 3559 imprecantur,
1748 3527 1826 3559 quasi
1849 3527 2060 3558 interpretantur
2078 3526 2246 3559 CEFHIpr,
2265 3526 2343 3558 quasi
2366 3526 2494 3558 interpre-

1436 3567 1523 3588 tantes
1548 3564 1578 3592 A,
1598 3563 1675 3594 quasi
1693 3563 1875 3594 imprecantur
1898 3562 1977 3586 Dst
2002 3567 2027 3586 et
2051 3569 2075 3589 a,
2103 3562 2260 3594 quandoque
2284 3562 2495 3593 interpretantur

1436 3599 1482 3630 pB,
1502 3598 1574 3630 quod
1594 3598 1806 3629 interpretantur
1824 3597 1872 3629 pK,
1893 3597 1937 3628 qui
1955 3597 2136 3628 imprecantur
2155 3597 2187 3621 G.

2378 2418 2492 2459 patet.
2520 2420 2530 2429 ·
2546 2419 2559 2432 ·

2518 1784 2526 1792 ⁸
2537 1782 2575 1803 Ps.
2583 1787 2658 1807 xxxii,
2667 1787 2726 1803 vers.

2518 1814 2540 1836 95
2547 1814 2641 1834 mviii,
2648 1814 2727 1836 vei-³5.
