2860 4244
0 478 2 480 Ι
19 487 39 500 ’·
51 488 107 516 Cap.
123 493 179 510 xvu.

19 1425 63 1457 ι’,
86 1422 236 1481 aa&

975 245 1241 291 QUAESTIO
1272 242 1391 292 XCV,
1421 245 1716 282 ARTICULUS
1745 245 1780 281 V

266 325 470 373 praecipue
499 325 536 361 in
565 325 834 362 communibus
863 324 1073 370 eventibus,
1099 324 1163 372 qui
1183 324 1323 372 depen-
1348 336 1349 341 ¹

267 378 356 414 dent
385 389 429 414 ex
457 377 707 414 multitudine.
1348 411 1350 427 k

319 429 404 466 Alio
434 430 566 477 modo,
590 437 746 479 propter
765 429 973 467 daemones
994 440 1032 465 se
1053 428 1321 466 immiscentes.
1348 433 1350 477 ᾖ

266 483 376 520 Unde
395 483 628 530 Augustinus
652 483 750 529 dicit,
771 482 809 519 in
830 483 861 518 11
881 493 994 530 super
1016 481 1107 518 Gen.
1129 482 1180 518 ad
1197 481 1261 518 litt.
1281 481 1320 518 *ε
1348 480 1350 515 ἰ

265 536 475 574 Fatendum
503 541 575 581 est,
604 536 754 583 quando
783 547 807 572 a
838 534 1108 572 mathematicis
1143 545 1235 571 vera
1269 535 1321 570 di-

266 594 413 634 cuntur,
442 589 613 624 instinctu
641 589 804 636 quodam
831 587 1076 624 occultissimo
1105 587 1188 632 dici,
1213 598 1322 635 quem

267 641 466 678 nescientes
483 642 673 678 humanae
691 646 830 677 mentes
843 641 1049 689 patiuntur.
1074 640 1184 681 Quod
1201 651 1286 676 cum
1305 644 1324 667 μ
1348 670 1350 696 Ι

266 693 317 730 ad
342 693 769 742 decipiendos-homines
783 694 847 740 fit,
879 693 1078 741 spirituum
1113 692 1323 729 immundo-
1348 697 1350 739 Ι

2359 248 2428 282 321

1377 335 1462 360 rum
1492 329 1527 360 et
1551 324 1788 361 seductorum
1818 325 1984 372 operatio
2008 330 2070 370 est,
2091 324 2223 372 quibus
2250 326 2438 372 quaedam·

1348 375 1349 378 ’
1376 388 1466 413 vera
1482 377 1528 413 de
1541 376 1807 425 temporalibus
1826 377 1936 414 rebus
1951 389 2058 414 nosse
2067 377 2303 425 permittitur.
2325 378 2436 415 Unde

1378 429 1589 466 concludit:
1623 430 1859 478 Quapropter
1887 430 1984 466 bono
2013 430 2222 467 Christiano
2254 431 2332 467 sive
2358 443 2438 467 ma-

1377 482 1575 527 thematici,
1604 483 1682 518 sive
1710 483 1860 530 quilibet
1889 483 2000 531 impie
2026 483 2286 529 divinantium,
2306 489 2342 519 et
2357 496 2437 520 ma-

1374 535 1479 570 xime
1516 535 1675 571 dicentes
1711 547 1819 580 vera,
1855 537 2014 573 cavendi
2037 542 2144 572 sunt:
2173 548 2220 573 ne
2251 537 2436 573 consortio

1376 587 1662 623 daemoniorum
1700 589 1868 624 animam
1905 590 2094 637 deceptam
2124 595 2236 637 pacto
2273 590 2436 638 quodam

1375 639 1559 676 societatis
1588 641 1768 677 irretiant.

1431 692 1479 728 Et
1507 704 1575 739 per
1602 693 1676 729 hoc
1704 701 1806 741 patet
1834 694 2030 742 responsio
2059 695 2107 731 ad
2135 695 2299 732 tertium.

319 823 347 857 μ)
365 829 435 848 eum.
447 835 468 841 -
486 826 574 847 tamen
594 823 671 852 PDa;
689 830 736 855 pro
754 824 875 855 operatio
893 826 940 853 est,
959 823 1138 855 operationem
1158 822 1210 853 ΕΚ,
1230 826 1324 854 opera-

266 858 338 884 tione
355 858 413 887 Po,
431 864 481 891 pro
498 858 618 890 quibus...
642 865 719 883 nosse
733 859 909 890 per-mittitur,
929 859 1048 891 quibus...
1071 864 1149 883 nosse
1169 843 1258 889 &osce
1275 855 1323 889 pC,

266 900 372 920 noscere
394 892 428 926 E)
445 893 612 925 promittunt
633 893 824 926 ABEFGHpC,
849 894 968 926 quibus...
993 900 1071 919 nosce
1090 892 1255 925 permittunt
1279 891 1323 921 sC,

877 982 898 990 *-

295 1089 316 1110 »t
339 1079 432 1110 titulo
447 1079 569 1110 articuli
592 1079 694 1120 quinti
713 1085 799 1116 nota,
814 1086 880 1110 tam
903 1088 963 1118 pro
977 1078 1048 1119 ipso
1073 1075 1171 1119 quam
1193 1085 1252 1116 pro
1271 1075 1325 1105 tri-
1351 1080 1352 1114 ᾖ

297 1124 356 1154 bus
379 1124 583 1164 sequentibus
604 1123 751 1159 articulis,
767 1123 856 1163 quod
879 1122 990 1153 titulus
1006 1121 1113 1152 minus
1129 1120 1204 1151 dicit
1226 1129 1324 1160 quam

265 1167 428 1208 significat.
452 1167 536 1198 Dicit
558 1175 715 1208 namque:
739 1167 789 1197 An
812 1167 965 1197 divinatio
980 1166 1054 1197 talis
1076 1167 1118 1196 sit
1140 1165 1270 1201 illicita,
1295 1170 1325 1194 et

264 1255 424 1286 vitiatione
447 1264 585 1296 namque
608 1255 698 1285 omni
721 1254 888 1285 definitum
911 1261 958 1285 est
978 1254 997 1274 *
1019 1254 1108 1295 quod
1132 1260 1178 1284 est
1199 1253 1324 1283 illicita:
1351 1239 1353 1308 ⁴

264 1299 319 1330 sed
341 1308 380 1330 an
403 1299 438 1330 in
459 1299 514 1330 tali
537 1299 677 1335 materia,
693 1309 749 1329 seu
771 1299 823 1329 via
845 1306 900 1330 aut
922 1298 1022 1329 modo
1041 1297 1222 1339 inquirendi
1244 1296 1326 1327 noti-

263 1336 616 1390 qassnljumrorumssit
640 1343 791 1375 divinatio
810 1343 947 1385 proprie,
964 1342 1198 1374 discutiendum
1221 1347 1324 1372 restat.

243 1387 271 1390 ”
319 1387 355 1417 In
377 1386 510 1418 articulo
526 1387 650 1424 eodem,
667 1394 773 1428 repete
796 1387 912 1428 primo,
929 1387 962 1417 in
978 1396 1044 1427 quo
1062 1385 1236 1416 formaliter
1251 1395 1325 1416 con-

263 1429 344 1462 sistit
357 1429 466 1462 illicita
480 1441 536 1472 per
552 1431 696 1462 caelestia
711 1431 876 1473 inquisitio
896 1431 1096 1462 occultorum
1110 1430 1137 1466 *,
1155 1429 1271 1460 scilicet
1292 1429 1326 1459 in

263 1474 327 1506 hoe
347 1476 437 1516 quod
459 1481 507 1506 est
529 1484 613 1507 vana
635 1480 693 1506 aut
706 1476 820 1517 falsa:
841 1476 885 1506 ita
900 1476 989 1516 quod
1008 1475 1076 1505 sola
1094 1474 1148 1504 illa
1162 1472 1326 1514 inquisitio

263 1518 465 1550 occultorum
491 1529 548 1560 per
570 1526 652 1550 astra
675 1527 722 1551 est
742 1520 850 1551 illicita
877 1529 959 1560 quae
983 1525 1030 1549 est
1051 1528 1131 1548 vana
1154 1524 1210 1548 aut
1237 1517 1325 1548 falsa.
1352 1504 1363 1567 ἰ

1352 1569 1353 1591 l

263 1563 306 1594 Et
327 1572 368 1595 ne
389 1563 431 1594 sit
452 1564 596 1605 quaestio
619 1564 659 1594 de
680 1564 826 1595 vanitatis
848 1563 1021 1599 vocabulo,
1044 1563 1077 1592 in
1099 1562 1202 1593 littera
1225 1561 1326 1592 decla-

264 1613 351 1639 mur
379 1608 467 1648 quod
495 1614 572 1639 tunc
594 1614 642 1638 est
661 1617 743 1638 vana
770 1615 827 1638 aut
842 1607 928 1637 falsa
951 1607 1082 1647 quando
1106 1615 1162 1646 per
1191 1615 1228 1635 ea
1252 1606 1326 1636 velit
1352 1596 1353 1627 l

263 1652 335 1692 quis
350 1659 628 1693 praecognoscere
650 1661 733 1692 quae
747 1661 812 1692 per
834 1653 903 1692 ipsa
927 1651 1075 1682 caelestia
1092 1651 1328 1691 praecognosci
1351 1672 1353 1686 2

264 1701 327 1726 non
346 1701 492 1736 possunt.
526 1695 672 1726 Formale
695 1705 787 1736 ergo,
811 1695 851 1726 ad
873 1695 962 1736 quod
993 1701 1120 1735 oportet
1141 1693 1256 1724 resolvi
1279 1694 1326 1724 in-

262 1738 469 1780 qna-itionem
483 1746 515 1770 et
528 1740 776 1770 consultationes
791 1746 959 1775 astrorum,
976 1746 1023 1770 est
1037 1739 1062 1769 si
1077 1739 1110 1769 id
1126 1738 1215 1779 quod
1231 1747 1326 1779 quae·
1351 1767 1352 1772 ,

131 1791 135 1802 ‘
187 1783 220 1803 ¹¹3
240 1784 246 1791 '
262 1782 342 1814 rint
352 1790 460 1824 potest
472 1793 531 1824 per
544 1784 688 1815 caelestia
703 1783 939 1824 praecognosci.
964 1783 997 1814 Si
1012 1783 1097 1814 enim
1113 1789 1219 1823 potest
1237 1792 1326 1823 prae·
1351 1804 1352 1837 1

262 1827 422 1868 cognosci,
446 1837 513 1859 non
529 1835 576 1859 est
590 1828 754 1869 inquisitio
768 1838 849 1859 vana
871 1835 926 1859 aut
949 1827 1036 1864 falsa,
1060 1837 1125 1858 non
1143 1833 1190 1857 est
1207 1826 1325 1863 illicita,
1351 1839 1352 1860 ;

262 1880 329 1903 non
351 1878 400 1902 est
421 1872 647 1913 superstitiosa,
671 1882 737 1903 non
761 1874 813 1903 est'
830 1872 925 1913 digna
947 1878 984 1903 ut
1007 1872 1143 1902 daemon
1167 1880 1200 1901 se
1221 1871 1326 1902 immi·
1351 1883 1352 1910 l

262 1922 355 1952 εοεαε,
371 1925 438 1947 non
455 1923 502 1947 est
523 1916 690 1957 prohibita.
715 1917 756 1947 Et
778 1917 857 1947 ratio
874 1917 905 1946 in
922 1923 1075 1956 promptu
1091 1922 1154 1946 est:
1179 1915 1254 1956 quia
1270 1925 1325 1946 na·
1351 1911 1352 1958 J

261 1959 378 1991 tas-ales
391 1959 549 1997 scientiae,
571 1960 739 2002 opiniones
761 1968 792 1992 et
815 1961 1012 1992 coniecturae
1034 1970 1102 1991 non
1125 1965 1200 1990 sunt
1219 1959 1325 2000 prohi-
1351 1962 1353 2002 ᾗ

262 2003 360 2040 bitae,
385 2004 440 2035 sed
463 2014 480 2035 a
503 2005 574 2035 Deo
597 2005 689 2036 nobis
717 2005 751 2035 in
774 2004 1001 2046 perfectionem
1024 2004 1201 2036 intellectus
1225 2004 1325 2034 admi-
1351 2003 1353 2054 Ἰ

262 2047 471 2090 ιιίαιΙαωφιο
491 2049 590 2080 datae.
615 2049 649 2080 Si
664 2056 772 2080 autem
794 2059 851 2090 per
866 2049 1010 2080 caelestia
1026 2058 1159 2089 corpora
1176 2048 1325 2088 cognosci
1351 2055 1353 2091 ξ

262 2099 434 2133 nequeunt,
457 2093 621 2133 inquisitio
634 2093 704 2134 ipsa
719 2103 756 2124 ex
771 2103 829 2124 sua
843 2093 1018 2124 temeritate
1034 2099 1172 2124 meretur
1195 2099 1231 2124 ut
1254 2093 1325 2123 dae·
1351 2092 1353 2114 ἕ

262 2145 341 2167 mon
364 2146 398 2167 se
420 2136 605 2174 immisceat,
630 2143 661 2168 et
683 2138 879 2179 quandoque
900 2147 988 2174 vera,
1012 2137 1206 2179 quandoque
1230 2137 1323 2174 falsa,
1351 2161 1353 2179 ἶ

262 2186 359 2221 prout
380 2181 571 2221 permittitur
593 2181 675 2212 iuste
698 2192 716 2212 a
738 2182 823 2218 Deo,
848 2182 938 2213 dicat.
962 2182 1004 2212 Et
1026 2188 1102 2212 tunc
1125 2191 1184 2212 vae
1205 2181 1326 2212 homini
1352 2187 1353 2197 ¹

262 2223 318 2255 1¹11!q
333 2223 390 2266 qui
413 2226 453 2255 ad
477 2225 554 2256 haec
575 2226 689 2257 tendit:
713 2227 868 2268 quoniam
892 2225 1044 2256 divinatio
1067 2232 1123 2262 est,
1144 2225 1324 2266 superstitio

262 2274 319 2304 est,
342 2268 495 2309 pemicies
517 2276 564 2300 est
586 2270 724 2308 animae,
748 2277 784 2302 ut
807 2280 844 2301 ex
867 2269 1030 2301 antedictis
1045 2269 1064 2290 *
1086 2276 1187 2310 patet;
1212 2275 1243 2300 et
1266 2269 1324 2300 hu·
1351 2272 1353 2306 ι]

261 2311 403 2343 immadi
425 2313 589 2354 inquisitio
612 2315 761 2346 damnata
783 2321 831 2345 est
850 2315 890 2345 ab
912 2314 1048 2345 Ecclesia
1073 2321 1105 2345 et
1125 2313 1285 2354 prohibita
1296 2313 1324 2344 *.

317 2356 455 2397 Oportet
473 2364 582 2388 autem
605 2365 637 2389 et
658 2358 692 2389 in
714 2358 776 2390 hoc
799 2358 924 2389 formali
948 2358 1112 2399 diligenter
1135 2358 1326 2398 distinguere

263 2400 400 2431 modum
422 2402 635 2441 cognoscendi
658 2412 714 2434 seu
736 2403 929 2434 inhaerendi.
962 2403 1045 2433 Nam
1069 2403 1209 2433 multum
1233 2402 1326 2433 refert

263 2453 304 2474 an
325 2445 440 2486 aliquis
463 2455 500 2476 ex
523 2446 708 2477 caelestibus
729 2446 805 2478 velit
827 2447 903 2478 scire
927 2457 983 2488 per
1005 2446 1225 2477 certitudinem
1248 2447 1325 2487 quid

262 2487 409 2520 futurum
431 2489 486 2520 sit:
516 2497 572 2521 aut
594 2491 672 2521 scire
694 2501 751 2531 per
773 2491 1005 2527 coniecturam,
1030 2498 1187 2532 quantum
1210 2491 1327 2521 scilicet

263 2538 311 2564 en
332 2542 371 2564 a
392 2533 446 2564 tali
469 2533 682 2566 inclinatione.
707 2535 814 2566 Primo
838 2540 977 2576 nam‘que
996 2536 1107 2574 modo,
1130 2535 1248 2566 scilicet
1270 2545 1326 2575 per
1351 2548 1353 2552 ·

263 2577 483 2608 certitudinem
505 2578 663 2619 inquirere
687 2580 902 2619 cognitionem
930 2580 1114 2611 futurorum
1141 2579 1325 2619 contingen-

263 2619 345 2652 tium
367 2631 406 2652 ex
428 2622 624 2659 caelestibus,
641 2629 688 2654 est
709 2634 829 2654 vanum
853 2632 883 2656 et
905 2624 1170 2664 superstitiosum,
1195 2624 1325 2654 diaboli-

264 2674 339 2696 cum
353 2674 390 2696 ac
403 2665 590 2697 damnatum
605 2668 644 2698 ab
660 2667 815 2699 Ecclesia:
839 2675 870 2699 et
883 2668 962 2699 ratio
979 2674 1026 2699 est
1041 2668 1116 2709 quia
1131 2668 1238 2699 futura
1254 2678 1326 2699 con-

263 2708 414 2749 tingentia
429 2719 496 2740 non
515 2711 555 2741 de
569 2711 752 2743 necessitate
767 2719 935 2743 causantur
951 2723 969 2743 a
985 2713 1082 2744 caelo.
1108 2712 1255 2744 Secundo
1270 2723 1326 2743 au-

264 2759 330 2784 tem
350 2753 450 2784 modo
466 2753 624 2795 inquirere
639 2755 854 2795 coguitionem
870 2756 1123 2794 inclinationum,
1142 2757 1207 2787 sive
1222 2756 1326 2787 homi-

265 2797 343 2827 num
358 2796 424 2828 sive
439 2797 571 2829 aliarum
587 2808 694 2830 rerum
709 2809 945 2840 corporearum,
963 2801 1002 2831 ad
1018 2801 1187 2832 electiones
1203 2808 1326 2831 nostras

264 2850 347 2882 quae
369 2847 499 2872 naturae
522 2842 704 2874 facultatem
727 2853 794 2874 non
810 2845 974 2883 excedunt,
991 2850 1022 2875 et
1036 2845 1096 2875 alia
1111 2844 1246 2875 casualia
1262 2844 1327 2875 sive

265 2884 403 2922 fortuita,
428 2895 495 2917 non
517 2892 564 2917 est
586 2887 710 2918 malum
731 2897 790 2918 nec
812 2888 1009 2919 damnatum.
1033 2888 1075 2919 Et
1092 2889 1172 2919 ratio
1187 2895 1233 2919 est
1251 2889 1326 2929 quia

263 2929 450 2960 huiusmodi
465 2929 684 2961 inclinationes
705 2938 780 2962 sunt
801 2931 928 2963 effectus
945 2942 1116 2972 corporum
1134 2932 1325 2970 caelestium,

265 2980 300 3004 ut
315 2982 401 3004 nunc
416 2973 530 3004 nunc*
545 2974 808 3006 manifestabitur:
829 2976 935 3006 conari
951 2983 1059 3007 autem
1075 2977 1115 3007 ad
1132 2986 1326 3017 cognoscen—

265 3017 342 3048 dum
357 3017 485 3048 effectus
501 3028 669 3049 causarum
684 3019 877 3050 naturalium
899 3030 956 3060 per
971 3029 1023 3051 eas
1046 3030 1112 3051 non
1128 3027 1174 3052 est
1192 3021 1326 3052 malum.

264 3061 434 3102 Propterea
444 3064 567 3093 Auctor
581 3062 614 3094 in
629 3062 730 3094 littera
742 3064 963 3095 concludendo
976 3064 1064 3095 dicit:
1079 3064 1116 3095 Si
1127 3066 1199 3105 quis
1214 3069 1327 3096 utatur

264 3105 316 3143 ad,
337 3106 591 3147 cognoscendum
617 3117 679 3147 per
705 3108 925 3139 certitudinem
945 3107 1070 3150 sutura
1099 3118 1196 3149 opera
1227 3109 1326 3140 homi-

265 3159 355 3187 num,
372 3156 430 3180 etc.
454 3150 530 3180 Non
553 3150 638 3188 dixit,
661 3151 706 3182 ad
727 3152 994 3192 cognoscendum,
1020 3153 1074 3184 sed
1098 3153 1183 3190 dixit,
1208 3154 1252 3184 ad
1274 3164 1323 3184 co-

262 3194 482 3235 gnoscendum
494 3203 557 3234 per
570 3195 810 3227 certitudinem:
830 3203 866 3227 ut
889 3196 1094 3229 differentiam
1109 3198 1202 3228 istam
1225 3208 1324 3239 quam

265 3237 491 3268 declaravimus
514 3238 712 3278 intelligeres.

320 3282 357 3312 11.
383 3281 418 3312 In
442 3282 556 3312 eodem
571 3283 704 3314 articulo
727 3283 851 3324 quinto,
867 3291 943 3315 nota
956 3285 1099 3325 regulam
1115 3285 1325 3317 universalem

265 3325 303 3356 de
326 3325 422 3365 signis
446 3326 605 3366 corporeis
628 3327 832 3364 naturalibus,
854 3328 971 3359 scilicet
994 3330 1083 3370 quod
1099 3329 1204 3364 ‚tribus
1220 3330 1324 3361 modis

265 3369 463 3409 contingunt.
494 3370 618 3407 Primo,
642 3377 679 3401 ut
701 3370 763 3402 sint
785 3381 852 3402 non
874 3372 981 3404 solum
1003 3373 1108 3414 signa,
1131 3374 1187 3404 sed
1213 3384 1325 3405 causae

264 3412 482 3454 significantes.
507 3414 664 3451 Secundo,
687 3421 722 3446 ut
740 3415 803 3446 sint
817 3415 945 3447 effectus
959 3416 1168 3457 significantes
1185 3428 1324 3449 causam.

264 3457 306 3488 Et
327 3457 431 3495 tertio,
455 3465 491 3489 ut
513 3458 575 3490 sint
597 3458 724 3489 effectus
747 3459 850 3490 multi.
863 3460 958 3491 unius
981 3467 1012 3498 et
1034 3461 1175 3492 eiusdem
1195 3471 1323 3493 causae:

265 3507 295 3532 et
317 3508 393 3532 tunc
416 3511 500 3533 unus
523 3502 650 3533 effectus
674 3510 720 3533 est
742 3502 869 3544 signum
892 3504 1019 3535 alterius
1035 3505 1172 3542 effectus,
1196 3513 1324 3546 propter

266 3545 496 3592 connexionem
524 3546 636 3578 saltem
665 3546 698 3577 in
729 3557 838 3584 causa,
866 3547 940 3588 quia
963 3548 1080 3580 scilicet
1111 3557 1322 3590 repraesentat

406 3607 516 3646 Summa
534 3607 636 3633 Timon.
654 3608 686 3632 D.
705 3608 819 3633 Tuomst:
838 3608 870 3633 T.
889 3609 932 3634 Vl.

1377 820 1404 845 in
1431 820 1552 852 quihus...
1578 829 1654 847 nosce
1672 823 1844 854 promittitur
1867 824 1904 853 D,
1928 824 2111 856 quibusdam...
2137 833 2213 851 nosce
2227 827 2390 858 promittunt
2407 827 2439 858 L,

1377 855 1498 888 quibus...
1517 863 1593 881 nosse
1606 858 1786 890 praemittunt
1804 859 1822 887 1,
1840 859 1912 891 qui...
1932 866 2007 885 nosce
2022 861 2117 894 (nosse
2137 861 2166 893 P)
2183 862 2378 893 permittuntur
2392 862 2439 886 Pa.

942 989 1272 1023 Commenta-fia
1295 985 1544 1020 Oardjnans
1566 988 1766 1022 Caietam

1379 1085 1506 1106 causam
1537 1077 1631 1108 etiam
1662 1079 1787 1110 alterius
1818 1079 1955 1111 effectus.
1989 1082 2180 1122 Exemplum
2213 1084 2324 1125 primi:
2359 1093 2439 1117 astra

1351 1137 1352 1140 =
1378 1127 1453 1150 sunt
1482 1121 1514 1150 in
1543 1123 1657 1162 signa,
1688 1130 1724 1153 ut
1757 1123 1916 1164 Scriptura
1945 1125 2035 1162 dicit,
2066 1126 2098 1156 in
2130 1127 2284 1168 principio
2317 1129 2393 1160 Gen.
2421 1130 2439 1150 *

1351 1180 1352 1207 3
1378 1164 1569 1204 Exemplum
1592 1167 1721 1197 secundi
1745 1167 1777 1197 in
1799 1167 1900 1199 littera
1923 1169 2053 1209 ponitur
2075 1169 2183 1201 fumus
2205 1172 2330 1211 signum
2347 1173 2438 1213 ignis.

244 1231 245 1234 =
265 1210 436 1252 significat:
458 1212 511 1242 An
526 1212 688 1251 inquisitio
701 1211 895 1252 fiatur-orum
912 1211 987 1241 talis
1009 1211 1050 1241 sit
1071 1210 1192 1240 illicita.
1216 1209 1263 1239 De
1280 1207 1325 1237 di·
1350 1216 1353 1237 l

1378 1208 1570 1249 Exemplum
1593 1210 1688 1241 tertii:
1714 1211 1776 1248 iris,
1797 1222 1852 1243 seu
1876 1223 1976 1249 arcus,
2002 1214 2127 1254 signum
2151 1216 2338 1253 serenitatis,
2363 1218 2436 1257 quia

1379 1259 1425 1283 est
1447 1252 1575 1284 effectus
1599 1264 1710 1285 causae
1724 1257 1904 1287 communis
1924 1257 1983 1288 sibi
2007 1264 2038 1288 et
2057 1259 2222 1290 serenitati.
2248 1261 2298 1290 Ad
2321 1261 2439 1302 aliquid

1379 1297 1496 1327 horum
1519 1306 1681 1330 memento
1705 1309 1861 1332 recurrere
1884 1302 2013 1342 quando
2035 1302 2123 1342 signa
2139 1304 2314 1344 corporalia
2336 1305 2369 1335 in
2385 1316 2439 1336 na-

1379 1348 1448 1372 tura
1472 1342 1637 1379 dicuntur,
1662 1343 1687 1373 si
1711 1345 1848 1376 resolute
1871 1346 1993 1386 appetis
2017 1346 2188 1387 intelligere
2212 1355 2243 1379 et
2267 1348 2368 1390 loqui.
2398 1350 2440 1380 Et

1379 1385 1456 1416 haec
1479 1386 1558 1416 bene
1578 1393 1663 1422 nota.
1680 1395 1810 1428 propter
1832 1389 1994 1430 imagines,
2019 1391 2160 1431 auguria,
2184 1392 2318 1429 somnia,
2335 1400 2392 1424 etc.

1438 1430 1489 1460 111.
1507 1430 1543 1460 ln
1559 1431 1672 1461 eodem
1688 1432 1801 1472 quinto
1817 1433 1964 1470 articulo,
1986 1434 2065 1465 circa
2078 1435 2311 1476 exemptionem
2327 1447 2439 1468 eorum

1380 1483 1462 1514 quae
1476 1473 1558 1505 fiunt
1577 1482 1607 1506 et
1628 1483 1702 1506 sunt
1725 1487 1780 1516 per
1795 1477 1938 1508 accidens
1954 1489 1971 1509 a
1988 1480 2166 1510 causalitate
2183 1490 2354 1521 corporum
2372 1492 2441 1512 cae-

1379 1518 1516 1554 lestium,
1540 1519 1646 1559 qualia
1669 1527 1743 1551 sunt
1766 1522 1901 1552 casualia
1924 1530 1955 1553 et
1977 1523 2116 1560 fortuita,
2141 1531 2215 1555 nota
2239 1526 2304 1555 duo
2324 1526 2438 1556 simul:

1380 1567 1411 1592 et
1433 1563 1601 1602 quomodo
1625 1573 1656 1593 se
1681 1564 1774 1596 habet
1797 1566 1840 1596 rei
1859 1567 1980 1603 veritas,
2000 1567 2084 1598 iuxta
2105 1578 2311 1600 communem
2334 1570 2439 1610 philo-

1380 1606 1511 1646 sophiae
1534 1606 1726 1644 doctrinam;
1751 1616 1782 1640 et
1807 1618 1979 1650 quantum,
2011 1619 2041 1642 et
2070 1612 2109 1642 ad
2137 1613 2214 1653 quid
2237 1614 2338 1644 valeat
2359 1614 2439 1645 ratio

1379 1650 1498 1681 litterae
1521 1651 1560 1680 ad
1583 1651 1660 1682 haec
1683 1652 1784 1683 allata.

1435 1694 1520 1725 Scito
1543 1695 1639 1735 igitur
1653 1697 1742 1736 quod
1759 1707 1794 1727 ea
1810 1708 1891 1738 quae
1914 1698 2090 1738 iunguntur
2105 1710 2160 1740 per
2174 1700 2327 1738 accidens,
2341 1719 2360 1724 -
2376 1702 2440 1732 sive

1380 1739 1557 1769 secundum
1580 1740 1699 1777 locum,
1725 1748 1760 1772 ut
1782 1742 1872 1772 locus
1892 1743 2027 1783 sepulcri
2047 1751 2077 1774 et
2095 1744 2185 1774 locus
2209 1745 2346 1775 thesauri
2365 1756 2439 1776 cum

1379 1783 1451 1823 quis
1467 1783 1619 1815 fodiendo
1637 1785 1819 1825 sepulcrum
1834 1786 1953 1818 invenit
1966 1787 2009 1818 ibi
2025 1788 2224 1824 thesaurum;
2249 1789 2312 1819 sive
2329 1799 2438 1820 secun—

1380 1827 1458 1858 dum
1473 1834 1610 1868 tempu5‚
1627 1835 1663 1860 ut
1678 1837 1804 1870 tempus
1820 1831 1951 1862 tonitrui
1976 1838 2007 1862 et
2029 1839 2155 1872 tempus
2178 1833 2445 1873 deambulationis

1379 1871 1534 1909 animalis,
1558 1880 1635 1912 puta
1653 1873 1754 1911 bovis,
1779 1885 1863 1911 cum,
1887 1875 1968 1906 bove
1992 1876 2223 1914 deambulante,
2248 1884 2352 1915 tonat;
2376 1874 2449 1909 sive*

1380 1917 1687 1958 quomodocumque
1710 1918 1797 1949 aliter
1819 1919 1990 1960 iungantur
2013 1930 2068 1961 per
2091 1921 2251 1959 accidens3
2271 1931 2440 1962 -possunt

1380 1960 1546 2000 dupliciter
1569 1961 1769 1994 considerari.
1802 1963 1926 2000 Primo,
1952 1971 1988 1995 ut
2010 1965 2071 1995 sic:
2096 1965 2158 1996 hoc
2182 1972 2228 1996 est
2249 1966 2440 2007 inquantum

1380 2011 1455 2036 sunt
1477 2005 1560 2036 entia
1583 2015 1640 2046 per
1666 2007 1826 2044 accidens;
1850 2007 1912 2038 hoc
1940 2015 2001 2045 est,
2026 2010 2115 2050 quod
2139 2009 2352 2041 consideretur
2378 2011 2440 2042 hoc

1380 2055 1495 2085 totum,
1520 2050 1609 2080 locus
1631 2052 1772 2091 sepulcri
1787 2057 1817 2082 et
1840 2052 1928 2083 locus
1949 2053 2103 2091 thesauri,
2121 2060 2151 2084 et
2169 2054 2213 2084 sic
2229 2054 2267 2084 de
2283 2055 2361 2085 aliis.
2386 2055 2439 2086 Se-

1380 2094 1496 2130 cundo,
1521 2095 1696 2125 secundum
1727 2097 1835 2126 ambas
1858 2101 1961 2136 partes
1990 2106 2150 2128 seorsum:
2175 2104 2251 2138 puta
2281 2099 2371 2129 locus
2395 2109 2440 2130 se-

1380 2137 1480 2178 pulcri
1505 2139 1681 2169 secundum
1705 2149 1748 2178 se,
1765 2147 1796 2171 et
1817 2140 1908 2171 locus
1931 2141 2069 2172 thesauri
2092 2142 2269 2173 secundum
2291 2153 2333 2173 se.

1433 2182 1499 2212 Nec
1515 2182 1621 2213 solum
1638 2191 1774 2223 possunt
1790 2184 1956 2224 dupliciter
1971 2185 2170 2223 considerari,
2187 2187 2241 2217 sed
2258 2187 2352 2217 etiarn
2368 2197 2440 2227 pos-

1352 2258 1353 2265 *
1380 2233 1454 2256 sunt
1475 2226 1599 2263 referri,
1624 2229 1800 2259 secundum
1824 2229 1867 2259 rei
1891 2229 2068 2267 veritatem,
2093 2230 2132 2260 ad
2156 2230 2292 2261 diversas
2316 2240 2439 2261 causas:

1379 2270 1496 2301 scilicet
1518 2271 1685 2308 naturales,
1702 2273 1751 2303 vel
1771 2273 1947 2304 rationales.
1972 2273 2014 2304 Et
2037 2281 2083 2305 est
2105 2281 2190 2305 tanta
2212 2275 2293 2305 inter
2315 2275 2370 2305 has
2394 2285 2441 2305 re-

1378 2314 1513 2345 lationes
1529 2304 1677 2347 distantia
1697 2317 1796 2358 quod,
1811 2318 2120 2359 quomodocumque
2139 2319 2342 2356 considerata,
2360 2319 2443 2350 entia

1379 2369 1436 2398 per
1462 2359 1624 2396 accidens,
1649 2360 1674 2390 si
1698 2361 1736 2391 ad
1764 2361 1930 2392 rationales
1955 2372 2064 2394 causas
2093 2362 2283 2400 referantur,
2307 2370 2443 2404 possunt

1379 2403 1494 2434 habere
1517 2414 1645 2434 causam
1668 2415 1724 2446 per
1739 2415 1782 2436 se.
1807 2406 1911 2437 Immo
1935 2407 2043 2437 omnia
2065 2406 2183 2437 habent
2205 2408 2344 2438 divinam
2368 2417 2442 2448 pro-

1379 2447 1550 2478 videntiam
1575 2458 1634 2488 pro
1657 2459 1714 2488 per
1736 2459 1769 2480 se
1793 2457 1903 2480 causa:
1928 2450 2083 2491 quoniam
2106 2451 2202 2487 nihil,
2227 2451 2254 2482 ei
2279 2462 2441 2492 compara-

1379 2499 1459 2528 tum,
1485 2499 1531 2523 est
1553 2499 1675 2532 praeter
1697 2493 1781 2523 illius
1804 2493 2023 2525 intentionem.
2047 2512 2067 2518 -
2092 2495 2124 2526 Si
2148 2502 2254 2526 autem
2270 2496 2443 2527 referantur

1379 2536 1419 2566 ad
1443 2546 1552 2566 causas
1575 2537 1742 2573 naturales,
1768 2538 1877 2578 quales
1893 2546 1968 2569 sunt
1988 2539 2096 2569 omnia
2111 2549 2254 2580 corpora,
2272 2540 2315 2570 sic
2332 2550 2441 2570 secun-

1380 2581 1458 2611 dum
1481 2591 1554 2611 suas
1578 2588 1681 2621 partes
1709 2590 1846 2621 possunt
1869 2583 1982 2614 habere
2006 2593 2078 2614 suas
2101 2593 2157 2624 per
2181 2594 2212 2614 se
2237 2594 2354 2615 causas.
2380 2585 2441 2621 Ita,

1378 2625 1468 2666 quod
1491 2624 1541 2655 hic
1565 2625 1605 2656 sit
1626 2625 1716 2656 locus
1739 2626 1887 2663 thesauri,
1912 2627 1950 2657 ab
1970 2627 2075 2668 aliqua
2096 2634 2143 2658 est
2166 2637 2277 2659 causa:
2302 2635 2332 2659 et
2355 2628 2441 2658 simi-

1378 2669 1448 2700 liter
1470 2670 1560 2710 quod
1583 2669 1634 2701 hic
1657 2670 1696 2701 sit
1719 2670 1808 2701 locus
1832 2671 1978 2711 sepulcri,
1998 2672 2036 2702 ab
2056 2671 2161 2713 aliqua
2178 2682 2271 2703 causa
2287 2679 2342 2703 est.
2367 2673 2440 2709 Seu,

1377 2713 1411 2744 in
1435 2713 1646 2750 naturalibus,
1670 2715 1759 2755 quod
1782 2715 1840 2745 bos
1864 2715 2045 2747 deambulet
2073 2716 2150 2746 hora
2173 2716 2277 2752 tertia,
2302 2717 2440 2757 aliquam

1377 2758 1472 2788 habet
1500 2766 1644 2788 causam:
1678 2766 1708 2789 et
1736 2758 1878 2789 similiter
1900 2760 1988 2800 quod
2019 2760 2130 2790 eadem
2157 2760 2235 2790 hora
2262 2760 2440 2791 tonitruum

1378 2801 1442 2838 fiat,
1460 2801 1601 2843 aliquam
1621 2802 1716 2833 habet
1738 2812 1875 2834 causam.
1900 2803 1961 2834 Sed
1984 2803 2046 2834 hoc
2069 2810 2183 2840 totum,
2201 2804 2289 2844 quod
2312 2811 2439 2845 tempus

1378 2845 1603 2876 ambulationis
1626 2853 1657 2876 et
1679 2853 1806 2887 tempus
1829 2847 1960 2878 tonitrui
1979 2847 2018 2878 sit
2041 2857 2142 2878 unum
2159 2854 2189 2878 et
2206 2848 2301 2884 idem,
2319 2848 2439 2879 nullam

1379 2890 1473 2920 habet
1495 2900 1595 2920 unam
1617 2891 1794 2921 naturalem
1817 2901 1960 2922 causam:
1990 2892 2064 2932 quia
2092 2892 2154 2922 hoc
2177 2898 2282 2922 totum
2305 2903 2370 2923 non
2395 2899 2440 2923 est

1379 2943 1492 2970 unum,
1517 2934 1571 2964 sed
1594 2935 1695 2965 multa
1718 2935 1917 2976 simpliciter;
1942 2936 2047 2966 omnis
2069 2942 2177 2966 autem
2198 2946 2291 2966 causa
2314 2944 2438 2967 natura-

1378 2978 1416 3008 lis
1440 2978 1645 3009 determinata
1669 2985 1715 3009 est
1730 2979 1769 3010 ad
1792 2989 1904 3010 unum.
1928 2980 1970 3010 Et
1993 2980 2032 3010 ad
2055 2980 2117 3011 hoc
2140 2979 2266 3011 affertur
2286 2981 2364 3011 ratio
2388 2981 2437 3012 lit-

1379 3029 1472 3053 terae.
1487 3045 1490 3048 .

1422 3067 1576 3096 Notanter
1592 3073 1699 3097 autem
1712 3067 1788 3104 dixi,
1803 3077 1900 3098 unam
1917 3077 2048 3099 causam
2065 3069 2255 3099 naturalem.
2277 3068 2439 3105 Quoniam

1378 3110 1458 3141 illud
1485 3117 1591 3142 totum
1619 3109 1733 3141 habere
1761 3111 1877 3142 multas
1906 3121 2015 3142 causas
2039 3112 2196 3143 naturales
2220 3120 2439 3143 concurrentes

1379 3154 1475 3185 simul
1505 3164 1561 3194 per
1583 3164 1631 3190 se,
1656 3155 1851 3196 quandoque
1880 3165 1946 3186 non
1969 3156 2167 3187 inconvenit:
2201 3163 2277 3196 puta
2304 3157 2438 3187 Martem

1379 3205 1410 3229 et
1432 3198 1605 3229 Saturnum
1633 3207 1854 3230 concurrentes
1881 3200 1914 3230 in
1933 3200 1986 3231 tali
2008 3200 2108 3240 signo,
2132 3206 2270 3240 aspectu,
2291 3207 2348 3231 etc.
2373 3201 2439 3231 Nec

1379 3249 1487 3274 contra
1510 3243 1572 3274 hoc
1590 3242 1715 3274 affertur
1733 3243 1791 3274 ista
1807 3244 1897 3274 ratio.
1923 3244 1957 3274 ln
1975 3245 2075 3274 causis
2089 3254 2227 3284 namque
2244 3244 2438 3275 naturalibus

1377 3287 1582 3318 inveniuntur
1605 3287 1687 3318 duo:
1713 3287 1829 3319 scilicet
1843 3288 1941 3318 virtus
1958 3289 2129 3323 causativa;
2154 3295 2184 3318 et
2204 3288 2344 3319 conditio
2365 3299 2438 3319 cau-

1377 3341 1494 3367 sarum,
1520 3339 1555 3363 ut
1577 3332 1846 3372 appropinquatio
1866 3333 1953 3367 situs,
1970 3339 2027 3362 etc.
2052 3332 2145 3363 Ratio
2168 3332 2287 3362 litterae
2310 3332 2439 3363 inducta

1378 3383 1425 3406 est
1447 3376 1487 3405 ad
1511 3376 1745 3407 ostendendum
1768 3376 1857 3417 quod
1873 3386 1983 3406 causae
1999 3376 2156 3406 naturales
2179 3386 2216 3406 ex
2231 3376 2346 3407 virtute
2363 3387 2437 3407 cau-

1378 3419 1474 3450 sativa
1498 3429 1564 3450 non
1587 3427 1723 3460 possunt
1745 3420 1778 3450 in
1802 3430 1857 3450 ens
1884 3430 1939 3460 per
1962 3420 2104 3450 accidens
2134 3420 2310 3450 secundum
2334 3431 2367 3451 se
2390 3428 2438 3452 to-

1377 3470 1457 3494 tum.
1480 3466 1532 3493 An
1553 3470 1659 3494 autem
1680 3464 1802 3504 possint
1818 3474 1855 3494 ex
1870 3473 2026 3494 concursu
2043 3474 2207 3495 causarum
2231 3465 2436 3505 quandoque,

1377 3507 1455 3537 nihil
1478 3507 1511 3537 in
1534 3507 1635 3539 littera
1655 3508 1781 3538 dicitur:
1807 3508 1860 3538 sed
1884 3508 1959 3538 haec
1979 3507 2097 3538 altioris
2111 3515 2186 3539 sunt
2204 3508 2437 3549 speculationis,

1378 3558 1408 3581 et
1431 3558 1558 3582 tractata
1581 3552 1613 3582 in
1637 3562 1695 3582 cxv
1719 3551 1903 3592 quaestione
1918 3551 1935 3570 *
1958 3551 2052 3592 primi
2076 3552 2172 3583 Libri.

2261 3621 2291 3644 4¹

2467 1132 2477 1142 ⁸
2486 1132 2542 1160 cap.
2550 1138 2565 1160 ι,
2575 1138 2634 1154 vers.
2643 1138 2675 1159 ¹4·

2464 3526 2476 3538 ⁸
2488 3526 2540 3549 Art.
2556 3526 2582 3552 6,
2605 3526 2675 3548 Com-

2465 3556 2535 3574 meat.
2551 3559 2574 3574 n.
2587 3558 2608 3574 xi
2623 3559 2674 3581 sqq.
