2860 4244
135 375 144 384 ’
150 374 185 395 De
192 374 345 396 1nvent.Rhet.

134 400 174 422 lib.
190 400 218 427 Π,
229 406 279 428 cap.
295 407 343 422 ιιιι.

234 480 250 496 α

135 743 144 752 ⁸
159 742 223 764 Vers.
240 748 268 770 ¹3·

318 816 321 821 -
371 792 515 827 minum
544 792 668 827 Deum
697 796 801 827 tuum
835 791 994 837 timebis,
1024 796 1060 827 et
1086 791 1157 839 ipsi
1181 791 1253 828 soli
1276 792 1432 837 servies,

134 950 144 960 ⁴
159 950 210 971 Art.
226 956 241 971 ι.

133 1379 143 1388 ⁸
158 1379 224 1400 Vers.
240 1378 270 1400 16.

133 1462 142 1471 ⁸
168 1460 292 1482 comment.
318 1461 342 1482 in

133 1487 219 1509 Matth.
234 1488 272 1509 libi
284 1487 302 1513 1,
313 1487 341 1508 ad

177 1529 183 1535 .
199 1520 220 1540 v,
240 1520 300 1535 vers.
314 1520 342 1542 34

133 1520 174 1540 ..p

133 1546 209 1614 5345.
223 1572 255 1614 131,
270 1572 292 1588 n.
302 1573 340 1594 ⁵..

233 1596 276 1614 eet.
291 1599 320 1615 lv.

135 2460 143 2469 ⁸
165 2459 211 2486 Qu.
232 2465 343 2483 cxxxvlii,

134 2490 176 2507 nrt.
192 2491 211 2517 5.

136 2680 146 2689 ·
171 2679 294 2700 Comment-
322 2678 346 2699 in

135 2705 220 2727 Matth.
235 2705 275 2726 lib.
289 2705 308 2732 1,
317 2705 345 2726 ad

138 2737 190 2759 cap.
204 2738 226 2757 v,
244 2737 304 2753 vers.
317 2737 346 2760 34

137 2764 188 2785 sqq.
234 2794 251 2810 α

139 3155 149 3164 ⁸
163 3153 230 3175 Vera.
246 3158 274 3175 η.

139 3288 149 3298 “
165 3287 222 3316 Cap.
237 3294 274 3309 xv.

378 292 452 338 276

373 371 455 406 Deo
485 370 634 418 offerre,
656 376 695 405 ut
723 368 869 404 Tullius
890 368 977 405 dicit
996 367 1027 404 ²³.
1059 367 1135 403 Sed
1163 367 1222 403 ille
1247 366 1310 415 qui
1338 366 1435 403 iurat

373 422 463 458 nihil
500 423 584 459 Deo
623 422 752 467 offert,
783 421 850 457 sed
879 422 1005 457 Deum
1041 419 1182 456 inducit
1210 419 1248 456 in
1284 427 1431 456 testem.

374 476 474 522 Ergo
505 477 625 510 iurare
655 486 731 510 non
763 481 816 510 est
845 481 949 509 actus
978 472 1165 520 religionis
1187 477 1214 509 α.

427 529 461 564 3.
484 529 716 572 ΡΗΑΕΤΕΒΕΑ,
737 526 823 562 finis
849 525 1037 573 religionis
1063 537 1130 561 seu
1150 525 1276 562 latriae
1305 533 1360 562 est
1379 537 1434 562 re-

371 580 579 617 verentiam
600 581 683 615 Deo
706 578 894 615 exhibere.
922 579 1006 615 Hoc
1027 585 1154 614 autem
1176 591 1254 615 non
1274 587 1329 615 est
1347 579 1433 616 finis

371 632 583 679 iuramenti,
602 632 667 668 sed
687 631 813 680 potius
833 631 987 679 aliquod
1007 631 1170 667 verbum
1192 633 1431 669 confirmare.

371 687 471 733 Ergo
500 686 622 722 iurare
651 697 729 721 non
758 692 812 721 est
840 692 944 721 actus
974 684 1174 732 religionis.

425 739 498 774 SED
527 749 673 774 CONTRA
706 749 771 774 EST
799 737 903 785 quod
943 737 1076 774 dicitur
1103 739 1214 775 Deut.
1234 738 1326 775 V1*:
1355 739 1434 775 Do·
1460 749 1462 769 ι

370 856 416 880 ac
437 855 510 892 per
537 855 672 880 nomen
702 843 799 880 illius
827 844 980 881 iurabis.
1012 844 1198 891 Loquitur
1227 852 1354 881 autem
1383 844 1434 881 ibi

370 897 416 933 de
437 896 615 933 servitute
644 896 784 933 latriae.
815 897 916 945 Ergo
938 897 1059 934 iurare
1085 905 1139 934 est
1167 904 1273 934 actus
1292 897 1432 934 latriae.

423 951 648 986 RESPONDEO
673 961 856 987 DICENDUM
876 950 992 999 quod,
1013 950 1107 987 sicut
1126 962 1172 987 ex
1198 950 1304 987 dictis
1322 950 1342 972 ’¹‘
1369 963 1435 999 pa-

370 1010 441 1050 tet,
471 1002 624 1051 ille‘qui
653 1002 748 1039 iurat
775 1003 930 1040 invocat
967 1003 1138 1040 divinum
1176 1003 1434 1041 testimonium

370 1057 418 1092 ad
438 1055 747 1093 confirmandum
768 1069 813 1092 ea
832 1069 931 1104 quae
951 1057 1050 1094 dicit.
1072 1057 1176 1094 Nihil
1196 1064 1323 1094 autem
1345 1069 1433 1094 con-

369 1109 543 1145 firmatur
570 1109 640 1145 nisi
669 1121 736 1157 per
764 1109 906 1158 aliquid
934 1110 1038 1158 quod
1064 1109 1199 1146 certius
1229 1117 1283 1146 est
1312 1117 1348 1147 et
1365 1122 1434 1158 po-

369 1162 453 1198 tius.
484 1163 532 1198 Et
551 1162 637 1199 ideo
667 1162 705 1198 in
732 1163 807 1198 hoc
826 1162 908 1210 ipso
932 1163 1037 1210 quod
1061 1163 1180 1200 homo
1210 1175 1278 1211 per
1306 1165 1434 1200 Deum

369 1215 480 1262 iurat,
518 1216 717 1264 profitetur
745 1216 872 1252 Deum
910 1216 1121 1264 potiorem,
1159 1223 1290 1263 utpote
1329 1216 1434 1252 cuius

369 1267 508 1304 veritas
546 1276 602 1304 est
636 1268 895 1305 indefectibilis
926 1277 960 1304 et
998 1268 1160 1316 cognitio
1189 1269 1433 1305 universalis:

371 1328 406 1357 et
448 1321 499 1357 sic
537 1321 663 1370 aliquo
705 1321 823 1358 modo
859 1322 944 1357 Deo
983 1321 1234 1358 reverentiam
1274 1321 1432 1358 exhibet.

369 1374 479 1410 Unde
509 1381 544 1410 et
572 1374 778 1422 Apostolus
808 1373 906 1421 dicit,
927 1374 979 1410 ad
1003 1375 1103 1410 Heb.
1123 1386 1158 1410 vl
1178 1373 1209 1421 ²³⁸,
1235 1374 1340 1422 quod
1369 1375 1434 1411 ho-

370 1427 487 1463 mines
508 1438 581 1474 per
608 1427 770 1463 maiores
788 1439 827 1463 se
855 1427 991 1464 iurant.
1023 1427 1071 1463 Et
1100 1426 1360 1475 Hieronymus
1380 1427 1434 1464 di—

370 1479 427 1525 cit,
448 1491 560 1527 super
586 1480 722 1516 Matth.
744 1479 775 1526 ³¹⁶,
797 1480 901 1528 quod
921 1480 987 1528 qui
1013 1480 1124 1525 iurat,
1145 1486 1212 1517 aut
1231 1487 1435 1518 veneratur

368 1538 433 1568 aut
452 1533 573 1582 diligit
590 1544 675 1569 eum
689 1544 762 1580 per
780 1545 890 1581 quem
910 1533 1020 1571 iurat.
1043 1533 1299 1582 Philosophus
1320 1535 1432 1571 etiam

370 1585 468 1632 dicit,
499 1585 537 1622 in
567 1587 579 1621 I
600 1586 808 1634 Metaphys
831 1586 863 1633 ⁹¹²,
893 1586 998 1634 quod
1026 1587 1279 1624 iuramentum
1299 1594 1353 1624 est
1369 1589 1434 1625 ho-

421 1701 447 1732 α)
467 1700 613 1733 religionis.
625 1714 644 1719 -·
661 1708 706 1725 seu
725 1701 822 1726 latriae
841 1702 937 1726 addunt
955 1701 1001 1726 Pa.
1452 1709 1456 1735 1

1015 289 1224 335 QUAEST
1229 289 1280 324 10
1311 288 1522 335 LXXXIX,
1553 289 1848 327 ARTlCULUS
1876 290 1911 326 V

1489 367 1817 405 norahilissimum.
1839 368 2028 404 Exhibere
2049 377 2175 404 autem
2196 368 2446 405 reverentiam
2465 370 2549 405 Deo

1488 419 1649 467 pertinet
1676 421 1724 457 ad
1754 420 1973 468 religionem
2004 420 2082 457 sive
2103 420 2261 457 latriam.
2291 421 2402 458 Unde
2431 421 2550 458 mani-

1488 472 1624 508 festum
1655 481 1711 510 est
1737 474 1840 521 quod
1869 472 2123 510 iuramentum
2148 481 2204 510 est
2230 480 2334 510 actus
2363 473 2551 521 religionis

1489 524 1569 561 sive
1597 525 1738 562 latriae.

1541 579 1600 614 An
1629 590 1765 615 PRIMUM
1794 590 1891 615 ERGO
1921 591 2105 616 DICENDUM
2133 578 2239 627 quod
2271 578 2310 615 in
2337 578 2550 615 iuramento

1489 630 1566 666 duo
1587 631 1894 668 considerantur:
1925 631 2064 668 scilicet
2090 631 2350 668 testimonium
2370 631 2475 679 quod
2497 631 2551 668 in-

1490 682 1650 730 ducitur,
1680 691 1717 720 et
1735 685 1810 720 hoc
1839 692 1894 721 est
1922 684 2112 730 divinum;
2143 692 2179 721 et
2205 684 2244 722 id
2263 696 2378 733 super
2397 696 2475 732 quo
2497 684 2551 721 in-

1490 735 1638 773 ducitur
1656 736 1928 784 testimonium,
1948 739 2010 774 vel
2039 738 2145 785 quod
2173 738 2260 774 facit
2288 737 2549 775 necessitatem

1488 789 1746 826 testimonium
1763 789 1979 838 inducendi,
1996 798 2031 827 et
2049 792 2124 827 hoc
2144 795 2199 827 est
2217 792 2442 828 humanum.
2462 791 2552 827 Per-

1488 841 1580 878 tinet
1600 853 1688 889 ergo
1709 842 1966 880 iuramentum
1990 843 2039 880 ad
2058 843 2278 891 religionem
2306 843 2452 881 ratione
2477 843 2552 892 pri-

1490 895 1554 942 mi,
1584 907 1662 931 non
1691 902 1818 931 autem
1846 895 1992 933 ratione
2021 896 2187 933 secundi.

1541 949 1601 984 AD
1621 959 1811 985 SECUNDUM
1839 960 2023 986 DICENDUM
2043 949 2148 997 quod
2174 949 2213 986 in
2241 950 2316 986 hoc
2343 949 2426 998 ipso
2446 949 2551 997 quod

1490 1001 1623 1048 aliquis
1653 1001 1808 1038 assumit
1836 1002 1964 1038 Deum
1993 1001 2031 1038 in
2055 1009 2191 1038 testem
2219 1014 2286 1050 per
2308 1002 2470 1039 modum
2498 1001 2552 1038 iu-

1489 1053 1661 1101 ramenti,
1682 1055 1883 1102 profitetur
1907 1067 1995 1092 eum
2025 1054 2233 1091 maiorem:
2260 1055 2364 1103 quod
2392 1054 2552 1103 pertinet

1490 1107 1538 1143 ad
1567 1107 1639 1143 Dei
1667 1107 1930 1145 reverentiam.
1961 1108 2010 1144 Et
2036 1107 2088 1144 sic
2108 1107 2250 1155 aliquid
2277 1107 2389 1144 offert
2406 1105 2422 1136 β
2449 1108 2550 1144 Deo:

1490 1159 1629 1196 scilicet
1657 1161 1909 1198 reverentiam
1940 1168 1976 1197 et
2002 1161 2203 1197 honorem.
2500 1160 2503 1163 “

1542 1214 1601 1248 AD
1616 1224 1776 1250 TERTIUM
1801 1226 1985 1251 DICENDUM
2005 1213 2109 1263 quod
2129 1213 2259 1250 omnia
2274 1225 2373 1261 quae
2393 1213 2552 1250 facimus

1490 1265 1676 1302 debemus
1696 1266 1735 1302 in
1754 1266 1827 1303 Dei
1847 1267 2100 1308 reverentiam
2121 1267 2256 1304 facere.
2286 1267 2335 1303 Et
2354 1266 2442 1303 ideo
2462 1265 2553 1303 nihil

1487 1317 1665 1365 prohibet
1692 1318 1723 1355 si
1750 1319 1789 1355 in
1816 1320 1891 1355 hoc
1919 1320 2002 1368 ipso
2033 1320 2139 1368 quod
2167 1319 2398 1357 intendimus
2430 1318 2552 1356 homi-

1489 1381 1578 1406 nem
1616 1371 1843 1419 certificare,
1877 1373 1962 1410 Deo
2002 1373 2254 1410 reverentiam
2293 1372 2551 1410 exhibeamus.

1489 1423 1552 1459 Sic
1581 1423 1682 1460 enim
1721 1423 1908 1461 debemus
1943 1425 2083 1474 aliquid
2116 1425 2155 1462 in
2189 1426 2262 1463 Dei
2299 1426 2552 1463 reverentiam

1487 1476 1611 1513 facere
1630 1484 1673 1513 ut
1696 1489 1740 1513 ex
1768 1477 1843 1514 hoc
1861 1477 1999 1520 utilitas
2018 1478 2200 1527 proximis
2218 1478 2435 1527 proveniat:
2465 1478 2553 1528 quia

1489 1529 1601 1566 etiam
1620 1530 1726 1566 Deus
1747 1538 1925 1578 operatur
1949 1531 1997 1568 ad
2018 1544 2126 1568 suam
2148 1531 2307 1579 gloriam
2329 1539 2364 1568 et
2383 1539 2551 1569 nostram

1487 1582 1696 1620 utilitatem.

1536 1702 1561 1735 β)
1580 1703 1668 1737 offert.
1685 1718 1704 1723 —
1721 1704 1801 1738 affert
1818 1704 1971 1737 ABEFKpC
1990 1709 2016 1729 et
2034 1711 2066 1735 x;
2087 1705 2123 1729 Et
2140 1704 2205 1730 sic...
2224 1705 2400 1730 reverentiam
2424 1713 2478 1730 om.
2496 1705 2555 1739 ΒΗ,

1155 1847 1475 1890 ARTICULUS
1506 1848 1763 1897 QUINTUS

762 1938 917 1969 UTRUM
943 1938 1239 1969 IURAMENTUM
1264 1938 1331 1969 SIT
1354 1939 1648 1971 APPETENDUM
1671 1941 1730 1971 ET
1753 1941 2155 1978 FREQUENTANDUM,

1149 1983 1367 2020 TANQUAM
1390 1983 1521 2014 UTILE
1544 1984 1602 2014 ET
1625 1983 1779 2017 BONUM

1036 2061 1066 2086 111
1087 2062 1169 2091 Sent„
1190 2062 1249 2087 dist.
1269 2070 1351 2092 xmx,
1371 2068 1418 2087 art.
1438 2070 1462 2094 2,

423 2161 464 2193 :¹
490 2157 505 2191 ,χ
520 2167 533 2179 f
581 2153 604 2178 D
625 2152 787 2184 QumTUM
806 2152 859 2177 sm
879 2152 1120 2178 PROCEDrrUR.
1150 2140 1310 2177 Videtur
1329 2141 1435 2189 quod

408 2188 421 2202 ‘⁴
433 2193 447 2215 ·'
582 2195 837 2231 iuramentum
857 2193 903 2230 sit
922 2194 1181 2243 appetendum
1203 2201 1238 2230 et
1257 2194 1433 2241 frequen-

555 2247 752 2294 tandum,
773 2255 956 2295 tanquam
975 2247 1064 2284 utile
1086 2254 1121 2283 et
1141 2248 1300 2284 bonum.
1329 2247 1434 2284 Sicut

476 2347 489 2351 ἡ
584 2301 684 2337 enim
712 2308 847 2337 votum
870 2308 924 2337 est
944 2310 1048 2337 actus
1078 2301 1216 2348 latriae,
1237 2300 1288 2337 ita
1317 2308 1353 2336 et
1378 2300 1433 2336 iu·
1459 2319 1461 2328 ι

369 2361 598 2391 ramentum.
629 2354 706 2390 Sed
726 2354 848 2390 facere
870 2353 1011 2402 aliquid
1040 2366 1084 2390 ex
1104 2361 1196 2390 voto
1222 2361 1277 2390 est
1305 2354 1433 2390 lauda-

370 2407 481 2444 bilius
510 2415 546 2443 et
565 2407 685 2454 magis
713 2407 950 2443 meritorium
975 2407 1064 2455 quia
1083 2415 1217 2444 votum
1245 2414 1299 2444 est
1328 2414 1432 2443 actus

370 2460 511 2506 latriae,
536 2468 578 2496 ut
601 2472 715 2508 supra
733 2459 753 2481 ²⁸
778 2460 919 2496 dictum
940 2468 1005 2497 est.
1037 2461 1152 2508 Ergo,
1173 2460 1255 2508 pari
1275 2460 1432 2507 ratione,

370 2514 493 2550 facere
507 2514 570 2549 vel
590 2513 713 2549 dicere
730 2512 870 2560 aliquid
891 2525 978 2549 cum
999 2513 1212 2549 iuramento
1230 2521 1285 2550 est
1304 2513 1432 2550 lauda-

372 2566 492 2603 bilius.
531 2567 580 2602 Et
608 2566 661 2602 sic
688 2565 943 2602 iuramentum
979 2573 1034 2602 est
1061 2568 1320 2615 appetendum
1354 2573 1433 2602 tan-

373 2631 489 2668 quam
517 2631 586 2667 per
614 2631 653 2655 se
683 2619 841 2655 bonum.

428 2684 462 2709 2.
475 2673 708 2718 PRAETEREA‚
725 2672 985 2720 Hieronymus
1006 2671 1104 2718 dicit,
1125 2683 1237 2720 super
1250 2673 1387 2710 Matth.
1401 2673 1432 2720 *,

373 2726 477 2774 quod
506 2726 571 2773 qui
597 2725 714 2770 iurat,
744 2730 946 2762 veneratur
965 2729 982 2746 α
1010 2731 1078 2761 aut
1102 2725 1224 2775 diligit
1255 2738 1339 2762 eum
1362 2738 1435 2774 per

372 2790 482 2827 quem
511 2779 620 2815 iurat.
652 2778 729 2814 Sed
757 2778 930 2815 venerari
960 2785 1023 2814 aut
1047 2778 1199 2826 diligere
1227 2779 1355 2815 Deum
1380 2788 1436 2816 est

372 2832 632 2880 appetendum
670 2839 853 2878 tanquam
892 2843 960 2880 per
994 2843 1034 2868 se
1069 2832 1227 2868 bonum.
1267 2833 1369 2880 Ergo
1399 2840 1436 2870 et

372 2885 640 2921 iuramentum.

428 2939 461 2974 3.
492 2939 729 2986 PRAETEREA,
759 2937 1016 2974 iuramentum
1047 2937 1240 2975 ordinatur
1268 2938 1316 2975 ad
1345 2950 1436 2976 con-

372 2990 630 3027 firmationem
650 3003 718 3027 seu
738 2990 1060 3028 certificationem.
1093 2991 1169 3028 Sed
1190 2991 1295 3039 quod
1315 2991 1434 3028 homo

374 3055 485 3080 suurn
516 3043 657 3080 dictum
687 3044 899 3091 confirmet,
929 3044 1077 3080 bonum
1107 3051 1171 3081 est.
1207 3045 1310 3092 Ergo
1339 3045 1435 3082 iura-

375 3103 546 3132 mentum
576 3103 631 3132 est
658 3097 916 3145 appetendum
943 3104 1126 3144 tanquam
1155 3097 1313 3134 bonum.

429 3149 503 3185 SED
523 3160 670 3185 CONTRA
695 3161 761 3185 EST
781 3150 885 3198 quod
905 3149 1039 3186 dicitur
1055 3150 1170 3187 Eccli.
1192 3163 1275 3187 xxm
1294 3150 1334 3187 *z
1371 3151 1437 3188 Vir

374 3202 531 3238 multum
552 3202 681 3238 iurans
700 3202 901 3250 replebitur
919 3203 1121 3251 iniquitate.
1142 3204 1191 3239 Et
1205 3203 1436 3251 Augustinus

377 3255 474 3301 dicit,
495 3255 533 3291 in
552 3254 648 3291 libro
677 3255 722 3291 de
739 3255 944 3292 Mendacio
965 3253 1025 3303 Η,
1054 3256 1159 3303 quod
1187 3263 1435 3304 praeceptum

375 3307 532 3344 Domini
553 3308 599 3345 de
618 3308 874 3357 prohibitione
893 3308 1094 3345 iuramenti
1121 3309 1172 3345 ad
1188 3309 1259 3346 hoc
1270 3309 1435 3357 positum

376 3366 430 3397 est
456 3367 505 3407 ut,
526 3367 706 3409 quantum
735 3361 772 3398 in
796 3367 830 3398 te
848 3366 911 3407 est,
933 3373 1007 3398 non
1035 3360 1197 3411 affectes,
1218 3374 1305 3408 non,
1330 3363 1439 3411 quasi

430 3491 458 3523 α)
478 3494 629 3517 veneratur.
640 3504 660 3510 —
676 3494 725 3516 aut
742 3495 886 3517 veneratur
904 3492 950 3517 Pa.

431 3524 456 3558 β)
476 3526 509 3550 de
526 3526 677 3552 Mendacio.
689 3541 707 3546 —
725 3530 819 3552 contra
838 3527 1010 3553 Mendacium
1029 3527 1131 3553 codices
1150 3533 1176 3553 et
1193 3534 1224 3556 ας
1243 3536 1291 3561 pro
1311 3535 1363 3554 non
1377 3534 1436 3554 ante

377 3561 461 3594 quasi,
481 3561 549 3586 idest
567 3569 619 3586 non
639 3563 669 3593 D,
689 3569 735 3587 nec
754 3562 771 3593 1,
791 3566 821 3587 ut
839 3563 928 3593 PsCK,
947 3571 991 3588 om
1011 3563 1043 3588 G.

1481 2063 1532 2096 qu⁸
1556 2072 1581 2095 1;
1602 2064 1632 2088 In
1651 2064 1759 2094 Matth„
1780 2072 1836 2098 cap.
1854 2073 1879 2090 v.

1481 2153 1556 2190 pro
1586 2143 1696 2189 bono,
1726 2155 1812 2180 cum
1841 2144 1970 2193 aliqua
1997 2145 2238 2183 delectatione
2265 2153 2418 2196 appetas
2441 2148 2555 2186 iusiu-

1488 2195 1663 2232 randum.
1925 2190 1942 2217 '

1541 2248 1767 2286 RESPONDEO
1797 2261 1980 2287 n1CENDUM
2006 2251 2111 2299 quod
2139 2251 2177 2288 id
2198 2252 2304 2301 quod
2332 2265 2411 2291 non
2439 2266 2554 2303 quae-

1487 2300 1579 2338 ritur
1607 2302 1677 2339 nisi
1715 2303 1764 2339 ad
1794 2303 2102 2341 subveniendum
2132 2304 2243 2342 alicui
2272 2306 2446 2354 defectui,
2476 2319 2555 2345 non

1487 2363 1710 2392 numeratur
1729 2355 1826 2392 inter
1846 2369 1890 2393 ea
1914 2369 2013 2405 quae
2043 2365 2129 2395 sunt
2147 2370 2217 2407 per
2236 2372 2276 2395 se
2292 2365 2306 2387 Υ
2326 2362 2553 2410 appetenda,

1487 2408 1555 2445 sed
1583 2408 1679 2445 inter
1699 2421 1743 2445 ea
1762 2422 1861 2457 quae
1890 2418 1977 2447 sunt
1996 2411 2229 2449 necessaria:
2259 2412 2355 2450 sicut
2381 2421 2485 2462 patet
2506 2414 2553 2452 de

1487 2461 1697 2508 medicina,
1727 2475 1827 2510 quae
1855 2463 2048 2511 quaeritur
2076 2464 2124 2500 ad
2153 2465 2460 2503 subveniendum
2498 2466 2553 2504 in-

1486 2514 1666 2551 firmitati.
1707 2516 1967 2552 Iuramentum
1998 2524 2127 2553 autem
2161 2518 2354 2566 quaeritur
2381 2519 2430 2556 ad
2465 2520 2553 2556 sub-

1486 2566 1721 2604 veniendum
1742 2567 1853 2605 alicui
1869 2568 2043 2616 defectui,
2060 2582 2138 2617 quo
2159 2570 2298 2608 scilicet
2315 2584 2415 2608 unus
2432 2572 2552 2610 homo

1486 2620 1591 2656 alteri
1607 2620 1795 2658 discredit.
1818 2622 1866 2658 Et
1881 2621 1967 2658 ideo
1983 2622 2242 2660 iuramentum
2260 2631 2316 2661 est
2329 2625 2552 2664 habendum

1487 2684 1565 2709 non
1585 2671 1598 2694 δ
1627 2673 1723 2710 inter
1751 2686 1796 2711 ea
1818 2686 1918 2722 quae
1947 2683 2034 2712 sunt
2061 2688 2130 2724 per
2157 2689 2198 2713 se
2226 2678 2455 2726 appetenda,
2484 2679 2553 2716 sed

1487 2725 1583 2762 inter
1603 2738 1647 2763 ea
1673 2739 1772 2774 quae
1802 2735 1889 2764 sunt
1916 2728 2004 2765 huic
2022 2729 2123 2766 vitae
2153 2731 2383 2768 necessaria:
2413 2730 2553 2780 quibus

1488 2778 1653 2816 indebite
1671 2780 1786 2817 utitur
1800 2780 2032 2831 quicumque
2049 2782 2103 2819 eis
2121 2782 2237 2820 utitur
2254 2784 2351 2821 ultra
2369 2784 2553 2823 terminos

1489 2832 1731 2870 necessitatis.
1771 2834 1882 2871 Unde
1915 2835 2151 2882 Augustinus
2179 2836 2287 2885 dicit,
2315 2837 2353 2875 in
2381 2837 2479 2875 libro
2507 2839 2553 2876 de

1489 2886 1609 2922 Serm.
1631 2887 1745 2923 Dom.
1766 2887 1803 2923 in
1822 2888 1958 2924 Monte
1976 2888 2013 2924 *t
2048 2889 2122 2930 Qui
2143 2889 2316 2940 intelligit
2332 2903 2407 2928 non
2429 2891 2467 2928 in
2489 2893 2552 2929 ho-

1490 2940 1558 2984 nis,
1579 2938 1676 2976 idest
1693 2951 1763 2988 per
1782 2952 1822 2976 se
1843 2940 2078 2989 appetendis,
2106 2942 2174 2979 sed
2190 2943 2227 2980 in
2251 2945 2469 2981 necessariis
2497 2945 2551 2982 iu-

1490 2992 1675 3029 rationem
1694 2993 1918 3040 habendam,
1939 2995 2108 3043 refrenat
2124 2999 2137 3016 ‘
2164 3007 2204 3033 se
2222 3002 2404 3045 quantum
2419 3003 2550 3047 potest,

1491 3051 1530 3082 ut
1557 3056 1632 3082 non
1661 3058 1706 3082 ea
1735 3051 1861 3083 utatur
1889 3047 1962 3084 nisi
1987 3048 2184 3086 necessitas
2211 3055 2335 3100 cogat.

1542 3100 1600 3135 An
1629 3110 1767 3137 PR1MUM
1794 3111 1893 3137 ERGO
1923 3112 2109 3139 DICENDUM
2136 3102 2244 3150 quod
2271 3102 2343 3140 alia
2371 3103 2464 3140 ratio
2497 3111 2553 3142 est

1490 3151 1537 3188 de
1560 3159 1667 3199 vote,
1698 3160 1735 3189 et
1763 3153 1811 3189 de
1838 3153 2066 3192 iuramento.
2096 3155 2200 3192 Nam
2227 3167 2297 3204 per
2323 3163 2459 3194 votum
2488 3156 2552 3194 ali-

1490 3204 1583 3252 quid
1601 3204 1640 3241 in
1660 3205 1732 3242 Dei
1752 3207 2005 3244 reverentiam
2026 3208 2263 3246 ordinamus:
2289 3209 2392 3246 unde
2413 3221 2458 3246 ex
2477 3209 2552 3247 hoc

1488 3256 1573 3305 ipso
1602 3258 1645 3294 fit
1663 3257 1850 3306 religionis
1878 3267 1995 3297 actuS.
2027 3261 2103 3298 Sed
2131 3260 2170 3299 in
2188 3261 2402 3300 iuramento
2422 3274 2443 3299 e
2463 3274 2552 3300 con-

1488 3322 1602 3346 verso
1622 3311 1833 3348 reverentia
1853 3311 1970 3350 divini
1989 3314 2155 3352 nominis
2175 3315 2380 3352 assumitur
2397 3315 2447 3353 ad
2464 3327 2552 3364 pro-

1489 3362 1593 3400 missi
1622 3363 1966 3403 confirmationem.
2005 3367 2055 3404 Et
2081 3367 2169 3405 ideo
2197 3367 2289 3405 illud
2316 3367 2422 3417 quod
2455 3368 2551 3405 iura-

1540 3494 1567 3528 γ)
1587 3501 1619 3519 ea
1637 3501 1705 3528 quae
1729 3498 1793 3521 sunt
1810 3502 1863 3528 per
1880 3503 1916 3522 se.
1928 3510 1947 3516 —
1971 3504 2000 3523 se
2019 3496 2218 3530 ABCDEFLpK
2236 3501 2263 3522 et
2282 3504 2310 3529 x,
2323 3503 2377 3530 per
2393 3504 2422 3523 sc
2440 3497 2501 3529 lsK,
2519 3505 2552 3524 ea

1485 3531 1651 3598 per83en1o1n.
1663 3578 1684 3586 -
1701 3566 1764 3592 Om.
1781 3567 1875 3599 BpAc,
1894 3572 1953 3592 ante
1970 3571 2010 3593 est
2028 3572 2128 3601 ponunt
2146 3567 2203 3593 PsA
2222 3572 2248 3592 et
2264 3575 2292 3594 α.

1543 3600 1565 3633 ε)
1585 3602 1714 3634 νψεηαΐ.
1728 3615 1746 3621 -
1765 3603 1883 3635 refrenet
1901 3602 1965 3628 PsC.

2579 2902 2641 2925 mih.
2650 2902 2669 2930 1,
2677 2909 2728 2932 enp-
2732 2909 2789 2925 xvu.
