2860 4244
229 1063 316 1086 1ntrod.

461 289 533 326 336

1116 279 1379 329 QUAESTIO
1408 279 1564 325 xcvii,
1594 276 1887 314 ARTICULUS
1917 275 1930 311 1

869 502 1272 581 QUAESTIO
1310 495 2207 556 NONAGESIMASEPTIMA

1181 621 1267 660 DE
1310 617 1745 659 TENTATIONE
1788 617 1900 656 DEI

1237 736 1270 761 ΙΝ
1301 734 1473 765 QUATUOR
1501 732 1702 758 ARTICULOS
1731 732 1847 757 DIVISA

544 847 649 873 EINDE
666 833 979 871 considerandum
1000 839 1054 868 est
1075 831 1120 867 de
1140 829 1238 867 vitiis
1258 828 1426 876 religioni
1445 840 1511 876 op-
1539 837 1542 876 ι
1570 826 1679 863 Circa
1721 825 1905 874 primum,
1946 825 2267 862 considerandum
2305 826 2466 863 occurrit
2507 834 2543 863 et
2581 827 2629 864 de

465 848 672 937 Dpositis
696 899 763 935 per
793 885 977 933 religionis
1006 884 1211 929 defectum,
1238 894 1335 931 quae
1359 881 1514 918 manife-
1569 879 1773 916 tentatione
1811 890 1887 927 qua
1923 879 2028 937 Deus
2065 885 2246 923 tentatur3
2286 886 2322 915 et
2360 879 2407 938 de
2443 879 2628 928 periurio,

463 950 558 979 stam
579 939 878 977 contrarietatem
907 938 954 974 ad
984 936 1203 984 religionem
1229 936 1384 972 habent:
1411 934 1513 970 unde
1569 945 1644 981 quo
1665 930 1680 961 β
1708 943 1851 968 nomen
1878 932 1951 967 Det
1978 938 2228 968 irreverenter
2255 939 2459 969 assumitur
2476 932 2507 970 ²⁸³.

463 995 532 1031 sub
560 992 828 1040 irreligiositate
845 997 861 1012 ‘²
891 990 1128 1027 continentur
1141 989 1172 1025 ³¹⁶.
1194 986 1425 1025 Huiusmodi
1451 999 1514 1023 au-

321 1043 335 1064 q
380 1041 394 1056 Χ
420 1040 435 1061 ”
463 1055 539 1083 tem
568 1054 652 1083 sunt
673 1057 716 1082 ea
744 1056 840 1092 quae
865 1043 1050 1092 pertinent
1077 1042 1125 1079 ad
1154 1048 1415 1089 contemptum
1436 1039 1514 1076 sive

463 1098 742 1136 irreverentiam
758 1097 829 1134 Dei
849 1105 884 1133 et
903 1108 1028 1133 rerum
1045 1107 1248 1132 sacrarum.
1278 1093 1405 1130 Primo
1427 1104 1514 1139 ergo

465 1151 780 1189 considerandum
811 1157 866 1186 est
894 1149 940 1186 de
967 1148 1065 1185 vitiis
1085 1160 1182 1196 quae
1202 1146 1388 1195 pertinent
1421 1145 1516 1181 dire-

465 1212 520 1241 cte
550 1204 598 1241 ad
625 1203 905 1240 irreverentiam
931 1202 1022 1246 θεὶς
1052 1201 1231 1245 secundo,
1257 1201 1302 1236 de
1331 1198 1388 1234 his
1417 1210 1515 1244 quae

464 1257 649 1306 pertinent
685 1257 731 1293 ad
775 1253 1055 1292 irreverentiam
1098 1264 1225 1289 rerum
1263 1262 1454 1287 sacrarum
1483 1249 1513 1286 ³³⁶.
1542 1291 1545 1298 .

1571 985 1680 1022 Circa
1707 984 1871 1033 primum
1900 991 2132 1031 quaeruntur
2159 990 2347 1034 quatuor.-

1623 1038 1771 1075 Primo:
1802 1037 1839 1074 in
1868 1049 1945 1084 quo
1976 1036 2143 1073 consistit
2170 1035 2243 1073 Dei
2269 1036 2437 1074 tentatio.

1626 1090 1825 1127 Secundo:
1855 1097 1983 1127 utrum
2012 1089 2059 1126 sit
2085 1096 2299 1138 peccatum.

1624 1143 1776 1180 Tertio:
1807 1143 1866 1179 cui
1894 1142 2022 1179 virtuti
2050 1149 2277 1192 opponatur.

1625 1197 1791 1242 Quarto:
1830 1196 1877 1233 de
1913 1195 2201 1244 comparatione
2239 1195 2320 1232 eius
2349 1195 2398 1233 ad
2434 1195 2508 1232 alia
2544 1206 2647 1245 pec-⁷

1678 1256 1760 1285 cata
1779 1253 1806 1285 Υ.

1267 1356 1582 1399 ARTICULUS
1615 1355 1820 1397 PRIMUS

915 1460 1068 1491 UTRUM
1092 1458 1316 1489 TENTATIO
1340 1458 1411 1488 DEI
1436 1457 1677 1489 CONSISTAT
1702 1457 1745 1487 IN
1768 1456 1996 1494 ALIQUIBUS
2020 1455 2174 1488 FACTIS

826 1506 867 1535 IN
891 1503 1045 1541 QUIBUS
1069 1502 1216 1534 SOLIUS
1240 1501 1415 1533 DIVINAE
1438 1501 1705 1532 POTESTATIS
1727 1500 2020 1532 EXPECTATUR
2041 1500 2265 1532 EFFECTUS

905 1583 995 1615 Supra,
1015 1589 1059 1614 qu.
1078 1589 1131 1611 Lm,
1150 1586 1196 1606 art.
1216 1589 1241 1612 4,
1261 1581 1292 1606 ad
1311 1587 1334 1611 13
1353 1580 1373 1605 11
1391 1580 1429 1605 ad
1450 1581 1519 1609 Cor„
1540 1587 1594 1612 cap.
1613 1587 1647 1611 xx,
1666 1580 1724 1604 lect.
1743 1586 1781 1610 νη
1799 1579 1843 1604 Ad
1861 1579 1937 1608 Heb„
1958 1586 2013 1611 cap.
2030 1586 2068 1610 m,
2086 1579 2144 1604 lect.
2163 1586 2191 1604 n.

493 1686 554 1728 μὴν
581 1698 632 1721 „fg
671 1684 693 1708 D
720 1683 855 1708 ramum
882 1682 935 1708 stc
962 1681 1202 1707 PROCEDITUR.
1231 1669 1390 1706 Videtur
1409 1669 1515 1716 quod

488 1713 650 1784 'fg‘vssfffj
672 1724 823 1761 tentatio
852 1723 924 1761 Dei
953 1735 1030 1760 non
1061 1723 1239 1760 consistat
1267 1722 1304 1759 in
1330 1722 1516 1770 aliquibus

480 1776 517 1826 ’,γ’
540 1767 776 1814 vfactis
803 1777 842 1813 in
869 1776 1005 1825 quibus
1034 1775 1148 1812 solius
1176 1775 1326 1813 divinae
1354 1782 1516 1823 potesta-

525 1818 559 1839 iq>

520 1844 531 1857 x
553 1822 616 1863 ⁹³39)
631 1821 717 1867 &tis
738 1837 951 1878 expectatur
965 1827 977 1851 δ
998 1828 1164 1866 effectus.
1195 1828 1299 1865 Sicut
1318 1828 1419 1864 enim
1438 1836 1518 1864 ten-

465 1892 562 1921 tatur
580 1884 684 1920 Deus
708 1883 755 1919 ab
774 1883 941 1929 homine,
961 1882 1011 1918 ita
1031 1882 1142 1919 etiam
1161 1882 1280 1918 homo
1300 1889 1463 1918 tentatur
1483 1888 1518 1916 et

466 1950 487 1974 a
514 1938 611 1982 Deo,
641 1943 676 1972 et
704 1936 751 1972 ab
779 1935 946 1982 homine,
975 1942 1011 1971 et
1039 1947 1060 1971 a
1091 1935 1291 1972 daemone.
1333 1934 1409 1971 Sed
1437 1945 1516 1970 non

1545 1983 1547 2037 i
1573 1987 1638 2023 hat
1657 1990 1896 2034 potestatem
1923 1985 2020 2022 idem
2048 1990 2185 2031 tamen,
2202 1986 2396 2036 fugiendo
2417 1992 2454 2024 et
2469 1987 2632 2035 latendo,

466 1989 783 2038 quandocumque
795 1993 806 2009 ²
825 1989 944 2025 homo
963 1995 1136 2034 tentatur,
1154 1994 1370 2035 expectatur
1384 1986 1518 2036 aliquis

466 2042 620 2079 effectus
647 2041 840 2089 potestatis
868 2041 996 2090 ipsius.
1026 2041 1127 2089 Ergo
1156 2052 1280 2089 neque
1309 2039 1422 2076 etiam
1451 2051 1519 2088 per

464 2096 536 2131 hoc
566 2095 670 2131 Deus
701 2101 863 2130 tentatur
890 2092 1025 2141 quod*
1055 2101 1269 2143 expectatur
1297 2093 1399 2130 solus
1428 2092 1518 2130 effe-

465 2155 543 2184 ctus
570 2147 762 2196 potestatis
790 2147 916 2195 ipsius.

519 2212 552 2236 2.
583 2201 822 2246 PRAETEREA,
862 2212 996 2236 omnes
1028 2199 1077 2236 illi
1105 2199 1170 2248 qui
1205 2211 1273 2247 per
1310 2197 1517 2236 invocatio-

464 2264 553 2289 nem
583 2252 699 2290 divini
734 2252 899 2289 nominis
928 2252 1109 2289 miracula
1145 2259 1368 2300 operantur,
1408 2263 1518 2300 expe-

466 2312 564 2341 ctant
591 2305 755 2353 aliquem
785 2305 961 2342 effectum
990 2305 1105 2342 solius
1133 2304 1325 2353 potestatis
1353 2304 1516 2341 divinae.

467 2357 506 2394 Si
540 2357 648 2405 igitur
675 2357 713 2394 in
741 2357 845 2394 factis
881 2357 1100 2395 huiusmodi
1137 2357 1355 2394 consisteret
1390 2357 1518 2394 divina

466 2410 629 2457 tentatio,
651 2410 878 2458 quicumque
897 2411 1076 2447 miracula
1096 2411 1235 2447 faciunt
1255 2415 1272 2437 η
1293 2411 1419 2447 Deum
1439 2419 1518 2447 ten-

467 2470 597 2499 tarent.

522 2516 556 2552 3.
586 2516 825 2561 PRAETEREA,
859 2515 907 2552 ad
935 2515 1205 2563 perfectionem
1242 2515 1405 2551 hominis
1437 2527 1520 2563 per-

467 2567 582 2604 tinere
609 2567 758 2604 videtur
784 2575 844 2613 ut,
882 2567 1151 2616 praetermissis
1188 2568 1364 2604 humanis
1399 2568 1518 2604 subsi-

469 2619 536 2656 diis
555 2618 580 2666 θ,
601 2620 638 2656 in
661 2621 741 2656 solo
761 2621 845 2656 Deo
866 2633 973 2668 spem
993 2628 1121 2668 ponat.
1150 2620 1260 2657 Unde
1280 2620 1517 2667 Ambrosius,

233 2680 440 2728 :nte'ff-ffi-xgom-
467 2684 581 2720 super
607 2673 695 2710 illud
725 2674 815 2709 Luc.
838 2685 871 2709 1x
890 2673 920 2718 ³¹⁶,
941 2673 1049 2710 Nihil
1075 2673 1227 2709 tuleritis
1256 2674 1292 2709 in
1317 2673 1378 2709 via
1399 2681 1467 2710 etc.
1489 2679 1517 2710 ²:

471 2725 598 2767 Qualis
626 2726 754 2762 debeat
781 2737 858 2762 esse
889 2726 954 2773 qui
979 2726 1211 2775 evangelizat
1246 2737 1406 2775 regnum
1433 2726 1517 2772 Dei,

460 2778 668 2826 praeceptis
687 2778 910 2828 evangelicis
929 2779 1164 2828 designatur:
1191 2779 1262 2815 hoc
1289 2784 1351 2824 est,
1373 2784 1414 2814 ut
1433 2780 1517 2815 suh-

465 2831 550 2867 sidii
569 2831 771 2867 saecularis
789 2831 1016 2868 adminicula
1036 2843 1110 2868 non
1131 2831 1298 2879 requirat
1314 2837 1341 2878 ²,
1356 2831 1520 2880 fideique

467 2889 560 2920 totus
596 2884 791 2920 inhaerens
821 2890 936 2931 putet,
966 2895 1038 2932 quo
1073 2884 1195 2921 minus
1231 2884 1299 2921 ista
1336 2884 1517 2932 requiret,

467 2936 589 2985 magis
619 2948 728 2984 posse
763 2942 963 2984 suppetere.
1003 2937 1051 2973 Et
1088 2937 1198 2974 beata
1225 2937 1371 2985 Agatha
1408 2937 1517 2974 dixit:

467 2989 697 3025 Medicinam
739 2989 929 3026 carnalem
965 2987 979 3011 λ
1016 2990 1167 3038 corpori
1201 3002 1283 3026 meo
1326 3001 1519 3038 nunquam

469 3041 619 3077 exhibui
628 3056 639 3078 .·
671 3042 736 3078 sed
765 3042 882 3078 habeo
910 3042 1115 3079 Dominum
1152 3044 1277 3079 Iesum
1311 3043 1518 3089 Christum,

419 3096 442 3137 ⁸2·
469 3093 533 3140 qui
557 3093 635 3129 solo
662 3105 833 3130 sermone
860 3100 1045 3131 restaurat
1072 3095 1244 3132 universa
1271 3095 1302 3132 *.
1343 3096 1419 3133 Sed
1447 3089 1534 3132 Dei'

431 3154 440 3158 ·
469 3145 622 3181 tentatio
642 3157 720 3182 non
746 3146 910 3182 consistit
929 3147 967 3183 in
987 3159 1032 3183 eo
1052 3148 1156 3196 quod
1175 3148 1224 3184 ad
1249 3148 1519 3196 perfectionem

469 3197 637 3246 pertinet.
667 3198 768 3245 Ergo
797 3198 949 3235 tentatio
977 3204 994 3226 μ
1022 3211 1099 3236 non
1128 3200 1292 3237 consistit
1318 3200 1356 3237 in
1393 3201 1520 3238 huius·
1546 3199 1547 3204 ’

522 3327 549 3362 α)
570 3328 775 3361 irreligiositate.
787 3342 806 3348 -
824 3328 997 3361 religiositate
1015 3329 1114 3354 AFGL.

522 3362 546 3395 β)
566 3370 624 3395 quo.
637 3377 656 3382 -
674 3363 700 3388 in
718 3371 770 3395 quo
788 3364 835 3389 Pa.

521 3399 546 3431 γ)
562 3401 710 3430 peccata.-
727 3399 793 3424 vitia
812 3399 858 3423 Pa.

521 3431 545 3464 ὃ)
564 3436 729 3464 expectatur.
740 3447 759 3453 -
777 3436 932 3466 expectetur
950 3434 1181 3459 ABCDEFGHLa.

522 3468 543 3498 ε)
562 3468 815 3501 quandocumque.-
832 3469 938 3501 quando
957 3470 986 3499 L.
1005 3470 1230 3501 qualitercumque
1249 3470 1277 3494 P.

521 3502 546 3534 ζ)
568 3502 638 3527 Deus
651 3506 770 3528 tentatur
781 3504 858 3535 quod.
867 3517 886 3522 -
900 3505 970 3535 quod
984 3505 1056 3529 Deus
1069 3508 1189 3530 tentatur
1203 3504 1343 3535 PADGHI,
1362 3506 1433 3538 quod
1446 3506 1518 3531 Deus

471 3540 589 3562 tentatur
607 3538 677 3569 quod
695 3543 718 3562 et
737 3539 856 3571 expungit
873 3540 943 3571 quod
961 3540 1044 3571 primo
1062 3540 1119 3564 loco
1138 3540 1168 3564 C.

523 3572 549 3603 η)
562 3572 677 3605 faciunt.
688 3586 707 3591 -
718 3573 841 3606 facerent
859 3574 904 3598 Pa.

1573 1667 1678 1705 modi
1706 1667 1812 1704 factis
1839 1667 1877 1704 in
1906 1668 2044 1716 quibus
2073 1675 2290 1716 expectatur
2317 1669 2444 1706 solum
2471 1669 2546 1707 Dei
2567 1681 2635 1707 au·

1572 1721 1715 1757 xilium.

1627 1774 1700 1810 SED
1729 1784 1875 1810 CONTRA
1900 1784 1966 1811 Es‘r
1993 1774 2100 1821 quod
2127 1773 2360 1821 Augustinus
2387 1774 2494 1822 dicit,
2525 1774 2632 1812 XXII

1572 1832 1703 1863 contra
1729 1827 1911 1863 Faustum
1931 1826 1962 1872 ²⁸,
1983 1826 2088 1875 quod
2121 1827 2300 1873 Christus,
2320 1827 2387 1875 qui
2406 1828 2539 1876 palam
2567 1828 2634 1866 do·
2661 1831 2673 1844 ⁸

1573 1880 1689 1916 cendo
1717 1884 1754 1915 et
1778 1879 1975 1929 arguendo
2003 1885 2040 1916 et
2064 1884 2188 1916 tamen
2217 1880 2457 1918 inimicorum
2490 1881 2635 1919 rabiem

1572 1932 1700 1970 valere
1727 1933 1764 1968 in
1791 1944 1831 1969 se
1849 1932 1992 1981 aliquid
2018 1943 2092 1969 non
2120 1932 2287 1979 sinendo,
2310 1933 2386 1970 Dei
2401 1934 2634 1972 demonstra-

1573 2039 1733 2075 hominis
1760 2038 1964 2076 instruebat
1981 2038 2248 2086 infirmitatem,
2277 2050 2325 2076 ne
2342 2040 2468 2077 Deum
2489 2045 2635 2078 tentare

1573 2092 1712 2128 audeat
1728 2092 1878 2140 quando
1905 2092 2016 2129 habet
2033 2092 2135 2140 quod
2139 2092 2269 2140 faciat
2294 2098 2335 2129 ut
2350 2098 2363 2114 ‘¹
2381 2093 2484 2141 quod
2499 2104 2636 2131 cavere

1574 2150 1718 2193 oportet
1742 2146 1886 2183 evadat.
1917 2145 1974 2182 Ex
2003 2156 2081 2192 quo
2109 2144 2257 2182 videtur
2283 2144 2323 2182 in
2349 2145 2426 2183 hoc
2461 2146 2635 2184 tentatio·

1575 2209 1665 2234 nem
1684 2195 1696 2222 ξ
1715 2197 1787 2234 Dei
1808 2197 2025 2245 consistere,
2046 2197 2200 2247 quando
2229 2198 2491 2247 praetermittit
2513 2199 2635 2238 homo

1574 2250 1696 2287 facere
1725 2251 1830 2299 quod
1858 2258 1983 2299 potest
2009 2251 2059 2288 ad
2085 2250 2252 2299 pericula
2277 2252 2489 2300 evadenda,
2517 2252 2635 2302 respi-

1575 2303 1677 2340 ciens
1705 2304 1830 2340 solum
1859 2304 1908 2341 ad
1937 2303 2118 2341 auxilium
2147 2304 2332 2342 divinum.

1627 2357 1852 2394 REspoum-:o
1881 2367 2065 2394 D1CENDUM
2092 2358 2196 2405 quod
2224 2364 2367 2394 tentare
2395 2357 2549 2407 proprie
2577 2365 2635 2396 est

1574 2409 1876 2458 experimentum
1913 2422 2066 2447 sumere
2095 2410 2142 2447 de
2178 2423 2225 2447 eo
2254 2410 2319 2459 qui
2351 2418 2525 2448 tentatur.
2565 2411 2635 2448 Su-

1575 2462 1716 2499 mimus
1744 2470 1872 2499 autem
1893 2462 2194 2512 experimentum
2215 2462 2262 2500 de
2286 2462 2412 2511 aliquo
2439 2471 2476 2500 et
2493 2463 2634 2512 verbis,

1576 2522 1611 2551 et
1639 2515 1755 2552 factis.
1784 2515 1918 2552 Verbis
1946 2516 2115 2564 quidem,
2144 2523 2185 2552 ut
2204 2515 2444 2564 experiamur
2467 2528 2516 2553 an
2543 2516 2636 2554 sciat

1575 2568 1681 2614 quod
1715 2568 1953 2616 quaerimus,
1982 2569 2044 2605 vel
2073 2569 2193 2617 possit
2229 2576 2292 2605 aut
2319 2569 2410 2606 velit
2445 2569 2536 2607 illud
2563 2569 2635 2607 im-

1574 2621 1689 2668 plere.
1720 2620 1843 2657 Factis
1871 2629 2021 2667 autern,
2051 2633 2139 2658 cum
2166 2634 2236 2670 per
2264 2634 2308 2658 ea
2337 2634 2437 2670 quae
2475 2622 2635 2660 facimus

1575 2673 1816 2721 exploramus
1841 2674 1990 2710 alterius
2018 2674 2270 2722 prudentiam,
2290 2676 2353 2719 vel
2381 2675 2632 2724 voluntatem,

1573 2726 1635 2762 vel
1663 2733 1900 2774 potestatem.
1929 2747 1954 2755 -
1982 2727 2195 2776 Utrumque
2225 2735 2352 2764 autern
2379 2729 2520 2766 horum
2544 2740 2635 2766 con-

1574 2778 1678 2826 tingit
1698 2779 1904 2827 dupliciter.
1937 2779 2021 2817 Uno
2047 2780 2203 2827 quidem
2233 2781 2364 2828 modo,
2385 2789 2535 2830 aperte:
2564 2781 2634 2820 sie-

1546 2852 1548 2860 =
1573 2838 1615 2868 ut
1643 2844 1730 2868 cum
1750 2832 1835 2880 quis
1855 2839 2080 2870 tentatorem
2101 2845 2141 2870 se
2160 2833 2378 2883 profitetur3
2409 2834 2505 2872 sicut
2523 2834 2633 2873 Sam-

1574 2896 1656 2932 son,
1676 2884 1793 2922 Iudic.
1813 2897 1875 2922 xtv
1893 2885 1923 2932 ’⁸'
1943 2886 2144 2935 proposuit
2170 2886 2408 2924 philisthaeis
2430 2887 2633 2937 problema
2661 2893 2672 2905 ⁸

1574 2937 1622 2974 ad
1652 2949 1718 2974 eos
1745 2938 1980 2976 tentandum.
2009 2938 2095 2976 Alio
2113 2951 2208 2977 vero
2228 2939 2360 2987 modo,
2388 2939 2568 2978 insidiose
2597 2948 2635 2979 et

1574 2991 1738 3027 occulte:
1768 2991 1864 3028 sicut
1890 2991 2083 3029 Pharisaei
2107 2999 2348 3031 tentaverunt
2367 2993 2573 3042 Christum,
2592 3001 2635 3032 ut

1573 3043 1706 3091 legitur
1734 3044 1866 3081 Matth.
1895 3056 1967 3082 xx11
1995 3045 2026 3082 *.
2056 3065 2080 3072 -
2109 3046 2267 3093 Rursus,
2296 3045 2529 3096 quandoque
2552 3046 2635 3096 qui·
2660 3052 2671 3064 ·

1574 3096 1663 3133 dem
1693 3108 1887 3145 expresse:
1917 3105 2008 3146 puta
2028 3110 2115 3135 curn
2135 3098 2220 3147 quis
2248 3098 2348 3136 dicto
2367 3099 2431 3137 vel
2459 3099 2559 3137 facto
2578 3099 2633 3138 in-

1573 3149 1691 3186 tendit
1724 3150 2023 3198 experimentum
2061 3163 2214 3188 sumere
2250 3151 2297 3189 de
2325 3151 2476 3202 aliquo:
2501 3152 2633 3201 Quan-

1574 3202 1701 3250 doque
1727 3214 1822 3239 vero
1851 3203 2148 3252 interpretative:
2179 3205 2334 3252 quando
2371 3204 2530 3255 scilicet,
2564 3204 2634 3245 etsi

1627 3329 1652 3362 0)
1671 3332 1804 3357 subsidiis.
1815 3346 1834 3351 --
1852 3333 1965 3358 auxiliis
1985 3334 2031 3359 Pa.

1630 3368 1647 3399 ι)
1666 3370 1714 3392 etc.
1726 3381 1746 3385 -
1764 3367 1829 3392 dicit
1847 3368 1916 3393 addit
1935 3369 1963 3393 P.

1626 3402 1651 3434 κ)
1671 3402 1798 3434 requirat.
1810 3416 1828 3422 -·
1847 3403 1986 3435 requirant
2003 3405 2177 3438 BDEFlpAK,
2197 3406 2312 3439 requirit
2330 3407 2371 3432 ed.
2388 3413 2416 3432 a.

1625 3435 1653 3469 λ)
1672 3438 1816 3462 carnalem.
1829 3452 1849 3457 —-
1866 3440 2031 3470 corporalem
2051 3440 2121 3466 PKa.

1626 3472 1654 3539 p.))
1668 3473 2020 3533 tqntati0.1-pDeittq;1tatio
2039 3475 2092 3500 PG.

1625 3516 1637 3532 ν
1669 3515 1684 3531 u
1699 3525 1705 3532 .
1718 3521 1737 3526 -
1755 3515 1786 3532 ve
1833 3516 1859 3538 a,
1877 3516 1891 3533 e
1948 3527 1955 3534 .

1626 3541 1649 3573 ξ)
1669 3543 1880 3568 tentationem-
1899 3545 2010 3570 tentatio
2029 3545 2084 3576 ΑΚ,
2104 3546 2250 3571 tentatione
2268 3545 2320 3570 BF.
