2860 4244
41 729 50 738 ’
71 727 105 749 Cf.
128 733 193 749 num.
212 733 250 754 iv,

41 753 139 782 princip.

42 1035 52 1045 ⁸
65 1033 135 1056 Num.
152 1040 180 1060 v,
195 1032 250 1055 Cum

40 1060 76 1082 Ιιίε
90 1062 175 1082 tamen.

0 1632 1 1635 ,
43 1613 54 1623 ·
67 1611 153 1640 opusc.
167 1609 251 1637 tom.1‚

39 1641 106 1687 “a
120 1636 205 1686 en»
214 1636 252 1690 ξε

39 1690 174 1745 ww.
192 1705 250 1745 1532.

908 290 1175 336 QUAESTIO
1205 291 1452 338 LXXXVIII,
1482 290 1777 327 ARTICULUS
1807 291 1820 326 1

280 379 345 399 non
370 375 444 399 sunt
467 368 638 400 deliberati.
663 369 704 399 Et
726 369 770 399 sic
789 375 836 399 est
858 376 983 398 verum:
1009 374 1044 398 ut
1067 374 1152 407 patet
1174 368 1206 398 in
1230 368 1340 408 primis
1365 376 1366 412 ζ

279 412 430 444 motibus.
453 413 519 444 Nec
535 420 582 444 est
600 423 711 444 verum
736 413 824 453 quod
839 412 940 443 multa
955 421 1085 451 agamus
1110 419 1140 442 et
1161 412 1340 443 iuramento

279 456 442 487 firmemus
465 457 532 488 sine
556 457 795 493 deliberatione,
823 456 880 487 nisi
906 456 1036 496 quando
1060 466 1126 486 non
1150 457 1341 487 advertimus
1365 453 1367 480 ἲ

278 501 311 530 id
334 501 423 541 quod
447 500 580 532 facimus
603 508 658 531 aut
681 501 831 531 dicimus:
856 501 970 531 eodem
986 500 1071 530 enim
1091 501 1190 530 modo
1215 510 1341 531 excusa-

279 551 364 575 retur
387 555 405 576 a
427 552 503 576 voto
526 545 552 576 si
575 545 646 585 quis
669 555 736 575 non
756 545 927 575 adverteret
950 554 982 574 se
1001 548 1124 575 v‘overe.
1149 544 1280 574 Falsum
1296 551 1343 575 est

278 588 373 628 igitur
389 590 478 630 quod
493 599 584 630 agere
599 599 636 619 ex
651 590 808 630 passione,
822 588 968 619 facilitate
980 595 1011 618 et
1025 588 1221 624 huiusmodi,
1235 588 1343 620 distin-

279 640 393 672 guatur
416 640 525 665 eontra
547 643 638 673 agere
662 643 698 663 ex
721 632 945 663 deliberatione
968 633 1128 663 absolute:
1157 633 1210 662 sed
1234 633 1342 663 distin—

279 677 386 717 guitur
409 684 518 708 contra
540 687 631 717 agere
657 686 695 707 ex
718 677 836 716 digesta
860 676 1093 707 deliberatione.
1124 677 1216 708 Unde
1239 675 1265 706 si
1288 677 1343 707 Ri-

279 721 413 752 chardus
437 731 493 762 per
508 726 581 752 vota
595 731 637 752 ex
650 721 852 761 subreptione
866 720 884 739 *
906 720 1052 760 intelligit
1070 727 1144 751 vota
1166 721 1342 751 secundum

279 765 400 805 primos
422 772 540 801 motus,
564 765 644 795 bene
668 764 754 796 dicit:
779 764 804 794 si
828 771 934 795 autem
957 771 1031 795 vota
1055 775 1121 795 non
1149 771 1255 795 exacta
1279 764 1342 796 col-

278 810 395 840 latione
419 808 509 845 facta‚
533 811 622 840 e'rrat.

333 853 385 884 Ad
408 852 684 884 confirmationem
707 859 814 883 autem
841 852 907 882 iam
937 859 1023 893 patet
1049 852 1230 893 responsio,
1255 852 1343 893 quod

278 907 344 928 non
367 897 440 928 ideo
470 897 652 928 deliberatio
685 897 887 936 distinguitur
911 905 1020 928 contra
1042 896 1246 937 propositum
1268 896 1344 936 quia

279 941 456 982 requiratur
470 948 576 972 exacta
600 941 795 972 deliberatio:
820 941 875 971 sed
897 941 969 972 ideo
993 941 1068 982 quia
1083 947 1129 971 est
1147 947 1247 971 mater
1270 949 1344 980 pro-

279 985 391 1027 positi;
425 992 456 1016 et
479 985 574 1016 etiam
602 992 637 1016 ut
665 985 864 1016 conditiones
887 985 953 1015 voti
981 985 1070 1026 quod
1093 984 1226 1015 omnino
1250 984 1343 1023 plene

277 1030 371 1060 habet
394 1030 549 1061 rationem
569 1030 645 1066 voti,
662 1029 869 1060 innotescant.
894 1029 1024 1060 Dictum
1047 1035 1093 1059 est
1107 1028 1124 1047 *
1154 1028 1239 1058 enim
1255 1028 1343 1068 quod

278 1074 338 1104 tale
362 1081 476 1105 votum
500 1074 703 1105 collationem
720 1080 860 1104 exactam
883 1073 986 1113 exigit,
1011 1082 1092 1113 quae
1116 1082 1171 1111 per
1195 1071 1343 1102 delibera-

278 1119 400 1150 tionem
423 1118 602 1149 distinctam
626 1125 734 1148 contra
758 1117 960 1158 propositum
982 1116 1168 1146 insinuatur.

333 1163 400 1193 VII.
427 1163 462 1193 In
485 1163 598 1193 eodem
621 1162 753 1192 articulo
777 1161 881 1201 primo
906 1160 1099 1201 quaestionis
1121 1159 1346 1199 octogesimae-

279 1213 422 1243 octavae‚
446 1207 526 1237 circa
549 1206 720 1237 secundam
745 1205 962 1236 conditionem
985 1204 1068 1240 voti,
1093 1203 1210 1234 scilicet
1226 1213 1344 1244 propo-

277 1253 385 1289 situm,
409 1251 544 1282 dubium
567 1249 718 1280 occurrit:
742 1249 818 1291 quia
833 1250 926 1280 multi
950 1255 1063 1290 putant
1085 1249 1174 1289 quod
1197 1248 1344 1289 proposi-

278 1303 348 1326 tum
378 1294 422 1325 sic
448 1294 488 1325 sit
518 1294 659 1325 conditio
685 1294 751 1324 voti
782 1294 871 1334 quod
901 1293 996 1324 etiam
1025 1291 1140 1324 sufficit
1169 1293 1208 1322 ad
1230 1299 1344 1323 votum

277 1339 407 1380 quando
432 1338 636 1378 coniungitur
659 1337 746 1368 alteri
770 1338 868 1374 actui,
894 1345 972 1378 puta
998 1337 1191 1377 susceptioni
1219 1337 1344 1367 habitus

277 1385 310 1414 in
334 1382 495 1423 religione.
520 1383 693 1413 Et-rdicunt
714 1382 776 1413 hoc
800 1382 907 1412 haberi
926 1392 963 1413 ex
979 1392 1046 1421 cap.
1064 1381 1220 1418 Consulti,
1241 1381 1344 1417 Extra,

256 1428 466 1469 —drRegtcL‘
483 1422 504 1450 Ᾰ-
529 1426 631 1458 Cuius
654 1427 841 1467 oppositum
865 1426 916 1457 hic
939 1427 1102 1457 docemur.

333 1472 384 1503 Ad
407 1472 468 1502 hoc
492 1471 606 1502 dicitur
627 1471 717 1512 quod
740 1470 944 1511 propositum
960 1480 1034 1501 cum
1051 1478 1257 1510 quocumque
1271 1469 1344 1505 alio,

278 1515 338 1547 nisi
361 1515 547 1546 interveniat
570 1515 740 1556 promissio
763 1515 916 1555 implicita
939 1515 989 1545 vel
1013 1513 1156 1554 explicita
1181 1520 1235 1543 aut
1258 1523 1344 1553 prae-

277 1567 416 1601 sumpta,
440 1569 608 1601 nunquam
630 1559 746 1590 sufficit
768 1559 808 1589 ad
830 1566 953 1589 votum.
977 1559 1117 1588 Textum
1138 1565 1246 1588 autem
1260 1557 1345 1587 illius

277 1605 407 1646 capituli
422 1604 554 1634 memini
569 1614 621 1634 me
644 1603 716 1634 alibi
731 1603 748 1622 *
772 1603 953 1642 exposuisse
969 1613 1006 1632 ex
1020 1609 1107 1633 textu
1123 1601 1252 1640 capituli
1275 1601 1346 1631 Sta-

278 1651 418 1682 tuimus:
440 1649 530 1689 quod
553 1648 669 1679 scilicet
691 1647 874 1687 intelligitur
895 1647 934 1678 de
950 1646 1117 1687 proposito
1137 1645 1272 1676 habente
1287 1645 1346 1675 im-

238 1700 250 1706 ·
278 1694 384 1735 plicite
406 1692 664 1734 promissionem.
696 1691 860 1736 Quoniam
882 1691 1066 1731 intelligitur
1093 1691 1131 1720 de
1155 1689 1209 1720 tali
1232 1690 1346 1720 volun-

277 1745 340 1771 tate
363 1737 509 1768 mutandi
531 1736 629 1767 vitam
653 1735 755 1777 qualis
779 1742 825 1766 est
847 1736 996 1766 voluntas
1020 1733 1246 1776 perseverantis
1273 1740 1348 1774 post

279 1782 477 1822 completum
508 1780 704 1822 probationis
732 1788 872 1810 annum:
906 1779 981 1821 quia
1012 1779 1237 1820 deKvoluntate
1260 1778 1346 1809 illius

279 1826 336 1868 qui
359 1825 519 1856 renuntiat
541 1834 625 1855 anno
649 1824 846 1865 probationis
869 1823 1062 1864 intelligitur,
1086 1833 1121 1853 ac
1144 1832 1201 1863 per
1218 1823 1280 1853 hoc
1304 1823 1348 1853 fa-

279 1870 399 1904 cientis.
423 1876 581 1911 quantum
604 1879 641 1900 ex
655 1879 689 1899 se
706 1875 762 1904 est,
787 1878 872 1899 nunc
895 1869 984 1909 quod
1007 1868 1147 1898 facturus
1163 1873 1210 1897 est
1232 1868 1346 1907 proba-

278 1915 375 1947 tionis
398 1921 543 1954 tempore
559 1913 731 1954 completo.
756 1913 828 1943 Hoc
844 1919 952 1943 autem
975 1919 1021 1943 est
1044 1912 1237 1952 promittere.
1263 1911 1347 1949 Quia

278 1959 432 2001 implicite
453 1959 549 1999 igitur
572 1957 729 2000 promittit
757 1957 940 1988 renuntians
970 1967 1054 1987 anno
1078 1955 1290 1996 probationis;
1318 1962 1348 1986 et

279 2010 382 2036 textus
409 2003 553 2044 loquitur
583 2003 622 2033 de
645 2001 812 2043 proposito
839 2000 984 2032 mutandi
1008 2001 1106 2031 vitam
1133 2000 1344 2031 renuntiando

280 2047 477 2090 probationis
501 2057 597 2084 anno,
622 2053 658 2077 ut
680 2046 842 2085 iungendo
859 2052 1032 2086 utrumque
1047 2045 1223 2085 capitulum
1247 2051 1345 2085 patet:

281 2101 479 2133 consequens
492 2098 538 2122 est
552 2091 642 2132 quod
658 2090 861 2131 propositum
877 2100 943 2120 non
960 2090 1053 2120 faciat
1064 2096 1188 2126 votum,
1202 2089 1350 2130 quamvis

280 2137 320 2168 sit
341 2137 427 2167 illius
450 2135 602 2166 conditio.

336 2181 418 2212 VIII.
443 2180 479 2210 In
494 2180 608 2210 eodem
624 2179 767 2216 articulo,
785 2178 865 2209 circa
879 2178 1003 2209 tertiam
1020 2178 1248 2214 conditionem,
1265 2187 1347 2218 quae

281 2231 329 2256 est
345 2225 518 2266 promissio
539 2225 572 2254 in
588 2223 701 2254 ordine
723 2224 766 2254 ad
788 2223 872 2253 alias
894 2223 988 2260 duas,
1013 2222 1130 2253 scilicet
1153 2221 1348 2252 deliberatio-

281 2279 357 2300 nem
380 2275 411 2300 et
432 2268 646 2309 propositum,
672 2268 807 2298 dubium
822 2266 974 2298 occurrit:
999 2267 1075 2307 quia
1091 2266 1159 2296 sola
1177 2265 1348 2306 promissio

282 2313 397 2344 sufficit
419 2313 459 2343 ad
481 2319 613 2348 votum,
638 2317 668 2342 et
691 2312 769 2342 aliae
797 2311 878 2341 duae
910 2310 1109 2341 conditiones
1138 2310 1348 2350 superfluunt.

282 2357 380 2396 Quod
404 2357 449 2388 sic
465 2358 626 2397 probatur.
651 2355 735 2392 Quia
751 2355 940 2396 promittens
955 2362 1032 2385 voto
1049 2354 1184 2385 solemni
1200 2354 1350 2385 obedien-

281 2403 368 2438 tiam,
386 2408 455 2438 etc„
476 2402 543 2432 sine
565 2401 733 2440 proposito
757 2399 945 2430 observandi
964 2406 1029 2429 tam
1053 2399 1227 2429 essentialia
1251 2409 1349 2439 quam

282 2445 523 2479 caeremonialia
554 2445 724 2484 religionis,
741 2444 907 2474 intendens
930 2450 1037 2474 tamen
1059 2453 1131 2474 vere
1155 2442 1294 2483 profiteri
1321 2449 1351 2473 et

282 2490 361 2522 effici
383 2490 557 2530 religiosus,
573 2496 677 2519 vovet.
701 2489 742 2519 Et
764 2495 871 2519 tamen
893 2487 960 2518 sine
979 2488 1202 2518 deliberatione
1228 2494 1258 2518 et
1280 2496 1351 2527 pro-

282 2535 389 2577 posito
413 2534 555 2565 faciendi.
580 2534 655 2563 Non
679 2533 846 2572 exiguntur
869 2542 944 2572 ergo
968 2533 1007 2562 ad
1031 2539 1144 2562 votum
1167 2538 1216 2562 tot
1239 2531 1348 2561 condi-

281 2580 404 2615 tiones,
429 2578 483 2608 sed
511 2577 626 2608 sufficit
649 2577 716 2607 sola
743 2576 913 2617 promissio
941 2576 1021 2607 Deo.
1046 2594 1067 2599 —
1089 2577 1156 2606 Nec
1186 2582 1275 2615 putet
1302 2575 1350 2605 in-

282 2630 428 2664 expertus
451 2622 565 2663 aliquis
581 2631 689 2652 casum
713 2621 833 2652 dictum
856 2620 1099 2660 impossibilem.
1123 2620 1288 2657 Quoniam
1311 2620 1351 2650 de

282 2668 366 2698 facto
395 2667 476 2697 forte
506 2676 599 2706 saepe
622 2665 734 2696 accidit
764 2666 797 2695 in
827 2665 893 2695 istis
922 2665 978 2705 qui
1001 2665 1074 2695 ideo
1104 2663 1292 2704 profitentur
1315 2671 1351 2695 ut

283 2713 418 2743 habeant
440 2711 580 2741 redditus
604 2720 728 2740 annuos
752 2710 837 2740 unde
860 2709 1022 2740 luxuriose
1045 2709 1161 2743 vivant,
1177 2715 1234 2739 etc.

338 2756 391 2786 lx.
416 2755 467 2785 Ad
490 2755 586 2785 huius
610 2754 818 2790 evidentiam,
842 2753 922 2784 scito
945 2754 1051 2794 quod,
1076 2763 1151 2783 cum
1174 2759 1288 2783 votum
1311 2753 1351 2783 sit

283 2799 454 2841 promissio
478 2798 611 2830 alicuius
635 2797 827 2838 operationis
849 2797 899 2828 vel
923 2797 1105 2828 omissionis
1130 2795 1248 2839 (omnis
1264 2796 1350 2827 enim

283 2853 402 2874 vovens
433 2842 589 2882 promittit
617 2849 671 2872 aut
693 2842 773 2872 velle
801 2848 856 2872 aut
878 2841 981 2872 dicere
1009 2848 1064 2872 aut
1087 2841 1176 2877 dare,
1195 2848 1270 2877 etc.,
1296 2848 1350 2872 aut

284 2898 351 2918 non
373 2886 464 2923 velle,
489 2896 554 2916 non
578 2885 688 2921 facere,
712 2895 778 2916 non
795 2885 906 2921 dicere,
919 2883 1003 2927 etc.),
1029 2885 1196 2925 dupliciter
1214 2891 1351 2924 possunt

285 2940 471 2963 concurrere
483 2930 583 2961 dictae
595 2929 794 2960 conditiones
809 2930 848 2959 ad
861 2936 984 2960 votum.
999 2929 1118 2965 Primo,
1132 2929 1221 2969 quod
1236 2939 1348 2959 omnes

284 2977 347 3007 sint
370 2975 451 3006 circa
471 2973 635 3005 materiam
649 2973 732 3004 voti:
757 2974 819 3004 hoc
841 2980 887 3004 est
909 2974 998 3013 quod
1020 2973 1072 3004 isti
1094 2979 1156 3003 tres
1177 2979 1276 3008 actus,
1293 2973 1349 3003 sci-

283 3021 356 3052 licet
379 3019 558 3055 deliberare,
583 3027 762 3058 proponere
785 3024 815 3048 et
838 3017 1035 3057 promittere,
1060 3017 1141 3047 circa
1162 3016 1242 3047 illud
1264 3017 1350 3047 idem

285 3065 448 3096 obiectum
470 3069 634 3093 versentur
661 3062 750 3103 quod
777 3068 824 3092 est
853 3061 983 3092 materia
1007 3061 1088 3097 voti;
1120 3061 1207 3091 verbi
1233 3061 1348 3100 gratia,

284 3109 374 3150 quod
397 3107 511 3148 aliquis
535 3106 683 3145 deliberet
697 3106 847 3142 ieiunare,
871 3111 1032 3146 proponat
1046 3105 1196 3142 ieiunare,
1217 3105 1349 3145 promit-

285 3159 330 3184 tat
352 3151 503 3183 ieiunare.
537 3150 611 3181 Alio
635 3150 751 3187 modo,
776 3150 864 3191 quod
892 3149 986 3190 primi
1010 3150 1075 3180 duo
1099 3155 1187 3180 actus
1214 3149 1350 3180 habeant

286 3201 344 3238 pro
369 3196 494 3227 obiecto
517 3194 646 3226 tertium
673 3201 781 3225 actum
810 3201 840 3225 et
867 3204 934 3224 non
961 3194 1125 3225 materiam
1153 3194 1239 3230 voti,
1262 3193 1350 3224 verbi

285 3241 393 3282 gratia,
418 3240 506 3281 quod
529 3239 643 3279 aliquis
666 3239 816 3270 deliberat
838 3238 1022 3279 promittere
1041 3238 1207 3275 ieiunium,
1231 3248 1350 3279 propo-

285 3286 332 3316 nit
355 3284 539 3325 promittere
553 3283 724 3314 ieiunium:
750 3290 780 3314 et
795 3283 904 3314 tertius
920 3289 1007 3313 actus
1022 3283 1135 3314 habeat
1149 3292 1207 3324 pro
1224 3282 1349 3314 obiecto

285 3329 389 3371 ipsam
403 3328 470 3359 voti
486 3327 660 3364 materiam,
677 3327 793 3358 scilicet
816 3327 905 3368 quod
923 3326 1080 3368 promittit
1094 3326 1259 3358 ieiunium.
1286 3328 1349 3358 Isto

286 3373 372 3404 enim
396 3373 495 3403 modo
518 3382 585 3402 non
608 3371 758 3403 deliberat
780 3371 852 3412 quis
874 3371 1025 3410 ieiunare,
1049 3381 1107 3402 nec
1130 3371 1283 3412 proponit
1305 3371 1349 3402 ie-

285 3418 405 3454 iunare,
430 3417 485 3447 sed
508 3416 657 3447 deliberat
680 3421 711 3446 et
733 3415 885 3456 proponit
907 3415 1091 3455 promittere
1111 3415 1282 3446 ieiunium}
1307 3415 1350 3446 ita

287 3462 376 3503 quod
399 3462 487 3492 solus
506 3461 615 3492 tertius
631 3466 728 3496 actm,
745 3459 863 3490 scilicet
881 3459 1061 3500 promissio,
1078 3459 1160 3490 cadit
1174 3469 1269 3500 supra
1285 3469 1350 3490 ma-

287 3506 399 3536 teriam
420 3505 497 3542 voti,
521 3511 599 3546 puta
622 3503 787 3534 ieiunium.
813 3504 848 3533 In
871 3503 976 3544 primo
1000 3510 1107 3534 autem
1123 3504 1222 3534 modo
1239 3513 1351 3534 omnes

287 3557 350 3581 tres
372 3556 460 3581 actus
484 3549 600 3580 cadunt
622 3558 718 3589 supra
741 3547 906 3578 materiam
928 3547 1004 3584 voti,
1029 3555 1106 3588 puta
1128 3547 1295 3579 ieiunium.

344 3593 430 3625 Scito
454 3594 605 3630 secundo,
629 3593 718 3634 quod
742 3591 911 3632 promissio
933 3591 1048 3628 votiva,
1073 3591 1154 3623 sicut
1177 3591 1255 3622 aliae
1278 3601 1350 3632 pro-

290 3637 471 3674 missiones,
496 3637 609 3678 triplici
633 3637 740 3667 animo
763 3635 829 3667 fieri
853 3642 966 3676 potest.
996 3635 1119 3672 Primo,
1145 3646 1219 3666 cum
1242 3636 1350 3666 animo

2382 291 2456 337 237

1393 369 1599 410 promittendi
1627 375 1658 399 et
1680 368 1824 398 servandi
1852 367 2057 407 promissum.
2090 367 2131 397 Et
2154 367 2223 397 talis
2247 366 2293 398 est
2317 367 2458 408 undique

1392 423 1464 444 vera
1487 413 1668 453 promissiO.
1691 430 1712 435 -
1737 412 1900 448 Secundo,
1926 421 2000 442 cum
2024 410 2132 441 animo
2156 410 2379 450 promittendi,
2404 412 2459 441 sed

1393 468 1458 488 non
1490 467 1564 488 cum
1587 457 1694 487 animo
1719 456 1862 486 servandi
1891 455 2096 496 promissum.
2127 455 2168 486 Et
2195 455 2264 485 talis
2287 455 2458 495 promissio

1393 509 1440 532 est
1462 501 1577 542 partim
1593 511 1664 531 vera
1687 507 1718 531 et
1740 500 1855 540 partim
1878 500 2022 530 mendax.
2046 500 2129 530 Vera
2142 499 2283 540 quidem,
2301 506 2459 539 quantum

1394 546 1433 576 ad
1455 545 1564 585 ipsum
1587 553 1694 576 actum
1717 544 1939 585 promittendi:
1971 544 2047 584 quia
2069 543 2204 574 intendit
2226 553 2259 573 se
2282 553 2354 573 vere
2378 543 2458 573 obli-

1394 599 1467 630 gare
1490 598 1545 628 per
1569 588 1824 628 promissionem.
1849 588 1985 619 Mendax
2006 595 2123 624 autem,
2148 594 2304 628 quantum
2328 588 2368 617 ad
2392 597 2459 617 rem

1394 633 1600 674 promissam:
1625 633 1700 672 quia
1724 633 1940 672 promittendo
1956 632 2075 672 obligat
2090 642 2123 662 se
2141 632 2181 662 ad
2204 631 2459 662 observationem

1394 676 1553 718 promissi,
1578 683 1608 706 et
1631 686 1705 706 cum
1727 677 1790 707 hoc
1812 677 1906 707 habet
1928 676 2138 708 intentionem
2162 675 2300 711 fallendi,
2325 675 2400 716 quia
2414 676 2460 706 in-

1395 720 1494 752 tendit
1517 730 1582 750 non
1605 730 1726 750 servare
1749 721 1954 760 promissum.
1980 720 2082 751 Cuius
2106 720 2233 760 signum
2253 727 2299 750 est
2322 720 2411 760 quod
2434 719 2458 749 si

1395 764 1489 795 alicui
1512 764 1637 794 homini
1656 764 1769 804 aliquis
1791 765 1988 804 promitteret
2011 765 2139 794 reddere
2163 764 2341 804 depositam
2364 774 2459 804 pecu-

1396 809 1482 839 niam
1498 817 1573 838 cum
1589 808 1764 838 intentione
1780 819 1846 838 non
1862 809 2048 839 observandi
2064 808 2269 849 promissum,
2290 814 2460 849 quantum·

1396 861 1534 892 cumque
1557 852 1699 883 intendat
1722 862 1754 882 se
1777 862 1849 882 vere
1873 852 2012 892 obligare
2035 852 2267 893 promittendo,
2291 853 2461 892 deceptum

1396 897 1488 926 illum
1511 896 1567 936 qui
1586 896 1671 926 dedit
1690 896 1871 936 depositum
1887 897 2032 932 dicimus,
2049 904 2079 927 et
2095 898 2296 936 deceptorem
2312 897 2350 926 ab
2367 897 2460 927 initio

1395 950 1548 971 vocamus
1568 940 1806 980 depositarium.
1822 958 1843 963 -
1859 941 1969 970 Tertio
1986 947 2092 971 autem
2109 941 2209 971 modo
2233 940 2268 971 fit
2290 940 2459 980 promissio

1396 985 1464 1015 sine
1487 984 1595 1014 animo
1619 984 1805 1014 observandi
1831 985 2035 1024 promissum,
2061 992 2090 1015 et
2113 985 2180 1015 sine
2195 985 2303 1015 animo
2327 985 2460 1024 promit—

1397 1028 1493 1059 tendi.
1525 1029 1565 1059 Et
1595 1028 1671 1058 haec
1698 1027 1733 1058 fit
1759 1038 1833 1058 cum
1856 1029 1926 1058 solo
1950 1028 2058 1058 animo
2090 1029 2268 1068 proferendi
2291 1028 2344 1058 illa
2367 1030 2461 1059 verba
2481 1035 2483 1037 “

1397 1071 1611 1113 promissoria,
1637 1079 1766 1112 propter
1789 1078 1912 1102 metum
1934 1073 1984 1102 vel
2008 1083 2246 1113 quamcumque
2269 1073 2363 1102 aliam
2388 1083 2460 1103 cau—

1397 1127 1474 1147 sam.
1506 1117 1547 1146 Et
1573 1117 1643 1146 talis
1672 1115 1842 1156 promissio
1873 1123 1919 1146 est
1942 1116 2083 1157 undique
2107 1118 2242 1146 mendax
2271 1117 2378 1157 quoad
2405 1117 2461 1147 ho-

1397 1171 1509 1192 mines.
1662 1184 1665 1191 ,

1453 1206 1492 1236 Χ.
1517 1204 1743 1235 Examinemus
1771 1203 1866 1243 igitur
1893 1203 2033 1243 singula,
2058 1211 2094 1234 ut
2123 1204 2305 1244 propositae
2335 1203 2463 1234 satisfiat

1397 1249 1586 1291 quaestioni.
1613 1249 1647 1278 In
1662 1248 1767 1288 primo
1784 1248 1883 1278 modo
1900 1247 2115 1288 promittendi,
2133 1248 2250 1278 scilicet
2265 1248 2372 1278 animo
2393 1258 2463 1288 pro—

1397 1293 1543 1324 mittendi
1564 1299 1594 1323 et
1617 1292 1759 1322 servandi
1782 1292 1987 1332 promissum,
2004 1292 2097 1331 plena
2113 1293 2179 1323 voti
2194 1292 2273 1322 ratio
2290 1292 2461 1322 invenitur:

1398 1345 1430 1369 et
1452 1347 1564 1368 omnes
1587 1344 1649 1367 tres
1667 1343 1765 1373 actus,
1790 1336 1907 1366 scilicet
1930 1336 2109 1372 deliberare,
2134 1346 2312 1376 proponere
2337 1343 2366 1367 et
2389 1346 2462 1376 pro—

1397 1382 1530 1418 mittere,
1556 1391 1650 1421 super
1673 1380 1838 1410 materiam
1861 1381 1928 1410 voti
1952 1381 2077 1417 cadunt,
2102 1387 2138 1410 ut
2160 1387 2256 1420 patet.

1454 1427 1488 1456 In
1513 1426 1653 1456 secundo
1676 1435 1751 1455 vero
1775 1425 1885 1461 modo,
1910 1424 2026 1455 scilicet
2049 1424 2156 1455 animo
2180 1424 2385 1464 promittendi
2409 1424 2463 1454 sed

1398 1481 1464 1501 non
1488 1470 1595 1501 animo
1620 1469 1763 1499 servandi
1787 1469 1990 1509 promissum,
2016 1469 2172 1499 diminuta
2188 1479 2243 1499 seu
2260 1475 2463 1498 monstruosa

1397 1514 1477 1545 ratio
1505 1514 1572 1544 voti
1600 1513 1766 1543 invenitur.
1799 1513 1855 1543 Est
1883 1519 1989 1543 tamen
2015 1513 2057 1543 ibi
2082 1523 2152 1543 vere
2184 1512 2263 1543 ratio
2292 1512 2463 1543 essentialis

1397 1559 1465 1589 voti
1488 1566 1519 1589 et
1532 1558 1618 1588 illius
1633 1557 1807 1593 vinculum,
1826 1567 1899 1587 cum
1918 1564 2047 1597 peccato
2069 1557 2195 1588 mortali
2216 1564 2292 1588 tunc
2311 1563 2342 1587 et
2364 1566 2463 1598 quan·

1399 1603 1453 1633 diu
1477 1603 1509 1632 in
1533 1602 1587 1633 tali
1610 1601 1774 1631 voluntate
1797 1611 1863 1631 non
1887 1602 2029 1631 servandi
2053 1601 2248 1641 promissum
2277 1608 2462 1641 perseverat.

1398 1647 1487 1677 Patet
1509 1646 1595 1677 enim
1618 1645 1662 1676 ibi
1685 1645 1795 1675 salvari
1818 1645 1885 1675 voti
1909 1646 2076 1676 essentiam
2099 1656 2135 1676 ex
2159 1655 2197 1676 eo
2221 1646 2310 1686 quod
2333 1655 2404 1676 vere
2418 1645 2464 1675 in-

1399 1690 1499 1722 tendit
1536 1689 1676 1731 profiteri
1712 1699 1768 1719 seu
1798 1689 1991 1729 promittere.
2030 1690 2096 1720 Nec
2129 1690 2235 1719 minus
2269 1696 2392 1720 tenetur
2420 1688 2464 1719 sk

1398 1734 1550 1776 profitens
1580 1741 1635 1764 aut
1661 1743 1781 1763 vovens
1811 1733 1851 1763 ad
1879 1734 2112 1764 observandum
2142 1733 2336 1777 promissum
2366 1743 2465 1774 quam

1399 1779 1451 1810 ille
1474 1779 1529 1819 qui
1553 1778 1640 1808 vovit
1663 1777 1771 1807 animo
1795 1787 1861 1807 non
1878 1778 1985 1808 solum
2007 1777 2224 1818 promittendi,
2241 1778 2295 1807 sed
2311 1777 2463 1807 servandi.

1400 1824 1435 1854 In
1459 1823 1521 1854 hoc
1543 1819 1651 1853 autem
1674 1822 1773 1852 modo
1797 1822 1898 1862 liquet
1920 1822 2009 1863 quod
2032 1822 2129 1852 trium
2145 1828 2275 1852 actuum
2298 1822 2465 1862 requisito-

1399 1877 1472 1898 rum
1495 1867 1535 1898 ad
1557 1874 1688 1903 votum,
1713 1866 1822 1897 tertius
1845 1873 1986 1903 tantum,
2012 1866 2128 1897 scilicet
2155 1866 2344 1906 promissio,
2368 1866 2466 1896 fertur

1399 1921 1494 1952 super
1517 1911 1678 1942 materiam
1703 1910 1785 1941 voti:
1817 1911 1974 1950 promittit
2002 1910 2088 1941 enim
2117 1910 2292 1941 castitatem
2314 1909 2365 1940 vel
2386 1910 2465 1940 ieiu-

1399 1957 1490 1987 nium
1512 1956 1562 1986 vel
1581 1955 1702 1996 aliquid
1720 1955 1917 1985 huiusmodi.
1942 1955 2017 1985 Duo
2033 1965 2108 1985 vero
2125 1955 2344 1985 antecedentes
2366 1961 2463 1990 actus,

1399 2001 1516 2032 scilicet
1543 2000 1712 2031 deliberare
1740 2006 1770 2030 et
1799 2009 1994 2039 proponere,
2020 1999 2136 2030 cadunt
2159 2009 2225 2029 non
2249 2009 2343 2039 supra
2367 2006 2465 2028 mate-

1399 2045 1477 2075 riam
1501 2044 1583 2080 voti,
1608 2043 1684 2085 quia
1707 2054 1772 2073 non
1796 2043 1931 2074 intendit
1953 2043 1996 2074 sic
2020 2043 2208 2083 promittens
2231 2053 2351 2073 servare
2376 2043 2465 2073 casti-

1398 2096 1506 2126 tatem,
1530 2089 1585 2119 sed
1608 2098 1703 2128 supra
1726 2087 1834 2128 ipsum
1856 2088 1985 2118 tertium
2000 2094 2115 2123 actum,
2141 2087 2258 2117 scilicet
2281 2087 2465 2127 promissio—

1400 2142 1490 2164 nem:
1515 2133 1670 2173 quoniam
1693 2142 1730 2162 ex
1753 2132 1923 2162 deliberato
1947 2132 2113 2172 proposito
2137 2131 2302 2172 promittit.

1456 2178 1491 2208 In
1514 2177 1606 2208 tertio
1627 2183 1734 2208 autem
1755 2177 1855 2206 modo
1870 2176 1946 2212 voti,
1971 2176 2088 2207 scilicet
2111 2186 2185 2206 curn
2208 2175 2279 2216 quis
2302 2174 2467 2215 profitetur

1400 2228 1455 2252 aut
1477 2228 1572 2252 vovet
1595 2221 1663 2251 sola
1685 2230 1763 2251 voce
1786 2221 1853 2251 sine
1869 2221 1976 2250 animo
2000 2220 2215 2260 promittendi,
2230 2219 2310 2250 ratio
2327 2226 2381 2249 aut
2399 2219 2466 2248 vin-

1402 2266 1512 2297 culum
1534 2266 1601 2296 voti
1625 2275 1690 2296 non
1714 2265 1872 2295 invenitur
1895 2265 2072 2295 secundum
2094 2264 2274 2295 veritatem:
2299 2263 2385 2293 unde
2400 2273 2467 2293 non

1402 2317 1447 2341 est
1465 2310 1509 2340 ibi
1527 2317 1651 2345 votum,
1668 2309 1722 2340 sed
1741 2309 1806 2340 voti
1825 2308 1920 2340 fictio.
1942 2309 2026 2346 Quia
2044 2315 2152 2339 tamen
2170 2308 2263 2339 homo
2283 2307 2366 2338 videt
2385 2316 2467 2347 quae

1393 2355 1484 2395 foris
1505 2359 1581 2385 sunt
1595 2354 1622 2391 *,
1643 2361 1673 2384 et
1700 2354 1877 2383 secundum
1897 2363 1933 2384 ea
1948 2363 2029 2393 quae
2052 2352 2128 2383 foris
2151 2359 2288 2392 aguntur
2310 2351 2468 2382 Ecclesiae

1402 2399 1556 2430 iudicium
1580 2406 1626 2429 est
1650 2405 1680 2428 et
1702 2408 1769 2428 esse
1793 2398 1894 2434 debet,
1919 2407 2026 2428 coram
2045 2397 2184 2428 Ecclesia
2207 2403 2253 2426 est
2276 2395 2319 2425 ibi
2341 2401 2465 2425 votum.

1403 2444 1490 2474 Sicut
1513 2453 1587 2474 cum
1611 2442 1724 2482 aliquis
1744 2442 1874 2482 suscipit
1897 2441 2042 2472 ordinem
2065 2441 2230 2471 sacerdotii
2253 2441 2291 2470 ab
2315 2439 2466 2479 episcopo

1403 2488 1579 2518 secundum
1595 2486 1753 2517 Ecclesiae
1769 2486 1875 2522 ritum,
1893 2485 2038 2526 quamvis
2055 2485 2228 2525 suscipiens
2245 2494 2311 2514 non
2327 2484 2469 2513 intendat

1403 2532 1561 2572 suscipere
1589 2532 1644 2561 sed
1671 2530 1820 2561 simulare
1849 2540 1881 2560 se
1909 2530 2084 2570 suscipere,
2109 2529 2195 2569 apud
2218 2528 2392 2558 Ecclesiam
2423 2534 2468 2557 est

1403 2576 1562 2612 sacerdos,
1587 2582 1618 2606 et
1640 2575 1805 2605 habendus
1829 2581 1875 2604 est
1898 2581 1928 2604 et
1951 2574 2131 2605 tractandus
2155 2579 2190 2604 ut
2213 2573 2373 2608 sacerdos,
2397 2572 2469 2602 licet

1402 2620 1435 2650 in
1458 2620 1586 2650 veritate
1614 2629 1679 2649 non
1703 2619 1743 2649 sit
1766 2619 1919 2649 sacerdos.
1954 2619 2047 2649 Unde
2078 2617 2217 2648 Ecclesia
2245 2617 2329 2656 cogit
2356 2626 2468 2646 omnes

1403 2664 1589 2695 huiusmodi
1612 2664 1655 2694 ad
1678 2663 1875 2694 reddendum
1892 2667 1964 2736 νοῒ
1979 2672 2051 2699 sua,
2074 2672 2156 2702 quae
2178 2662 2398 2692 distinxerunt
2421 2661 2468 2690 la-

1403 2709 1454 2740 bia
1469 2719 1528 2739 sua
1542 2709 1568 2738 *.
1594 2708 1635 2738 Et
1649 2708 1722 2738 licet
1738 2708 1782 2737 sic
1800 2717 1920 2737 vovens
1959 2717 2001 2737 on
2018 2713 2161 2737 teneatur
2178 2706 2217 2735 ad
2234 2705 2468 2735 observandum

1403 2753 1599 2793 promissum
1621 2752 1743 2782 ratione
1765 2751 1847 2787 voti,
1872 2757 1996 2782 tenetur
2025 2758 2131 2781 tamen
2162 2749 2283 2780 ratione
2310 2748 2467 2779 Ecclesiae

1404 2804 1433 2828 et
1452 2797 1599 2828 scandali.
1624 2796 1782 2826 Ecclesiae
1804 2795 1943 2836 quidem,
1960 2795 2035 2835 quia
2058 2795 2084 2824 si
2096 2794 2203 2835 fraus
2222 2799 2252 2823 et
2274 2793 2367 2823 dolus
2386 2793 2469 2823 nulli

1402 2842 1514 2872 debent
1528 2839 1760 2881 patrocinari*
1774 2839 1807 2869 in
1823 2839 2053 2879 praeiudicium
2069 2838 2163 2868 unius
2182 2847 2345 2878 personae,
2362 2837 2466 2867 multo

1403 2886 1510 2915 minus
1531 2885 1565 2914 in
1588 2883 1819 2924 praeiudicium
1842 2883 2010 2913 Ecclesiae.
2043 2882 2176 2913 Constat
2199 2888 2305 2911 autem
2328 2881 2417 2921 quod
2440 2881 2465 2910 si

1402 2929 1473 2970 quis
1497 2928 1654 2969 promittit
1668 2928 1760 2958 alicui
1785 2937 1892 2958 coram
1909 2927 2038 2958 testibus
2054 2926 2130 2956 utile
2147 2925 2276 2965 aliquid,
2297 2925 2387 2966 quod
2402 2925 2466 2955 sive

1402 2973 1547 3004 habuerit
1575 2972 1719 3002 animum
1750 2971 1955 3012 promittendi
1979 2971 2044 3001 sive
2066 2981 2151 3007 non,
2176 2970 2300 3010 cogitur
2323 2980 2341 2999 a
2363 2969 2466 2999 iudice

1401 3018 1544 3047 humano
1568 3017 1743 3046 observare.
1777 3015 1809 3046 Si
1833 3015 1904 3056 quis
1926 3015 2022 3055 igitur
2047 3014 2213 3055 profitetur
2236 3013 2385 3044 ministris
2408 3013 2466 3043 Ec-

1403 3061 1513 3092 clesiae
1537 3067 1591 3091 aut
1613 3066 1707 3090 vovet
1730 3069 1838 3090 coram
1860 3059 1944 3096 aliis,
1970 3059 2034 3089 sive
2064 3058 2208 3089 habuerit
2231 3058 2375 3102 animum
2402 3057 2466 3087 sive

1402 3116 1487 3142 non,
1512 3105 1674 3144 cogendus
1703 3110 1749 3134 est
1777 3103 1908 3144 implere
1936 3103 2025 3144 quod
2055 3103 2140 3134 dixit.
2173 3102 2328 3143 Alioquin
2358 3101 2467 3132 nullus

1402 3156 1510 3190 posset
1525 3148 1596 3189 cogi
1621 3149 1660 3178 ad
1679 3148 1830 3178 servanda
1852 3147 2024 3188 promissa:
2049 3147 2124 3188 quia
2143 3157 2268 3187 semper
2283 3147 2467 3186 ignoramus

1402 3194 1547 3225 animum
1565 3192 1787 3233 promittentis,
1811 3192 1852 3222 Et
1867 3192 1893 3222 si
1908 3192 1968 3232 ipsi
1984 3201 2050 3222 non
2067 3191 2259 3222 credendum
2275 3197 2321 3221 est
2336 3190 2466 3231 quando

1402 3238 1558 3279 promisit,
1582 3237 1750 3278 quomodo
1774 3236 1876 3267 eidem
1900 3236 2093 3267 credendum
2113 3235 2169 3266 erit
2192 3235 2325 3266 dicendo
2349 3244 2382 3264 se
2401 3244 2466 3263 non

1401 3293 1473 3313 vere
1496 3279 1699 3323 promisisse?
1731 3281 1837 3318 Quare
1860 3280 1960 3320 magis
1983 3287 2059 3311 tunc
2083 3279 2218 3310 mendax
2240 3289 2338 3320 quam
2361 3275 2467 3308 nunc?

1402 3327 1443 3358 Et
1466 3336 1504 3357 ex
1525 3325 1574 3356 his
1597 3332 1682 3366 patet
1709 3325 1798 3366 quod
1821 3335 1887 3355 non
1910 3331 1957 3355 est
1980 3324 2172 3355 credendum
2195 3323 2233 3353 ab
2257 3322 2397 3353 Ecclesia
2419 3321 2466 3352 iu-

1402 3371 1482 3401 ranti
1502 3380 1534 3400 se
1549 3380 1615 3400 non
1631 3380 1698 3400 esse
1721 3369 1902 3410 professum
1920 3369 2028 3398 animo
2051 3367 2231 3407 profitendi,
2248 3367 2308 3397 nisi
2323 3366 2468 3396 ostendat

1402 3414 1588 3446 sufficientia
1610 3414 1725 3444 indicia
1747 3413 1932 3448 violentiae,
1957 3419 2012 3443 aut
2035 3411 2236 3442 huiusmodi:
2267 3411 2349 3441 sicut
2371 3410 2467 3441 etiam

1404 3469 1469 3490 non
1482 3465 1528 3489 est
1544 3458 1736 3489 credendum
1750 3457 1838 3488 alteri
1850 3457 2024 3496 coniugum
2039 3455 2155 3486 iuranti
2170 3455 2260 3496 quod
2275 3464 2342 3485 non
2358 3453 2466 3484 animo

1405 3502 1544 3543 coniugii
1567 3502 1753 3542 coniugium
1776 3501 1879 3532 subiit.
1909 3501 1950 3531 Et
1974 3501 1999 3530 si
2022 3506 2130 3530 contra
2153 3499 2215 3530 hoc
2238 3499 2359 3529 dicatur
2377 3498 2467 3539 quod

1404 3548 1441 3578 ab
1466 3546 1624 3587 aliquibus
1648 3545 1805 3577 Ecclesiae
1828 3544 1977 3575 ministris
2001 3545 2091 3575 datur
2114 3543 2191 3574 fides
2214 3543 2399 3574 huiusmodi
2418 3542 2466 3572 iu-

1403 3597 1546 3622 ramento
1569 3591 1790 3631 religiosorum
1821 3589 1858 3619 de
1885 3599 1944 3619 suo
1969 3588 2076 3619 animo
2104 3588 2137 3618 in
2160 3587 2357 3628 profitendo,
2382 3593 2467 3627 patet

1375 3620 1378 3669 l
1403 3634 1583 3676 responsio:
1609 3635 1735 3669 scilicet,
1751 3643 1817 3664 non
1833 3633 1922 3674 quod
1945 3632 1989 3669 fit,
2007 3633 2061 3663 sed
2084 3632 2172 3673 quod
2196 3631 2262 3662 fieri
2286 3632 2378 3662 debet
2396 3640 2466 3671 spe-

2497 2356 2505 2365 ·
2513 2355 2596 2383 lReg.,
2603 2361 2653 2382 cap.
2660 2361 2705 2381 xw,

2494 2387 2555 2403 vers.
2568 2388 2589 2409 7.

2497 2705 2606 2731 ⁸Ps.r.xv,
2613 2711 2671 2725 vers.
2679 2711 2707 2733 ¹3·

2496 2738 2528 2758 ¹4·

2496 2836 2504 2843 '
2515 2834 2572 2862 Cap.
2587 2834 2648 2855 Tuas
2663 2834 2704 2855 du-

2495 2861 2555 2887 dum,
2569 2860 2599 2882 de
2615 2861 2703 2882 Usuris.
