<?xml version="1.0" encoding="UTF-8"?>
<!DOCTYPE html PUBLIC "-//W3C//DTD XHTML 1.0 Transitional//EN"
    "http://www.w3.org/TR/xhtml1/DTD/xhtml1-transitional.dtd">
<html xmlns="http://www.w3.org/1999/xhtml" xml:lang="en" lang="en">
 <head>
  <title>
</title>
<meta http-equiv="Content-Type" content="text/html;charset=utf-8" />
  <meta name='ocr-system' content='tesseract 3.04.00' />
  <meta name='ocr-capabilities' content='ocr_page ocr_carea ocr_par ocr_line ocrx_word'/>
</head>
<body>
  <div class='ocr_page' id='page_1' title='image "./operaomniaiussui09thom_0039.png"; bbox 0 0 2814 4250; ppageno 0'>
   <div class='ocr_carea' id='block_1_1' title="bbox 0 0 130 3537">
    <p class='ocr_par' dir='ltr' id='par_1_1' title="bbox 0 0 130 3537">
     <span class='ocr_line' id='line_1_1' title="bbox 0 0 45 489; baseline 0 0"><span class='ocrx_word' id='word_1_1' title='bbox 0 0 45 489; x_wconf 95' lang='lat' dir='ltr'>   </span> 
     </span>
     <span class='ocr_line' id='line_1_2' title="bbox 0 489 38 1372; baseline 0 -160"><span class='ocrx_word' id='word_1_2' title='bbox 0 489 38 1372; x_wconf 95' lang='lat' dir='ltr'>      </span> 
     </span>
     <span class='ocr_line' id='line_1_3' title="bbox 0 1372 130 3537; baseline 0 -1827"><span class='ocrx_word' id='word_1_3' title='bbox 0 1372 130 3537; x_wconf 95' lang='lat' dir='ltr'>        </span> 
     </span>
    </p>
   </div>
   <div class='ocr_carea' id='block_1_2' title="bbox 2 398 256 461">
    <p class='ocr_par' dir='ltr' id='par_1_2' title="bbox 2 398 256 461">
     <span class='ocr_line' id='line_1_4' title="bbox 2 398 256 433; baseline 0 -7"><span class='ocrx_word' id='word_1_4' title='bbox 2 398 11 406; x_wconf 65' lang='lat'><em>⁹</em></span> <span class='ocrx_word' id='word_1_5' title='bbox 46 409 56 418; x_wconf 71' lang='lat'>⁸</span> <span class='ocrx_word' id='word_1_6' title='bbox 70 406 126 433; x_wconf 76' lang='lat' dir='ltr'>Cap.</span> <span class='ocrx_word' id='word_1_7' title='bbox 142 411 171 430; x_wconf 77' lang='lat' dir='ltr'>vi.</span> <span class='ocrx_word' id='word_1_8' title='bbox 191 411 214 426; x_wconf 91' lang='lat' dir='ltr'>n.</span> <span class='ocrx_word' id='word_1_9' title='bbox 235 405 256 429; x_wconf 82' lang='lat'>8.</span> 
     </span>
     <span class='ocr_line' id='line_1_5' title="bbox 46 431 256 461; baseline -0.014 -7"><span class='ocrx_word' id='word_1_10' title='bbox 46 439 68 461; x_wconf 89' lang='lat'>9.</span> <span class='ocrx_word' id='word_1_11' title='bbox 79 444 90 449; x_wconf 92' lang='lat'><em>-</em></span> <span class='ocrx_word' id='word_1_12' title='bbox 105 433 130 454; x_wconf 72' lang='lat' dir='ltr'>S.</span> <span class='ocrx_word' id='word_1_13' title='bbox 139 431 184 453; x_wconf 83' lang='lat' dir='ltr'>Th.</span> <span class='ocrx_word' id='word_1_14' title='bbox 203 431 256 452; x_wconf 83' lang='lat' dir='ltr'>lect.</span> 
     </span>
    </p>
   </div>
   <div class='ocr_carea' id='block_1_3' title="bbox 42 452 1344 1245">
    <p class='ocr_par' dir='ltr' id='par_1_3' title="bbox 45 452 1341 556">
     <span class='ocr_line' id='line_1_6' title="bbox 45 452 1341 504; baseline -0.002 -12"><span class='ocrx_word' id='word_1_15' title='bbox 45 465 77 481; x_wconf 86' lang='lat'>¹¹·</span> <span class='ocrx_word' id='word_1_16' title='bbox 285 454 495 504; x_wconf 86' lang='lat' dir='ltr'>specialiter</span> <span class='ocrx_word' id='word_1_17' title='bbox 522 466 544 490; x_wconf 86' lang='lat' dir='ltr'>a</span> <span class='ocrx_word' id='word_1_18' title='bbox 563 454 661 491; x_wconf 90' lang='lat' dir='ltr'>iusto</span> <span class='ocrx_word' id='word_1_19' title='bbox 680 453 833 502; x_wconf 93' lang='lat' dir='ltr'>politico</span> <span class='ocrx_word' id='word_1_20' title='bbox 854 452 1044 499; x_wconf 88' lang='lat' dir='ltr'>distinguit</span> <span class='ocrx_word' id='word_1_21' title='bbox 1065 452 1341 489; x_wconf 86' lang='lat' dir='ltr'>dominativum</span> 
     </span>
     <span class='ocr_line' id='line_1_7' title="bbox 285 505 976 556; baseline -0.004 -12"><span class='ocrx_word' id='word_1_22' title='bbox 285 515 322 544; x_wconf 94' lang='lat' dir='ltr'>et</span> <span class='ocrx_word' id='word_1_23' title='bbox 348 515 561 556; x_wconf 87' lang='lat' dir='ltr'>paternum,</span> <span class='ocrx_word' id='word_1_24' title='bbox 584 514 620 544; x_wconf 90' lang='lat' dir='ltr'>et</span> <span class='ocrx_word' id='word_1_25' title='bbox 648 507 720 544; x_wconf 90' lang='lat' dir='ltr'>alia</span> <span class='ocrx_word' id='word_1_26' title='bbox 746 505 976 543; x_wconf 87' lang='lat' dir='ltr'>huiusmodi.</span> 
     </span>
    </p>

    <p class='ocr_par' dir='ltr' id='par_1_4' title="bbox 283 557 1344 923">
     <span class='ocr_line' id='line_1_8' title="bbox 338 557 1342 607; baseline -0.003 -11"><span class='ocrx_word' id='word_1_27' title='bbox 338 561 564 597; x_wconf 84' lang='lat' dir='ltr'>RESPONDEO</span> <span class='ocrx_word' id='word_1_28' title='bbox 583 571 768 596; x_wconf 73' lang='lat' dir='ltr'>mcENDuM</span> <span class='ocrx_word' id='word_1_29' title='bbox 796 558 900 607; x_wconf 92' lang='lat' dir='ltr'>quod</span> <span class='ocrx_word' id='word_1_30' title='bbox 920 557 990 603; x_wconf 85' lang='lat' dir='ltr'>ius,</span> <span class='ocrx_word' id='word_1_31' title='bbox 1011 557 1090 594; x_wconf 90' lang='lat' dir='ltr'>sive</span> <span class='ocrx_word' id='word_1_32' title='bbox 1116 557 1268 604; x_wconf 87' lang='lat' dir='ltr'>iustum,</span> <span class='ocrx_word' id='word_1_33' title='bbox 1290 557 1342 594; x_wconf 88' lang='lat' dir='ltr'>di-</span> 
     </span>
     <span class='ocr_line' id='line_1_9' title="bbox 285 610 1342 662; baseline -0.005 -12"><span class='ocrx_word' id='word_1_34' title='bbox 285 612 380 650; x_wconf 87' lang='lat' dir='ltr'>citur</span> <span class='ocrx_word' id='word_1_35' title='bbox 406 625 475 662; x_wconf 91' lang='lat' dir='ltr'>per</span> <span class='ocrx_word' id='word_1_36' title='bbox 511 611 924 649; x_wconf 83' lang='lat' dir='ltr'><strong>commensurationem</strong></span> <span class='ocrx_word' id='word_1_37' title='bbox 964 610 1013 646; x_wconf 86' lang='lat' dir='ltr'>ad</span> <span class='ocrx_word' id='word_1_38' title='bbox 1041 611 1212 646; x_wconf 89' lang='lat' dir='ltr'>alterum.</span> <span class='ocrx_word' id='word_1_39' title='bbox 1242 610 1342 646; x_wconf 91' lang='lat' dir='ltr'>Alte-</span> 
     </span>
     <span class='ocr_line' id='line_1_10' title="bbox 283 662 1342 713; baseline -0.003 -11"><span class='ocrx_word' id='word_1_40' title='bbox 283 677 370 703; x_wconf 89' lang='lat' dir='ltr'>rum</span> <span class='ocrx_word' id='word_1_41' title='bbox 406 672 533 702; x_wconf 86' lang='lat' dir='ltr'>autem</span> <span class='ocrx_word' id='word_1_42' title='bbox 572 671 698 713; x_wconf 90' lang='lat' dir='ltr'>potest</span> <span class='ocrx_word' id='word_1_43' title='bbox 725 663 798 700; x_wconf 89' lang='lat' dir='ltr'>dici</span> <span class='ocrx_word' id='word_1_44' title='bbox 836 662 1043 711; x_wconf 90' lang='lat' dir='ltr'><strong>dupliciter.</strong></span> <span class='ocrx_word' id='word_1_45' title='bbox 1081 663 1166 700; x_wconf 92' lang='lat' dir='ltr'>Uno</span> <span class='ocrx_word' id='word_1_46' title='bbox 1201 663 1342 708; x_wconf 74' lang='lat' dir='ltr'>modo,</span> 
     </span>
     <span class='ocr_line' id='line_1_11' title="bbox 283 715 1342 766; baseline -0.005 -10"><span class='ocrx_word' id='word_1_47' title='bbox 283 719 389 766; x_wconf 92' lang='lat' dir='ltr'>quod</span> <span class='ocrx_word' id='word_1_48' title='bbox 405 717 623 766; x_wconf 87' lang='lat' dir='ltr'>simpliciter</span> <span class='ocrx_word' id='word_1_49' title='bbox 634 724 689 753; x_wconf 90' lang='lat' dir='ltr'>est</span> <span class='ocrx_word' id='word_1_50' title='bbox 704 717 876 762; x_wconf 89' lang='lat' dir='ltr'>alterum,</span> <span class='ocrx_word' id='word_1_51' title='bbox 888 715 984 752; x_wconf 88' lang='lat' dir='ltr'>sicut</span> <span class='ocrx_word' id='word_1_52' title='bbox 998 716 1102 763; x_wconf 93' lang='lat' dir='ltr'>quod</span> <span class='ocrx_word' id='word_1_53' title='bbox 1119 723 1174 752; x_wconf 92' lang='lat' dir='ltr'>est</span> <span class='ocrx_word' id='word_1_54' title='bbox 1184 715 1342 752; x_wconf 90' lang='lat' dir='ltr'>omnino</span> 
     </span>
     <span class='ocr_line' id='line_1_12' title="bbox 285 768 1343 818; baseline -0.003 -11"><span class='ocrx_word' id='word_1_55' title='bbox 285 770 520 807; x_wconf 84' lang='lat' dir='ltr'>distinctum:</span> <span class='ocrx_word' id='word_1_56' title='bbox 550 769 646 806; x_wconf 91' lang='lat' dir='ltr'>sicut</span> <span class='ocrx_word' id='word_1_57' title='bbox 682 776 840 818; x_wconf 90' lang='lat' dir='ltr'>apparet</span> <span class='ocrx_word' id='word_1_58' title='bbox 867 768 904 805; x_wconf 93' lang='lat' dir='ltr'>in</span> <span class='ocrx_word' id='word_1_59' title='bbox 939 768 1090 805; x_wconf 91' lang='lat' dir='ltr'>duobus</span> <span class='ocrx_word' id='word_1_60' title='bbox 1123 768 1343 805; x_wconf 90' lang='lat' dir='ltr'>hominibus</span> 
     </span>
     <span class='ocr_line' id='line_1_13' title="bbox 283 821 1344 872; baseline -0.003 -12"><span class='ocrx_word' id='word_1_61' title='bbox 283 835 450 872; x_wconf 81' lang='lat' dir='ltr'>quorum</span> <span class='ocrx_word' id='word_1_62' title='bbox 470 834 569 867; x_wconf 90' lang='lat' dir='ltr'>unus</span> <span class='ocrx_word' id='word_1_63' title='bbox 598 834 676 871; x_wconf 84' lang='lat' dir='ltr'>non</span> <span class='ocrx_word' id='word_1_64' title='bbox 696 829 752 858; x_wconf 91' lang='lat' dir='ltr'>est</span> <span class='ocrx_word' id='word_1_65' title='bbox 779 821 849 858; x_wconf 93' lang='lat' dir='ltr'>sub</span> <span class='ocrx_word' id='word_1_66' title='bbox 870 822 1000 868; x_wconf 86' lang='lat' dir='ltr'>altero,</span> <span class='ocrx_word' id='word_1_67' title='bbox 1021 821 1088 858; x_wconf 91' lang='lat' dir='ltr'>sed</span> <span class='ocrx_word' id='word_1_68' title='bbox 1117 822 1233 858; x_wconf 88' lang='lat' dir='ltr'>ambo</span> <span class='ocrx_word' id='word_1_69' title='bbox 1258 827 1344 857; x_wconf 88' lang='lat' dir='ltr'>sunt</span> 
     </span>
     <span class='ocr_line' id='line_1_14' title="bbox 283 873 1342 923; baseline -0.004 -10"><span class='ocrx_word' id='word_1_70' title='bbox 283 877 354 914; x_wconf 90' lang='lat' dir='ltr'>sub</span> <span class='ocrx_word' id='word_1_71' title='bbox 381 887 460 912; x_wconf 93' lang='lat' dir='ltr'>uno</span> <span class='ocrx_word' id='word_1_72' title='bbox 489 874 660 923; x_wconf 88' lang='lat' dir='ltr'>principe</span> <span class='ocrx_word' id='word_1_73' title='bbox 689 873 860 911; x_wconf 88' lang='lat' dir='ltr'>civitatis.</span> <span class='ocrx_word' id='word_1_74' title='bbox 890 875 939 911; x_wconf 91' lang='lat' dir='ltr'>Et</span> <span class='ocrx_word' id='word_1_75' title='bbox 962 874 1058 911; x_wconf 90' lang='lat' dir='ltr'>inter</span> <span class='ocrx_word' id='word_1_76' title='bbox 1084 874 1188 920; x_wconf 90' lang='lat' dir='ltr'>tales,</span> <span class='ocrx_word' id='word_1_77' title='bbox 1210 885 1342 910; x_wconf 87' lang='lat' dir='ltr'>secun—</span> 
     </span>
    </p>

    <p class='ocr_par' dir='ltr' id='par_1_5' title="bbox 42 925 1344 1188">
     <span class='ocr_line' id='line_1_15' title="bbox 42 925 1343 984; baseline -0.004 -18"><span class='ocrx_word' id='word_1_78' title='bbox 42 935 255 984; x_wconf 54' lang='lat' dir='ltr'>§.Cr‘fiffssamr</span> <span class='ocrx_word' id='word_1_79' title='bbox 283 928 377 965; x_wconf 90' lang='lat' dir='ltr'>dum</span> <span class='ocrx_word' id='word_1_80' title='bbox 405 927 697 976; x_wconf 87' lang='lat' dir='ltr'>Philosophum,</span> <span class='ocrx_word' id='word_1_81' title='bbox 727 927 765 964; x_wconf 89' lang='lat' dir='ltr'>in</span> <span class='ocrx_word' id='word_1_82' title='bbox 783 927 818 963; x_wconf 91' lang='lat' dir='ltr'>V</span> <span class='ocrx_word' id='word_1_83' title='bbox 835 927 955 964; x_wconf 86' lang='lat' dir='ltr'>Ethic.</span> <span class='ocrx_word' id='word_1_84' title='bbox 975 926 1006 973; x_wconf 75' lang='lat'>²¹⁸,</span> <span class='ocrx_word' id='word_1_85' title='bbox 1037 934 1093 964; x_wconf 89' lang='lat' dir='ltr'>est</span> <span class='ocrx_word' id='word_1_86' title='bbox 1125 925 1343 973; x_wconf 88' lang='lat' dir='ltr'>simpliciter</span> 
     </span>
     <span class='ocr_line' id='line_1_16' title="bbox 281 979 1343 1028; baseline -0.004 -10"><span class='ocrx_word' id='word_1_87' title='bbox 281 981 434 1018; x_wconf 88' lang='lat' dir='ltr'>iustum.</span> <span class='ocrx_word' id='word_1_88' title='bbox 456 1001 480 1008; x_wconf 99' lang='lat'>-</span> <span class='ocrx_word' id='word_1_89' title='bbox 500 980 588 1017; x_wconf 92' lang='lat' dir='ltr'>Alio</span> <span class='ocrx_word' id='word_1_90' title='bbox 616 980 735 1017; x_wconf 92' lang='lat' dir='ltr'>modo</span> <span class='ocrx_word' id='word_1_91' title='bbox 765 979 898 1016; x_wconf 90' lang='lat' dir='ltr'>dicitur</span> <span class='ocrx_word' id='word_1_92' title='bbox 917 979 1058 1028; x_wconf 90' lang='lat' dir='ltr'>aliquid</span> <span class='ocrx_word' id='word_1_93' title='bbox 1086 980 1245 1015; x_wconf 85' lang='lat' dir='ltr'>alterum</span> <span class='ocrx_word' id='word_1_94' title='bbox 1266 990 1343 1015; x_wconf 91' lang='lat' dir='ltr'>non</span> 
     </span>
     <span class='ocr_line' id='line_1_17' title="bbox 283 1028 1344 1083; baseline -0.004 -13"><span class='ocrx_word' id='word_1_95' title='bbox 283 1032 513 1083; x_wconf 89' lang='lat' dir='ltr'>simpliciter,</span> <span class='ocrx_word' id='word_1_96' title='bbox 534 1033 602 1070; x_wconf 90' lang='lat' dir='ltr'>sed</span> <span class='ocrx_word' id='word_1_97' title='bbox 621 1033 728 1082; x_wconf 89' lang='lat' dir='ltr'>quasi</span> <span class='ocrx_word' id='word_1_98' title='bbox 748 1032 889 1081; x_wconf 90' lang='lat' dir='ltr'>aliquid</span> <span class='ocrx_word' id='word_1_99' title='bbox 910 1032 990 1068; x_wconf 90' lang='lat' dir='ltr'>eius</span> <span class='ocrx_word' id='word_1_100' title='bbox 1009 1031 1182 1068; x_wconf 85' lang='lat' dir='ltr'>existens.</span> <span class='ocrx_word' id='word_1_101' title='bbox 1203 1028 1252 1067; x_wconf 90' lang='lat' dir='ltr'>Et</span> <span class='ocrx_word' id='word_1_102' title='bbox 1270 1031 1344 1067; x_wconf 89' lang='lat' dir='ltr'>hoc</span> 
     </span>
     <span class='ocr_line' id='line_1_18' title="bbox 282 1083 1342 1133; baseline -0.004 -10"><span class='ocrx_word' id='word_1_103' title='bbox 282 1086 403 1124; x_wconf 93' lang='lat' dir='ltr'>modo</span> <span class='ocrx_word' id='word_1_104' title='bbox 431 1086 470 1123; x_wconf 92' lang='lat' dir='ltr'>in</span> <span class='ocrx_word' id='word_1_105' title='bbox 499 1086 613 1123; x_wconf 92' lang='lat' dir='ltr'>rebus</span> <span class='ocrx_word' id='word_1_106' title='bbox 641 1085 819 1122; x_wconf 91' lang='lat' dir='ltr'>humanis</span> <span class='ocrx_word' id='word_1_107' title='bbox 839 1085 939 1122; x_wconf 90' lang='lat' dir='ltr'>filius</span> <span class='ocrx_word' id='word_1_108' title='bbox 968 1091 1022 1120; x_wconf 91' lang='lat' dir='ltr'>est</span> <span class='ocrx_word' id='word_1_109' title='bbox 1048 1083 1189 1133; x_wconf 88' lang='lat' dir='ltr'>aliquid</span> <span class='ocrx_word' id='word_1_110' title='bbox 1217 1083 1342 1132; x_wconf 88' lang='lat' dir='ltr'>patris,</span> 
     </span>
     <span class='ocr_line' id='line_1_19' title="bbox 282 1136 1343 1188; baseline -0.004 -12"><span class='ocrx_word' id='word_1_111' title='bbox 282 1139 373 1188; x_wconf 87' lang='lat' dir='ltr'>quia</span> <span class='ocrx_word' id='word_1_112' title='bbox 410 1139 698 1187; x_wconf 87' lang='lat' dir='ltr'>quodammodo</span> <span class='ocrx_word' id='word_1_113' title='bbox 738 1145 793 1175; x_wconf 92' lang='lat' dir='ltr'>est</span> <span class='ocrx_word' id='word_1_114' title='bbox 818 1149 907 1186; x_wconf 89' lang='lat' dir='ltr'>pars</span> <span class='ocrx_word' id='word_1_115' title='bbox 940 1136 1039 1183; x_wconf 90' lang='lat' dir='ltr'>eius,</span> <span class='ocrx_word' id='word_1_116' title='bbox 1067 1144 1108 1173; x_wconf 93' lang='lat' dir='ltr'>ut</span> <span class='ocrx_word' id='word_1_117' title='bbox 1145 1136 1278 1173; x_wconf 90' lang='lat' dir='ltr'>dicitur</span> <span class='ocrx_word' id='word_1_118' title='bbox 1306 1136 1343 1172; x_wconf 86' lang='lat' dir='ltr'>in</span> 
     </span>
    </p>

    <p class='ocr_par' dir='ltr' id='par_1_6' title="bbox 42 1189 1344 1245">
     <span class='ocr_line' id='line_1_20' title="bbox 42 1189 1344 1245; baseline -0.004 -15"><span class='ocrx_word' id='word_1_119' title='bbox 42 1196 254 1245; x_wconf 43' lang='lat' dir='ltr'>*eff-mffldst</span> <span class='ocrx_word' id='word_1_120' title='bbox 281 1193 369 1229; x_wconf 91' lang='lat' dir='ltr'>V111</span> <span class='ocrx_word' id='word_1_121' title='bbox 397 1192 518 1229; x_wconf 86' lang='lat' dir='ltr'>Ethic.</span> <span class='ocrx_word' id='word_1_122' title='bbox 538 1191 578 1238; x_wconf 79' lang='lat'>*3</span> <span class='ocrx_word' id='word_1_123' title='bbox 608 1199 644 1228; x_wconf 91' lang='lat' dir='ltr'>et</span> <span class='ocrx_word' id='word_1_124' title='bbox 667 1202 800 1228; x_wconf 84' lang='lat' dir='ltr'>servus</span> <span class='ocrx_word' id='word_1_125' title='bbox 820 1197 875 1226; x_wconf 92' lang='lat' dir='ltr'>est</span> <span class='ocrx_word' id='word_1_126' title='bbox 903 1189 1043 1237; x_wconf 89' lang='lat' dir='ltr'>aliquid</span> <span class='ocrx_word' id='word_1_127' title='bbox 1073 1189 1230 1235; x_wconf 91' lang='lat' dir='ltr'>domini,</span> <span class='ocrx_word' id='word_1_128' title='bbox 1256 1189 1344 1238; x_wconf 86' lang='lat' dir='ltr'>quia</span> 
     </span>
    </p>
   </div>
   <div class='ocr_carea' id='block_1_4' title="bbox 115 1223 241 1246">
    <p class='ocr_par' dir='ltr' id='par_1_7' title="bbox 115 1223 241 1246">
     <span class='ocr_line' id='line_1_21' title="bbox 115 1223 241 1246; baseline -0.024 0"><span class='ocrx_word' id='word_1_129' title='bbox 115 1239 122 1246; x_wconf 88' lang='lat'>.</span> <span class='ocrx_word' id='word_1_130' title='bbox 135 1223 187 1246; x_wconf 73' lang='lat' dir='ltr'>leot.</span> <span class='ocrx_word' id='word_1_131' title='bbox 199 1229 241 1244; x_wconf 66' lang='grc' dir='ltr'>ιιι.</span> 
     </span>
    </p>
   </div>
   <div class='ocr_carea' id='block_1_5' title="bbox 22 1241 1346 1303">
    <p class='ocr_par' dir='ltr' id='par_1_8' title="bbox 22 1241 1346 1303">
     <span class='ocr_line' id='line_1_22' title="bbox 22 1241 1346 1303; baseline -0.002 -22"><span class='ocrx_word' id='word_1_132' title='bbox 22 1254 24 1258; x_wconf 85' lang='grc'><strong>’</strong></span> <span class='ocrx_word' id='word_1_133' title='bbox 63 1253 254 1303; x_wconf 41' lang='lat' dir='ltr'>&amp;¹8:¹1¹asstztssi</span> <span class='ocrx_word' id='word_1_134' title='bbox 284 1253 339 1282; x_wconf 92' lang='lat' dir='ltr'>est</span> <span class='ocrx_word' id='word_1_135' title='bbox 363 1244 657 1281; x_wconf 83' lang='lat' dir='ltr'>instrumentum</span> <span class='ocrx_word' id='word_1_136' title='bbox 687 1243 780 1290; x_wconf 91' lang='lat' dir='ltr'>eius,</span> <span class='ocrx_word' id='word_1_137' title='bbox 800 1249 841 1279; x_wconf 92' lang='lat' dir='ltr'>ut</span> <span class='ocrx_word' id='word_1_138' title='bbox 869 1242 1004 1280; x_wconf 89' lang='lat' dir='ltr'>dicitur</span> <span class='ocrx_word' id='word_1_139' title='bbox 1022 1242 1060 1278; x_wconf 90' lang='lat' dir='ltr'>in</span> <span class='ocrx_word' id='word_1_140' title='bbox 1089 1242 1227 1278; x_wconf 88' lang='lat' dir='ltr'>lPolit.</span> <span class='ocrx_word' id='word_1_141' title='bbox 1248 1241 1268 1264; x_wconf 79' lang='lat'>&#39;¹‘</span> <span class='ocrx_word' id='word_1_142' title='bbox 1296 1242 1346 1279; x_wconf 90' lang='lat' dir='ltr'>Et</span> 
     </span>
    </p>
   </div>
   <div class='ocr_carea' id='block_1_6' title="bbox 24 1294 1347 1925">
    <p class='ocr_par' dir='ltr' id='par_1_9' title="bbox 24 1294 1347 1925">
     <span class='ocr_line' id='line_1_23' title="bbox 24 1294 1345 1355; baseline -0.002 -21"><span class='ocrx_word' id='word_1_143' title='bbox 24 1305 151 1355; x_wconf 48' lang='lat'>{⁰⁶⁹3</span> <span class='ocrx_word' id='word_1_144' title='bbox 169 1305 254 1355; x_wconf 61' lang='lat' dir='ltr'>{mg-3</span> <span class='ocrx_word' id='word_1_145' title='bbox 282 1297 369 1336; x_wconf 92' lang='lat' dir='ltr'>ideo</span> <span class='ocrx_word' id='word_1_146' title='bbox 397 1296 511 1346; x_wconf 90' lang='lat' dir='ltr'>patris</span> <span class='ocrx_word' id='word_1_147' title='bbox 540 1297 589 1333; x_wconf 87' lang='lat' dir='ltr'>ad</span> <span class='ocrx_word' id='word_1_148' title='bbox 621 1295 744 1333; x_wconf 92' lang='lat' dir='ltr'>filium</span> <span class='ocrx_word' id='word_1_149' title='bbox 776 1307 854 1332; x_wconf 92' lang='lat' dir='ltr'>non</span> <span class='ocrx_word' id='word_1_150' title='bbox 883 1302 939 1331; x_wconf 90' lang='lat' dir='ltr'>est</span> <span class='ocrx_word' id='word_1_151' title='bbox 976 1295 1212 1344; x_wconf 89' lang='lat' dir='ltr'>comparatio</span> <span class='ocrx_word' id='word_1_152' title='bbox 1250 1294 1345 1331; x_wconf 91' lang='lat' dir='ltr'>sicut</span> 
     </span>
     <span class='ocr_line' id='line_1_24' title="bbox 24 1347 1345 1398; baseline -0.004 -9"><span class='ocrx_word' id='word_1_153' title='bbox 24 1364 65 1385; x_wconf 66' lang='grc' dir='ltr'><strong>π</strong></span> <span class='ocrx_word' id='word_1_154' title='bbox 88 1347 253 1382; x_wconf 74' lang='lat' dir='ltr'>&#39;-¹·&#39;⁶t·&#39;x1-&#39;</span> <span class='ocrx_word' id='word_1_155' title='bbox 282 1350 333 1388; x_wconf 88' lang='lat' dir='ltr'>ad</span> <span class='ocrx_word' id='word_1_156' title='bbox 361 1348 582 1398; x_wconf 90' lang='lat' dir='ltr'>simpliciter</span> <span class='ocrx_word' id='word_1_157' title='bbox 609 1350 792 1386; x_wconf 89' lang='lat' dir='ltr'>alterum:</span> <span class='ocrx_word' id='word_1_158' title='bbox 823 1356 859 1384; x_wconf 90' lang='lat' dir='ltr'>et</span> <span class='ocrx_word' id='word_1_159' title='bbox 894 1355 1048 1396; x_wconf 91' lang='lat' dir='ltr'>propter</span> <span class='ocrx_word' id='word_1_160' title='bbox 1075 1349 1150 1385; x_wconf 92' lang='lat' dir='ltr'>hoc</span> <span class='ocrx_word' id='word_1_161' title='bbox 1182 1360 1261 1384; x_wconf 90' lang='lat' dir='ltr'>non</span> <span class='ocrx_word' id='word_1_162' title='bbox 1291 1355 1345 1385; x_wconf 90' lang='lat' dir='ltr'>est</span> 
     </span>
     <span class='ocr_line' id='line_1_25' title="bbox 282 1401 1345 1452; baseline -0.002 -13"><span class='ocrx_word' id='word_1_163' title='bbox 282 1402 335 1441; x_wconf 91' lang='lat' dir='ltr'>ibi</span> <span class='ocrx_word' id='word_1_164' title='bbox 362 1401 765 1452; x_wconf 25' lang='lat' dir='ltr'>simplicitetriustum,</span> <span class='ocrx_word' id='word_1_165' title='bbox 786 1401 854 1438; x_wconf 90' lang='lat' dir='ltr'>sed</span> <span class='ocrx_word' id='word_1_166' title='bbox 877 1401 1074 1449; x_wconf 85' lang='lat' dir='ltr'>quoddam</span> <span class='ocrx_word' id='word_1_167' title='bbox 1103 1401 1254 1447; x_wconf 89' lang='lat' dir='ltr'>iustum,</span> <span class='ocrx_word' id='word_1_168' title='bbox 1276 1401 1345 1438; x_wconf 89' lang='lat' dir='ltr'>sci-</span> 
     </span>
     <span class='ocr_line' id='line_1_26' title="bbox 252 1453 1345 1505; baseline -0.003 -12"><span class='ocrx_word' id='word_1_169' title='bbox 252 1455 374 1493; x_wconf 38' lang='lat' dir='ltr'>‘tieet</span> <span class='ocrx_word' id='word_1_170' title='bbox 385 1454 608 1505; x_wconf 74' lang='lat' dir='ltr'>paternum.</span> <span class='ocrx_word' id='word_1_171' title='bbox 639 1456 688 1491; x_wconf 91' lang='lat' dir='ltr'>Et</span> <span class='ocrx_word' id='word_1_172' title='bbox 717 1454 853 1491; x_wconf 91' lang='lat' dir='ltr'>eadem</span> <span class='ocrx_word' id='word_1_173' title='bbox 881 1453 1026 1491; x_wconf 89' lang='lat' dir='ltr'>ratione</span> <span class='ocrx_word' id='word_1_174' title='bbox 1055 1466 1126 1490; x_wconf 92' lang='lat' dir='ltr'>nec</span> <span class='ocrx_word' id='word_1_175' title='bbox 1153 1454 1249 1490; x_wconf 92' lang='lat' dir='ltr'>inter</span> <span class='ocrx_word' id='word_1_176' title='bbox 1278 1454 1345 1491; x_wconf 93' lang='lat' dir='ltr'>do-</span> 
     </span>
     <span class='ocr_line' id='line_1_27' title="bbox 282 1507 1345 1546; baseline -0.003 0"><span class='ocrx_word' id='word_1_177' title='bbox 282 1508 432 1546; x_wconf 88' lang='lat' dir='ltr'>minum</span> <span class='ocrx_word' id='word_1_178' title='bbox 462 1516 498 1545; x_wconf 88' lang='lat' dir='ltr'>et</span> <span class='ocrx_word' id='word_1_179' title='bbox 525 1507 735 1545; x_wconf 80' lang='lat' dir='ltr'>servum*:</span> <span class='ocrx_word' id='word_1_180' title='bbox 766 1507 833 1544; x_wconf 89' lang='lat' dir='ltr'>secl</span> <span class='ocrx_word' id='word_1_181' title='bbox 854 1514 909 1544; x_wconf 87' lang='lat' dir='ltr'>est</span> <span class='ocrx_word' id='word_1_182' title='bbox 927 1507 1023 1543; x_wconf 89' lang='lat' dir='ltr'>inter</span> <span class='ocrx_word' id='word_1_183' title='bbox 1051 1519 1117 1543; x_wconf 92' lang='lat' dir='ltr'>eos</span> <span class='ocrx_word' id='word_1_184' title='bbox 1145 1507 1345 1544; x_wconf 90' lang='lat' dir='ltr'>dominati-</span> 
     </span>
     <span class='ocr_line' id='line_1_28' title="bbox 282 1559 889 1599; baseline -0.005 0"><span class='ocrx_word' id='word_1_185' title='bbox 282 1573 378 1599; x_wconf 87' lang='lat' dir='ltr'>vum</span> <span class='ocrx_word' id='word_1_186' title='bbox 407 1561 561 1598; x_wconf 90' lang='lat' dir='ltr'>iustum.</span> <span class='ocrx_word' id='word_1_187' title='bbox 887 1559 889 1561; x_wconf 78' lang='grc'><strong>’</strong></span> 
     </span>
     <span class='ocr_line' id='line_1_29' title="bbox 57 1611 1346 1662; baseline -0.002 -12.039"><span class='ocrx_word' id='word_1_188' title='bbox 57 1639 72 1653; x_wconf 41' lang='grc'><strong>1</strong></span> <span class='ocrx_word' id='word_1_189' title='bbox 108 1617 182 1659; x_wconf 34' lang='grc' dir='ltr'>χξπ</span> <span class='ocrx_word' id='word_1_190' title='bbox 210 1651 213 1659; x_wconf 35' lang='lat'><strong>⁴</strong></span> <span class='ocrx_word' id='word_1_191' title='bbox 335 1614 442 1653; x_wconf 83' lang='lat' dir='ltr'>Uxor</span> <span class='ocrx_word' id='word_1_192' title='bbox 469 1612 620 1661; x_wconf 84' lang='lat' dir='ltr'>autern,</span> <span class='ocrx_word' id='word_1_193' title='bbox 649 1611 825 1662; x_wconf 89' lang='lat' dir='ltr'>quamvis</span> <span class='ocrx_word' id='word_1_194' title='bbox 858 1612 904 1649; x_wconf 93' lang='lat' dir='ltr'>sit</span> <span class='ocrx_word' id='word_1_195' title='bbox 931 1611 1073 1660; x_wconf 89' lang='lat' dir='ltr'>aliquid</span> <span class='ocrx_word' id='word_1_196' title='bbox 1100 1611 1189 1659; x_wconf 90' lang='lat' dir='ltr'>viri,</span> <span class='ocrx_word' id='word_1_197' title='bbox 1220 1611 1309 1660; x_wconf 89' lang='lat' dir='ltr'>quia</span> <span class='ocrx_word' id='word_1_198' title='bbox 1329 1616 1346 1632; x_wconf 84' lang='lat'>‘²</span> 
     </span>
     <span class='ocr_line' id='line_1_30' title="bbox 283 1665 1345 1716; baseline -0.005 -10.321"><span class='ocrx_word' id='word_1_199' title='bbox 283 1675 529 1716; x_wconf 84' lang='lat' dir='ltr'>comparatur</span> <span class='ocrx_word' id='word_1_200' title='bbox 557 1666 607 1704; x_wconf 83' lang='lat' dir='ltr'>ad</span> <span class='ocrx_word' id='word_1_201' title='bbox 635 1678 719 1703; x_wconf 89' lang='lat' dir='ltr'>eam</span> <span class='ocrx_word' id='word_1_202' title='bbox 750 1665 846 1702; x_wconf 89' lang='lat' dir='ltr'>sicut</span> <span class='ocrx_word' id='word_1_203' title='bbox 874 1665 923 1701; x_wconf 92' lang='lat' dir='ltr'>ad</span> <span class='ocrx_word' id='word_1_204' title='bbox 950 1665 1150 1713; x_wconf 89' lang='lat' dir='ltr'>proprium</span> <span class='ocrx_word' id='word_1_205' title='bbox 1186 1676 1345 1713; x_wconf 90' lang='lat' dir='ltr'>corpus,</span> 
     </span>
     <span class='ocr_line' id='line_1_31' title="bbox 282 1717 1347 1770; baseline -0.004 -12"><span class='ocrx_word' id='word_1_206' title='bbox 282 1728 326 1758; x_wconf 72' lang='lat' dir='ltr'>ut</span> <span class='ocrx_word' id='word_1_207' title='bbox 350 1727 455 1770; x_wconf 81' lang='lat' dir='ltr'>patet</span> <span class='ocrx_word' id='word_1_208' title='bbox 486 1732 557 1769; x_wconf 90' lang='lat' dir='ltr'>per</span> <span class='ocrx_word' id='word_1_209' title='bbox 592 1719 853 1768; x_wconf 89' lang='lat' dir='ltr'>Apostolum,</span> <span class='ocrx_word' id='word_1_210' title='bbox 873 1718 925 1754; x_wconf 87' lang='lat' dir='ltr'>ad</span> <span class='ocrx_word' id='word_1_211' title='bbox 949 1719 1085 1766; x_wconf 80' lang='lat' dir='ltr'>Ephes.</span> <span class='ocrx_word' id='word_1_212' title='bbox 1105 1730 1129 1754; x_wconf 93' lang='lat' dir='ltr'><strong>v</strong></span> <span class='ocrx_word' id='word_1_213' title='bbox 1146 1717 1188 1763; x_wconf 78' lang='lat'>*3</span> <span class='ocrx_word' id='word_1_214' title='bbox 1217 1725 1347 1754; x_wconf 90' lang='lat' dir='ltr'>tamen</span> 
     </span>
     <span class='ocr_line' id='line_1_32' title="bbox 283 1770 1346 1822; baseline -0.005 -11"><span class='ocrx_word' id='word_1_215' title='bbox 283 1773 404 1822; x_wconf 72' lang='lat' dir='ltr'>tnagis</span> <span class='ocrx_word' id='word_1_216' title='bbox 423 1771 663 1820; x_wconf 88' lang='lat' dir='ltr'>distinguitur</span> <span class='ocrx_word' id='word_1_217' title='bbox 689 1784 712 1808; x_wconf 89' lang='lat' dir='ltr'>a</span> <span class='ocrx_word' id='word_1_218' title='bbox 730 1770 814 1807; x_wconf 88' lang='lat' dir='ltr'>viro</span> <span class='ocrx_word' id='word_1_219' title='bbox 844 1782 960 1819; x_wconf 87' lang='lat' dir='ltr'>quam</span> <span class='ocrx_word' id='word_1_220' title='bbox 981 1771 1081 1808; x_wconf 92' lang='lat' dir='ltr'>filius</span> <span class='ocrx_word' id='word_1_221' title='bbox 1110 1783 1132 1807; x_wconf 90' lang='lat' dir='ltr'>a</span> <span class='ocrx_word' id='word_1_222' title='bbox 1159 1777 1264 1819; x_wconf 89' lang='lat' dir='ltr'>patre</span> <span class='ocrx_word' id='word_1_223' title='bbox 1283 1771 1346 1806; x_wconf 88' lang='lat' dir='ltr'>vel</span> 
     </span>
     <span class='ocr_line' id='line_1_33' title="bbox 32 1823 1346 1872; baseline -0.004 -8"><span class='ocrx_word' id='word_1_224' title='bbox 32 1856 34 1859; x_wconf 90' lang='lat'>.</span> <span class='ocrx_word' id='word_1_225' title='bbox 283 1823 418 1864; x_wconf 80' lang='lat' dir='ltr'>servus</span> <span class='ocrx_word' id='word_1_226' title='bbox 447 1838 470 1862; x_wconf 96' lang='lat' dir='ltr'>a</span> <span class='ocrx_word' id='word_1_227' title='bbox 498 1824 677 1863; x_wconf 89' lang='lat' dir='ltr'>domino:</span> <span class='ocrx_word' id='word_1_228' title='bbox 708 1823 912 1861; x_wconf 90' lang='lat' dir='ltr'>assumitur</span> <span class='ocrx_word' id='word_1_229' title='bbox 947 1824 1049 1860; x_wconf 92' lang='lat' dir='ltr'>enim</span> <span class='ocrx_word' id='word_1_230' title='bbox 1078 1823 1117 1861; x_wconf 92' lang='lat' dir='ltr'>in</span> <span class='ocrx_word' id='word_1_231' title='bbox 1154 1823 1346 1872; x_wconf 89' lang='lat' dir='ltr'>quandam</span> 
     </span>
     <span class='ocr_line' id='line_1_34' title="bbox 39 1876 1347 1925; baseline -0.004 -8"><span class='ocrx_word' id='word_1_232' title='bbox 39 1895 136 1923; x_wconf 56' lang='lat'>;;.„‚÷.</span> <span class='ocrx_word' id='word_1_233' title='bbox 162 1901 257 1921; x_wconf 46' lang='lat' dir='ltr'><em>W</em></span> <span class='ocrx_word' id='word_1_234' title='bbox 283 1878 466 1925; x_wconf 81' lang='lat' dir='ltr'>socialem</span> <span class='ocrx_word' id='word_1_235' title='bbox 493 1878 613 1916; x_wconf 88' lang='lat' dir='ltr'>vitam</span> <span class='ocrx_word' id='word_1_236' title='bbox 633 1876 877 1916; x_wconf 88' lang='lat' dir='ltr'>matrimonii.</span> <span class='ocrx_word' id='word_1_237' title='bbox 907 1877 956 1913; x_wconf 94' lang='lat' dir='ltr'>Et</span> <span class='ocrx_word' id='word_1_238' title='bbox 983 1876 1083 1924; x_wconf 89' lang='lat' dir='ltr'>ideo,</span> <span class='ocrx_word' id='word_1_239' title='bbox 1103 1884 1144 1914; x_wconf 94' lang='lat' dir='ltr'>ut</span> <span class='ocrx_word' id='word_1_240' title='bbox 1171 1876 1347 1915; x_wconf 90' lang='lat' dir='ltr'>Philoso-</span> 
     </span>
    </p>
   </div>
   <div class='ocr_carea' id='block_1_7' title="bbox 40 1920 1348 1993">
    <p class='ocr_par' dir='ltr' id='par_1_10' title="bbox 40 1920 1348 1993">
     <span class='ocr_line' id='line_1_35' title="bbox 40 1920 1348 1993; baseline -0.004 -22"><span class='ocrx_word' id='word_1_241' title='bbox 40 1930 159 1989; x_wconf 58' lang='lat' dir='ltr'>s‚ml³</span> <span class='ocrx_word' id='word_1_242' title='bbox 167 1964 209 1988; x_wconf 42' lang='lat' dir='ltr'>m„</span> <span class='ocrx_word' id='word_1_243' title='bbox 223 1962 255 1993; x_wconf 43' lang='lat' dir='ltr'>v,</span> <span class='ocrx_word' id='word_1_244' title='bbox 283 1932 384 1982; x_wconf 86' lang='lat' dir='ltr'>phus</span> <span class='ocrx_word' id='word_1_245' title='bbox 412 1931 503 1970; x_wconf 90' lang='lat' dir='ltr'>dicit</span> <span class='ocrx_word' id='word_1_246' title='bbox 520 1929 536 1961; x_wconf 69' lang='grc' dir='ltr'><strong>β</strong></span> <span class='ocrx_word' id='word_1_247' title='bbox 553 1920 585 1978; x_wconf 77' lang='lat'>*,</span> <span class='ocrx_word' id='word_1_248' title='bbox 606 1930 703 1968; x_wconf 90' lang='lat' dir='ltr'>inter</span> <span class='ocrx_word' id='word_1_249' title='bbox 720 1930 846 1968; x_wconf 88' lang='lat' dir='ltr'>virum</span> <span class='ocrx_word' id='word_1_250' title='bbox 877 1937 914 1966; x_wconf 90' lang='lat' dir='ltr'>et</span> <span class='ocrx_word' id='word_1_251' title='bbox 930 1941 1091 1967; x_wconf 88' lang='lat' dir='ltr'>uxorem</span> <span class='ocrx_word' id='word_1_252' title='bbox 1120 1930 1205 1979; x_wconf 91' lang='lat' dir='ltr'>plus</span> <span class='ocrx_word' id='word_1_253' title='bbox 1226 1937 1282 1966; x_wconf 92' lang='lat' dir='ltr'>est</span> <span class='ocrx_word' id='word_1_254' title='bbox 1301 1929 1348 1966; x_wconf 92' lang='lat' dir='ltr'>de</span> 
     </span>
    </p>
   </div>
   <div class='ocr_carea' id='block_1_8' title="bbox 68 1723 188 1747">
    <p class='ocr_par' dir='ltr' id='par_1_11' title="bbox 40 1711 188 1749">
     <span class='ocr_line' id='line_1_36' title="bbox 68 1723 188 1747; baseline -0.02 1.432"><span class='ocrx_word' id='word_1_255' title='bbox 68 1723 139 1747; x_wconf 70' lang='lat' dir='ltr'>Vm.</span> <span class='ocrx_word' id='word_1_256' title='bbox 150 1723 188 1746; x_wconf 74' lang='lat'>28.</span> 
     </span>
    </p>
   </div>
   <div class='ocr_carea' id='block_1_9' title="bbox 38 1982 1350 2142">
    <p class='ocr_par' dir='ltr' id='par_1_12' title="bbox 34 1982 1350 2142">
     <span class='ocr_line' id='line_1_37' title="bbox 38 1982 1349 2041; baseline -0.004 -17"><span class='ocrx_word' id='word_1_257' title='bbox 38 2006 56 2037; x_wconf 62' lang='grc' dir='ltr'>«ς</span> <span class='ocrx_word' id='word_1_258' title='bbox 108 2029 110 2034; x_wconf 20' lang='lat'><strong>¹</strong></span> <span class='ocrx_word' id='word_1_259' title='bbox 138 1989 255 2041; x_wconf 47' lang='lat'>„22⁴</span> <span class='ocrx_word' id='word_1_260' title='bbox 283 1985 430 2038; x_wconf 79' lang='lat' dir='ltr'>ratione</span> <span class='ocrx_word' id='word_1_261' title='bbox 457 1984 543 2022; x_wconf 89' lang='lat' dir='ltr'>iusti</span> <span class='ocrx_word' id='word_1_262' title='bbox 563 1995 681 2032; x_wconf 87' lang='lat' dir='ltr'>quarn</span> <span class='ocrx_word' id='word_1_263' title='bbox 706 1983 804 2020; x_wconf 92' lang='lat' dir='ltr'>inter</span> <span class='ocrx_word' id='word_1_264' title='bbox 821 1990 969 2032; x_wconf 85' lang='lat' dir='ltr'>patrem</span> <span class='ocrx_word' id='word_1_265' title='bbox 990 1990 1026 2020; x_wconf 92' lang='lat' dir='ltr'>et</span> <span class='ocrx_word' id='word_1_266' title='bbox 1043 1983 1179 2030; x_wconf 79' lang='lat' dir='ltr'>filium,</span> <span class='ocrx_word' id='word_1_267' title='bbox 1199 1983 1261 2019; x_wconf 91' lang='lat' dir='ltr'>vel</span> <span class='ocrx_word' id='word_1_268' title='bbox 1281 1982 1349 2019; x_wconf 92' lang='lat' dir='ltr'>do-</span> 
     </span>
     <span class='ocr_line' id='line_1_38' title="bbox 41 2036 1350 2090; baseline -0.004 -13.027"><span class='ocrx_word' id='word_1_269' title='bbox 41 2079 51 2087; x_wconf 69' lang='lat'>,</span> <span class='ocrx_word' id='word_1_270' title='bbox 81 2048 83 2053; x_wconf 89' lang='grc'><strong>’</strong></span> <span class='ocrx_word' id='word_1_271' title='bbox 118 2042 238 2090; x_wconf 13' lang='lat'>&#39;¹⁵23</span> <span class='ocrx_word' id='word_1_272' title='bbox 284 2039 433 2076; x_wconf 82' lang='lat' dir='ltr'>minum</span> <span class='ocrx_word' id='word_1_273' title='bbox 463 2044 500 2074; x_wconf 91' lang='lat' dir='ltr'>et</span> <span class='ocrx_word' id='word_1_274' title='bbox 527 2049 695 2074; x_wconf 88' lang='lat' dir='ltr'>servum.</span> <span class='ocrx_word' id='word_1_275' title='bbox 726 2036 828 2083; x_wconf 87' lang='lat' dir='ltr'>Quia</span> <span class='ocrx_word' id='word_1_276' title='bbox 856 2043 986 2072; x_wconf 89' lang='lat' dir='ltr'>tamen</span> <span class='ocrx_word' id='word_1_277' title='bbox 1010 2036 1071 2073; x_wconf 89' lang='lat' dir='ltr'>vir</span> <span class='ocrx_word' id='word_1_278' title='bbox 1098 2043 1135 2073; x_wconf 87' lang='lat' dir='ltr'>et</span> <span class='ocrx_word' id='word_1_279' title='bbox 1162 2048 1258 2073; x_wconf 89' lang='lat' dir='ltr'>uxor</span> <span class='ocrx_word' id='word_1_280' title='bbox 1285 2036 1350 2072; x_wconf 93' lang='lat' dir='ltr'>ha-</span> 
     </span>
     <span class='ocr_line' id='line_1_39' title="bbox 73 2088 1349 2142; baseline -0.004 -12"><span class='ocrx_word' id='word_1_281' title='bbox 73 2104 78 2113; x_wconf 80' lang='lat'><em>‘</em></span> <span class='ocrx_word' id='word_1_282' title='bbox 139 2090 184 2125; x_wconf 52' lang='grc' dir='ltr'>’Ν</span> <span class='ocrx_word' id='word_1_283' title='bbox 215 2138 228 2142; x_wconf 20' lang='grc'>,-</span> <span class='ocrx_word' id='word_1_284' title='bbox 253 2102 256 2104; x_wconf 88' lang='grc'><em>·</em></span> <span class='ocrx_word' id='word_1_285' title='bbox 284 2092 376 2129; x_wconf 88' lang='lat' dir='ltr'>bent</span> <span class='ocrx_word' id='word_1_286' title='bbox 402 2095 419 2119; x_wconf 80' lang='grc' dir='ltr'><strong>Υ</strong></span> <span class='ocrx_word' id='word_1_287' title='bbox 453 2090 716 2128; x_wconf 88' lang='lat' dir='ltr'>immediatam</span> <span class='ocrx_word' id='word_1_288' title='bbox 755 2089 978 2126; x_wconf 90' lang='lat' dir='ltr'>relationem</span> <span class='ocrx_word' id='word_1_289' title='bbox 1017 2089 1066 2126; x_wconf 89' lang='lat' dir='ltr'>ad</span> <span class='ocrx_word' id='word_1_290' title='bbox 1100 2088 1349 2126; x_wconf 87' lang='lat' dir='ltr'>domesticam</span> 
     </span>
    </p>
   </div>
   <div class='ocr_carea' id='block_1_10' title="bbox 283 2218 1351 2388">
    <p class='ocr_par' dir='ltr' id='par_1_13' title="bbox 283 2218 1351 2324">
     <span class='ocr_line' id='line_1_40' title="bbox 338 2218 1350 2254; baseline -0.004 -8"><span class='ocrx_word' id='word_1_291' title='bbox 338 2221 365 2254; x_wconf 85' lang='grc' dir='ltr'>α)</span> <span class='ocrx_word' id='word_1_292' title='bbox 383 2221 420 2246; x_wconf 80' lang='lat' dir='ltr'>sit</span> <span class='ocrx_word' id='word_1_293' title='bbox 438 2220 540 2252; x_wconf 80' lang='lat' dir='ltr'>aliquid</span> <span class='ocrx_word' id='word_1_294' title='bbox 555 2220 615 2249; x_wconf 78' lang='lat' dir='ltr'>viri,</span> <span class='ocrx_word' id='word_1_295' title='bbox 631 2219 733 2251; x_wconf 79' lang='lat' dir='ltr'>quia.-</span> <span class='ocrx_word' id='word_1_296' title='bbox 746 2219 782 2244; x_wconf 80' lang='lat' dir='ltr'>sit</span> <span class='ocrx_word' id='word_1_297' title='bbox 799 2219 903 2251; x_wconf 82' lang='lat' dir='ltr'>aliquid</span> <span class='ocrx_word' id='word_1_298' title='bbox 918 2219 990 2251; x_wconf 82' lang='lat' dir='ltr'>quod</span> <span class='ocrx_word' id='word_1_299' title='bbox 1002 2219 1077 2251; x_wconf 85' lang='lat' dir='ltr'>(quia</span> <span class='ocrx_word' id='word_1_300' title='bbox 1096 2218 1350 2250; x_wconf 74' lang='lat' dir='ltr'>LpKK)AELpCKx‚</span> 
     </span>
     <span class='ocr_line' id='line_1_41' title="bbox 283 2253 1351 2289; baseline -0.005 -7"><span class='ocrx_word' id='word_1_301' title='bbox 283 2257 320 2282; x_wconf 75' lang='lat' dir='ltr'>sit</span> <span class='ocrx_word' id='word_1_302' title='bbox 337 2256 375 2282; x_wconf 82' lang='lat' dir='ltr'>ad</span> <span class='ocrx_word' id='word_1_303' title='bbox 391 2256 464 2289; x_wconf 79' lang='lat' dir='ltr'>quod</span> <span class='ocrx_word' id='word_1_304' title='bbox 477 2256 506 2287; x_wconf 79' lang='lat' dir='ltr'>F,</span> <span class='ocrx_word' id='word_1_305' title='bbox 525 2255 628 2288; x_wconf 78' lang='lat' dir='ltr'>aliquid</span> <span class='ocrx_word' id='word_1_306' title='bbox 646 2255 699 2279; x_wconf 83' lang='lat' dir='ltr'>viri</span> <span class='ocrx_word' id='word_1_307' title='bbox 716 2254 752 2279; x_wconf 84' lang='lat' dir='ltr'>sit</span> <span class='ocrx_word' id='word_1_308' title='bbox 769 2254 833 2286; x_wconf 76' lang='lat' dir='ltr'>quia</span> <span class='ocrx_word' id='word_1_309' title='bbox 851 2254 882 2285; x_wconf 89' lang='lat' dir='ltr'>D,</span> <span class='ocrx_word' id='word_1_310' title='bbox 901 2254 937 2278; x_wconf 82' lang='lat' dir='ltr'>sit</span> <span class='ocrx_word' id='word_1_311' title='bbox 954 2254 1057 2286; x_wconf 83' lang='lat' dir='ltr'>aliquid</span> <span class='ocrx_word' id='word_1_312' title='bbox 1075 2254 1129 2278; x_wconf 80' lang='lat' dir='ltr'>viri</span> <span class='ocrx_word' id='word_1_313' title='bbox 1146 2253 1218 2285; x_wconf 85' lang='lat' dir='ltr'>quod</span> <span class='ocrx_word' id='word_1_314' title='bbox 1239 2253 1296 2284; x_wconf 84' lang='lat' dir='ltr'>GH,</span> <span class='ocrx_word' id='word_1_315' title='bbox 1315 2253 1351 2277; x_wconf 77' lang='lat' dir='ltr'>sit</span> 
     </span>
     <span class='ocr_line' id='line_1_42' title="bbox 284 2290 962 2324; baseline -0.007 -6"><span class='ocrx_word' id='word_1_316' title='bbox 284 2293 354 2318; x_wconf 74' lang='lat' dir='ltr'>alter</span> <span class='ocrx_word' id='word_1_317' title='bbox 365 2292 429 2324; x_wconf 80' lang='lat' dir='ltr'>quia</span> <span class='ocrx_word' id='word_1_318' title='bbox 447 2294 536 2316; x_wconf 82' lang='lat' dir='ltr'>tamen</span> <span class='ocrx_word' id='word_1_319' title='bbox 551 2290 593 2315; x_wconf 82' lang='grc' dir='ltr'>νίν</span> <span class='ocrx_word' id='word_1_320' title='bbox 606 2291 630 2321; x_wconf 88' lang='lat'>1;</span> <span class='ocrx_word' id='word_1_321' title='bbox 649 2298 697 2322; x_wconf 87' lang='lat' dir='ltr'>pro</span> <span class='ocrx_word' id='word_1_322' title='bbox 715 2297 783 2319; x_wconf 82' lang='lat' dir='ltr'>eam,</span> <span class='ocrx_word' id='word_1_323' title='bbox 798 2290 885 2314; x_wconf 81' lang='lat' dir='ltr'>virum</span> <span class='ocrx_word' id='word_1_324' title='bbox 905 2290 962 2314; x_wconf 88' lang='lat' dir='ltr'>HL.</span> 
     </span>
    </p>

    <p class='ocr_par' dir='ltr' id='par_1_14' title="bbox 286 2324 1351 2388">
     <span class='ocr_line' id='line_1_43' title="bbox 339 2324 1351 2360; baseline -0.005 -8"><span class='ocrx_word' id='word_1_325' title='bbox 339 2326 364 2360; x_wconf 91' lang='grc' dir='ltr'>β)</span> <span class='ocrx_word' id='word_1_326' title='bbox 384 2330 414 2352; x_wconf 81' lang='lat' dir='ltr'>ut</span> <span class='ocrx_word' id='word_1_327' title='bbox 438 2326 612 2358; x_wconf 77' lang='lat' dir='ltr'>Philosophus</span> <span class='ocrx_word' id='word_1_328' title='bbox 631 2325 704 2350; x_wconf 80' lang='lat' dir='ltr'>dicit.</span> <span class='ocrx_word' id='word_1_329' title='bbox 721 2339 740 2344; x_wconf 99' lang='lat'><em>-</em></span> <span class='ocrx_word' id='word_1_330' title='bbox 757 2325 829 2358; x_wconf 80' lang='lat' dir='ltr'>quod</span> <span class='ocrx_word' id='word_1_331' title='bbox 852 2325 950 2349; x_wconf 88' lang='lat' dir='ltr'>addunt</span> <span class='ocrx_word' id='word_1_332' title='bbox 967 2324 1098 2357; x_wconf 83' lang='lat' dir='ltr'>ABEFpK</span> <span class='ocrx_word' id='word_1_333' title='bbox 1118 2329 1144 2348; x_wconf 89' lang='lat' dir='ltr'>et</span> <span class='ocrx_word' id='word_1_334' title='bbox 1162 2331 1179 2348; x_wconf 86' lang='lat' dir='ltr'>a</span> <span class='ocrx_word' id='word_1_335' title='bbox 1203 2328 1228 2347; x_wconf 88' lang='lat' dir='ltr'>et</span> <span class='ocrx_word' id='word_1_336' title='bbox 1251 2324 1351 2347; x_wconf 86' lang='lat' dir='ltr'>omisso</span> 
     </span>
     <span class='ocr_line' id='line_1_44' title="bbox 286 2362 570 2388; baseline -0.007 0"><span class='ocrx_word' id='word_1_337' title='bbox 286 2366 316 2388; x_wconf 71' lang='lat' dir='ltr'>ut</span> <span class='ocrx_word' id='word_1_338' title='bbox 333 2362 477 2388; x_wconf 83' lang='lat' dir='ltr'>DGHILsC</span> <span class='ocrx_word' id='word_1_339' title='bbox 496 2367 521 2386; x_wconf 87' lang='lat' dir='ltr'>et</span> <span class='ocrx_word' id='word_1_340' title='bbox 543 2369 570 2386; x_wconf 76' lang='lat' dir='ltr'>x.</span> 
     </span>
    </p>
   </div>
   <div class='ocr_carea' id='block_1_11' title="bbox 258 2517 1354 3352">
    <p class='ocr_par' dir='ltr' id='par_1_15' title="bbox 286 2517 1354 2772">
     <span class='ocr_line' id='line_1_45' title="bbox 317 2517 1352 2559; baseline -0.004 -9"><span class='ocrx_word' id='word_1_341' title='bbox 317 2530 338 2550; x_wconf 76' lang='lat' dir='ltr'>N</span> <span class='ocrx_word' id='word_1_342' title='bbox 351 2519 484 2550; x_wconf 84' lang='lat' dir='ltr'>articulo</span> <span class='ocrx_word' id='word_1_343' title='bbox 497 2519 589 2550; x_wconf 92' lang='lat' dir='ltr'>tertio</span> <span class='ocrx_word' id='word_1_344' title='bbox 603 2525 633 2549; x_wconf 91' lang='lat' dir='ltr'>et</span> <span class='ocrx_word' id='word_1_345' title='bbox 645 2525 758 2559; x_wconf 90' lang='lat' dir='ltr'>quarto</span> <span class='ocrx_word' id='word_1_346' title='bbox 772 2518 867 2548; x_wconf 89' lang='lat' dir='ltr'>simul</span> <span class='ocrx_word' id='word_1_347' title='bbox 879 2517 1014 2548; x_wconf 92' lang='lat' dir='ltr'>dubium</span> <span class='ocrx_word' id='word_1_348' title='bbox 1027 2517 1172 2552; x_wconf 91' lang='lat' dir='ltr'>occurrit,</span> <span class='ocrx_word' id='word_1_349' title='bbox 1185 2517 1352 2557; x_wconf 92' lang='lat' dir='ltr'>quomodo</span> 
     </span>
     <span class='ocr_line' id='line_1_46' title="bbox 290 2531 1352 2605; baseline -0.003 -12"><span class='ocrx_word' id='word_1_350' title='bbox 290 2531 367 2595; x_wconf 82' lang='lat' dir='ltr'>Iius</span> <span class='ocrx_word' id='word_1_351' title='bbox 391 2570 559 2605; x_wconf 86' lang='lat' dir='ltr'>paternum</span> <span class='ocrx_word' id='word_1_352' title='bbox 583 2563 697 2593; x_wconf 91' lang='lat' dir='ltr'>dicitur</span> <span class='ocrx_word' id='word_1_353' title='bbox 719 2562 840 2593; x_wconf 88' lang='lat' dir='ltr'>iustum</span> <span class='ocrx_word' id='word_1_354' title='bbox 864 2572 919 2602; x_wconf 89' lang='lat' dir='ltr'>per</span> <span class='ocrx_word' id='word_1_355' title='bbox 940 2561 1099 2592; x_wconf 87' lang='lat' dir='ltr'>defectum</span> <span class='ocrx_word' id='word_1_356' title='bbox 1123 2572 1140 2591; x_wconf 89' lang='lat' dir='ltr'>a</span> <span class='ocrx_word' id='word_1_357' title='bbox 1160 2561 1244 2591; x_wconf 91' lang='lat' dir='ltr'>iusto</span> <span class='ocrx_word' id='word_1_358' title='bbox 1276 2561 1352 2590; x_wconf 90' lang='lat' dir='ltr'>sim-</span> 
     </span>
     <span class='ocr_line' id='line_1_47' title="bbox 288 2605 1354 2651; baseline -0.005 -12"><span class='ocrx_word' id='word_1_359' title='bbox 288 2608 420 2648; x_wconf 87' lang='lat' dir='ltr'>pliciter,</span> <span class='ocrx_word' id='word_1_360' title='bbox 437 2614 474 2638; x_wconf 93' lang='lat' dir='ltr'>ut</span> <span class='ocrx_word' id='word_1_361' title='bbox 488 2608 522 2638; x_wconf 90' lang='lat' dir='ltr'>in</span> <span class='ocrx_word' id='word_1_362' title='bbox 538 2614 640 2651; x_wconf 53' lang='lat' dir='ltr'>art.&#39;4,</span> <span class='ocrx_word' id='word_1_363' title='bbox 657 2607 690 2637; x_wconf 93' lang='lat' dir='ltr'>in</span> <span class='ocrx_word' id='word_1_364' title='bbox 710 2617 791 2647; x_wconf 89' lang='lat' dir='ltr'>resp.</span> <span class='ocrx_word' id='word_1_365' title='bbox 809 2607 848 2636; x_wconf 88' lang='lat' dir='ltr'>ad</span> <span class='ocrx_word' id='word_1_366' title='bbox 864 2607 932 2642; x_wconf 69' lang='lat' dir='ltr'>ult„</span> <span class='ocrx_word' id='word_1_367' title='bbox 950 2606 1079 2636; x_wconf 86' lang='lat' dir='ltr'>dicitur:</span> <span class='ocrx_word' id='word_1_368' title='bbox 1104 2612 1135 2636; x_wconf 91' lang='lat' dir='ltr'>et</span> <span class='ocrx_word' id='word_1_369' title='bbox 1150 2611 1257 2635; x_wconf 87' lang='lat' dir='ltr'>tamen</span> <span class='ocrx_word' id='word_1_370' title='bbox 1273 2605 1354 2635; x_wconf 91' lang='lat' dir='ltr'>inter</span> 
     </span>
     <span class='ocr_line' id='line_1_48' title="bbox 286 2649 1353 2693; baseline -0.004 -10"><span class='ocrx_word' id='word_1_371' title='bbox 286 2659 408 2693; x_wconf 77' lang='lat' dir='ltr'>patrem</span> <span class='ocrx_word' id='word_1_372' title='bbox 433 2658 464 2683; x_wconf 90' lang='lat' dir='ltr'>et</span> <span class='ocrx_word' id='word_1_373' title='bbox 485 2651 588 2682; x_wconf 90' lang='lat' dir='ltr'>filium</span> <span class='ocrx_word' id='word_1_374' title='bbox 613 2658 659 2682; x_wconf 90' lang='lat' dir='ltr'>est</span> <span class='ocrx_word' id='word_1_375' title='bbox 680 2651 730 2681; x_wconf 93' lang='lat' dir='ltr'>ius</span> <span class='ocrx_word' id='word_1_376' title='bbox 754 2651 904 2687; x_wconf 80' lang='lat' dir='ltr'>naturale,</span> <span class='ocrx_word' id='word_1_377' title='bbox 922 2657 958 2681; x_wconf 92' lang='lat' dir='ltr'>ut</span> <span class='ocrx_word' id='word_1_378' title='bbox 980 2650 1013 2680; x_wconf 88' lang='lat' dir='ltr'>in</span> <span class='ocrx_word' id='word_1_379' title='bbox 1036 2656 1093 2680; x_wconf 90' lang='lat' dir='ltr'>art.</span> <span class='ocrx_word' id='word_1_380' title='bbox 1110 2651 1125 2680; x_wconf 86' lang='lat'>3</span> <span class='ocrx_word' id='word_1_381' title='bbox 1152 2649 1281 2685; x_wconf 89' lang='lat' dir='ltr'>dicitur;</span> <span class='ocrx_word' id='word_1_382' title='bbox 1303 2649 1353 2679; x_wconf 89' lang='lat' dir='ltr'>ius</span> 
     </span>
     <span class='ocr_line' id='line_1_49' title="bbox 287 2693 1352 2736; baseline -0.004 -9"><span class='ocrx_word' id='word_1_383' title='bbox 287 2696 373 2728; x_wconf 86' lang='lat' dir='ltr'>enim</span> <span class='ocrx_word' id='word_1_384' title='bbox 396 2696 537 2727; x_wconf 85' lang='lat' dir='ltr'>naturale</span> <span class='ocrx_word' id='word_1_385' title='bbox 560 2695 655 2736; x_wconf 84' lang='lat' dir='ltr'>exigit</span> <span class='ocrx_word' id='word_1_386' title='bbox 676 2696 766 2736; x_wconf 91' lang='lat' dir='ltr'>quod</span> <span class='ocrx_word' id='word_1_387' title='bbox 788 2701 876 2735; x_wconf 86' lang='lat' dir='ltr'>pater</span> <span class='ocrx_word' id='word_1_388' title='bbox 899 2694 1016 2725; x_wconf 86' lang='lat' dir='ltr'>nutriat</span> <span class='ocrx_word' id='word_1_389' title='bbox 1038 2693 1151 2725; x_wconf 90' lang='lat' dir='ltr'>filium.</span> <span class='ocrx_word' id='word_1_390' title='bbox 1176 2694 1352 2731; x_wconf 90' lang='lat' dir='ltr'>Quomodo</span> 
     </span>
     <span class='ocr_line' id='line_1_50' title="bbox 288 2738 608 2772; baseline -0.006 0"><span class='ocrx_word' id='word_1_391' title='bbox 288 2747 372 2772; x_wconf 82' lang='lat' dir='ltr'>stant</span> <span class='ocrx_word' id='word_1_392' title='bbox 393 2740 470 2771; x_wconf 84' lang='lat' dir='ltr'>haec</span> <span class='ocrx_word' id='word_1_393' title='bbox 493 2738 608 2771; x_wconf 89' lang='lat' dir='ltr'>simul?</span> 
     </span>
    </p>

    <p class='ocr_par' dir='ltr' id='par_1_16' title="bbox 287 2781 1354 3174">
     <span class='ocr_line' id='line_1_51' title="bbox 343 2781 1352 2824; baseline -0.004 -9"><span class='ocrx_word' id='word_1_394' title='bbox 343 2784 395 2815; x_wconf 82' lang='lat' dir='ltr'>Ad</span> <span class='ocrx_word' id='word_1_395' title='bbox 417 2784 479 2815; x_wconf 92' lang='lat' dir='ltr'>hoc</span> <span class='ocrx_word' id='word_1_396' title='bbox 495 2784 609 2815; x_wconf 90' lang='lat' dir='ltr'>dicitur</span> <span class='ocrx_word' id='word_1_397' title='bbox 623 2784 712 2824; x_wconf 91' lang='lat' dir='ltr'>quod</span> <span class='ocrx_word' id='word_1_398' title='bbox 733 2783 1008 2824; x_wconf 89' lang='lat' dir='ltr'>quemadmodum</span> <span class='ocrx_word' id='word_1_399' title='bbox 1029 2783 1079 2813; x_wconf 90' lang='lat' dir='ltr'>ius</span> <span class='ocrx_word' id='word_1_400' title='bbox 1101 2781 1305 2821; x_wconf 84' lang='lat' dir='ltr'>distinguitur</span> <span class='ocrx_word' id='word_1_401' title='bbox 1319 2781 1352 2811; x_wconf 93' lang='lat' dir='ltr'>in</span> 
     </span>
     <span class='ocr_line' id='line_1_52' title="bbox 288 2825 1353 2868; baseline -0.004 -9"><span class='ocrx_word' id='word_1_402' title='bbox 288 2828 338 2859; x_wconf 86' lang='lat' dir='ltr'>ius</span> <span class='ocrx_word' id='word_1_403' title='bbox 361 2828 545 2868; x_wconf 87' lang='lat' dir='ltr'>simpliciter</span> <span class='ocrx_word' id='word_1_404' title='bbox 568 2835 598 2858; x_wconf 89' lang='lat' dir='ltr'>et</span> <span class='ocrx_word' id='word_1_405' title='bbox 620 2828 797 2859; x_wconf 89' lang='lat' dir='ltr'>secundum</span> <span class='ocrx_word' id='word_1_406' title='bbox 821 2827 914 2868; x_wconf 92' lang='lat' dir='ltr'>quid,</span> <span class='ocrx_word' id='word_1_407' title='bbox 938 2826 982 2857; x_wconf 90' lang='lat' dir='ltr'>ita</span> <span class='ocrx_word' id='word_1_408' title='bbox 1004 2827 1054 2857; x_wconf 91' lang='lat' dir='ltr'>ius</span> <span class='ocrx_word' id='word_1_409' title='bbox 1077 2827 1220 2857; x_wconf 87' lang='lat' dir='ltr'>naturale</span> <span class='ocrx_word' id='word_1_410' title='bbox 1244 2825 1353 2856; x_wconf 89' lang='lat' dir='ltr'>distin-</span> 
     </span>
     <span class='ocr_line' id='line_1_53' title="bbox 287 2869 1354 2912; baseline -0.002 -9"><span class='ocrx_word' id='word_1_411' title='bbox 287 2873 453 2912; x_wconf 78' lang='lat' dir='ltr'>guendum</span> <span class='ocrx_word' id='word_1_412' title='bbox 469 2878 516 2903; x_wconf 89' lang='lat' dir='ltr'>est</span> <span class='ocrx_word' id='word_1_413' title='bbox 533 2872 566 2902; x_wconf 88' lang='lat' dir='ltr'>in</span> <span class='ocrx_word' id='word_1_414' title='bbox 581 2872 724 2902; x_wconf 88' lang='lat' dir='ltr'>naturale</span> <span class='ocrx_word' id='word_1_415' title='bbox 742 2872 791 2902; x_wconf 91' lang='lat' dir='ltr'>ius</span> <span class='ocrx_word' id='word_1_416' title='bbox 811 2871 1003 2911; x_wconf 89' lang='lat' dir='ltr'>simpliciter,</span> <span class='ocrx_word' id='word_1_417' title='bbox 1021 2878 1051 2901; x_wconf 92' lang='lat' dir='ltr'>et</span> <span class='ocrx_word' id='word_1_418' title='bbox 1069 2871 1246 2901; x_wconf 88' lang='lat' dir='ltr'>secundum</span> <span class='ocrx_word' id='word_1_419' title='bbox 1265 2869 1354 2910; x_wconf 84' lang='lat' dir='ltr'>quid.</span> 
     </span>
     <span class='ocr_line' id='line_1_54' title="bbox 289 2913 1353 2955; baseline -0.003 -8"><span class='ocrx_word' id='word_1_420' title='bbox 289 2916 466 2948; x_wconf 90' lang='lat' dir='ltr'>Comedere</span> <span class='ocrx_word' id='word_1_421' title='bbox 489 2916 576 2946; x_wconf 87' lang='lat' dir='ltr'>enirn</span> <span class='ocrx_word' id='word_1_422' title='bbox 598 2922 629 2946; x_wconf 90' lang='lat' dir='ltr'>et</span> <span class='ocrx_word' id='word_1_423' title='bbox 650 2915 756 2946; x_wconf 88' lang='lat' dir='ltr'>bibere</span> <span class='ocrx_word' id='word_1_424' title='bbox 779 2922 810 2946; x_wconf 90' lang='lat' dir='ltr'>et</span> <span class='ocrx_word' id='word_1_425' title='bbox 833 2924 1015 2946; x_wconf 88' lang='lat' dir='ltr'>conservare</span> <span class='ocrx_word' id='word_1_426' title='bbox 1039 2914 1180 2955; x_wconf 88' lang='lat' dir='ltr'>seipsum</span> <span class='ocrx_word' id='word_1_427' title='bbox 1203 2913 1353 2944; x_wconf 84' lang='lat' dir='ltr'>naturalis</span> 
     </span>
     <span class='ocr_line' id='line_1_55' title="bbox 287 2957 1352 2999; baseline -0.002 -9"><span class='ocrx_word' id='word_1_428' title='bbox 287 2960 365 2992; x_wconf 91' lang='lat' dir='ltr'>iuris</span> <span class='ocrx_word' id='word_1_429' title='bbox 388 2967 435 2991; x_wconf 89' lang='lat' dir='ltr'>est</span> <span class='ocrx_word' id='word_1_430' title='bbox 457 2970 523 2990; x_wconf 90' lang='lat' dir='ltr'>non</span> <span class='ocrx_word' id='word_1_431' title='bbox 546 2959 746 2999; x_wconf 88' lang='lat' dir='ltr'>simpliciter,</span> <span class='ocrx_word' id='word_1_432' title='bbox 771 2959 826 2989; x_wconf 92' lang='lat' dir='ltr'>sed</span> <span class='ocrx_word' id='word_1_433' title='bbox 850 2959 1026 2990; x_wconf 91' lang='lat' dir='ltr'>secundum</span> <span class='ocrx_word' id='word_1_434' title='bbox 1050 2958 1144 2998; x_wconf 89' lang='lat' dir='ltr'>quid:</span> <span class='ocrx_word' id='word_1_435' title='bbox 1173 2958 1249 2998; x_wconf 85' lang='lat' dir='ltr'>quia</span> <span class='ocrx_word' id='word_1_436' title='bbox 1272 2957 1352 2988; x_wconf 84' lang='lat' dir='ltr'>eius-</span> 
     </span>
     <span class='ocr_line' id='line_1_56' title="bbox 288 3001 1352 3044; baseline -0.004 -9"><span class='ocrx_word' id='word_1_437' title='bbox 288 3005 363 3035; x_wconf 89' lang='lat' dir='ltr'>dem</span> <span class='ocrx_word' id='word_1_438' title='bbox 386 3004 426 3034; x_wconf 87' lang='lat' dir='ltr'>ad</span> <span class='ocrx_word' id='word_1_439' title='bbox 449 3004 590 3044; x_wconf 90' lang='lat' dir='ltr'>seipsum</span> <span class='ocrx_word' id='word_1_440' title='bbox 606 3013 672 3033; x_wconf 90' lang='lat' dir='ltr'>non</span> <span class='ocrx_word' id='word_1_441' title='bbox 697 3010 743 3034; x_wconf 91' lang='lat' dir='ltr'>est</span> <span class='ocrx_word' id='word_1_442' title='bbox 758 3003 885 3043; x_wconf 87' lang='lat' dir='ltr'>proprie</span> <span class='ocrx_word' id='word_1_443' title='bbox 908 3003 968 3038; x_wconf 89' lang='lat' dir='ltr'>ius,</span> <span class='ocrx_word' id='word_1_444' title='bbox 985 3002 1139 3043; x_wconf 86' lang='lat' dir='ltr'>quoniam</span> <span class='ocrx_word' id='word_1_445' title='bbox 1162 3002 1200 3032; x_wconf 88' lang='lat' dir='ltr'>ad</span> <span class='ocrx_word' id='word_1_446' title='bbox 1218 3001 1352 3032; x_wconf 87' lang='lat' dir='ltr'>alterum</span> 
     </span>
     <span class='ocr_line' id='line_1_57' title="bbox 288 3044 1351 3090; baseline -0.004 -11"><span class='ocrx_word' id='word_1_447' title='bbox 288 3048 415 3090; x_wconf 90' lang='lat' dir='ltr'>proprie</span> <span class='ocrx_word' id='word_1_448' title='bbox 440 3054 495 3079; x_wconf 89' lang='lat' dir='ltr'>est.</span> <span class='ocrx_word' id='word_1_449' title='bbox 528 3048 569 3079; x_wconf 89' lang='lat' dir='ltr'>Et</span> <span class='ocrx_word' id='word_1_450' title='bbox 592 3047 694 3078; x_wconf 91' lang='lat' dir='ltr'>simile</span> <span class='ocrx_word' id='word_1_451' title='bbox 724 3053 771 3077; x_wconf 93' lang='lat' dir='ltr'>est</span> <span class='ocrx_word' id='word_1_452' title='bbox 792 3047 825 3077; x_wconf 92' lang='lat' dir='ltr'>in</span> <span class='ocrx_word' id='word_1_453' title='bbox 853 3046 1020 3087; x_wconf 90' lang='lat' dir='ltr'>proposito</span> <span class='ocrx_word' id='word_1_454' title='bbox 1049 3046 1087 3076; x_wconf 92' lang='lat' dir='ltr'>de</span> <span class='ocrx_word' id='word_1_455' title='bbox 1111 3052 1197 3086; x_wconf 88' lang='lat' dir='ltr'>patre</span> <span class='ocrx_word' id='word_1_456' title='bbox 1221 3052 1252 3076; x_wconf 94' lang='lat' dir='ltr'>et</span> <span class='ocrx_word' id='word_1_457' title='bbox 1275 3044 1351 3076; x_wconf 92' lang='lat' dir='ltr'>filio.</span> 
     </span>
     <span class='ocr_line' id='line_1_58' title="bbox 288 3089 1351 3132; baseline -0.005 -8"><span class='ocrx_word' id='word_1_458' title='bbox 288 3093 330 3124; x_wconf 90' lang='lat' dir='ltr'>Et</span> <span class='ocrx_word' id='word_1_459' title='bbox 353 3092 431 3123; x_wconf 88' lang='lat' dir='ltr'>scito</span> <span class='ocrx_word' id='word_1_460' title='bbox 455 3093 544 3132; x_wconf 92' lang='lat' dir='ltr'>quod</span> <span class='ocrx_word' id='word_1_461' title='bbox 575 3102 649 3122; x_wconf 90' lang='lat' dir='ltr'>cum</span> <span class='ocrx_word' id='word_1_462' title='bbox 674 3091 787 3122; x_wconf 92' lang='lat' dir='ltr'>dicitur</span> <span class='ocrx_word' id='word_1_463' title='bbox 810 3091 860 3121; x_wconf 85' lang='lat' dir='ltr'>ius</span> <span class='ocrx_word' id='word_1_464' title='bbox 890 3090 1032 3121; x_wconf 88' lang='lat' dir='ltr'>naturale</span> <span class='ocrx_word' id='word_1_465' title='bbox 1060 3091 1236 3120; x_wconf 88' lang='lat' dir='ltr'>secundum</span> <span class='ocrx_word' id='word_1_466' title='bbox 1260 3089 1351 3130; x_wconf 85' lang='lat' dir='ltr'>quid,</span> 
     </span>
     <span class='ocr_line' id='line_1_59' title="bbox 289 3133 1354 3174; baseline -0.004 -6"><span class='ocrx_word' id='word_1_467' title='bbox 289 3147 345 3168; x_wconf 90' lang='lat' dir='ltr'>seu</span> <span class='ocrx_word' id='word_1_468' title='bbox 361 3136 519 3173; x_wconf 87' lang='lat' dir='ltr'>deficiens,</span> <span class='ocrx_word' id='word_1_469' title='bbox 535 3146 591 3167; x_wconf 88' lang='lat' dir='ltr'>seu</span> <span class='ocrx_word' id='word_1_470' title='bbox 607 3135 910 3171; x_wconf 75' lang='lat' dir='ltr'>similitudinariam,</span> <span class='ocrx_word' id='word_1_471' title='bbox 927 3134 1006 3165; x_wconf 91' lang='lat' dir='ltr'>nihil</span> <span class='ocrx_word' id='word_1_472' title='bbox 1028 3134 1146 3165; x_wconf 89' lang='lat' dir='ltr'>horum</span> <span class='ocrx_word' id='word_1_473' title='bbox 1161 3133 1243 3165; x_wconf 88' lang='lat' dir='ltr'>cadit</span> <span class='ocrx_word' id='word_1_474' title='bbox 1258 3143 1354 3174; x_wconf 89' lang='lat' dir='ltr'>supra</span> 
     </span>
    </p>

    <p class='ocr_par' dir='ltr' id='par_1_17' title="bbox 258 3178 1354 3352">
     <span class='ocr_line' id='line_1_60' title="bbox 258 3178 1352 3222; baseline -0.004 -10"><span class='ocrx_word' id='word_1_475' title='bbox 258 3192 261 3195; x_wconf 95' lang='lat'>·</span> <span class='ocrx_word' id='word_1_476' title='bbox 287 3181 321 3222; x_wconf 88' lang='lat' dir='ltr'>ly</span> <span class='ocrx_word' id='word_1_477' title='bbox 345 3181 507 3219; x_wconf 84' lang='lat' dir='ltr'>naturale,</span> <span class='ocrx_word' id='word_1_478' title='bbox 526 3181 583 3211; x_wconf 88' lang='lat' dir='ltr'>sed</span> <span class='ocrx_word' id='word_1_479' title='bbox 605 3190 700 3220; x_wconf 84' lang='lat' dir='ltr'>supra</span> <span class='ocrx_word' id='word_1_480' title='bbox 722 3180 755 3221; x_wconf 91' lang='lat' dir='ltr'>ly</span> <span class='ocrx_word' id='word_1_481' title='bbox 779 3181 838 3210; x_wconf 86' lang='lat' dir='ltr'>ius.</span> <span class='ocrx_word' id='word_1_482' title='bbox 875 3179 920 3210; x_wconf 91' lang='lat' dir='ltr'>Ita</span> <span class='ocrx_word' id='word_1_483' title='bbox 943 3179 1033 3220; x_wconf 92' lang='lat' dir='ltr'>quod</span> <span class='ocrx_word' id='word_1_484' title='bbox 1055 3179 1115 3215; x_wconf 90' lang='lat' dir='ltr'>ius,</span> <span class='ocrx_word' id='word_1_485' title='bbox 1141 3189 1196 3209; x_wconf 90' lang='lat' dir='ltr'>seu</span> <span class='ocrx_word' id='word_1_486' title='bbox 1219 3178 1352 3216; x_wconf 83' lang='lat' dir='ltr'>iustum,</span> 
     </span>
     <span class='ocr_line' id='line_1_61' title="bbox 258 3222 1354 3268; baseline -0.004 -12"><span class='ocrx_word' id='word_1_487' title='bbox 258 3262 262 3268; x_wconf 71' lang='lat'>,</span> <span class='ocrx_word' id='word_1_488' title='bbox 288 3231 335 3256; x_wconf 85' lang='lat' dir='ltr'>est</span> <span class='ocrx_word' id='word_1_489' title='bbox 364 3225 542 3256; x_wconf 88' lang='lat' dir='ltr'>secundum</span> <span class='ocrx_word' id='word_1_490' title='bbox 571 3225 666 3265; x_wconf 91' lang='lat' dir='ltr'>quid,</span> <span class='ocrx_word' id='word_1_491' title='bbox 690 3224 765 3265; x_wconf 90' lang='lat' dir='ltr'>quia</span> <span class='ocrx_word' id='word_1_492' title='bbox 794 3223 874 3254; x_wconf 86' lang='lat' dir='ltr'>ratio</span> <span class='ocrx_word' id='word_1_493' title='bbox 903 3223 979 3254; x_wconf 90' lang='lat' dir='ltr'>iuris</span> <span class='ocrx_word' id='word_1_494' title='bbox 1010 3223 1148 3254; x_wconf 90' lang='lat' dir='ltr'>salvatur</span> <span class='ocrx_word' id='word_1_495' title='bbox 1177 3222 1354 3253; x_wconf 90' lang='lat' dir='ltr'>secundum</span> 
     </span>
     <span class='ocr_line' id='line_1_62' title="bbox 288 3266 1353 3310; baseline -0.003 -10"><span class='ocrx_word' id='word_1_496' title='bbox 288 3269 420 3310; x_wconf 83' lang='lat' dir='ltr'>aliquid,</span> <span class='ocrx_word' id='word_1_497' title='bbox 436 3276 467 3300; x_wconf 91' lang='lat' dir='ltr'>et</span> <span class='ocrx_word' id='word_1_498' title='bbox 488 3279 554 3299; x_wconf 91' lang='lat' dir='ltr'>non</span> <span class='ocrx_word' id='word_1_499' title='bbox 571 3268 722 3309; x_wconf 84' lang='lat' dir='ltr'>perfecte:</span> <span class='ocrx_word' id='word_1_500' title='bbox 747 3268 827 3298; x_wconf 88' lang='lat' dir='ltr'>ratio</span> <span class='ocrx_word' id='word_1_501' title='bbox 849 3274 956 3298; x_wconf 83' lang='lat' dir='ltr'>autem</span> <span class='ocrx_word' id='word_1_502' title='bbox 971 3267 1176 3298; x_wconf 81' lang='lat' dir='ltr'>naturalitatis</span> <span class='ocrx_word' id='word_1_503' title='bbox 1195 3266 1353 3307; x_wconf 85' lang='lat' dir='ltr'>perfectis-</span> 
     </span>
     <span class='ocr_line' id='line_1_63' title="bbox 288 3310 1354 3352; baseline -0.004 -8"><span class='ocrx_word' id='word_1_504' title='bbox 288 3313 368 3344; x_wconf 78' lang='lat' dir='ltr'>sime</span> <span class='ocrx_word' id='word_1_505' title='bbox 387 3313 525 3344; x_wconf 86' lang='lat' dir='ltr'>salvatur</span> <span class='ocrx_word' id='word_1_506' title='bbox 546 3313 579 3343; x_wconf 91' lang='lat' dir='ltr'>in</span> <span class='ocrx_word' id='word_1_507' title='bbox 603 3312 754 3343; x_wconf 88' lang='lat' dir='ltr'>omnibus</span> <span class='ocrx_word' id='word_1_508' title='bbox 777 3311 854 3343; x_wconf 88' lang='lat' dir='ltr'>istis.</span> <span class='ocrx_word' id='word_1_509' title='bbox 878 3311 919 3342; x_wconf 94' lang='lat' dir='ltr'>Et</span> <span class='ocrx_word' id='word_1_510' title='bbox 934 3318 1111 3352; x_wconf 87' lang='lat' dir='ltr'>propterea,</span> <span class='ocrx_word' id='word_1_511' title='bbox 1136 3321 1195 3352; x_wconf 90' lang='lat' dir='ltr'>pro</span> <span class='ocrx_word' id='word_1_512' title='bbox 1216 3310 1354 3341; x_wconf 85' lang='lat' dir='ltr'>claritate</span> 
     </span>
    </p>
   </div>
   <div class='ocr_carea' id='block_1_12' title="bbox 288 3399 1355 3575">
    <p class='ocr_par' dir='ltr' id='par_1_18' title="bbox 288 3399 1355 3486">
     <span class='ocr_line' id='line_1_64' title="bbox 288 3399 1355 3442; baseline -0.004 -9"><span class='ocrx_word' id='word_1_513' title='bbox 288 3409 399 3442; x_wconf 84' lang='lat' dir='ltr'>postea</span> <span class='ocrx_word' id='word_1_514' title='bbox 429 3402 543 3432; x_wconf 85' lang='lat' dir='ltr'>addere</span> <span class='ocrx_word' id='word_1_515' title='bbox 574 3401 734 3431; x_wconf 85' lang='lat' dir='ltr'>naturale.</span> <span class='ocrx_word' id='word_1_516' title='bbox 773 3401 847 3431; x_wconf 92' lang='lat' dir='ltr'>Non</span> <span class='ocrx_word' id='word_1_517' title='bbox 876 3401 1002 3431; x_wconf 81' lang='lat' dir='ltr'>obstant</span> <span class='ocrx_word' id='word_1_518' title='bbox 1025 3410 1100 3440; x_wconf 88' lang='lat' dir='ltr'>ergo</span> <span class='ocrx_word' id='word_1_519' title='bbox 1129 3399 1250 3431; x_wconf 80' lang='lat' dir='ltr'>articuli</span> <span class='ocrx_word' id='word_1_520' title='bbox 1273 3399 1355 3429; x_wconf 92' lang='lat' dir='ltr'>tertii</span> 
     </span>
     <span class='ocr_line' id='line_1_65' title="bbox 288 3445 680 3486; baseline -0.005 -10"><span class='ocrx_word' id='word_1_521' title='bbox 288 3446 382 3477; x_wconf 83' lang='lat' dir='ltr'>verba</span> <span class='ocrx_word' id='word_1_522' title='bbox 405 3445 537 3477; x_wconf 84' lang='lat' dir='ltr'>articulo</span> <span class='ocrx_word' id='word_1_523' title='bbox 556 3451 680 3486; x_wconf 87' lang='lat' dir='ltr'>quarto.</span> 
     </span>
    </p>

    <p class='ocr_par' dir='ltr' id='par_1_19' title="bbox 289 3487 1354 3575">
     <span class='ocr_line' id='line_1_66' title="bbox 344 3487 1354 3529; baseline -0.004 -8"><span class='ocrx_word' id='word_1_524' title='bbox 344 3489 382 3521; x_wconf 88' lang='grc' dir='ltr'>ΙΙ.</span> <span class='ocrx_word' id='word_1_525' title='bbox 399 3490 434 3520; x_wconf 89' lang='lat' dir='ltr'>In</span> <span class='ocrx_word' id='word_1_526' title='bbox 451 3490 566 3520; x_wconf 88' lang='lat' dir='ltr'>eodem</span> <span class='ocrx_word' id='word_1_527' title='bbox 585 3488 717 3519; x_wconf 88' lang='lat' dir='ltr'>articulo</span> <span class='ocrx_word' id='word_1_528' title='bbox 738 3494 851 3529; x_wconf 81' lang='lat' dir='ltr'>quarto</span> <span class='ocrx_word' id='word_1_529' title='bbox 883 3488 1018 3519; x_wconf 85' lang='lat' dir='ltr'>dubium</span> <span class='ocrx_word' id='word_1_530' title='bbox 1039 3487 1174 3518; x_wconf 90' lang='lat' dir='ltr'>occurrit</span> <span class='ocrx_word' id='word_1_531' title='bbox 1193 3487 1274 3518; x_wconf 85' lang='lat' dir='ltr'>circa</span> <span class='ocrx_word' id='word_1_532' title='bbox 1293 3487 1354 3518; x_wconf 93' lang='lat' dir='ltr'>hoc</span> 
     </span>
     <span class='ocr_line' id='line_1_67' title="bbox 289 3531 1353 3575; baseline -0.004 -10"><span class='ocrx_word' id='word_1_533' title='bbox 289 3534 378 3575; x_wconf 87' lang='lat' dir='ltr'>quod</span> <span class='ocrx_word' id='word_1_534' title='bbox 401 3534 520 3565; x_wconf 89' lang='lat' dir='ltr'>iustum</span> <span class='ocrx_word' id='word_1_535' title='bbox 545 3540 714 3573; x_wconf 87' lang='lat' dir='ltr'>paternum</span> <span class='ocrx_word' id='word_1_536' title='bbox 738 3532 860 3563; x_wconf 88' lang='lat' dir='ltr'>dicatur</span> <span class='ocrx_word' id='word_1_537' title='bbox 883 3542 939 3571; x_wconf 89' lang='lat' dir='ltr'>per</span> <span class='ocrx_word' id='word_1_538' title='bbox 962 3531 1122 3574; x_wconf 67' lang='lat' dir='ltr'>defectum</span> <span class='ocrx_word' id='word_1_539' title='bbox 1146 3542 1164 3561; x_wconf 91' lang='lat' dir='ltr'>a</span> <span class='ocrx_word' id='word_1_540' title='bbox 1186 3531 1253 3562; x_wconf 90' lang='lat' dir='ltr'>iure</span> <span class='ocrx_word' id='word_1_541' title='bbox 1277 3531 1353 3561; x_wconf 90' lang='lat' dir='ltr'>sim-</span> 
     </span>
    </p>
   </div>
   <div class='ocr_carea' id='block_1_13' title="bbox 44 3619 1354 3663">
    <p class='ocr_par' dir='ltr' id='par_1_20' title="bbox 44 3619 1354 3663">
     <span class='ocr_line' id='line_1_68' title="bbox 44 3619 1354 3663; baseline -0.003 -10"><span class='ocrx_word' id='word_1_542' title='bbox 44 3623 107 3646; x_wconf 81' lang='grc' dir='ltr'>-Τ</span> <span class='ocrx_word' id='word_1_543' title='bbox 125 3640 132 3646; x_wconf 90' lang='grc'><strong>-</strong></span> <span class='ocrx_word' id='word_1_544' title='bbox 147 3626 198 3648; x_wconf 72' lang='lat' dir='ltr'>&#39;ect-</span> <span class='ocrx_word' id='word_1_545' title='bbox 213 3631 229 3647; x_wconf 87' lang='lat'>¹·</span> <span class='ocrx_word' id='word_1_546' title='bbox 289 3621 426 3662; x_wconf 86' lang='lat' dir='ltr'>pliciter;</span> <span class='ocrx_word' id='word_1_547' title='bbox 449 3632 523 3663; x_wconf 84' lang='lat' dir='ltr'>ergo</span> <span class='ocrx_word' id='word_1_548' title='bbox 544 3629 575 3653; x_wconf 89' lang='lat' dir='ltr'>et</span> <span class='ocrx_word' id='word_1_549' title='bbox 594 3622 729 3652; x_wconf 86' lang='lat' dir='ltr'>iustum:</span> <span class='ocrx_word' id='word_1_550' title='bbox 747 3620 911 3662; x_wconf 82' lang='lat' dir='ltr'>quoniam,</span> <span class='ocrx_word' id='word_1_551' title='bbox 929 3627 964 3651; x_wconf 91' lang='lat' dir='ltr'>ut</span> <span class='ocrx_word' id='word_1_552' title='bbox 986 3620 1018 3650; x_wconf 91' lang='lat' dir='ltr'>in</span> <span class='ocrx_word' id='word_1_553' title='bbox 1034 3620 1063 3650; x_wconf 93' lang='lat' dir='ltr'>V</span> <span class='ocrx_word' id='word_1_554' title='bbox 1077 3620 1179 3650; x_wconf 86' lang='lat' dir='ltr'>Ethic.</span> <span class='ocrx_word' id='word_1_555' title='bbox 1197 3620 1213 3639; x_wconf 78' lang='lat'>&#39;¹‘</span> <span class='ocrx_word' id='word_1_556' title='bbox 1233 3619 1354 3656; x_wconf 88' lang='lat' dir='ltr'>dicitur,</span> 
     </span>
    </p>
   </div>
   <div class='ocr_carea' id='block_1_14' title="bbox 1367 413 1372 1239">
    <p class='ocr_par' dir='ltr' id='par_1_21' title="bbox 1367 413 1372 1239">
     <span class='ocr_line' id='line_1_69' title="bbox 1367 413 1372 1239; baseline 0 0"><span class='ocrx_word' id='word_1_557' title='bbox 1367 413 1372 1239; x_wconf 95' lang='lat' dir='ltr'> </span> 
     </span>
    </p>
   </div>
   <div class='ocr_carea' id='block_1_15' title="bbox 1371 1613 1381 2374">
    <p class='ocr_par' dir='ltr' id='par_1_22' title="bbox 1371 1613 1381 2374">
     <span class='ocr_line' id='line_1_70' title="bbox 1371 1613 1381 2374; baseline 0 0"><span class='ocrx_word' id='word_1_558' title='bbox 1371 1613 1381 2374; x_wconf 95' lang='lat' dir='ltr'> </span> 
     </span>
    </p>
   </div>
   <div class='ocr_carea' id='block_1_16' title="bbox 289 3347 1381 3396">
    <p class='ocr_par' dir='ltr' id='par_1_23' title="bbox 289 3347 1381 3396">
     <span class='ocr_line' id='line_1_71' title="bbox 289 3347 1381 3396; baseline -0.003 -8"><span class='ocrx_word' id='word_1_559' title='bbox 289 3367 416 3395; x_wconf 85' lang='lat' dir='ltr'>sensus,</span> <span class='ocrx_word' id='word_1_560' title='bbox 441 3358 534 3388; x_wconf 92' lang='lat' dir='ltr'>debet</span> <span class='ocrx_word' id='word_1_561' title='bbox 557 3356 618 3387; x_wconf 92' lang='lat' dir='ltr'>dici</span> <span class='ocrx_word' id='word_1_562' title='bbox 642 3357 693 3387; x_wconf 81' lang='lat' dir='ltr'>ius</span> <span class='ocrx_word' id='word_1_563' title='bbox 721 3357 907 3396; x_wconf 84' lang='lat' dir='ltr'>simpliciter</span> <span class='ocrx_word' id='word_1_564' title='bbox 933 3356 983 3386; x_wconf 90' lang='lat' dir='ltr'>vel</span> <span class='ocrx_word' id='word_1_565' title='bbox 1005 3356 1181 3387; x_wconf 84' lang='lat' dir='ltr'>secundum</span> <span class='ocrx_word' id='word_1_566' title='bbox 1205 3355 1298 3396; x_wconf 82' lang='lat' dir='ltr'>quid,</span> <span class='ocrx_word' id='word_1_567' title='bbox 1325 3361 1355 3385; x_wconf 89' lang='lat' dir='ltr'>et</span> <span class='ocrx_word' id='word_1_568' title='bbox 1379 3347 1381 3359; x_wconf 77' lang='lat'>¹</span> 
     </span>
    </p>
   </div>
   <div class='ocr_carea' id='block_1_17' title="bbox 1377 2974 1383 3632">
    <p class='ocr_par' dir='ltr' id='par_1_24' title="bbox 1377 2974 1383 3632">
     <span class='ocr_line' id='line_1_72' title="bbox 1377 2974 1383 3632; baseline 0 0"><span class='ocrx_word' id='word_1_569' title='bbox 1377 2974 1383 3632; x_wconf 95' lang='lat' dir='ltr'> </span> 
     </span>
    </p>
   </div>
   <div class='ocr_carea' id='block_1_18' title="bbox 958 319 2449 378">
    <p class='ocr_par' dir='ltr' id='par_1_25' title="bbox 958 319 2449 378">
     <span class='ocr_line' id='line_1_73' title="bbox 958 319 2449 378; baseline -0.001 -21"><span class='ocrx_word' id='word_1_570' title='bbox 958 320 1224 367; x_wconf 86' lang='lat' dir='ltr'>QUAESTIO</span> <span class='ocrx_word' id='word_1_571' title='bbox 1259 321 1372 368; x_wconf 84' lang='lat' dir='ltr'>LVII,</span> <span class='ocrx_word' id='word_1_572' title='bbox 1401 320 1696 378; x_wconf 52' lang='lat' dir='ltr'>ARTICULUS</span> <span class='ocrx_word' id='word_1_573' title='bbox 1727 319 1777 356; x_wconf 93' lang='lat' dir='ltr'>lV</span> <span class='ocrx_word' id='word_1_574' title='bbox 2428 329 2449 364; x_wconf 95' lang='lat'><strong>7</strong></span> 
     </span>
    </p>
   </div>
   <div class='ocr_carea' id='block_1_19' title="bbox 340 399 1369 450">
    <p class='ocr_par' dir='ltr' id='par_1_26' title="bbox 340 399 1369 450">
     <span class='ocr_line' id='line_1_74' title="bbox 340 399 1369 450; baseline -0.004 -11"><span class='ocrx_word' id='word_1_575' title='bbox 340 403 414 439; x_wconf 76' lang='lat' dir='ltr'>SED</span> <span class='ocrx_word' id='word_1_576' title='bbox 434 413 580 438; x_wconf 79' lang='lat' dir='ltr'>CONTRA</span> <span class='ocrx_word' id='word_1_577' title='bbox 595 413 660 438; x_wconf 79' lang='lat' dir='ltr'>EST</span> <span class='ocrx_word' id='word_1_578' title='bbox 675 401 780 450; x_wconf 90' lang='lat' dir='ltr'>quod</span> <span class='ocrx_word' id='word_1_579' title='bbox 795 399 1061 447; x_wconf 83' lang='lat' dir='ltr'>Philosophus,</span> <span class='ocrx_word' id='word_1_580' title='bbox 1078 400 1116 435; x_wconf 91' lang='lat' dir='ltr'>in</span> <span class='ocrx_word' id='word_1_581' title='bbox 1130 400 1165 436; x_wconf 93' lang='lat' dir='ltr'>V</span> <span class='ocrx_word' id='word_1_582' title='bbox 1178 400 1297 436; x_wconf 87' lang='lat' dir='ltr'>Ethic.</span> <span class='ocrx_word' id='word_1_583' title='bbox 1310 399 1340 446; x_wconf 72' lang='lat'>²⁸,</span> <span class='ocrx_word' id='word_1_584' title='bbox 1367 402 1369 411; x_wconf 68' lang='lat'><strong>¹</strong></span> 
     </span>
    </p>
   </div>
   <div class='ocr_carea' id='block_1_20' title="bbox 1395 396 2690 1711">
    <p class='ocr_par' dir='ltr' id='par_1_27' title="bbox 1396 396 2690 552">
     <span class='ocr_line' id='line_1_75' title="bbox 1397 396 2690 447; baseline -0.004 -11"><span class='ocrx_word' id='word_1_585' title='bbox 1397 399 1723 444; x_wconf 83' lang='lat' dir='ltr'>communitatem,</span> <span class='ocrx_word' id='word_1_586' title='bbox 1750 406 1791 434; x_wconf 89' lang='lat' dir='ltr'>ut</span> <span class='ocrx_word' id='word_1_587' title='bbox 1817 405 1920 446; x_wconf 91' lang='lat' dir='ltr'>patet</span> <span class='ocrx_word' id='word_1_588' title='bbox 1948 397 1986 434; x_wconf 91' lang='lat' dir='ltr'>in</span> <span class='ocrx_word' id='word_1_589' title='bbox 2015 397 2154 433; x_wconf 87' lang='lat' dir='ltr'>IPolit.</span> <span class='ocrx_word' id='word_1_590' title='bbox 2174 396 2214 442; x_wconf 73' lang='grc' dir='ltr'>*ς</span> <span class='ocrx_word' id='word_1_591' title='bbox 2243 396 2328 433; x_wconf 92' lang='lat' dir='ltr'>ideo</span> <span class='ocrx_word' id='word_1_592' title='bbox 2358 396 2454 432; x_wconf 91' lang='lat' dir='ltr'>inter</span> <span class='ocrx_word' id='word_1_593' title='bbox 2480 399 2690 447; x_wconf 58' lang='lat'>{2⁰³5&#39;1}¹&#39;11¹¹.&#39;2¹.‘</span> 
     </span>
     <span class='ocr_line' id='line_1_76' title="bbox 1397 432 2690 499; baseline -0.002 -11"><span class='ocrx_word' id='word_1_594' title='bbox 1397 465 1463 488; x_wconf 90' lang='lat' dir='ltr'>eos</span> <span class='ocrx_word' id='word_1_595' title='bbox 1491 465 1570 488; x_wconf 90' lang='lat' dir='ltr'>non</span> <span class='ocrx_word' id='word_1_596' title='bbox 1598 459 1654 488; x_wconf 86' lang='lat' dir='ltr'>est</span> <span class='ocrx_word' id='word_1_597' title='bbox 1682 451 1795 488; x_wconf 92' lang='lat' dir='ltr'>etiam</span> <span class='ocrx_word' id='word_1_598' title='bbox 1823 450 2040 499; x_wconf 89' lang='lat' dir='ltr'>simpliciter</span> <span class='ocrx_word' id='word_1_599' title='bbox 2067 449 2262 498; x_wconf 90' lang='lat' dir='ltr'>politicum</span> <span class='ocrx_word' id='word_1_600' title='bbox 2292 448 2452 495; x_wconf 84' lang='lat' dir='ltr'>iustum,</span> <span class='ocrx_word' id='word_1_601' title='bbox 2481 432 2690 475; x_wconf 49' lang='lat' dir='ltr'>⁵·5f&#39;h·‘¹05¹-3¹¹¹⁴¹·</span> 
     </span>
     <span class='ocr_line' id='line_1_77' title="bbox 1396 503 2115 552; baseline -0.003 -11"><span class='ocrx_word' id='word_1_602' title='bbox 1396 505 1463 542; x_wconf 91' lang='lat' dir='ltr'>sed</span> <span class='ocrx_word' id='word_1_603' title='bbox 1491 505 1612 552; x_wconf 87' lang='lat' dir='ltr'>magis</span> <span class='ocrx_word' id='word_1_604' title='bbox 1640 505 1780 541; x_wconf 91' lang='lat' dir='ltr'>iustum</span> <span class='ocrx_word' id='word_1_605' title='bbox 1810 503 2115 540; x_wconf 89' lang='lat' dir='ltr'>oeconomicum.</span> 
     </span>
    </p>

    <p class='ocr_par' dir='ltr' id='par_1_28' title="bbox 1395 553 2457 920">
     <span class='ocr_line' id='line_1_78' title="bbox 1449 553 2453 604; baseline -0.005 -10"><span class='ocrx_word' id='word_1_606' title='bbox 1449 559 1507 593; x_wconf 84' lang='lat' dir='ltr'>An</span> <span class='ocrx_word' id='word_1_607' title='bbox 1536 569 1671 594; x_wconf 75' lang='lat' dir='ltr'><strong>PRJMUM</strong></span> <span class='ocrx_word' id='word_1_608' title='bbox 1709 568 1807 594; x_wconf 82' lang='lat' dir='ltr'>ERGO</span> <span class='ocrx_word' id='word_1_609' title='bbox 1836 567 2020 593; x_wconf 76' lang='lat' dir='ltr'>DICENDUM</span> <span class='ocrx_word' id='word_1_610' title='bbox 2057 555 2163 604; x_wconf 92' lang='lat' dir='ltr'>quod</span> <span class='ocrx_word' id='word_1_611' title='bbox 2191 555 2239 592; x_wconf 91' lang='lat' dir='ltr'>ad</span> <span class='ocrx_word' id='word_1_612' title='bbox 2275 553 2453 590; x_wconf 89' lang='lat' dir='ltr'>iustitiam</span> 
     </span>
     <span class='ocr_line' id='line_1_79' title="bbox 1395 605 2454 658; baseline -0.004 -12"><span class='ocrx_word' id='word_1_613' title='bbox 1395 610 1556 658; x_wconf 88' lang='lat' dir='ltr'>pertinet</span> <span class='ocrx_word' id='word_1_614' title='bbox 1583 610 1741 646; x_wconf 91' lang='lat' dir='ltr'>reddere</span> <span class='ocrx_word' id='word_1_615' title='bbox 1771 610 1827 646; x_wconf 91' lang='lat' dir='ltr'>ius</span> <span class='ocrx_word' id='word_1_616' title='bbox 1864 621 1976 645; x_wconf 88' lang='lat' dir='ltr'>suum</span> <span class='ocrx_word' id='word_1_617' title='bbox 2005 608 2231 655; x_wconf 89' lang='lat' dir='ltr'>unicuique,</span> <span class='ocrx_word' id='word_1_618' title='bbox 2261 605 2454 655; x_wconf 88' lang='lat' dir='ltr'>supposita</span> 
     </span>
     <span class='ocr_line' id='line_1_80' title="bbox 1396 658 2454 708; baseline -0.003 -10"><span class='ocrx_word' id='word_1_619' title='bbox 1396 670 1525 699; x_wconf 92' lang='lat' dir='ltr'>tamen</span> <span class='ocrx_word' id='word_1_620' title='bbox 1544 662 1757 699; x_wconf 89' lang='lat' dir='ltr'>diversitate</span> <span class='ocrx_word' id='word_1_621' title='bbox 1777 662 1888 698; x_wconf 92' lang='lat' dir='ltr'>unius</span> <span class='ocrx_word' id='word_1_622' title='bbox 1917 662 1965 699; x_wconf 91' lang='lat' dir='ltr'>ad</span> <span class='ocrx_word' id='word_1_623' title='bbox 1984 662 2165 698; x_wconf 84' lang='lat' dir='ltr'>alterurn:</span> <span class='ocrx_word' id='word_1_624' title='bbox 2195 660 2225 696; x_wconf 92' lang='lat' dir='ltr'>si</span> <span class='ocrx_word' id='word_1_625' title='bbox 2249 659 2332 708; x_wconf 91' lang='lat' dir='ltr'>quis</span> <span class='ocrx_word' id='word_1_626' title='bbox 2353 658 2454 695; x_wconf 90' lang='lat' dir='ltr'>enim</span> 
     </span>
     <span class='ocr_line' id='line_1_81' title="bbox 1396 712 2456 762; baseline -0.004 -11"><span class='ocrx_word' id='word_1_627' title='bbox 1396 714 1466 751; x_wconf 90' lang='lat' dir='ltr'>sibi</span> <span class='ocrx_word' id='word_1_628' title='bbox 1495 715 1557 751; x_wconf 92' lang='lat' dir='ltr'>det</span> <span class='ocrx_word' id='word_1_629' title='bbox 1585 715 1688 762; x_wconf 93' lang='lat' dir='ltr'>quod</span> <span class='ocrx_word' id='word_1_630' title='bbox 1718 715 1786 751; x_wconf 89' lang='lat' dir='ltr'>sibi</span> <span class='ocrx_word' id='word_1_631' title='bbox 1815 715 1985 761; x_wconf 90' lang='lat' dir='ltr'>debetur,</span> <span class='ocrx_word' id='word_1_632' title='bbox 2006 726 2084 751; x_wconf 91' lang='lat' dir='ltr'>non</span> <span class='ocrx_word' id='word_1_633' title='bbox 2111 712 2263 762; x_wconf 88' lang='lat' dir='ltr'>proprie</span> <span class='ocrx_word' id='word_1_634' title='bbox 2296 719 2456 749; x_wconf 88' lang='lat' dir='ltr'>vocatur</span> 
     </span>
     <span class='ocr_line' id='line_1_82' title="bbox 1396 764 2457 815; baseline -0.003 -12"><span class='ocrx_word' id='word_1_635' title='bbox 1396 768 1470 803; x_wconf 91' lang='lat' dir='ltr'>hoc</span> <span class='ocrx_word' id='word_1_636' title='bbox 1499 767 1651 803; x_wconf 90' lang='lat' dir='ltr'>iustum.</span> <span class='ocrx_word' id='word_1_637' title='bbox 1682 768 1730 803; x_wconf 92' lang='lat' dir='ltr'>Et</span> <span class='ocrx_word' id='word_1_638' title='bbox 1757 767 1845 815; x_wconf 90' lang='lat' dir='ltr'>quia</span> <span class='ocrx_word' id='word_1_639' title='bbox 1874 768 1979 815; x_wconf 92' lang='lat' dir='ltr'>quod</span> <span class='ocrx_word' id='word_1_640' title='bbox 2009 774 2063 803; x_wconf 92' lang='lat' dir='ltr'>est</span> <span class='ocrx_word' id='word_1_641' title='bbox 2089 766 2156 803; x_wconf 92' lang='lat' dir='ltr'>filii</span> <span class='ocrx_word' id='word_1_642' title='bbox 2184 773 2239 802; x_wconf 91' lang='lat' dir='ltr'>est</span> <span class='ocrx_word' id='word_1_643' title='bbox 2266 764 2392 814; x_wconf 84' lang='lat' dir='ltr'>patris,</span> <span class='ocrx_word' id='word_1_644' title='bbox 2421 771 2457 801; x_wconf 89' lang='lat' dir='ltr'>et</span> 
     </span>
     <span class='ocr_line' id='line_1_83' title="bbox 1397 817 2455 868; baseline -0.001 -13"><span class='ocrx_word' id='word_1_645' title='bbox 1397 819 1502 868; x_wconf 93' lang='lat' dir='ltr'>quod</span> <span class='ocrx_word' id='word_1_646' title='bbox 1531 827 1587 856; x_wconf 90' lang='lat' dir='ltr'>est</span> <span class='ocrx_word' id='word_1_647' title='bbox 1615 820 1713 856; x_wconf 90' lang='lat' dir='ltr'>servi</span> <span class='ocrx_word' id='word_1_648' title='bbox 1741 827 1796 856; x_wconf 91' lang='lat' dir='ltr'>est</span> <span class='ocrx_word' id='word_1_649' title='bbox 1825 819 1982 867; x_wconf 88' lang='lat' dir='ltr'>domini,</span> <span class='ocrx_word' id='word_1_650' title='bbox 2003 819 2089 856; x_wconf 90' lang='lat' dir='ltr'>ideo</span> <span class='ocrx_word' id='word_1_651' title='bbox 2114 831 2192 856; x_wconf 91' lang='lat' dir='ltr'>non</span> <span class='ocrx_word' id='word_1_652' title='bbox 2221 826 2277 855; x_wconf 90' lang='lat' dir='ltr'>est</span> <span class='ocrx_word' id='word_1_653' title='bbox 2303 817 2455 867; x_wconf 90' lang='lat' dir='ltr'>proprie</span> 
     </span>
     <span class='ocr_line' id='line_1_84' title="bbox 1397 871 2454 920; baseline -0.001 -12"><span class='ocrx_word' id='word_1_654' title='bbox 1397 872 1532 908; x_wconf 89' lang='lat' dir='ltr'>iustitia</span> <span class='ocrx_word' id='word_1_655' title='bbox 1560 872 1675 920; x_wconf 90' lang='lat' dir='ltr'>patris</span> <span class='ocrx_word' id='word_1_656' title='bbox 1704 873 1752 908; x_wconf 91' lang='lat' dir='ltr'>ad</span> <span class='ocrx_word' id='word_1_657' title='bbox 1780 872 1918 919; x_wconf 85' lang='lat' dir='ltr'>filium,</span> <span class='ocrx_word' id='word_1_658' title='bbox 1947 873 2009 909; x_wconf 89' lang='lat' dir='ltr'>vel</span> <span class='ocrx_word' id='word_1_659' title='bbox 2038 871 2181 909; x_wconf 90' lang='lat' dir='ltr'>domini</span> <span class='ocrx_word' id='word_1_660' title='bbox 2210 873 2258 909; x_wconf 91' lang='lat' dir='ltr'>ad</span> <span class='ocrx_word' id='word_1_661' title='bbox 2286 883 2454 908; x_wconf 89' lang='lat' dir='ltr'>servum.</span> 
     </span>
    </p>

    <p class='ocr_par' dir='ltr' id='par_1_29' title="bbox 1397 924 2459 1501">
     <span class='ocr_line' id='line_1_85' title="bbox 1451 924 2456 973; baseline 0 -13"><span class='ocrx_word' id='word_1_662' title='bbox 1451 927 1509 960; x_wconf 82' lang='lat' dir='ltr'>An</span> <span class='ocrx_word' id='word_1_663' title='bbox 1525 936 1727 962; x_wconf 46' lang='lat' dir='ltr'><strong>«SECUNDUM</strong></span> <span class='ocrx_word' id='word_1_664' title='bbox 1755 936 1938 961; x_wconf 69' lang='lat' dir='ltr'><strong>DICENDUM</strong></span> <span class='ocrx_word' id='word_1_665' title='bbox 1966 925 2070 973; x_wconf 94' lang='lat' dir='ltr'>quod</span> <span class='ocrx_word' id='word_1_666' title='bbox 2098 924 2209 971; x_wconf 91' lang='lat' dir='ltr'>filius,</span> <span class='ocrx_word' id='word_1_667' title='bbox 2230 924 2456 972; x_wconf 89' lang='lat' dir='ltr'>inquantum</span> 
     </span>
     <span class='ocr_line' id='line_1_86' title="bbox 1397 977 2456 1026; baseline -0.001 -13"><span class='ocrx_word' id='word_1_668' title='bbox 1397 977 1513 1023; x_wconf 88' lang='lat' dir='ltr'>filius,</span> <span class='ocrx_word' id='word_1_669' title='bbox 1544 985 1600 1013; x_wconf 90' lang='lat' dir='ltr'>est</span> <span class='ocrx_word' id='word_1_670' title='bbox 1628 977 1769 1025; x_wconf 90' lang='lat' dir='ltr'>aliquid</span> <span class='ocrx_word' id='word_1_671' title='bbox 1796 978 1930 1026; x_wconf 89' lang='lat' dir='ltr'>patris;</span> <span class='ocrx_word' id='word_1_672' title='bbox 1960 985 1996 1013; x_wconf 89' lang='lat' dir='ltr'>et</span> <span class='ocrx_word' id='word_1_673' title='bbox 2024 977 2193 1013; x_wconf 91' lang='lat' dir='ltr'>similiter</span> <span class='ocrx_word' id='word_1_674' title='bbox 2221 989 2372 1022; x_wconf 89' lang='lat' dir='ltr'>servus,</span> <span class='ocrx_word' id='word_1_675' title='bbox 2401 977 2456 1013; x_wconf 90' lang='lat' dir='ltr'>in-</span> 
     </span>
     <span class='ocr_line' id='line_1_87' title="bbox 1398 1029 2456 1078; baseline -0.001 -12"><span class='ocrx_word' id='word_1_676' title='bbox 1398 1037 1583 1077; x_wconf 92' lang='lat' dir='ltr'>quantum</span> <span class='ocrx_word' id='word_1_677' title='bbox 1613 1042 1758 1076; x_wconf 88' lang='lat' dir='ltr'>servus,</span> <span class='ocrx_word' id='word_1_678' title='bbox 1780 1037 1835 1066; x_wconf 88' lang='lat' dir='ltr'>est</span> <span class='ocrx_word' id='word_1_679' title='bbox 1862 1029 2002 1078; x_wconf 86' lang='lat' dir='ltr'>aliquid</span> <span class='ocrx_word' id='word_1_680' title='bbox 2028 1029 2184 1066; x_wconf 91' lang='lat' dir='ltr'>domini.</span> <span class='ocrx_word' id='word_1_681' title='bbox 2214 1030 2382 1078; x_wconf 90' lang='lat' dir='ltr'>Uterque</span> <span class='ocrx_word' id='word_1_682' title='bbox 2402 1036 2456 1066; x_wconf 91' lang='lat' dir='ltr'>ta-</span> 
     </span>
     <span class='ocr_line' id='line_1_88' title="bbox 1398 1081 2457 1131; baseline -0.001 -12"><span class='ocrx_word' id='word_1_683' title='bbox 1398 1095 1488 1119; x_wconf 90' lang='lat' dir='ltr'>men</span> <span class='ocrx_word' id='word_1_684' title='bbox 1506 1090 1622 1131; x_wconf 90' lang='lat' dir='ltr'>prout</span> <span class='ocrx_word' id='word_1_685' title='bbox 1650 1082 1910 1119; x_wconf 89' lang='lat' dir='ltr'>consideratur</span> <span class='ocrx_word' id='word_1_686' title='bbox 1928 1091 1969 1119; x_wconf 90' lang='lat' dir='ltr'>ut</span> <span class='ocrx_word' id='word_1_687' title='bbox 1993 1082 2145 1131; x_wconf 89' lang='lat' dir='ltr'>quidam</span> <span class='ocrx_word' id='word_1_688' title='bbox 2166 1083 2298 1129; x_wconf 80' lang='lat' dir='ltr'>homo,</span> <span class='ocrx_word' id='word_1_689' title='bbox 2320 1090 2375 1119; x_wconf 92' lang='lat' dir='ltr'>est</span> <span class='ocrx_word' id='word_1_690' title='bbox 2394 1081 2457 1118; x_wconf 87' lang='lat' dir='ltr'>ali-</span> 
     </span>
     <span class='ocr_line' id='line_1_89' title="bbox 1398 1134 2456 1184; baseline 0 -13"><span class='ocrx_word' id='word_1_691' title='bbox 1398 1135 1490 1184; x_wconf 89' lang='lat' dir='ltr'>quid</span> <span class='ocrx_word' id='word_1_692' title='bbox 1518 1137 1730 1172; x_wconf 87' lang='lat' dir='ltr'>secundum</span> <span class='ocrx_word' id='word_1_693' title='bbox 1750 1148 1790 1172; x_wconf 91' lang='lat' dir='ltr'>se</span> <span class='ocrx_word' id='word_1_694' title='bbox 1819 1135 2025 1172; x_wconf 90' lang='lat' dir='ltr'>subsistens</span> <span class='ocrx_word' id='word_1_695' title='bbox 2053 1135 2101 1171; x_wconf 93' lang='lat' dir='ltr'>ab</span> <span class='ocrx_word' id='word_1_696' title='bbox 2122 1134 2203 1171; x_wconf 90' lang='lat' dir='ltr'>aliis</span> <span class='ocrx_word' id='word_1_697' title='bbox 2227 1135 2456 1172; x_wconf 89' lang='lat' dir='ltr'>distinctum.</span> 
     </span>
     <span class='ocr_line' id='line_1_90' title="bbox 1398 1187 2456 1237; baseline -0.001 -13"><span class='ocrx_word' id='word_1_698' title='bbox 1398 1189 1447 1225; x_wconf 92' lang='lat' dir='ltr'>Et</span> <span class='ocrx_word' id='word_1_699' title='bbox 1483 1188 1570 1225; x_wconf 91' lang='lat' dir='ltr'>ideo</span> <span class='ocrx_word' id='word_1_700' title='bbox 1608 1188 1833 1236; x_wconf 88' lang='lat' dir='ltr'>inquantum</span> <span class='ocrx_word' id='word_1_701' title='bbox 1870 1195 2028 1237; x_wconf 88' lang='lat' dir='ltr'>uterque</span> <span class='ocrx_word' id='word_1_702' title='bbox 2065 1194 2120 1224; x_wconf 91' lang='lat' dir='ltr'>est</span> <span class='ocrx_word' id='word_1_703' title='bbox 2156 1188 2295 1235; x_wconf 93' lang='lat' dir='ltr'>homo,</span> <span class='ocrx_word' id='word_1_704' title='bbox 2331 1187 2456 1235; x_wconf 92' lang='lat' dir='ltr'>aliquo</span> 
     </span>
     <span class='ocr_line' id='line_1_91' title="bbox 1398 1241 2457 1289; baseline -0.002 -11"><span class='ocrx_word' id='word_1_705' title='bbox 1398 1241 1518 1278; x_wconf 90' lang='lat' dir='ltr'>modo</span> <span class='ocrx_word' id='word_1_706' title='bbox 1546 1241 1595 1278; x_wconf 89' lang='lat' dir='ltr'>ad</span> <span class='ocrx_word' id='word_1_707' title='bbox 1624 1253 1690 1278; x_wconf 91' lang='lat' dir='ltr'>eos</span> <span class='ocrx_word' id='word_1_708' title='bbox 1718 1248 1773 1278; x_wconf 91' lang='lat' dir='ltr'>est</span> <span class='ocrx_word' id='word_1_709' title='bbox 1800 1241 1947 1277; x_wconf 90' lang='lat' dir='ltr'>iustitia.</span> <span class='ocrx_word' id='word_1_710' title='bbox 1978 1242 2027 1277; x_wconf 88' lang='lat' dir='ltr'>Et</span> <span class='ocrx_word' id='word_1_711' title='bbox 2053 1247 2208 1289; x_wconf 90' lang='lat' dir='ltr'>propter</span> <span class='ocrx_word' id='word_1_712' title='bbox 2241 1242 2316 1277; x_wconf 94' lang='lat' dir='ltr'>hoc</span> <span class='ocrx_word' id='word_1_713' title='bbox 2344 1241 2457 1276; x_wconf 89' lang='lat' dir='ltr'>etiam</span> 
     </span>
     <span class='ocr_line' id='line_1_92' title="bbox 1398 1292 2458 1342; baseline -0.001 -12"><span class='ocrx_word' id='word_1_714' title='bbox 1398 1294 1545 1342; x_wconf 89' lang='lat' dir='ltr'>aliquae</span> <span class='ocrx_word' id='word_1_715' title='bbox 1574 1294 1674 1341; x_wconf 89' lang='lat' dir='ltr'>leges</span> <span class='ocrx_word' id='word_1_716' title='bbox 1704 1293 1840 1330; x_wconf 89' lang='lat' dir='ltr'>dantur</span> <span class='ocrx_word' id='word_1_717' title='bbox 1868 1293 1914 1330; x_wconf 94' lang='lat' dir='ltr'>de</span> <span class='ocrx_word' id='word_1_718' title='bbox 1943 1293 2000 1330; x_wconf 89' lang='lat' dir='ltr'>his</span> <span class='ocrx_word' id='word_1_719' title='bbox 2029 1305 2126 1342; x_wconf 90' lang='lat' dir='ltr'>quae</span> <span class='ocrx_word' id='word_1_720' title='bbox 2153 1301 2240 1330; x_wconf 91' lang='lat' dir='ltr'>sunt</span> <span class='ocrx_word' id='word_1_721' title='bbox 2266 1293 2380 1342; x_wconf 89' lang='lat' dir='ltr'>patris</span> <span class='ocrx_word' id='word_1_722' title='bbox 2409 1292 2458 1329; x_wconf 94' lang='lat' dir='ltr'>ad</span> 
     </span>
     <span class='ocr_line' id='line_1_93' title="bbox 1398 1346 2458 1395; baseline -0.002 -12"><span class='ocrx_word' id='word_1_723' title='bbox 1398 1347 1538 1394; x_wconf 92' lang='lat' dir='ltr'>filium,</span> <span class='ocrx_word' id='word_1_724' title='bbox 1568 1347 1631 1383; x_wconf 93' lang='lat' dir='ltr'>vel</span> <span class='ocrx_word' id='word_1_725' title='bbox 1662 1346 1807 1384; x_wconf 90' lang='lat' dir='ltr'>domini</span> <span class='ocrx_word' id='word_1_726' title='bbox 1839 1347 1888 1384; x_wconf 92' lang='lat' dir='ltr'>ad</span> <span class='ocrx_word' id='word_1_727' title='bbox 1925 1358 2091 1383; x_wconf 84' lang='lat' dir='ltr'>servum.</span> <span class='ocrx_word' id='word_1_728' title='bbox 2123 1346 2199 1383; x_wconf 91' lang='lat' dir='ltr'>Sed</span> <span class='ocrx_word' id='word_1_729' title='bbox 2232 1346 2458 1395; x_wconf 90' lang='lat' dir='ltr'>inquantum</span> 
     </span>
     <span class='ocr_line' id='line_1_94' title="bbox 1397 1398 2459 1448; baseline -0.001 -12"><span class='ocrx_word' id='word_1_730' title='bbox 1397 1407 1558 1448; x_wconf 90' lang='lat' dir='ltr'>uterque</span> <span class='ocrx_word' id='word_1_731' title='bbox 1587 1407 1643 1436; x_wconf 92' lang='lat' dir='ltr'>est</span> <span class='ocrx_word' id='word_1_732' title='bbox 1670 1399 1810 1448; x_wconf 88' lang='lat' dir='ltr'>aliquid</span> <span class='ocrx_word' id='word_1_733' title='bbox 1839 1399 2001 1446; x_wconf 85' lang='lat' dir='ltr'>alterius,</span> <span class='ocrx_word' id='word_1_734' title='bbox 2027 1399 2238 1435; x_wconf 90' lang='lat' dir='ltr'>secundum</span> <span class='ocrx_word' id='word_1_735' title='bbox 2263 1400 2338 1435; x_wconf 89' lang='lat' dir='ltr'>hoc</span> <span class='ocrx_word' id='word_1_736' title='bbox 2366 1398 2459 1435; x_wconf 86' lang='lat' dir='ltr'>defi-</span> 
     </span>
     <span class='ocr_line' id='line_1_95' title="bbox 1399 1451 2174 1501; baseline -0.003 -11"><span class='ocrx_word' id='word_1_737' title='bbox 1399 1453 1447 1490; x_wconf 89' lang='lat' dir='ltr'>cit</span> <span class='ocrx_word' id='word_1_738' title='bbox 1475 1452 1526 1489; x_wconf 92' lang='lat' dir='ltr'>ibi</span> <span class='ocrx_word' id='word_1_739' title='bbox 1553 1452 1719 1501; x_wconf 88' lang='lat' dir='ltr'>perfecta</span> <span class='ocrx_word' id='word_1_740' title='bbox 1747 1453 1841 1489; x_wconf 91' lang='lat' dir='ltr'>ratio</span> <span class='ocrx_word' id='word_1_741' title='bbox 1870 1452 1956 1489; x_wconf 88' lang='lat' dir='ltr'>iusti</span> <span class='ocrx_word' id='word_1_742' title='bbox 1983 1453 2046 1489; x_wconf 91' lang='lat' dir='ltr'>vel</span> <span class='ocrx_word' id='word_1_743' title='bbox 2073 1451 2174 1488; x_wconf 88' lang='lat' dir='ltr'>iuris.</span> 
     </span>
    </p>

    <p class='ocr_par' dir='ltr' id='par_1_30' title="bbox 1399 1503 2461 1711">
     <span class='ocr_line' id='line_1_96' title="bbox 1452 1503 2458 1554; baseline -0.002 -12"><span class='ocrx_word' id='word_1_744' title='bbox 1452 1507 1510 1542; x_wconf 86' lang='lat' dir='ltr'>AD</span> <span class='ocrx_word' id='word_1_745' title='bbox 1538 1517 1697 1542; x_wconf 73' lang='lat' dir='ltr'>TERTmM</span> <span class='ocrx_word' id='word_1_746' title='bbox 1718 1517 1901 1542; x_wconf 60' lang='lat' dir='ltr'>morannum</span> <span class='ocrx_word' id='word_1_747' title='bbox 1929 1505 2033 1554; x_wconf 92' lang='lat' dir='ltr'>quod</span> <span class='ocrx_word' id='word_1_748' title='bbox 2053 1517 2188 1541; x_wconf 92' lang='lat' dir='ltr'>omnes</span> <span class='ocrx_word' id='word_1_749' title='bbox 2217 1503 2311 1540; x_wconf 87' lang='lat' dir='ltr'>aliae</span> <span class='ocrx_word' id='word_1_750' title='bbox 2335 1503 2458 1541; x_wconf 91' lang='lat' dir='ltr'>diver-</span> 
     </span>
     <span class='ocr_line' id='line_1_97' title="bbox 1399 1557 2460 1606; baseline -0.001 -12"><span class='ocrx_word' id='word_1_751' title='bbox 1399 1558 1524 1595; x_wconf 88' lang='lat' dir='ltr'>sitates</span> <span class='ocrx_word' id='word_1_752' title='bbox 1551 1569 1803 1606; x_wconf 90' lang='lat' dir='ltr'>personarum</span> <span class='ocrx_word' id='word_1_753' title='bbox 1831 1570 1928 1606; x_wconf 89' lang='lat' dir='ltr'>quae</span> <span class='ocrx_word' id='word_1_754' title='bbox 1958 1565 2044 1594; x_wconf 92' lang='lat' dir='ltr'>sunt</span> <span class='ocrx_word' id='word_1_755' title='bbox 2070 1558 2108 1594; x_wconf 91' lang='lat' dir='ltr'>in</span> <span class='ocrx_word' id='word_1_756' title='bbox 2138 1557 2298 1603; x_wconf 85' lang='lat' dir='ltr'>civitate,</span> <span class='ocrx_word' id='word_1_757' title='bbox 2319 1557 2460 1593; x_wconf 89' lang='lat' dir='ltr'>habent</span> 
     </span>
     <span class='ocr_line' id='line_1_98' title="bbox 1400 1609 2460 1647; baseline -0.002 0"><span class='ocrx_word' id='word_1_758' title='bbox 1400 1610 1661 1647; x_wconf 89' lang='lat' dir='ltr'>immediatam</span> <span class='ocrx_word' id='word_1_759' title='bbox 1691 1610 1912 1647; x_wconf 90' lang='lat' dir='ltr'>relationem</span> <span class='ocrx_word' id='word_1_760' title='bbox 1942 1611 1990 1647; x_wconf 88' lang='lat' dir='ltr'>ad</span> <span class='ocrx_word' id='word_1_761' title='bbox 2019 1610 2331 1646; x_wconf 90' lang='lat' dir='ltr'>communitatem</span> <span class='ocrx_word' id='word_1_762' title='bbox 2371 1609 2460 1646; x_wconf 85' lang='lat' dir='ltr'>civi-</span> 
     </span>
     <span class='ocr_line' id='line_1_99' title="bbox 1400 1662 2461 1711; baseline -0.002 -11"><span class='ocrx_word' id='word_1_763' title='bbox 1400 1663 1484 1700; x_wconf 88' lang='lat' dir='ltr'>tatis</span> <span class='ocrx_word' id='word_1_764' title='bbox 1507 1670 1550 1700; x_wconf 85' lang='lat' dir='ltr'>·et</span> <span class='ocrx_word' id='word_1_765' title='bbox 1576 1664 1626 1701; x_wconf 87' lang='lat' dir='ltr'>ad</span> <span class='ocrx_word' id='word_1_766' title='bbox 1654 1663 1863 1711; x_wconf 90' lang='lat' dir='ltr'>principem</span> <span class='ocrx_word' id='word_1_767' title='bbox 1892 1662 2019 1711; x_wconf 91' lang='lat' dir='ltr'>ipsius.</span> <span class='ocrx_word' id='word_1_768' title='bbox 2049 1664 2099 1699; x_wconf 90' lang='lat' dir='ltr'>Et</span> <span class='ocrx_word' id='word_1_769' title='bbox 2121 1662 2207 1699; x_wconf 89' lang='lat' dir='ltr'>ideo</span> <span class='ocrx_word' id='word_1_770' title='bbox 2237 1662 2284 1699; x_wconf 91' lang='lat' dir='ltr'>ad</span> <span class='ocrx_word' id='word_1_771' title='bbox 2314 1674 2380 1698; x_wconf 93' lang='lat' dir='ltr'>eos</span> <span class='ocrx_word' id='word_1_772' title='bbox 2405 1669 2461 1698; x_wconf 90' lang='lat' dir='ltr'>est</span> 
     </span>
    </p>
   </div>
   <div class='ocr_carea' id='block_1_21' title="bbox 1400 1712 2598 1859">
    <p class='ocr_par' dir='ltr' id='par_1_31' title="bbox 1400 1712 2598 1859">
     <span class='ocr_line' id='line_1_100' title="bbox 1400 1712 2598 1764; baseline -0.003 -11"><span class='ocrx_word' id='word_1_773' title='bbox 1400 1716 1541 1753; x_wconf 92' lang='lat' dir='ltr'>iustum</span> <span class='ocrx_word' id='word_1_774' title='bbox 1570 1716 1782 1753; x_wconf 91' lang='lat' dir='ltr'>secundum</span> <span class='ocrx_word' id='word_1_775' title='bbox 1811 1716 2016 1764; x_wconf 87' lang='lat' dir='ltr'>perfectam</span> <span class='ocrx_word' id='word_1_776' title='bbox 2042 1715 2226 1752; x_wconf 89' lang='lat' dir='ltr'>rationem</span> <span class='ocrx_word' id='word_1_777' title='bbox 2254 1715 2414 1751; x_wconf 86' lang='lat' dir='ltr'>iustitiae</span> <span class='ocrx_word' id='word_1_778' title='bbox 2434 1712 2459 1750; x_wconf 69' lang='grc' dir='ltr'>δ.</span> <span class='ocrx_word' id='word_1_779' title='bbox 2584 1713 2598 1738; x_wconf 70' lang='grc' dir='ltr'><strong>δ</strong></span> 
     </span>
     <span class='ocr_line' id='line_1_101' title="bbox 1401 1767 2462 1817; baseline -0.003 -11"><span class='ocrx_word' id='word_1_780' title='bbox 1401 1769 1649 1817; x_wconf 89' lang='lat' dir='ltr'>Distinguitur</span> <span class='ocrx_word' id='word_1_781' title='bbox 1685 1776 1813 1805; x_wconf 90' lang='lat' dir='ltr'>tamen</span> <span class='ocrx_word' id='word_1_782' title='bbox 1850 1769 1949 1805; x_wconf 92' lang='lat' dir='ltr'>istud</span> <span class='ocrx_word' id='word_1_783' title='bbox 1982 1768 2122 1805; x_wconf 89' lang='lat' dir='ltr'>iustum</span> <span class='ocrx_word' id='word_1_784' title='bbox 2158 1768 2369 1804; x_wconf 88' lang='lat' dir='ltr'>secundum</span> <span class='ocrx_word' id='word_1_785' title='bbox 2407 1767 2462 1803; x_wconf 91' lang='lat' dir='ltr'>di-</span> 
     </span>
     <span class='ocr_line' id='line_1_102' title="bbox 1401 1820 2598 1859; baseline -0.003 0"><span class='ocrx_word' id='word_1_786' title='bbox 1401 1834 1512 1859; x_wconf 91' lang='lat' dir='ltr'>versa</span> <span class='ocrx_word' id='word_1_787' title='bbox 1532 1821 1669 1859; x_wconf 88' lang='lat' dir='ltr'>officia.</span> <span class='ocrx_word' id='word_1_788' title='bbox 1699 1822 1810 1859; x_wconf 93' lang='lat' dir='ltr'>Unde</span> <span class='ocrx_word' id='word_1_789' title='bbox 1832 1829 1868 1858; x_wconf 90' lang='lat' dir='ltr'>et</span> <span class='ocrx_word' id='word_1_790' title='bbox 1887 1821 2021 1858; x_wconf 90' lang='lat' dir='ltr'>dicitur</span> <span class='ocrx_word' id='word_1_791' title='bbox 2039 1821 2096 1858; x_wconf 91' lang='lat' dir='ltr'>ius</span> <span class='ocrx_word' id='word_1_792' title='bbox 2116 1820 2274 1858; x_wconf 88' lang='lat' dir='ltr'>militare</span> <span class='ocrx_word' id='word_1_793' title='bbox 2292 1821 2355 1857; x_wconf 86' lang='lat' dir='ltr'>vel</span> <span class='ocrx_word' id='word_1_794' title='bbox 2374 1820 2430 1856; x_wconf 91' lang='lat' dir='ltr'>ius</span> <span class='ocrx_word' id='word_1_795' title='bbox 2449 1825 2462 1841; x_wconf 79' lang='lat'>⁸</span> <span class='ocrx_word' id='word_1_796' title='bbox 2586 1821 2598 1838; x_wconf 61' lang='grc' dir='ltr'>ε</span> 
     </span>
    </p>
   </div>
   <div class='ocr_carea' id='block_1_22' title="bbox 1401 1873 2463 2136">
    <p class='ocr_par' dir='ltr' id='par_1_32' title="bbox 1401 1873 2463 2136">
     <span class='ocr_line' id='line_1_103' title="bbox 1401 1873 2461 1923; baseline -0.003 -11"><span class='ocrx_word' id='word_1_797' title='bbox 1401 1875 1688 1923; x_wconf 88' lang='lat' dir='ltr'>magistratuum</span> <span class='ocrx_word' id='word_1_798' title='bbox 1710 1882 1773 1911; x_wconf 89' lang='lat' dir='ltr'>aut</span> <span class='ocrx_word' id='word_1_799' title='bbox 1801 1874 2056 1921; x_wconf 85' lang='lat' dir='ltr'>sacerdotum,</span> <span class='ocrx_word' id='word_1_800' title='bbox 2077 1887 2155 1911; x_wconf 90' lang='lat' dir='ltr'>non</span> <span class='ocrx_word' id='word_1_801' title='bbox 2178 1881 2334 1922; x_wconf 90' lang='lat' dir='ltr'>propter</span> <span class='ocrx_word' id='word_1_802' title='bbox 2362 1873 2461 1910; x_wconf 85' lang='lat' dir='ltr'>defe-</span> 
     </span>
     <span class='ocr_line' id='line_1_104' title="bbox 1403 1926 2463 1976; baseline -0.003 -11"><span class='ocrx_word' id='word_1_803' title='bbox 1403 1936 1506 1965; x_wconf 91' lang='lat' dir='ltr'>ctum</span> <span class='ocrx_word' id='word_1_804' title='bbox 1535 1941 1558 1965; x_wconf 89' lang='lat' dir='ltr'>a</span> <span class='ocrx_word' id='word_1_805' title='bbox 1585 1927 1804 1976; x_wconf 92' lang='lat' dir='ltr'>simpliciter</span> <span class='ocrx_word' id='word_1_806' title='bbox 1831 1927 1942 1975; x_wconf 91' lang='lat' dir='ltr'>iusto,</span> <span class='ocrx_word' id='word_1_807' title='bbox 1971 1927 2066 1964; x_wconf 92' lang='lat' dir='ltr'>sicut</span> <span class='ocrx_word' id='word_1_808' title='bbox 2094 1927 2229 1964; x_wconf 89' lang='lat' dir='ltr'>dicitur</span> <span class='ocrx_word' id='word_1_809' title='bbox 2255 1926 2313 1964; x_wconf 91' lang='lat' dir='ltr'>ius</span> <span class='ocrx_word' id='word_1_810' title='bbox 2341 1933 2463 1975; x_wconf 89' lang='lat' dir='ltr'>pater-</span> 
     </span>
     <span class='ocr_line' id='line_1_105' title="bbox 1403 1978 2462 2029; baseline -0.004 -10"><span class='ocrx_word' id='word_1_811' title='bbox 1403 1994 1496 2019; x_wconf 91' lang='lat' dir='ltr'>num</span> <span class='ocrx_word' id='word_1_812' title='bbox 1518 1989 1554 2017; x_wconf 94' lang='lat' dir='ltr'>et</span> <span class='ocrx_word' id='word_1_813' title='bbox 1572 1981 1873 2018; x_wconf 88' lang='lat' dir='ltr'>dominativum:</span> <span class='ocrx_word' id='word_1_814' title='bbox 1903 1981 1971 2018; x_wconf 89' lang='lat' dir='ltr'>sed</span> <span class='ocrx_word' id='word_1_815' title='bbox 1990 1988 2145 2029; x_wconf 92' lang='lat' dir='ltr'>propter</span> <span class='ocrx_word' id='word_1_816' title='bbox 2163 1981 2237 2017; x_wconf 91' lang='lat' dir='ltr'>hoc</span> <span class='ocrx_word' id='word_1_817' title='bbox 2256 1979 2361 2027; x_wconf 92' lang='lat' dir='ltr'>quod</span> <span class='ocrx_word' id='word_1_818' title='bbox 2380 1978 2462 2015; x_wconf 90' lang='lat' dir='ltr'>uni-</span> 
     </span>
     <span class='ocr_line' id='line_1_106' title="bbox 1405 2031 2462 2083; baseline -0.003 -12"><span class='ocrx_word' id='word_1_819' title='bbox 1405 2034 1542 2083; x_wconf 92' lang='lat' dir='ltr'>cuique</span> <span class='ocrx_word' id='word_1_820' title='bbox 1572 2034 1778 2071; x_wconf 92' lang='lat' dir='ltr'>conditioni</span> <span class='ocrx_word' id='word_1_821' title='bbox 1806 2045 1995 2083; x_wconf 90' lang='lat' dir='ltr'>personae</span> <span class='ocrx_word' id='word_1_822' title='bbox 2023 2033 2232 2070; x_wconf 90' lang='lat' dir='ltr'>secundum</span> <span class='ocrx_word' id='word_1_823' title='bbox 2266 2031 2462 2081; x_wconf 92' lang='lat' dir='ltr'>proprium</span> 
     </span>
     <span class='ocr_line' id='line_1_107' title="bbox 1405 2086 2168 2136; baseline -0.001 -12"><span class='ocrx_word' id='word_1_824' title='bbox 1405 2087 1575 2124; x_wconf 89' lang='lat' dir='ltr'>officium</span> <span class='ocrx_word' id='word_1_825' title='bbox 1603 2087 1742 2136; x_wconf 89' lang='lat' dir='ltr'>aliquid</span> <span class='ocrx_word' id='word_1_826' title='bbox 1772 2086 1969 2135; x_wconf 91' lang='lat' dir='ltr'>proprium</span> <span class='ocrx_word' id='word_1_827' title='bbox 1999 2087 2168 2123; x_wconf 90' lang='lat' dir='ltr'>debetur.</span> 
     </span>
    </p>
   </div>
   <div class='ocr_carea' id='block_1_23' title="bbox 1403 2213 2464 2354">
    <p class='ocr_par' dir='ltr' id='par_1_33' title="bbox 1403 2213 2464 2282">
     <span class='ocr_line' id='line_1_108' title="bbox 1456 2213 2464 2250; baseline 0 -10"><span class='ocrx_word' id='word_1_828' title='bbox 1456 2218 1482 2250; x_wconf 86' lang='grc' dir='ltr'>γ)</span> <span class='ocrx_word' id='word_1_829' title='bbox 1502 2220 1617 2241; x_wconf 84' lang='lat' dir='ltr'>tamen...</span> <span class='ocrx_word' id='word_1_830' title='bbox 1642 2213 1747 2240; x_wconf 55' lang='lat' dir='ltr'>habent.</span> <span class='ocrx_word' id='word_1_831' title='bbox 1764 2229 1783 2235; x_wconf 92' lang='lat'><em>-</em></span> <span class='ocrx_word' id='word_1_832' title='bbox 1809 2222 1894 2240; x_wconf 86' lang='lat' dir='ltr'>cum...</span> <span class='ocrx_word' id='word_1_833' title='bbox 1920 2214 2016 2239; x_wconf 81' lang='lat' dir='ltr'>habent</span> <span class='ocrx_word' id='word_1_834' title='bbox 2041 2215 2236 2247; x_wconf 76' lang='lat' dir='ltr'>ABEFGKpCK</span> <span class='ocrx_word' id='word_1_835' title='bbox 2262 2220 2287 2239; x_wconf 91' lang='lat' dir='ltr'>et</span> <span class='ocrx_word' id='word_1_836' title='bbox 2311 2223 2344 2244; x_wconf 84' lang='lat' dir='ltr'>a,</span> <span class='ocrx_word' id='word_1_837' title='bbox 2367 2222 2464 2241; x_wconf 86' lang='lat' dir='ltr'>cum....</span> 
     </span>
     <span class='ocr_line' id='line_1_109' title="bbox 1403 2250 2002 2282; baseline -0.003 -6"><span class='ocrx_word' id='word_1_838' title='bbox 1403 2252 1517 2276; x_wconf 81' lang='lat' dir='ltr'>habeant</span> <span class='ocrx_word' id='word_1_839' title='bbox 1537 2252 1622 2282; x_wconf 85' lang='lat' dir='ltr'>PHIL,</span> <span class='ocrx_word' id='word_1_840' title='bbox 1643 2254 1730 2276; x_wconf 82' lang='lat' dir='ltr'>tamen</span> <span class='ocrx_word' id='word_1_841' title='bbox 1750 2258 1836 2275; x_wconf 85' lang='lat' dir='ltr'>cum...</span> <span class='ocrx_word' id='word_1_842' title='bbox 1856 2250 1953 2275; x_wconf 80' lang='lat' dir='ltr'>habent</span> <span class='ocrx_word' id='word_1_843' title='bbox 1972 2250 2002 2274; x_wconf 91' lang='lat' dir='ltr'>D.</span> 
     </span>
    </p>

    <p class='ocr_par' dir='ltr' id='par_1_34' title="bbox 1457 2286 1795 2318">
     <span class='ocr_line' id='line_1_110' title="bbox 1457 2286 1795 2318; baseline -0.003 -7"><span class='ocrx_word' id='word_1_844' title='bbox 1457 2286 1482 2318; x_wconf 84' lang='grc' dir='ltr'>δ)</span> <span class='ocrx_word' id='word_1_845' title='bbox 1503 2287 1627 2311; x_wconf 79' lang='lat' dir='ltr'>iustitiae.</span> <span class='ocrx_word' id='word_1_846' title='bbox 1644 2300 1663 2305; x_wconf 91' lang='lat'>-</span> <span class='ocrx_word' id='word_1_847' title='bbox 1682 2286 1744 2311; x_wconf 81' lang='lat' dir='ltr'>iusti</span> <span class='ocrx_word' id='word_1_848' title='bbox 1766 2286 1795 2311; x_wconf 82' lang='grc' dir='ltr'>Ρ.</span> 
     </span>
    </p>

    <p class='ocr_par' dir='ltr' id='par_1_35' title="bbox 1457 2321 1932 2354">
     <span class='ocr_line' id='line_1_111' title="bbox 1457 2321 1932 2354; baseline -0.004 -7"><span class='ocrx_word' id='word_1_849' title='bbox 1457 2322 1480 2354; x_wconf 82' lang='grc' dir='ltr'>ε)</span> <span class='ocrx_word' id='word_1_850' title='bbox 1500 2323 1579 2347; x_wconf 76' lang='grc' dir='ltr'><em>ιἰιε.-</em></span> <span class='ocrx_word' id='word_1_851' title='bbox 1597 2322 1658 2346; x_wconf 83' lang='lat' dir='ltr'>Om.</span> <span class='ocrx_word' id='word_1_852' title='bbox 1678 2321 1716 2346; x_wconf 83' lang='lat' dir='ltr'>Pa</span> <span class='ocrx_word' id='word_1_853' title='bbox 1735 2321 1775 2346; x_wconf 89' lang='lat' dir='ltr'>hic</span> <span class='ocrx_word' id='word_1_854' title='bbox 1795 2326 1820 2346; x_wconf 90' lang='lat' dir='ltr'>et</span> <span class='ocrx_word' id='word_1_855' title='bbox 1837 2321 1932 2345; x_wconf 83' lang='lat' dir='ltr'>statim.</span> 
     </span>
    </p>
   </div>
   <div class='ocr_carea' id='block_1_24' title="bbox 966 2436 1792 2470">
    <p class='ocr_par' dir='ltr' id='par_1_36' title="bbox 966 2436 1792 2470">
     <span class='ocr_line' id='line_1_112' title="bbox 966 2436 1792 2470; baseline -0.004 0"><span class='ocrx_word' id='word_1_856' title='bbox 966 2438 1297 2470; x_wconf 76' lang='lat' dir='ltr'>Commentaria</span> <span class='ocrx_word' id='word_1_857' title='bbox 1321 2437 1571 2470; x_wconf 68' lang='lat' dir='ltr'>cardinatis</span> <span class='ocrx_word' id='word_1_858' title='bbox 1593 2436 1792 2468; x_wconf 79' lang='lat' dir='ltr'>Caietani</span> 
     </span>
    </p>
   </div>
   <div class='ocr_carea' id='block_1_25' title="bbox 1404 2513 2493 3568">
    <p class='ocr_par' dir='ltr' id='par_1_37' title="bbox 1406 2513 2493 2811">
     <span class='ocr_line' id='line_1_113' title="bbox 1406 2513 2493 2556; baseline -0.003 -10"><span class='ocrx_word' id='word_1_859' title='bbox 1406 2523 1486 2556; x_wconf 91' lang='lat' dir='ltr'>quot</span> <span class='ocrx_word' id='word_1_860' title='bbox 1510 2515 1614 2546; x_wconf 90' lang='lat' dir='ltr'>modis</span> <span class='ocrx_word' id='word_1_861' title='bbox 1630 2515 1743 2545; x_wconf 89' lang='lat' dir='ltr'>dicitur</span> <span class='ocrx_word' id='word_1_862' title='bbox 1758 2525 1870 2551; x_wconf 88' lang='lat' dir='ltr'>unum,</span> <span class='ocrx_word' id='word_1_863' title='bbox 1895 2521 1942 2545; x_wconf 88' lang='lat' dir='ltr'>tot</span> <span class='ocrx_word' id='word_1_864' title='bbox 1959 2514 2071 2544; x_wconf 90' lang='lat' dir='ltr'>dicitur</span> <span class='ocrx_word' id='word_1_865' title='bbox 2094 2520 2124 2544; x_wconf 92' lang='lat' dir='ltr'>et</span> <span class='ocrx_word' id='word_1_866' title='bbox 2141 2513 2311 2554; x_wconf 87' lang='lat' dir='ltr'>reliquum.</span> <span class='ocrx_word' id='word_1_867' title='bbox 2334 2516 2465 2543; x_wconf 89' lang='lat' dir='ltr'>Assum·</span> <span class='ocrx_word' id='word_1_868' title='bbox 2484 2532 2493 2547; x_wconf 73' lang='lat' dir='ltr'>x</span> 
     </span>
     <span class='ocr_line' id='line_1_114' title="bbox 1406 2557 2464 2600; baseline -0.003 -10"><span class='ocrx_word' id='word_1_869' title='bbox 1406 2566 1498 2600; x_wconf 92' lang='lat' dir='ltr'>ptum</span> <span class='ocrx_word' id='word_1_870' title='bbox 1514 2566 1614 2600; x_wconf 89' lang='lat' dir='ltr'>patet:</span> <span class='ocrx_word' id='word_1_871' title='bbox 1640 2559 1793 2599; x_wconf 89' lang='lat' dir='ltr'>quoniam</span> <span class='ocrx_word' id='word_1_872' title='bbox 1809 2559 1834 2589; x_wconf 89' lang='lat' dir='ltr'>si</span> <span class='ocrx_word' id='word_1_873' title='bbox 1849 2558 1931 2589; x_wconf 88' lang='lat' dir='ltr'>filius</span> <span class='ocrx_word' id='word_1_874' title='bbox 1950 2558 2103 2598; x_wconf 86' lang='lat' dir='ltr'>percutiat</span> <span class='ocrx_word' id='word_1_875' title='bbox 2125 2558 2174 2588; x_wconf 90' lang='lat' dir='ltr'>vel</span> <span class='ocrx_word' id='word_1_876' title='bbox 2191 2557 2312 2588; x_wconf 88' lang='lat' dir='ltr'>occidat</span> <span class='ocrx_word' id='word_1_877' title='bbox 2333 2564 2464 2597; x_wconf 88' lang='lat' dir='ltr'>patrem,</span> 
     </span>
     <span class='ocr_line' id='line_1_115' title="bbox 1406 2602 2465 2643; baseline -0.001 -9"><span class='ocrx_word' id='word_1_878' title='bbox 1406 2604 1629 2635; x_wconf 84' lang='lat' dir='ltr'>iniustissimus</span> <span class='ocrx_word' id='word_1_879' title='bbox 1642 2610 1697 2639; x_wconf 93' lang='lat' dir='ltr'>est,</span> <span class='ocrx_word' id='word_1_880' title='bbox 1709 2604 1808 2643; x_wconf 84' lang='lat' dir='ltr'>magis</span> <span class='ocrx_word' id='word_1_881' title='bbox 1820 2613 1919 2643; x_wconf 84' lang='lat' dir='ltr'>quam</span> <span class='ocrx_word' id='word_1_882' title='bbox 1931 2602 2076 2633; x_wconf 91' lang='lat' dir='ltr'>occidens</span> <span class='ocrx_word' id='word_1_883' title='bbox 2087 2612 2323 2643; x_wconf 86' lang='lat' dir='ltr'>quemcumque</span> <span class='ocrx_word' id='word_1_884' title='bbox 2336 2602 2465 2633; x_wconf 85' lang='lat' dir='ltr'>alium.-</span> 
     </span>
     <span class='ocr_line' id='line_1_116' title="bbox 1406 2646 2466 2688; baseline -0.004 -9"><span class='ocrx_word' id='word_1_885' title='bbox 1406 2649 1494 2679; x_wconf 88' lang='lat' dir='ltr'>Turn</span> <span class='ocrx_word' id='word_1_886' title='bbox 1506 2648 1580 2688; x_wconf 85' lang='lat' dir='ltr'>quia</span> <span class='ocrx_word' id='word_1_887' title='bbox 1592 2648 1671 2678; x_wconf 89' lang='lat' dir='ltr'>ratio</span> <span class='ocrx_word' id='word_1_888' title='bbox 1684 2648 1776 2678; x_wconf 88' lang='lat' dir='ltr'>allata</span> <span class='ocrx_word' id='word_1_889' title='bbox 1788 2657 1824 2678; x_wconf 82' lang='lat' dir='ltr'>ex</span> <span class='ocrx_word' id='word_1_890' title='bbox 1836 2647 2004 2678; x_wconf 89' lang='lat' dir='ltr'>Aristotele</span> <span class='ocrx_word' id='word_1_891' title='bbox 2025 2647 2058 2676; x_wconf 91' lang='lat' dir='ltr'>in</span> <span class='ocrx_word' id='word_1_892' title='bbox 2076 2646 2177 2677; x_wconf 90' lang='lat' dir='ltr'>littera</span> <span class='ocrx_word' id='word_1_893' title='bbox 2198 2646 2359 2676; x_wconf 87' lang='lat' dir='ltr'>claudicat.</span> <span class='ocrx_word' id='word_1_894' title='bbox 2377 2646 2466 2683; x_wconf 93' lang='lat' dir='ltr'>Quo-</span> 
     </span>
     <span class='ocr_line' id='line_1_117' title="bbox 1407 2690 2464 2732; baseline -0.004 -9"><span class='ocrx_word' id='word_1_895' title='bbox 1407 2693 1493 2723; x_wconf 84' lang='lat' dir='ltr'>niam</span> <span class='ocrx_word' id='word_1_896' title='bbox 1507 2692 1580 2723; x_wconf 90' lang='lat' dir='ltr'>licet</span> <span class='ocrx_word' id='word_1_897' title='bbox 1595 2691 1679 2722; x_wconf 88' lang='lat' dir='ltr'>fflius</span> <span class='ocrx_word' id='word_1_898' title='bbox 1695 2691 1734 2723; x_wconf 90' lang='lat' dir='ltr'>sit</span> <span class='ocrx_word' id='word_1_899' title='bbox 1756 2692 1875 2732; x_wconf 90' lang='lat' dir='ltr'>aliquid</span> <span class='ocrx_word' id='word_1_900' title='bbox 1898 2691 2004 2731; x_wconf 85' lang='lat' dir='ltr'>patris,</span> <span class='ocrx_word' id='word_1_901' title='bbox 2022 2698 2052 2721; x_wconf 92' lang='lat' dir='ltr'>et</span> <span class='ocrx_word' id='word_1_902' title='bbox 2068 2700 2175 2720; x_wconf 90' lang='lat' dir='ltr'>servus</span> <span class='ocrx_word' id='word_1_903' title='bbox 2197 2690 2316 2731; x_wconf 89' lang='lat' dir='ltr'>aliquid</span> <span class='ocrx_word' id='word_1_904' title='bbox 2332 2690 2464 2726; x_wconf 91' lang='lat' dir='ltr'>domini,</span> 
     </span>
     <span class='ocr_line' id='line_1_118' title="bbox 1407 2733 2467 2775; baseline -0.003 -8"><span class='ocrx_word' id='word_1_905' title='bbox 1407 2747 1472 2767; x_wconf 92' lang='lat' dir='ltr'>non</span> <span class='ocrx_word' id='word_1_906' title='bbox 1502 2743 1549 2767; x_wconf 88' lang='lat' dir='ltr'>est</span> <span class='ocrx_word' id='word_1_907' title='bbox 1571 2743 1677 2767; x_wconf 88' lang='lat' dir='ltr'>tamen</span> <span class='ocrx_word' id='word_1_908' title='bbox 1707 2746 1724 2766; x_wconf 90' lang='lat' dir='ltr'>e</span> <span class='ocrx_word' id='word_1_909' title='bbox 1748 2745 1916 2766; x_wconf 85' lang='lat' dir='ltr'>converso:</span> <span class='ocrx_word' id='word_1_910' title='bbox 1950 2742 2038 2775; x_wconf 81' lang='lat' dir='ltr'>pater</span> <span class='ocrx_word' id='word_1_911' title='bbox 2062 2734 2146 2765; x_wconf 90' lang='lat' dir='ltr'>enim</span> <span class='ocrx_word' id='word_1_912' title='bbox 2177 2734 2255 2764; x_wconf 90' lang='lat' dir='ltr'>nihil</span> <span class='ocrx_word' id='word_1_913' title='bbox 2279 2741 2325 2765; x_wconf 91' lang='lat' dir='ltr'>est</span> <span class='ocrx_word' id='word_1_914' title='bbox 2346 2733 2412 2770; x_wconf 91' lang='lat' dir='ltr'>filii,</span> <span class='ocrx_word' id='word_1_915' title='bbox 2437 2740 2467 2764; x_wconf 92' lang='lat' dir='ltr'>et</span> 
     </span>
     <span class='ocr_line' id='line_1_119' title="bbox 1406 2780 1841 2811; baseline -0.002 0"><span class='ocrx_word' id='word_1_916' title='bbox 1406 2781 1558 2811; x_wconf 84' lang='lat' dir='ltr'>dominus</span> <span class='ocrx_word' id='word_1_917' title='bbox 1582 2780 1660 2810; x_wconf 89' lang='lat' dir='ltr'>nihil</span> <span class='ocrx_word' id='word_1_918' title='bbox 1683 2786 1730 2810; x_wconf 90' lang='lat' dir='ltr'>est</span> <span class='ocrx_word' id='word_1_919' title='bbox 1752 2780 1841 2811; x_wconf 88' lang='lat' dir='ltr'>servi.</span> 
     </span>
    </p>

    <p class='ocr_par' dir='ltr' id='par_1_38' title="bbox 1404 2821 2467 3435">
     <span class='ocr_line' id='line_1_120' title="bbox 1461 2821 2467 2865; baseline -0.004 -10"><span class='ocrx_word' id='word_1_920' title='bbox 1461 2826 1512 2856; x_wconf 88' lang='lat' dir='ltr'>Ad</span> <span class='ocrx_word' id='word_1_921' title='bbox 1534 2825 1596 2855; x_wconf 89' lang='lat' dir='ltr'>hoc</span> <span class='ocrx_word' id='word_1_922' title='bbox 1612 2824 1725 2855; x_wconf 89' lang='lat' dir='ltr'>dicitur</span> <span class='ocrx_word' id='word_1_923' title='bbox 1744 2824 1833 2865; x_wconf 89' lang='lat' dir='ltr'>quod</span> <span class='ocrx_word' id='word_1_924' title='bbox 1857 2833 1931 2854; x_wconf 92' lang='lat' dir='ltr'>cum</span> <span class='ocrx_word' id='word_1_925' title='bbox 1952 2823 2094 2854; x_wconf 91' lang='lat' dir='ltr'>eiusdem</span> <span class='ocrx_word' id='word_1_926' title='bbox 2116 2823 2157 2852; x_wconf 90' lang='lat' dir='ltr'>ad</span> <span class='ocrx_word' id='word_1_927' title='bbox 2178 2822 2318 2861; x_wconf 88' lang='lat' dir='ltr'>seipsum</span> <span class='ocrx_word' id='word_1_928' title='bbox 2341 2831 2407 2851; x_wconf 91' lang='lat' dir='ltr'>non</span> <span class='ocrx_word' id='word_1_929' title='bbox 2427 2821 2467 2851; x_wconf 89' lang='lat' dir='ltr'>sit</span> 
     </span>
     <span class='ocr_line' id='line_1_121' title="bbox 1406 2866 2465 2909; baseline -0.004 -10"><span class='ocrx_word' id='word_1_930' title='bbox 1406 2869 1534 2909; x_wconf 90' lang='lat' dir='ltr'>proprie</span> <span class='ocrx_word' id='word_1_931' title='bbox 1556 2869 1616 2905; x_wconf 85' lang='lat' dir='ltr'>ius,</span> <span class='ocrx_word' id='word_1_932' title='bbox 1640 2869 1695 2899; x_wconf 88' lang='lat' dir='ltr'>sed</span> <span class='ocrx_word' id='word_1_933' title='bbox 1718 2868 1794 2899; x_wconf 92' lang='lat' dir='ltr'>iuris</span> <span class='ocrx_word' id='word_1_934' title='bbox 1818 2868 1897 2898; x_wconf 89' lang='lat' dir='ltr'>ratio</span> <span class='ocrx_word' id='word_1_935' title='bbox 1914 2868 2015 2907; x_wconf 83' lang='lat' dir='ltr'>exigat</span> <span class='ocrx_word' id='word_1_936' title='bbox 2037 2867 2126 2907; x_wconf 93' lang='lat' dir='ltr'>quod</span> <span class='ocrx_word' id='word_1_937' title='bbox 2149 2866 2188 2897; x_wconf 91' lang='lat' dir='ltr'>sit</span> <span class='ocrx_word' id='word_1_938' title='bbox 2210 2866 2289 2896; x_wconf 88' lang='lat' dir='ltr'>inter</span> <span class='ocrx_word' id='word_1_939' title='bbox 2303 2866 2384 2896; x_wconf 94' lang='lat' dir='ltr'>duos</span> <span class='ocrx_word' id='word_1_940' title='bbox 2399 2875 2465 2895; x_wconf 91' lang='lat' dir='ltr'>non</span> 
     </span>
     <span class='ocr_line' id='line_1_122' title="bbox 1406 2909 2466 2954; baseline -0.006 -10"><span class='ocrx_word' id='word_1_941' title='bbox 1406 2913 1679 2954; x_wconf 89' lang='lat' dir='ltr'>qualitercumque</span> <span class='ocrx_word' id='word_1_942' title='bbox 1695 2912 1867 2947; x_wconf 90' lang='lat' dir='ltr'>distinctos,</span> <span class='ocrx_word' id='word_1_943' title='bbox 1893 2912 1948 2941; x_wconf 91' lang='lat' dir='ltr'>sed</span> <span class='ocrx_word' id='word_1_944' title='bbox 1971 2911 2015 2941; x_wconf 92' lang='lat' dir='ltr'>sic</span> <span class='ocrx_word' id='word_1_945' title='bbox 2038 2918 2074 2942; x_wconf 95' lang='lat' dir='ltr'>ut</span> <span class='ocrx_word' id='word_1_946' title='bbox 2096 2920 2180 2940; x_wconf 89' lang='lat' dir='ltr'>unus</span> <span class='ocrx_word' id='word_1_947' title='bbox 2203 2920 2269 2939; x_wconf 89' lang='lat' dir='ltr'>non</span> <span class='ocrx_word' id='word_1_948' title='bbox 2293 2909 2331 2940; x_wconf 90' lang='lat' dir='ltr'>sit</span> <span class='ocrx_word' id='word_1_949' title='bbox 2347 2909 2466 2949; x_wconf 88' lang='lat' dir='ltr'>aliquid</span> 
     </span>
     <span class='ocr_line' id='line_1_123' title="bbox 1406 2953 2464 2996; baseline -0.005 -9"><span class='ocrx_word' id='word_1_950' title='bbox 1406 2957 1548 2993; x_wconf 88' lang='lat' dir='ltr'>alterius;</span> <span class='ocrx_word' id='word_1_951' title='bbox 1573 2967 1608 2986; x_wconf 89' lang='lat' dir='ltr'>ea</span> <span class='ocrx_word' id='word_1_952' title='bbox 1638 2956 1759 2986; x_wconf 85' lang='lat' dir='ltr'>ratione</span> <span class='ocrx_word' id='word_1_953' title='bbox 1789 2956 1880 2996; x_wconf 82' lang='lat' dir='ltr'>quia,</span> <span class='ocrx_word' id='word_1_954' title='bbox 1911 2955 1937 2985; x_wconf 90' lang='lat' dir='ltr'>si</span> <span class='ocrx_word' id='word_1_955' title='bbox 1967 2965 2068 2985; x_wconf 89' lang='lat' dir='ltr'>unum</span> <span class='ocrx_word' id='word_1_956' title='bbox 2100 2961 2146 2984; x_wconf 91' lang='lat' dir='ltr'>est</span> <span class='ocrx_word' id='word_1_957' title='bbox 2172 2953 2291 2994; x_wconf 86' lang='lat' dir='ltr'>aliquid</span> <span class='ocrx_word' id='word_1_958' title='bbox 2321 2953 2464 2989; x_wconf 88' lang='lat' dir='ltr'>alterius,</span> 
     </span>
     <span class='ocr_line' id='line_1_124' title="bbox 1405 2997 2466 3039; baseline -0.004 -8"><span class='ocrx_word' id='word_1_959' title='bbox 1405 3011 1472 3031; x_wconf 91' lang='lat' dir='ltr'>non</span> <span class='ocrx_word' id='word_1_960' title='bbox 1488 3001 1625 3036; x_wconf 85' lang='lat' dir='ltr'>duobus,</span> <span class='ocrx_word' id='word_1_961' title='bbox 1641 3001 1696 3030; x_wconf 91' lang='lat' dir='ltr'>sed</span> <span class='ocrx_word' id='word_1_962' title='bbox 1711 2999 1777 3036; x_wconf 91' lang='lat' dir='ltr'>uni,</span> <span class='ocrx_word' id='word_1_963' title='bbox 1793 2999 1842 3030; x_wconf 87' lang='lat' dir='ltr'>vel</span> <span class='ocrx_word' id='word_1_964' title='bbox 1858 2999 1948 3039; x_wconf 86' lang='lat' dir='ltr'>quasi</span> <span class='ocrx_word' id='word_1_965' title='bbox 1965 2998 2029 3035; x_wconf 88' lang='lat' dir='ltr'>uni,</span> <span class='ocrx_word' id='word_1_966' title='bbox 2047 2999 2138 3028; x_wconf 90' lang='lat' dir='ltr'>datur</span> <span class='ocrx_word' id='word_1_967' title='bbox 2152 2997 2308 3038; x_wconf 91' lang='lat' dir='ltr'>quidquid</span> <span class='ocrx_word' id='word_1_968' title='bbox 2324 2998 2428 3027; x_wconf 83' lang='lat' dir='ltr'>datur:</span> <span class='ocrx_word' id='word_1_969' title='bbox 2445 3014 2466 3020; x_wconf 92' lang='lat'>—</span> 
     </span>
     <span class='ocr_line' id='line_1_125' title="bbox 1405 3041 2467 3084; baseline -0.003 -10"><span class='ocrx_word' id='word_1_970' title='bbox 1405 3045 1438 3075; x_wconf 90' lang='lat' dir='ltr'>Si</span> <span class='ocrx_word' id='word_1_971' title='bbox 1461 3044 1547 3074; x_wconf 91' lang='lat' dir='ltr'>enim</span> <span class='ocrx_word' id='word_1_972' title='bbox 1571 3044 1676 3084; x_wconf 83' lang='lat' dir='ltr'>aliqua</span> <span class='ocrx_word' id='word_1_973' title='bbox 1699 3044 1764 3074; x_wconf 94' lang='lat' dir='ltr'>duo</span> <span class='ocrx_word' id='word_1_974' title='bbox 1784 3053 1816 3074; x_wconf 92' lang='lat' dir='ltr'>se</span> <span class='ocrx_word' id='word_1_975' title='bbox 1839 3043 1956 3073; x_wconf 86' lang='lat' dir='ltr'>habent</span> <span class='ocrx_word' id='word_1_976' title='bbox 1973 3049 2010 3073; x_wconf 89' lang='lat' dir='ltr'>ut</span> <span class='ocrx_word' id='word_1_977' title='bbox 2027 3049 2133 3073; x_wconf 91' lang='lat' dir='ltr'>totum</span> <span class='ocrx_word' id='word_1_978' title='bbox 2156 3048 2186 3072; x_wconf 92' lang='lat' dir='ltr'>et</span> <span class='ocrx_word' id='word_1_979' title='bbox 2209 3051 2289 3082; x_wconf 87' lang='lat' dir='ltr'>pars,</span> <span class='ocrx_word' id='word_1_980' title='bbox 2311 3041 2467 3082; x_wconf 92' lang='lat' dir='ltr'>quidquid</span> 
     </span>
     <span class='ocr_line' id='line_1_126' title="bbox 1404 3085 2467 3128; baseline -0.004 -9"><span class='ocrx_word' id='word_1_981' title='bbox 1404 3089 1482 3119; x_wconf 90' lang='lat' dir='ltr'>boni</span> <span class='ocrx_word' id='word_1_982' title='bbox 1497 3089 1547 3119; x_wconf 90' lang='lat' dir='ltr'>vel</span> <span class='ocrx_word' id='word_1_983' title='bbox 1562 3088 1636 3118; x_wconf 87' lang='lat' dir='ltr'>mali</span> <span class='ocrx_word' id='word_1_984' title='bbox 1656 3088 1759 3118; x_wconf 90' lang='lat' dir='ltr'>evenit</span> <span class='ocrx_word' id='word_1_985' title='bbox 1774 3087 1864 3128; x_wconf 78' lang='lat' dir='ltr'>parti,</span> <span class='ocrx_word' id='word_1_986' title='bbox 1885 3093 1971 3127; x_wconf 86' lang='lat' dir='ltr'>patet</span> <span class='ocrx_word' id='word_1_987' title='bbox 1985 3087 2074 3127; x_wconf 92' lang='lat' dir='ltr'>quod</span> <span class='ocrx_word' id='word_1_988' title='bbox 2098 3085 2219 3117; x_wconf 85' lang='lat' dir='ltr'>eveniat</span> <span class='ocrx_word' id='word_1_989' title='bbox 2237 3085 2295 3116; x_wconf 88' lang='lat' dir='ltr'>toti</span> <span class='ocrx_word' id='word_1_990' title='bbox 2315 3085 2404 3116; x_wconf 91' lang='lat' dir='ltr'>cuius</span> <span class='ocrx_word' id='word_1_991' title='bbox 2420 3091 2467 3115; x_wconf 92' lang='lat' dir='ltr'>est</span> 
     </span>
     <span class='ocr_line' id='line_1_127' title="bbox 1404 3129 2467 3173; baseline -0.004 -10"><span class='ocrx_word' id='word_1_992' title='bbox 1404 3133 1457 3163; x_wconf 84' lang='lat' dir='ltr'>illa</span> <span class='ocrx_word' id='word_1_993' title='bbox 1479 3142 1568 3173; x_wconf 87' lang='lat' dir='ltr'>pars;</span> <span class='ocrx_word' id='word_1_994' title='bbox 1593 3139 1624 3163; x_wconf 90' lang='lat' dir='ltr'>et</span> <span class='ocrx_word' id='word_1_995' title='bbox 1646 3142 1663 3162; x_wconf 93' lang='lat' dir='ltr'>e</span> <span class='ocrx_word' id='word_1_996' title='bbox 1687 3141 1838 3162; x_wconf 88' lang='lat' dir='ltr'>converso</span> <span class='ocrx_word' id='word_1_997' title='bbox 1862 3130 2019 3172; x_wconf 90' lang='lat' dir='ltr'>quidquid</span> <span class='ocrx_word' id='word_1_998' title='bbox 2038 3130 2141 3161; x_wconf 89' lang='lat' dir='ltr'>evenit</span> <span class='ocrx_word' id='word_1_999' title='bbox 2163 3129 2236 3166; x_wconf 89' lang='lat' dir='ltr'>toti,</span> <span class='ocrx_word' id='word_1_1000' title='bbox 2262 3129 2364 3160; x_wconf 89' lang='lat' dir='ltr'>evenit</span> <span class='ocrx_word' id='word_1_1001' title='bbox 2386 3129 2467 3169; x_wconf 88' lang='lat' dir='ltr'>parti</span> 
     </span>
     <span class='ocr_line' id='line_1_128' title="bbox 1406 3174 2467 3218; baseline -0.004 -11"><span class='ocrx_word' id='word_1_1002' title='bbox 1406 3187 1487 3218; x_wconf 85' lang='lat' dir='ltr'>quae</span> <span class='ocrx_word' id='word_1_1003' title='bbox 1511 3183 1558 3207; x_wconf 92' lang='lat' dir='ltr'>est</span> <span class='ocrx_word' id='word_1_1004' title='bbox 1578 3176 1612 3206; x_wconf 89' lang='lat' dir='ltr'>in</span> <span class='ocrx_word' id='word_1_1005' title='bbox 1634 3176 1690 3206; x_wconf 89' lang='lat' dir='ltr'>illo</span> <span class='ocrx_word' id='word_1_1006' title='bbox 1714 3182 1798 3206; x_wconf 89' lang='lat' dir='ltr'>toto:</span> <span class='ocrx_word' id='word_1_1007' title='bbox 1829 3175 1873 3206; x_wconf 87' lang='lat' dir='ltr'>ita</span> <span class='ocrx_word' id='word_1_1008' title='bbox 1895 3175 1999 3216; x_wconf 90' lang='lat' dir='ltr'>quod,</span> <span class='ocrx_word' id='word_1_1009' title='bbox 2023 3175 2095 3206; x_wconf 91' lang='lat' dir='ltr'>licet</span> <span class='ocrx_word' id='word_1_1010' title='bbox 2118 3174 2239 3204; x_wconf 84' lang='lat' dir='ltr'>malum</span> <span class='ocrx_word' id='word_1_1011' title='bbox 2267 3180 2322 3204; x_wconf 89' lang='lat' dir='ltr'>aut</span> <span class='ocrx_word' id='word_1_1012' title='bbox 2343 3174 2467 3204; x_wconf 87' lang='lat' dir='ltr'>bonum</span> 
     </span>
     <span class='ocr_line' id='line_1_129' title="bbox 1406 3219 2467 3261; baseline -0.004 -10"><span class='ocrx_word' id='word_1_1013' title='bbox 1406 3221 1510 3261; x_wconf 90' lang='lat' dir='ltr'>primo</span> <span class='ocrx_word' id='word_1_1014' title='bbox 1534 3227 1657 3261; x_wconf 87' lang='lat' dir='ltr'>partem</span> <span class='ocrx_word' id='word_1_1015' title='bbox 1679 3220 1730 3250; x_wconf 89' lang='lat' dir='ltr'>vel</span> <span class='ocrx_word' id='word_1_1016' title='bbox 1753 3227 1858 3251; x_wconf 91' lang='lat' dir='ltr'>totum</span> <span class='ocrx_word' id='word_1_1017' title='bbox 1880 3219 2003 3256; x_wconf 82' lang='lat' dir='ltr'>afficiat,</span> <span class='ocrx_word' id='word_1_1018' title='bbox 2027 3219 2182 3249; x_wconf 87' lang='lat' dir='ltr'>redundat</span> <span class='ocrx_word' id='word_1_1019' title='bbox 2205 3225 2310 3249; x_wconf 88' lang='lat' dir='ltr'>tamen</span> <span class='ocrx_word' id='word_1_1020' title='bbox 2327 3227 2363 3247; x_wconf 86' lang='lat' dir='ltr'>ex</span> <span class='ocrx_word' id='word_1_1021' title='bbox 2379 3224 2467 3258; x_wconf 85' lang='lat' dir='ltr'>parte</span> 
     </span>
     <span class='ocr_line' id='line_1_130' title="bbox 1406 3261 2466 3304; baseline -0.005 -8"><span class='ocrx_word' id='word_1_1022' title='bbox 1406 3266 1439 3296; x_wconf 91' lang='lat' dir='ltr'>in</span> <span class='ocrx_word' id='word_1_1023' title='bbox 1462 3272 1568 3296; x_wconf 88' lang='lat' dir='ltr'>totum</span> <span class='ocrx_word' id='word_1_1024' title='bbox 1591 3265 1642 3295; x_wconf 87' lang='lat' dir='ltr'>vel</span> <span class='ocrx_word' id='word_1_1025' title='bbox 1665 3274 1702 3295; x_wconf 84' lang='lat' dir='ltr'>ex</span> <span class='ocrx_word' id='word_1_1026' title='bbox 1725 3270 1794 3296; x_wconf 90' lang='lat' dir='ltr'>toto</span> <span class='ocrx_word' id='word_1_1027' title='bbox 1818 3264 1850 3294; x_wconf 91' lang='lat' dir='ltr'>in</span> <span class='ocrx_word' id='word_1_1028' title='bbox 1874 3270 2011 3304; x_wconf 85' lang='lat' dir='ltr'>partem;</span> <span class='ocrx_word' id='word_1_1029' title='bbox 2046 3269 2196 3294; x_wconf 89' lang='lat' dir='ltr'>neutrum</span> <span class='ocrx_word' id='word_1_1030' title='bbox 2219 3261 2304 3292; x_wconf 87' lang='lat' dir='ltr'>enirn</span> <span class='ocrx_word' id='word_1_1031' title='bbox 2327 3261 2466 3292; x_wconf 85' lang='lat' dir='ltr'>alienum</span> 
     </span>
     <span class='ocr_line' id='line_1_131' title="bbox 1407 3305 2467 3349; baseline -0.005 -9"><span class='ocrx_word' id='word_1_1032' title='bbox 1407 3316 1453 3340; x_wconf 91' lang='lat' dir='ltr'>est</span> <span class='ocrx_word' id='word_1_1033' title='bbox 1476 3310 1514 3340; x_wconf 84' lang='lat' dir='ltr'>ab</span> <span class='ocrx_word' id='word_1_1034' title='bbox 1539 3309 1654 3340; x_wconf 87' lang='lat' dir='ltr'>altero:</span> <span class='ocrx_word' id='word_1_1035' title='bbox 1669 3327 1690 3331; x_wconf 98' lang='lat'><em>-</em></span> <span class='ocrx_word' id='word_1_1036' title='bbox 1713 3315 1839 3349; x_wconf 82' lang='lat' dir='ltr'>oportet</span> <span class='ocrx_word' id='word_1_1037' title='bbox 1862 3318 1936 3348; x_wconf 90' lang='lat' dir='ltr'>ergo</span> <span class='ocrx_word' id='word_1_1038' title='bbox 1961 3307 2060 3338; x_wconf 85' lang='lat' dir='ltr'>aliena</span> <span class='ocrx_word' id='word_1_1039' title='bbox 2084 3307 2122 3337; x_wconf 85' lang='lat' dir='ltr'>ab</span> <span class='ocrx_word' id='word_1_1040' title='bbox 2139 3306 2273 3336; x_wconf 89' lang='lat' dir='ltr'>invicem</span> <span class='ocrx_word' id='word_1_1041' title='bbox 2297 3315 2363 3336; x_wconf 88' lang='lat' dir='ltr'>esse</span> <span class='ocrx_word' id='word_1_1042' title='bbox 2386 3305 2467 3335; x_wconf 91' lang='lat' dir='ltr'>inter</span> 
     </span>
     <span class='ocr_line' id='line_1_132' title="bbox 1407 3349 2465 3395; baseline -0.005 -11"><span class='ocrx_word' id='word_1_1043' title='bbox 1407 3364 1489 3395; x_wconf 88' lang='lat' dir='ltr'>quae</span> <span class='ocrx_word' id='word_1_1044' title='bbox 1520 3360 1566 3384; x_wconf 88' lang='lat' dir='ltr'>est</span> <span class='ocrx_word' id='word_1_1045' title='bbox 1588 3353 1637 3384; x_wconf 91' lang='lat' dir='ltr'>ius</span> <span class='ocrx_word' id='word_1_1046' title='bbox 1668 3352 1865 3393; x_wconf 89' lang='lat' dir='ltr'>simpliciter,</span> <span class='ocrx_word' id='word_1_1047' title='bbox 1891 3352 1984 3392; x_wconf 91' lang='lat' dir='ltr'>quale</span> <span class='ocrx_word' id='word_1_1048' title='bbox 2015 3358 2061 3381; x_wconf 88' lang='lat' dir='ltr'>est</span> <span class='ocrx_word' id='word_1_1049' title='bbox 2089 3351 2121 3380; x_wconf 93' lang='lat' dir='ltr'>in</span> <span class='ocrx_word' id='word_1_1050' title='bbox 2152 3349 2465 3381; x_wconf 82' lang='lat' dir='ltr'>commutationibus.</span> 
     </span>
     <span class='ocr_line' id='line_1_133' title="bbox 1407 3393 2349 3435; baseline -0.005 -7"><span class='ocrx_word' id='word_1_1051' title='bbox 1407 3399 1455 3429; x_wconf 92' lang='lat' dir='ltr'>De</span> <span class='ocrx_word' id='word_1_1052' title='bbox 1478 3398 1532 3429; x_wconf 89' lang='lat' dir='ltr'>tali</span> <span class='ocrx_word' id='word_1_1053' title='bbox 1556 3397 1641 3427; x_wconf 89' lang='lat' dir='ltr'>enim</span> <span class='ocrx_word' id='word_1_1054' title='bbox 1665 3407 1731 3427; x_wconf 90' lang='lat' dir='ltr'>esse</span> <span class='ocrx_word' id='word_1_1055' title='bbox 1755 3406 1936 3427; x_wconf 88' lang='lat' dir='ltr'>sermonem</span> <span class='ocrx_word' id='word_1_1056' title='bbox 1960 3394 2088 3426; x_wconf 82' lang='lat' dir='ltr'>materia</span> <span class='ocrx_word' id='word_1_1057' title='bbox 2111 3394 2179 3435; x_wconf 88' lang='lat' dir='ltr'>ipsa</span> <span class='ocrx_word' id='word_1_1058' title='bbox 2202 3393 2349 3425; x_wconf 89' lang='lat' dir='ltr'>ostendit.</span> 
     </span>
    </p>

    <p class='ocr_par' dir='ltr' id='par_1_39' title="bbox 1407 3438 2467 3568">
     <span class='ocr_line' id='line_1_134' title="bbox 1463 3438 2467 3481; baseline -0.005 -9"><span class='ocrx_word' id='word_1_1059' title='bbox 1463 3442 1514 3472; x_wconf 89' lang='lat' dir='ltr'>Ad</span> <span class='ocrx_word' id='word_1_1060' title='bbox 1530 3441 1666 3481; x_wconf 88' lang='lat' dir='ltr'>primam</span> <span class='ocrx_word' id='word_1_1061' title='bbox 1680 3447 1787 3471; x_wconf 87' lang='lat' dir='ltr'>autem</span> <span class='ocrx_word' id='word_1_1062' title='bbox 1799 3440 2009 3471; x_wconf 90' lang='lat' dir='ltr'>obiectionem</span> <span class='ocrx_word' id='word_1_1063' title='bbox 2024 3438 2137 3469; x_wconf 90' lang='lat' dir='ltr'>dicitur</span> <span class='ocrx_word' id='word_1_1064' title='bbox 2147 3439 2236 3479; x_wconf 92' lang='lat' dir='ltr'>quod</span> <span class='ocrx_word' id='word_1_1065' title='bbox 2250 3438 2330 3468; x_wconf 91' lang='lat' dir='ltr'>inter</span> <span class='ocrx_word' id='word_1_1066' title='bbox 2344 3444 2467 3478; x_wconf 87' lang='lat' dir='ltr'>patrem</span> 
     </span>
     <span class='ocr_line' id='line_1_135' title="bbox 1408 3482 2466 3523; baseline -0.006 -6"><span class='ocrx_word' id='word_1_1067' title='bbox 1408 3493 1439 3517; x_wconf 91' lang='lat' dir='ltr'>et</span> <span class='ocrx_word' id='word_1_1068' title='bbox 1450 3486 1553 3516; x_wconf 90' lang='lat' dir='ltr'>filiurn</span> <span class='ocrx_word' id='word_1_1069' title='bbox 1569 3496 1626 3516; x_wconf 91' lang='lat' dir='ltr'>nec</span> <span class='ocrx_word' id='word_1_1070' title='bbox 1639 3485 1759 3516; x_wconf 90' lang='lat' dir='ltr'>iustum</span> <span class='ocrx_word' id='word_1_1071' title='bbox 1775 3495 1832 3515; x_wconf 92' lang='lat' dir='ltr'>nec</span> <span class='ocrx_word' id='word_1_1072' title='bbox 1844 3484 1996 3514; x_wconf 90' lang='lat' dir='ltr'>iniustum</span> <span class='ocrx_word' id='word_1_1073' title='bbox 2011 3482 2193 3523; x_wconf 88' lang='lat' dir='ltr'>simpliciter</span> <span class='ocrx_word' id='word_1_1074' title='bbox 2211 3489 2272 3513; x_wconf 87' lang='lat' dir='ltr'>est:</span> <span class='ocrx_word' id='word_1_1075' title='bbox 2290 3482 2344 3512; x_wconf 92' lang='lat' dir='ltr'>sed</span> <span class='ocrx_word' id='word_1_1076' title='bbox 2356 3491 2466 3522; x_wconf 88' lang='lat' dir='ltr'>quem-</span> 
     </span>
     <span class='ocr_line' id='line_1_136' title="bbox 1407 3525 2467 3568; baseline -0.005 -8"><span class='ocrx_word' id='word_1_1077' title='bbox 1407 3530 1585 3560; x_wconf 89' lang='lat' dir='ltr'>admodum</span> <span class='ocrx_word' id='word_1_1078' title='bbox 1608 3530 1688 3560; x_wconf 89' lang='lat' dir='ltr'>inter</span> <span class='ocrx_word' id='word_1_1079' title='bbox 1704 3539 1758 3559; x_wconf 89' lang='lat' dir='ltr'>eos</span> <span class='ocrx_word' id='word_1_1080' title='bbox 1781 3535 1828 3559; x_wconf 87' lang='lat' dir='ltr'>est</span> <span class='ocrx_word' id='word_1_1081' title='bbox 1842 3528 1914 3568; x_wconf 91' lang='lat' dir='ltr'>plus</span> <span class='ocrx_word' id='word_1_1082' title='bbox 1931 3537 2028 3568; x_wconf 89' lang='lat' dir='ltr'>quam</span> <span class='ocrx_word' id='word_1_1083' title='bbox 2050 3527 2110 3563; x_wconf 84' lang='lat' dir='ltr'>ius,</span> <span class='ocrx_word' id='word_1_1084' title='bbox 2127 3526 2201 3567; x_wconf 87' lang='lat' dir='ltr'>quia</span> <span class='ocrx_word' id='word_1_1085' title='bbox 2217 3533 2263 3557; x_wconf 90' lang='lat' dir='ltr'>est</span> <span class='ocrx_word' id='word_1_1086' title='bbox 2282 3525 2399 3562; x_wconf 85' lang='lat' dir='ltr'>unitas;</span> <span class='ocrx_word' id='word_1_1087' title='bbox 2424 3525 2467 3556; x_wconf 86' lang='lat' dir='ltr'>ita</span> 
     </span>
    </p>
   </div>
   <div class='ocr_carea' id='block_1_26' title="bbox 50 3566 2466 3659">
    <p class='ocr_par' dir='ltr' id='par_1_40' title="bbox 50 3566 2466 3659">
     <span class='ocr_line' id='line_1_137' title="bbox 50 3566 2465 3625; baseline -0.005 -15"><span class='ocrx_word' id='word_1_1088' title='bbox 50 3595 107 3620; x_wconf 74' lang='lat' dir='ltr'>‘en</span> <span class='ocrx_word' id='word_1_1089' title='bbox 125 3614 131 3620; x_wconf 37' lang='lat'>⁴</span> <span class='ocrx_word' id='word_1_1090' title='bbox 146 3604 163 3625; x_wconf 43' lang='lat'>,¹</span> <span class='ocrx_word' id='word_1_1091' title='bbox 183 3598 262 3620; x_wconf 87' lang='lat' dir='ltr'>n.6.-</span> <span class='ocrx_word' id='word_1_1092' title='bbox 289 3577 420 3618; x_wconf 85' lang='lat' dir='ltr'>pliciter.</span> <span class='ocrx_word' id='word_1_1093' title='bbox 436 3579 525 3609; x_wconf 89' lang='lat' dir='ltr'>Tum</span> <span class='ocrx_word' id='word_1_1094' title='bbox 540 3578 616 3618; x_wconf 82' lang='lat' dir='ltr'>quia</span> <span class='ocrx_word' id='word_1_1095' title='bbox 630 3577 712 3607; x_wconf 88' lang='lat' dir='ltr'>inter</span> <span class='ocrx_word' id='word_1_1096' title='bbox 726 3583 849 3616; x_wconf 86' lang='lat' dir='ltr'>patrem</span> <span class='ocrx_word' id='word_1_1097' title='bbox 873 3582 904 3606; x_wconf 90' lang='lat' dir='ltr'>et</span> <span class='ocrx_word' id='word_1_1098' title='bbox 917 3571 1020 3606; x_wconf 71' lang='lat' dir='ltr'>filium</span> <span class='ocrx_word' id='word_1_1099' title='bbox 1044 3582 1090 3606; x_wconf 89' lang='lat' dir='ltr'>est</span> <span class='ocrx_word' id='word_1_1100' title='bbox 1109 3575 1264 3606; x_wconf 87' lang='lat' dir='ltr'>iniustum</span> <span class='ocrx_word' id='word_1_1101' title='bbox 1281 3575 1355 3605; x_wconf 89' lang='lat' dir='ltr'>sim·</span> <span class='ocrx_word' id='word_1_1102' title='bbox 1380 3566 1382 3602; x_wconf 70' lang='lat' dir='ltr'>l</span> <span class='ocrx_word' id='word_1_1103' title='bbox 1409 3581 1455 3605; x_wconf 90' lang='lat' dir='ltr'>est</span> <span class='ocrx_word' id='word_1_1104' title='bbox 1478 3574 1574 3605; x_wconf 88' lang='lat' dir='ltr'>etiam</span> <span class='ocrx_word' id='word_1_1105' title='bbox 1596 3574 1668 3614; x_wconf 90' lang='lat' dir='ltr'>plus</span> <span class='ocrx_word' id='word_1_1106' title='bbox 1691 3583 1788 3614; x_wconf 90' lang='lat' dir='ltr'>quam</span> <span class='ocrx_word' id='word_1_1107' title='bbox 1811 3572 1978 3608; x_wconf 91' lang='lat' dir='ltr'>iniustum,</span> <span class='ocrx_word' id='word_1_1108' title='bbox 2003 3571 2078 3612; x_wconf 90' lang='lat' dir='ltr'>quia</span> <span class='ocrx_word' id='word_1_1109' title='bbox 2101 3578 2147 3601; x_wconf 89' lang='lat' dir='ltr'>est</span> <span class='ocrx_word' id='word_1_1110' title='bbox 2169 3570 2299 3601; x_wconf 83' lang='lat' dir='ltr'>violatio</span> <span class='ocrx_word' id='word_1_1111' title='bbox 2328 3569 2465 3605; x_wconf 81' lang='lat' dir='ltr'>unitatis,</span> 
     </span>
     <span class='ocr_line' id='line_1_138' title="bbox 1381 3613 2466 3659; baseline -0.006 -10"><span class='ocrx_word' id='word_1_1112' title='bbox 1381 3633 1383 3648; x_wconf 70' lang='lat' dir='ltr'>&#39;r</span> <span class='ocrx_word' id='word_1_1113' title='bbox 1408 3629 1489 3659; x_wconf 89' lang='lat' dir='ltr'>quae</span> <span class='ocrx_word' id='word_1_1114' title='bbox 1506 3618 1595 3658; x_wconf 89' lang='lat' dir='ltr'>peior</span> <span class='ocrx_word' id='word_1_1115' title='bbox 1608 3625 1654 3648; x_wconf 92' lang='lat' dir='ltr'>est</span> <span class='ocrx_word' id='word_1_1116' title='bbox 1670 3617 1840 3648; x_wconf 87' lang='lat' dir='ltr'>violatione</span> <span class='ocrx_word' id='word_1_1117' title='bbox 1855 3615 1940 3646; x_wconf 85' lang='lat' dir='ltr'>iuris.</span> <span class='ocrx_word' id='word_1_1118' title='bbox 1966 3615 2058 3646; x_wconf 91' lang='lat' dir='ltr'>Unde</span> <span class='ocrx_word' id='word_1_1119' title='bbox 2075 3615 2154 3645; x_wconf 88' lang='lat' dir='ltr'>sicut</span> <span class='ocrx_word' id='word_1_1120' title='bbox 2171 3614 2311 3645; x_wconf 90' lang='lat' dir='ltr'>occidere</span> <span class='ocrx_word' id='word_1_1121' title='bbox 2327 3613 2466 3654; x_wconf 85' lang='lat' dir='ltr'>seipsum</span> 
     </span>
    </p>
   </div>
  </div>
 </body>
</html>
