2860 4244
184 971 193 979 ⁴
207 970 231 990 In
247 975 351 996 corpore.

427 248 499 294 154

421 326 664 374 negotiationi
692 325 850 362 intendit
874 333 1029 374 propter
1046 325 1240 373 publicam
1269 323 1478 371 utilitatem,

420 392 469 416 ne
498 379 636 415 scilicet
670 391 729 415 res
758 378 990 415 necessariae
1021 377 1070 414 ad
1098 377 1216 413 vitam
1243 376 1386 424 patriae
1416 377 1479 413 de-

421 432 512 478 sint,
553 439 588 468 et
615 433 762 468 lucrum
802 430 939 478 expetit
976 442 1053 466 non
1091 429 1199 476 quasi
1237 429 1377 476 finem,
1413 429 1479 465 sed

421 484 528 533 quasi
557 484 786 533 stipendium
815 483 965 519 laboris.

473 540 530 573 AD
551 549 687 574 PRIMUM
715 547 812 572 ERGO
842 546 1026 572 D1CENDUM
1046 533 1151 582 quod
1174 534 1338 571 verbum
1360 534 1480 582 Chry-

421 590 579 627 sostomi
608 597 663 626 est
690 587 975 635 intelligendum
996 587 1043 624 de
1063 586 1319 635 negotiatione
1349 599 1481 624 secun·
1506 619 1507 636 2

421 644 512 680 dum
529 643 632 690 quod
647 641 823 678 ultimum
842 641 961 677 finem
981 640 1019 676 in
1035 640 1139 676 lucro
1157 640 1358 687 constituit,
1375 641 1480 689 quod

419 695 623 744 praecipue
638 694 789 731 videtur
802 693 957 742 quando
978 692 1110 742 aliquis
1137 705 1218 730 rem
1239 705 1318 730 non
1341 693 1481 730 immu-

419 756 534 785 tatam
564 747 684 784 carius
712 746 854 784 vendit.
895 745 935 783 Si
964 746 1066 783 enim
1095 758 1177 782 rem
1205 746 1449 784 immutatam
1468 750 1481 767 ⁸

420 801 541 837 carius
563 799 718 846 vendat,
746 799 898 836 videtur
925 799 1137 847 praemium
1167 799 1225 836 sui
1252 800 1393 836 laboris
1422 811 1482 835 ac-

420 854 556 902 cipere.
601 852 789 900 Quamvis
825 859 861 889 et
888 852 1015 901 ipsum
1050 853 1199 889 lucrum
1232 852 1352 901 possit
1384 852 1481 888 licite

419 906 573 953 intendi,
594 918 672 942 non
692 906 786 942 sicut
804 906 960 942 ultimus
983 905 1083 952 finis,
1105 905 1171 942 sed
1190 913 1347 954 propter
1366 905 1482 942 alium

419 961 537 996 finem
557 959 812 996 necessarium
831 959 894 996 vel
916 959 1134 1006 honestum,
1154 966 1196 996 ut
1216 959 1358 996 dictum
1380 966 1436 995 est
1448 957 1480 995 ³⁸.

471 1015 530 1048 An
558 1024 748 1050 SECUNDUM
781 1024 967 1049 mcENDUM
995 1012 1102 1060 quod
1139 1024 1218 1049 non
1247 1011 1481 1060 quicumque

420 1065 542 1102 carius
569 1065 702 1102 vendit
738 1065 881 1113 aliquid
910 1077 1025 1114 quam
1065 1065 1217 1110 emerit,
1248 1065 1481 1113 negotiatur:

420 1118 488 1155 sed
524 1119 648 1155 solum
682 1118 748 1166 qui
785 1118 835 1155 ad
868 1119 943 1155 hoc
972 1118 1062 1155 emit
1098 1126 1140 1155 ut
1176 1118 1300 1155 carius
1326 1118 1481 1154 vendat.

421 1171 460 1208 Si
489 1179 618 1208 autem
652 1172 742 1208 emit
770 1184 851 1208 rem
881 1184 959 1208 non
993 1179 1036 1208 ut
1062 1171 1226 1218 vendat,
1256 1171 1324 1207 sed
1361 1178 1403 1207 ut
1429 1178 1482 1207 te-

420 1232 529 1272 neat,
572 1232 609 1261 et
644 1225 893 1274 postmodum
928 1232 1084 1273 propter
1120 1224 1287 1272 aliquam
1326 1235 1482 1260 causam

422 1290 508 1315 earn
535 1278 703 1315 vendere
726 1278 835 1324 velit,
865 1289 943 1314 non
973 1285 1028 1314 est
1055 1277 1273 1324 negotiatio,
1305 1276 1482 1323 quamvis

421 1331 542 1367 carius
560 1331 714 1368 vendat.
744 1332 874 1367 Potest
902 1330 1004 1366 enim
1034 1330 1109 1366 hoc
1136 1329 1234 1366 licite
1263 1329 1399 1375 facere,
1420 1330 1483 1365 vel

421 1384 510 1432 quia
537 1384 577 1420 in
597 1384 723 1432 aliquo
754 1396 834 1420 rem
864 1382 1093 1427 melioravit;
1121 1383 1184 1433 vel
1209 1382 1299 1430 quia
1319 1383 1483 1429 pretium

1058 247 1323 293 QUAESTIO
1353 247 1546 294 LXXVII,
1577 247 1872 285 ARTICULUS
1902 248 1953 285 IV

1534 324 1587 360 rei
1607 332 1662 361 est
1687 333 1888 374 mutatum,
1919 326 2132 363 secundum
2157 326 2414 364 diversitatem
2439 328 2512 364 loci
2531 328 2593 365 vel

1533 377 1737 425 temporis3
1766 380 1828 415 vel
1855 387 2011 428 propter
2038 379 2249 427 periculum
2284 379 2343 416 cui
2372 392 2412 416 se
2441 380 2594 430 exponit

1533 430 1794 468 transferendo
1832 444 1912 468 rem
1949 431 1995 468 de
2033 432 2118 468 loco
2147 431 2197 468 ad
2225 433 2374 479 locum,
2408 433 2469 469 vel
2508 445 2593 470 eam

1534 481 1652 518 ferri<
1680 483 1866 520 faciendo.
1909 485 1958 521 Et
1986 485 2197 522 secundum
2227 485 2321 532 hoc,
2351 497 2423 521 nec
2451 485 2594 534 emptio

1534 546 1604 570 nec
1632 535 1802 572 venditio
1833 544 1888 573 est
1915 536 2062 574 iniusta.

1587 589 1645 624 An
1674 599 1833 626 TERTmM
1866 601 2050 627 DlCENDUM
2079 590 2184 639 quod
2211 590 2335 626 clerici
2363 601 2443 626 non
2470 590 2595 626 solum

1535 639 1676 676 debent
1703 642 1893 678 abstinere
1922 643 1969 679 ab
1998 643 2056 680 his
2076 655 2174 692 quae
2203 651 2290 680 sunt
2318 642 2531 680 secundum
2556 654 2596 679 se

1535 693 1656 740 mala,
1695 694 1763 731 sed
1800 694 1913 731 etiam
1950 696 1997 732 ab
2030 695 2089 733 his
2118 708 2216 744 quae
2249 697 2392 733 habent
2428 695 2598 745 speciem

1535 745 1636 783 mali.
1682 746 1799 792 Quod
1835 747 1992 794 quidem
2029 748 2068 786 in
2104 749 2362 796 negotiatione
2395 748 2597 796 contingit,

1534 807 1616 836 tum
1636 806 1792 847 propter
1810 800 1885 836 hoc
1900 801 2007 847 quod
2023 808 2078 838 est
2097 802 2271 839 ordinata
2291 802 2339 839 ad
2358 803 2506 838 lucrum
2525 809 2598 838 ter-

1535 864 1688 898 renum,
1720 852 1826 888 cuius
1855 852 1978 889 clerici
2011 853 2152 890 debent
2180 866 2263 892 esse
2297 862 2598 904 contemptores;

1534 913 1616 942 turn
1637 905 1751 941 etiam
1781 913 1938 954 propter
1956 906 2167 954 frequentia
2195 907 2476 955 negotiatorum
2494 907 2598 955 vitia,

1536 958 1625 1007 quia
1661 958 1863 1007 difficiliter
1889 959 2042 996 exuitur
2068 960 2281 1009 negotiator
2307 972 2331 998 a
2353 961 2519 1009 peccatis
2546 961 2599 998 la-

1536 1012 1698 1057 biorum,
1727 1019 1768 1048 ut
1788 1012 1923 1049 dicitur
1940 1012 2056 1049 Eccli.
2072 1024 2156 1049 xxV1
2170 1012 2202 1050 ²⁸.
2233 1013 2302 1050 Est
2321 1019 2358 1049 et
2379 1013 2452 1050 alia
2471 1025 2599 1060 causa,

1536 1064 1626 1114 quia
1655 1064 1859 1112 negotiatio
1893 1065 2005 1102 nimis
2033 1065 2202 1114 implicat
2230 1065 2403 1103 animum
2431 1067 2601 1103 saecula-

1536 1117 1639 1154 ribus
1669 1117 1780 1164 curis,
1811 1126 1847 1155 et
1875 1130 1943 1167 per
1962 1131 2202 1168 consequens
2226 1131 2249 1156 a
2268 1118 2525 1167 spiritualibus
2545 1131 2602 1155 re-

1536 1170 1664 1207 trahit:
1684 1171 1788 1208 unde
1807 1171 2016 1220 Apostolus
2037 1172 2136 1219 dicit,
2157 1173 2189 1208 ΙΙ
2210 1172 2262 1209 ad
2274 1172 2368 1209 Tim.
2381 1183 2404 1208 11
2418 1171 2454 1208 *z
2474 1171 2601 1209 Nemo
2626 1183 2636 1194 ·

1536 1223 1700 1260 militans
1729 1225 1811 1261 Deo
1840 1224 2008 1273 implicat
2036 1237 2076 1262 se
2102 1225 2260 1275 negotiis
2286 1225 2555 1262 saecularibus.
2577 1244 2601 1252 -

1537 1276 1643 1329 Licet
1686 1283 1816 1313 tamen
1854 1277 1998 1316 clericis
2034 1278 2089 1315 uti
2129 1278 2254 1326 prima
2291 1277 2603 1316 commutationis

1537 1328 1684 1376 specie,
1715 1341 1814 1377 quae
1849 1329 2045 1367 ordinatur
2073 1331 2122 1367 ad
2149 1331 2413 1368 necessitatem
2442 1331 2543 1369 vitae
2561 1331 2602 1378 ²¹²,

1538 1381 1703 1418 emendo
1732 1383 1795 1418 vel
1822 1382 2043 1419 vendendo.

473 1549 495 1580 ε)
515 1549 691 1574 immutatam.
705 1562 724 1567 —
737 1549 762 1573 in
778 1548 871 1573 melius
886 1551 1017 1573 mutatam
1038 1548 1083 1577 Pa,
1104 1555 1155 1572 non
1173 1548 1341 1572 immutatam
1361 1555 1406 1579 sm
1426 1548 1483 1573 Si...
1510 1574 1511 1580 ¹

422 1585 520 1609 vendat
538 1592 591 1609 om.
611 1585 703 1616 Hpr.

1590 1547 1615 1579 ζ)
1635 1554 1693 1572 eam
1706 1548 1789 1581 ferri.
1800 1561 1819 1566 -
1836 1554 1894 1572 eam
1907 1547 1951 1581 f't'
1962 1547 2103 1578 ABDEFx,
2117 1555 2175 1573 eam
2183 1547 2251 1580 fieri
2264 1547 2326 1576 ma,
2339 1548 2420 1573 etiam
2426 1549 2492 1582 fieri
2505 1549 2525 1574 P
2539 1556 2606 1582 quae

1540 1584 1671 1616 margine:
1690 1583 1767 1608 Alias
1782 1583 1863 1614 ferri.

1099 1677 1432 1710 Commentaria.
1456 1676 1708 1709 Cardinalis
1730 1677 1931 1710 Caietani

452 1788 473 1808 N
496 1777 629 1808 articulo
653 1783 767 1818 quarto
798 1776 942 1807 eiusdem
965 1775 1370 1816 septuagesimaeseptimae
1393 1784 1487 1815 quae-

426 1790 575 1857 imonis,
591 1828 668 1852 nota
686 1821 753 1852 tria.
777 1821 931 1857 Primum,
948 1820 981 1850 in
997 1830 1130 1860 corpore
1146 1820 1286 1850 articuli:
1311 1827 1347 1850 ut
1370 1819 1488 1849 scilicet

423 1867 501 1897 scias
531 1866 706 1897 discernere
734 1866 816 1896 inter
845 1864 1088 1896 affirmationem
1118 1864 1193 1894 mali
1226 1872 1256 1895 et
1286 1863 1489 1904 negationem

422 1912 509 1943 boni.
533 1910 714 1950 Negotiatio
731 1920 869 1950 namque
889 1915 1018 1950 propter
1033 1909 1159 1939 lucrum
1173 1916 1220 1939 est
1235 1908 1331 1939 huius
1347 1915 1486 1945 naturae,

423 1955 512 1996 quod
539 1965 605 1986 non
629 1954 802 1985 affirmatur
832 1955 870 1984 de
894 1963 930 1984 ea
954 1953 1094 1989 malum,
1119 1953 1174 1984 sed
1197 1959 1330 1993 negatur
1351 1953 1486 1984 bonum.

421 2000 497 2030 Non
521 1999 607 2029 enim
630 2006 676 2029 est
699 1999 877 2029 secundum
893 2008 925 2028 se
949 1998 1048 2028 mala:
1073 1997 1149 2038 quia
1166 1997 1191 2027 si
1207 1997 1277 2028 talis
1294 2004 1384 2034 esset,
1401 1997 1489 2028 nulla

422 2043 598 2074 intentione
628 2050 736 2083 posset
763 2053 829 2073 esse
856 2042 950 2073 licita.
980 2043 1093 2083 Neque
1124 2042 1220 2072 etiam
1251 2042 1429 2073 secundum
1456 2051 1489 2072 se

423 2089 523 2118 bona:
555 2088 631 2128 quia
654 2098 721 2118 non
743 2087 908 2118 ordinatur
934 2087 974 2117 ad
997 2086 1094 2117 finem
1117 2087 1330 2118 necessarium
1353 2093 1409 2117 aut
1431 2086 1489 2116 ho-

423 2139 558 2163 nestum.
583 2132 645 2163 Sed
667 2132 763 2162 habet
786 2132 894 2172 potius
910 2131 1048 2171 speciem
1065 2131 1150 2168 mali,
1176 2138 1211 2162 ut
1233 2131 1264 2161 in
1282 2130 1489 2171 responsione

423 2177 463 2206 ad
486 2176 614 2207 tertium
637 2176 761 2207 dicitur.
790 2176 832 2207 Et
854 2176 928 2217 quia
952 2175 1034 2207 actio
1059 2176 1236 2206 secundum
1260 2186 1292 2206 se
1316 2185 1382 2206 non
1407 2174 1491 2206 mala

423 2231 480 2251 nec
503 2221 588 2251 bona
611 2221 773 2251 moraliter
805 2226 911 2261 potest
935 2230 972 2251 ex
994 2220 1145 2251 adiuncto
1168 2219 1231 2250 fine
1262 2230 1329 2251 esse
1352 2221 1438 2250 bona
1464 2219 1491 2250 si

422 2265 494 2295 finis
518 2272 565 2296 est
586 2265 701 2302 bonus,
725 2271 756 2296 et
779 2265 863 2295 mala
887 2265 912 2295 si
931 2264 1002 2295 finis
1019 2271 1066 2295 est
1082 2264 1201 2301 malus;
1226 2265 1299 2295 ideo
1316 2263 1490 2305 negotiatio

424 2316 554 2350 propter
575 2309 701 2340 lucrum
724 2316 754 2341 et
777 2309 858 2340 iuste
879 2310 1075 2350 vituperatur
1097 2316 1253 2350 tanquam
1274 2309 1394 2340 habens
1420 2318 1489 2348 spe-

424 2354 506 2385 ciem
529 2354 603 2384 mali
611 2363 619 2391 ;
651 2361 681 2385 et
703 2353 810 2384 illicita
834 2360 880 2384 est
909 2354 935 2384 si
959 2354 1123 2384 ordinatur
1146 2354 1186 2384 ad
1207 2353 1335 2384 lucrum
1358 2360 1394 2384 ut
1417 2353 1491 2384 ulti-

424 2408 516 2429 mum
538 2397 649 2435 finem;
683 2404 713 2428 et
736 2398 820 2428 licita
843 2404 890 2428 est
919 2398 945 2428 si
969 2398 1134 2429 ordinatur
1162 2398 1202 2428 ad
1226 2397 1490 2429 sustentationem

426 2442 564 2473 familiae
587 2443 637 2473 vel
661 2442 862 2482 reipublicae.

481 2487 673 2523 Secundum,
691 2487 723 2517 in
740 2487 947 2527 responsione
971 2486 1011 2517 ad
1027 2486 1185 2527 primum:
1210 2496 1250 2517 ne
1267 2485 1382 2517 fallaris
1402 2486 1492 2516 intel—

425 2531 523 2571 ligens
549 2541 585 2561 ex
607 2531 708 2563 littera
738 2532 826 2572 quod
853 2533 973 2562 Auctor
1003 2537 1093 2571 putet
1117 2540 1192 2561 eum
1207 2527 1270 2572 'qui
1292 2530 1401 2561 vendit
1424 2540 1491 2560 rem
1515 2526 1517 2539 ¹

424 2585 490 2606 non
514 2582 668 2606 mutatam
693 2575 803 2612 carius,
829 2575 1020 2607 constituere
1044 2574 1142 2606 finem
1161 2575 1312 2606 ultimum
1335 2575 1368 2604 in
1390 2574 1491 2610 lucro,
1515 2606 1517 2615 Ι

1539 1784 1575 1804 ac
1599 1783 1655 1814 per
1677 1774 1740 1805 hoc
1763 1784 1893 1815 peccare
1917 1775 2102 1807 mortaliter.
2125 1771 2200 1806 Non
2223 1775 2310 1806 enim
2333 1775 2396 1807 hoc
2418 1775 2510 1808 dicit:
2541 1776 2607 1812 sed,

1539 1819 1758 1858 comparando
1781 1819 1972 1850 vendentem
1995 1829 2063 1850 rem
2086 1826 2243 1851 mutatam
2266 1820 2368 1851 carius
2390 1820 2541 1852 vendenti
2560 1830 2609 1852 ca-

1539 1863 1605 1893 rius
1628 1872 1696 1893 rem
1719 1873 1787 1897 nQn
1810 1870 1976 1900 mutatam,
1992 1863 2026 1894 in
2040 1863 2146 1904 primo
2162 1871 2294 1904 apparet
2316 1864 2406 1905 quod
2428 1864 2609 1905 praemium

1540 1907 1590 1938 sui
1613 1907 1730 1938 laboris
1752 1907 1785 1938 in
1808 1907 1965 1939 mutando
1988 1907 2140 1944 intendit;
2172 1908 2206 1939 in
2230 1909 2372 1939 secundo
2396 1915 2504 1940 autem
2530 1909 2610 1940 nihil

1539 1951 1627 1982 aliud
1650 1958 1781 1992 apparet
1803 1952 1864 1983 nisi
1887 1952 2024 1983 lucrum.
2050 1952 2138 1983 Haec
2154 1959 2228 1983 sunt
2251 1953 2360 1993 quoad
2380 1953 2609 1994 apparentiam.

1539 1996 1775 2033 Veruntamen,
1800 2003 1836 2028 ut
1858 1996 1892 2027 in
1915 1996 2018 2027 littera
2041 1996 2360 2038 subiungitur„quia
2383 1997 2480 2028 etiam
2493 1997 2611 2037 'ipsum

1539 2041 1668 2072 lucrum
1695 2047 1801 2081 potest
1822 2040 1906 2072 licite
1928 2041 2050 2072 intendi
2078 2040 2104 2071 si
2126 2041 2160 2071 in
2183 2040 2283 2072 alium
2305 2040 2403 2073 finem
2427 2041 2610 2078 ordinetur,

1540 2086 1614 2116 ideo
1638 2086 1734 2116 etiam
1757 2085 1926 2117 vendendo
1949 2095 2018 2116 rem
2041 2095 2108 2116 non
2124 2091 2281 2116 mutatam
2296 2085 2408 2122 carius,
2432 2092 2541 2126 potest
2562 2086 2612 2119 lu-

1541 2140 1633 2161 crum
1654 2130 1818 2161 intendere
1841 2140 1908 2161 non
1932 2136 1968 2161 ut
1990 2130 2144 2161 ultimum
2166 2129 2274 2161 finem.
2572 2160 2575 2162 .
2598 2160 2599 2163 ,

1597 2174 1746 2205 Tertium
1774 2181 1822 2206 est
1848 2174 1881 2205 in
1911 2175 2120 2214 responsione
2149 2175 2189 2204 ad
2212 2174 2407 2205 secundum:
2432 2174 2522 2215 quod
2544 2184 2612 2206 non

1542 2225 1635 2260 putes
1667 2221 1843 2250 Auctorem
1873 2218 2013 2249 voluisse
2044 2218 2164 2250 ibidem
2197 2218 2467 2259 comprehendere
2499 2216 2612 2250 omnes

1542 2273 1652 2294 causas
1676 2264 1718 2294 ob
1742 2273 1821 2304 quas
1845 2262 1918 2295 licet
1941 2263 2042 2294 carius
2058 2263 2193 2294 vendere
2217 2272 2316 2304 quam
2335 2270 2480 2303 emptum
2505 2262 2612 2295 fuerit.

1541 2307 1665 2339 Sufficit
1687 2308 1774 2338 enim
1796 2307 1918 2338 litterae
1947 2308 2037 2348 quod
2063 2313 2125 2338 tres
2149 2317 2262 2338 causae
2291 2306 2466 2348 assignatae
2492 2306 2612 2340 ibidem

1542 2353 1605 2384 sint
1627 2362 1737 2389 verae,
1762 2362 1820 2383 nec
1842 2351 2014 2393 requiritur
2033 2351 2124 2393 quod
2146 2351 2208 2383 sint
2231 2351 2335 2383 solae:
2361 2360 2436 2382 cum
2458 2351 2522 2382 hoc
2543 2360 2612 2384 non

1542 2397 1663 2428 dicatur
1685 2396 1718 2427 in
1740 2396 1852 2428 littera.
1885 2395 2067 2437 Superius*
2089 2406 2229 2437 namque
2252 2395 2314 2427 alia
2337 2405 2432 2427 causa
2455 2392 2613 2436 assignata

1543 2448 1609 2479 est,
1633 2441 1751 2471 scilicet
1778 2440 1913 2471 latitudo
1939 2440 2032 2481 pretii
2054 2440 2139 2471 iusti.
2174 2440 2215 2472 Et
2235 2440 2316 2472 ratio
2340 2449 2551 2480 expensarum
2577 2440 2611 2471 in

1543 2485 1764 2521 conducendo,
1790 2485 2023 2521 conservando,
2041 2491 2116 2521 etc.,
2140 2491 2171 2515 et
2194 2494 2365 2525 operarum
2387 2483 2488 2524 ipsius
2511 2492 2611 2525 nego-

1541 2529 1673 2565 tiatoris,
1698 2529 1843 2559 habenda
1862 2536 1924 2560 est:
1949 2538 2014 2559 non
2032 2529 2119 2559 enim
2134 2528 2230 2569 gratis
2246 2535 2372 2560 nostrae
2389 2529 2506 2560 debent
2522 2538 2611 2560 com-

1543 2573 1690 2605 moditati
1713 2573 1900 2604 ministrare.

2627 1028 2637 1037 ·
2651 1026 2718 1048 Ven.
2740 1026 2775 1048 28.

2653 1179 2720 1204 Vei-⁸.
2731 1188 2755 1208 4.

2632 1335 2642 1345 ·
2654 1333 2692 1357 Cf.
2706 1338 2769 1360 corp.
2785 1335 2827 1354 art.

2638 2403 2649 2415 ⁸
2663 2403 2715 2427 Art.
2731 2409 2747 2430 r,
2763 2403 2792 2425 ad
2807 2409 2823 2424 1.
