2860 4244
160 1458 170 1468 ⁸
187 1457 282 1478 Hieron.
297 1456 315 1478 Ε
333 1456 373 1478 ist.

162 1483 254 1510 CXXX,
269 1483 298 1504 al.
332 1483 373 1509 111,

162 1510 195 1532 ad
209 1509 354 1531 Demetriad.

167 2385 176 2394 ⁸
182 2384 262 2406 Manu.
268 2390 287 2406 c.
296 2390 378 2411 xxviii,

166 2417 224 2433 vers.
241 2417 273 2439 19,
288 2417 323 2432 πο.

167 2474 176 2483 ”
186 2473 256 2494 Marc.
266 2478 317 2501 cap.
329 2479 378 2500 xvi,

167 2505 225 2521 vers.
242 2499 272 2521 16.

169 3318 177 3327 ⁸
192 3318 289 3340 Aristot.
302 3317 379 3339 Etnic.

169 3345 207 3366 lib.
226 3344 236 3366 1
271 3350 296 3366 ca
317 3359 322 3365 .
341 3350 379 3371 vi,

169 3377 191 3418 ει
202 3361 294 3392 1.-S.T
313 3371 379 3392 dect.

172 3448 180 3456 ·
196 3447 232 3468 Cf.
246 3453 294 3475 arg.
310 3453 325 3469 1.

169 3556 177 3565 ⁸
192 3555 266 3576 Sei-m.
283 3554 313 3576 de
327 3555 380 3583 My-

169 3582 242 3603 sterio
264 3581 379 3608 Raptis-m.

400 244 474 279 240

398 311 476 353 prie,
501 311 718 342 manifestatur
735 310 910 350 dupliciter.
935 309 1052 344 Primo,
1071 307 1160 347 quod
1184 316 1250 336 non
1274 305 1314 336 sit
1335 306 1379 336 ibi
1402 315 1460 336 vo-

398 365 469 388 tum
493 356 645 396 explicite,
670 365 706 385 ex
729 354 830 384 verbis
846 362 927 394 quae
944 352 1018 382 dicit
1041 350 1258 391 baptizandus,
1283 360 1365 390 quae
1386 356 1461 380 sunt

398 401 465 436 tria,
491 399 615 435 scilicet,
640 399 851 434 Abrenuntio,
885 396 957 426 Volo
987 402 1016 426 et
1042 395 1156 425 Credo-
1188 394 1323 424 Nullum
1354 400 1461 424 autem

399 445 514 475 horum
536 442 689 483 significat
712 441 904 481 promittere,
929 439 1018 480 quod
1034 446 1080 469 est
1103 438 1230 479 proprie
1246 447 1371 468 vovere.
1397 438 1461 468 Ab·

399 487 576 519 renuntiare
601 487 686 516 enim
702 485 828 515 diabolo
853 491 884 514 et
899 483 1028 523 pompis
1052 489 1082 513 et
1102 482 1251 522 operibus
1275 481 1343 512 eius
1367 481 1460 522 signi—

399 532 470 563 ficat
500 531 746 565 abdicationem,
772 538 838 558 non
869 527 1130 567 promissionem:
1162 527 1247 557 unde
1277 527 1461 557 renuntians

400 586 459 607 suo
483 575 543 605 iuri
566 575 615 604 vel
638 572 791 603 beneficio
823 571 900 602 nihil
923 571 1095 611 promittit,
1120 571 1174 601 sed
1199 570 1313 610 spoliat
1337 580 1369 601 se
1392 570 1460 600 illo.

399 620 486 651 Velle
515 627 644 658 quoque
674 616 824 656 baptizari
855 625 922 646 non
953 623 1000 645 est
1030 615 1224 655 promittere.
1264 614 1400 646 Credere
1428 614 1460 644 in

400 665 504 694 Deum
527 663 651 692 Patrem
675 668 748 696 etc.,
774 669 840 690 non
864 667 910 690 est
933 659 1127 700 promittere.

455 706 616 741 Secundo,
642 704 859 734 manifestatur
882 704 971 744 quod
994 713 1060 734 non
1084 703 1123 734 sit
1146 702 1189 732 ibi
1215 709 1329 733 votum
1356 702 1463 743 impli-

400 751 466 781 cite.
492 750 563 779 Hoc
579 749 665 779 enirn
681 755 788 788 posset
803 748 970 788 dupliciter
985 747 1176 787 contingere.
1206 746 1324 783 Primo,
1341 746 1461 777 ratione

399 793 596 825 ecclesiastici
627 793 755 824 statuti:
787 793 1064 832 quemadmodum
1093 791 1246 831 implicite
1283 790 1319 822 fit
1347 797 1462 822 votum

399 837 608 869 continentiae
632 837 665 867 in
681 837 883 877 susceptione
906 836 984 866 sacri
1009 835 1138 866 ordinis.
1163 835 1322 872 Secundo,
1339 835 1461 866 ratione

398 882 498 922 ipsius
514 881 567 917 rei,
592 881 710 912 scilicet
733 880 959 921 assumptionis
983 880 1059 910 novi
1074 886 1174 911 status
1197 889 1233 910 ac
1256 879 1462 923 professionis

398 925 486 956 fidei:
519 925 609 966 quasi
632 925 694 956 hoc
718 925 830 956 habeat
859 925 926 955 vim
948 924 1025 955 voti.
1059 924 1101 955 Et
1124 923 1254 965 quidem
1283 924 1372 964 quod
1395 934 1461 954 non

398 970 583 1001 interveniat
602 969 634 999 in
650 969 808 1009 baptismo
825 977 938 1000 votum
961 978 998 999 ex
1014 975 1182 1009 praecepto
1206 967 1375 1004 Ecclesiae,
1394 978 1460 998 ma-

399 1014 564 1044 nifestatur
587 1024 623 1044 ex
647 1014 709 1044 hoc
733 1013 822 1054 quod
853 1013 963 1044 adulto
987 1013 1042 1053 qui
1073 1012 1250 1053 baptizatur
1273 1012 1385 1042 nullibi
1414 1012 1460 1042 in-

398 1057 523 1088 venitur
539 1065 743 1098 praeceptum
766 1058 855 1098 quod
871 1064 994 1093 voveat,
1011 1057 1092 1088 sicut
1106 1063 1311 1097 praeceptum
1332 1063 1379 1087 est
1394 1067 1461 1087 sus-

399 1102 586 1142 cipientibus
610 1102 755 1133 ordinem
785 1112 909 1133 sacrum
933 1102 1022 1142 quod
1045 1107 1182 1132 voveant
1205 1100 1388 1132 castitatem.
1414 1103 1462 1132 Ac

399 1156 455 1186 per
478 1147 555 1182 hoc,
580 1146 605 1176 si
630 1147 756 1177 adultus
786 1147 880 1177 corde
909 1146 1044 1177 contrito
1075 1145 1226 1186 suscipiat
1255 1145 1460 1186 baptismum,

399 1200 466 1221 non
496 1191 661 1221 intendens
685 1191 744 1220 nisi
766 1191 922 1232 baptisma
945 1190 1119 1230 suscipere,
1145 1197 1175 1220 et
1198 1190 1237 1219 ad
1268 1189 1346 1220 nihil
1376 1189 1462 1220 aliud

400 1244 432 1265 se
449 1235 587 1275 obligare
609 1235 775 1266 intendens
798 1235 857 1265 nisi
873 1235 912 1265 ad
928 1235 1017 1275 quod
1040 1234 1217 1274 baptismus
1241 1233 1368 1273 obligat,
1387 1243 1462 1263 con-

400 1285 459 1309 stat
483 1279 572 1319 quod
601 1289 668 1309 non
691 1287 799 1315 vovet,
825 1286 855 1309 et
878 1279 997 1309 nullius
1028 1285 1074 1308 est
1097 1287 1168 1308 reus
1197 1277 1369 1317 praecepti:
1406 1287 1463 1307 nec

401 1330 447 1353 est
462 1323 524 1353 alio
542 1325 642 1354 modo
659 1323 857 1354 Christianus
875 1323 932 1353 iste
949 1333 1048 1363 quam
1068 1322 1130 1352 alii.
1146 1339 1167 1344 -
1190 1322 1231 1352 Et
1247 1321 1462 1352 confirmatur.

401 1367 484 1405 Quia
508 1368 666 1399 Ecclesiae
682 1378 748 1398 non
765 1374 812 1398 est
827 1367 1038 1407 multiplicare
1061 1366 1195 1406 laqueos
1213 1366 1246 1396 in
1263 1365 1465 1396 sacramentis

401 1411 601 1442 necessitatis.
628 1412 662 1442 ln
687 1411 777 1443 cuius
801 1412 938 1452 signum,
963 1411 996 1441 in
1020 1416 1217 1441 sacramento
1240 1409 1465 1450 poenitentiae,

401 1465 483 1497 quae
507 1462 553 1486 est
574 1457 715 1487 secunda
733 1461 809 1497 post
825 1455 1038 1496 naufragium
1056 1455 1166 1485 tabula
1184 1455 1210 1490 *,
1236 1454 1402 1495 poenitens
1419 1464 1465 1488 re-

401 1500 526 1531 nuntiat
541 1501 691 1541 operibus
708 1500 825 1532 diaboli
842 1510 899 1541 per
919 1499 1143 1531 contritionem
1165 1509 1201 1530 ac
1221 1498 1465 1535 confessionem,

402 1552 433 1574 et
454 1545 523 1576 vult
551 1545 709 1585 suscipere
740 1544 970 1586 poenitentiam
994 1551 1024 1575 et
1047 1542 1191 1584 suscipit,
1217 1550 1247 1574 et
1269 1550 1376 1574 tamen
1401 1553 1466 1573 non

401 1595 512 1620 vovet:
537 1589 638 1620 immo
662 1590 822 1621 inhibetur
837 1589 1073 1620 confessoribus
1096 1588 1244 1618 inducere
1268 1587 1467 1628 poenitentes

403 1634 443 1663 ad
458 1634 642 1664 vovendum
655 1635 810 1665 abstinere
827 1644 844 1664 a
861 1633 1006 1674 peccatiS,
1023 1643 1063 1663 ne
1079 1632 1332 1672 multiplicentur
1350 1631 1466 1673 laquei,

403 1678 521 1708 scilicet
550 1678 709 1719 praecepti
733 1685 763 1709 et
785 1678 862 1709 voti.
886 1696 907 1701 —
931 1678 971 1708 Et
1000 1676 1215 1708 confirmatur.
1245 1676 1329 1714 Quia
1352 1686 1467 1707 vovere

404 1729 450 1753 est
474 1722 610 1759 consilii,
635 1722 785 1763 baptizari
810 1729 856 1754 est
879 1722 1049 1763 praecepti.
1081 1722 1300 1753 Inconsonum
1323 1727 1369 1751 est
1392 1730 1467 1760 ergo

404 1773 568 1797 annectere
599 1774 803 1807 praeceptum
827 1767 894 1798 voti
917 1772 1086 1807 praecepto
1114 1765 1279 1806 baptismi:
1313 1765 1468 1805 quoniam

404 1811 447 1841 sic
470 1821 586 1842 vovere
611 1822 681 1842 non
712 1819 792 1842 esset
816 1811 953 1847 consilii,
978 1811 1034 1840 sed
1062 1809 1222 1850 praecepti
1253 1809 1469 1839 universaliter

405 1863 435 1886 et
459 1855 658 1895 simpliciter;
690 1866 757 1886 non
781 1856 862 1887 sicut
890 1856 923 1885 in
947 1855 1058 1885 ordine
1081 1864 1170 1885 sacro
1200 1853 1392 1893 praecipitur
1415 1863 1469 1883 vo—

404 1909 486 1935 vere,
510 1899 586 1940 quia
609 1899 766 1940 suscipere
791 1900 937 1931 ordinem
960 1909 1027 1930 non
1051 1905 1097 1929 est
1120 1899 1152 1929 in
1177 1903 1358 1938 praecepte.

461 1943 559 1980 Quod
582 1951 689 1974 autern
713 1955 778 1975 non
810 1945 849 1975 sit
871 1945 905 1974 in
928 1943 1088 1984 baptismo
1111 1949 1226 1974 votum
1252 1941 1406 1982 implicite
1433 1951 1470 1972 ex

404 1995 517 2019 natura
540 1987 629 2024 facti,
654 1988 730 2029 quia
753 1989 870 2020 scilicet
893 1987 1067 2018 assumitur
1088 1997 1192 2018 novus
1216 1993 1325 2022 status,
1352 1985 1471 2016 scilicet

405 2031 657 2068 Christianitatis,
679 2039 709 2063 et
731 2032 766 2064 fit
790 2033 946 2073 professio
970 2031 1054 2068 fidei,
1071 2031 1163 2073 quasi
1186 2031 1249 2062 hoc
1272 2030 1392 2062 facturn
1416 2030 1471 2061 ha-

404 2078 475 2107 beat
497 2076 563 2106 vim
586 2077 663 2113 voti,
686 2078 737 2107 vel
760 2078 874 2108 habeat
896 2086 1056 2108 annexum
1079 2083 1192 2107 votum
1217 2086 1319 2106 novae
1338 2075 1421 2105 vitae
1440 2081 1471 2105 et

403 2121 493 2156 fidei,
518 2130 556 2151 ex
579 2131 617 2151 eo
641 2128 727 2161 patet
749 2122 854 2162 quod,
879 2121 1010 2152 seclusis
1038 2121 1198 2152 Ecclesiae
1229 2119 1370 2156 statutis,
1395 2129 1470 2150 cum

404 2165 475 2206 quis
498 2165 630 2205 suscipit
653 2167 819 2197 sacerdotii
848 2167 1009 2202 ordinem,
1031 2176 1155 2196 novum
1177 2171 1296 2196 statum
1326 2164 1469 2200 assumit,

404 2209 665 2251 mancipaturque
688 2210 802 2241 divinis
826 2210 988 2252 obsequiis
1013 2217 1107 2251 atque
1131 2215 1333 2242 consecratur
1349 2208 1389 2238 ad
1405 2207 1469 2245 illa,

405 2254 471 2285 sine
491 2254 558 2284 ullo
575 2262 663 2286 voto.
688 2255 739 2286 Ad
762 2255 994 2296 professionem
1011 2265 1143 2296 quoque
1164 2254 1239 2285 fidei
1258 2261 1306 2284 sat
1322 2253 1416 2283 corde
1439 2259 1470 2283 et

405 2309 460 2329 ore
475 2298 562 2328 illam
578 2298 720 2330 confiteri
737 2307 793 2336 est,
811 2310 886 2330 cum
897 2300 1065 2340 proposito
1082 2299 1228 2330 mutandi
1243 2298 1352 2329 vitam.
1376 2297 1470 2328 Unde

405 2343 548 2374 Salvator
571 2343 733 2374 docendos
761 2344 909 2375 homines
932 2354 1000 2375 esse
1023 2351 1096 2375 ante
1118 2351 1149 2375 et
1171 2350 1246 2384 post
1272 2341 1468 2382 baptismum

406 2386 514 2418 statuit
528 2387 558 2417 *τ
584 2398 649 2418 non
673 2388 858 2428 exigendam
881 2389 1138 2428 promissionem,
1163 2388 1219 2418 sed
1242 2386 1468 2418 exhibitionem

406 2432 455 2462 sui
478 2432 518 2461 ad
540 2431 736 2472 baptismum
752 2433 1008 2473 praedicandum.
1034 2433 1136 2464 Dixit:
1164 2432 1228 2469 Qui
1248 2431 1419 2462 crediderit
1439 2435 1470 2461 et

406 2476 584 2517 baptizatus
598 2476 707 2517 fuerit
721 2476 755 2506 *3
780 2487 856 2513 non,
877 2477 941 2514 Qui
964 2478 1093 2508 voverit.
1122 2477 1215 2508 Unde
1238 2476 1310 2507 licet
1333 2475 1405 2515 plus
1429 2474 1469 2505 sit

407 2520 551 2551 exhibere
575 2530 607 2550 se
632 2521 671 2551 ad
694 2521 890 2561 baptismum
906 2528 936 2552 et
950 2521 1046 2552 fidem
1062 2531 1159 2561 quam
1183 2519 1377 2561 promittere,
1402 2529 1468 2549 non

406 2571 513 2596 tamen
541 2564 676 2595 includit
704 2565 905 2605 promittere:
938 2565 1020 2596 sicut
1049 2566 1167 2596 donare
1197 2565 1269 2605 plus
1301 2571 1347 2595 est
1369 2573 1468 2604 quam

406 2608 602 2649 promittere,
627 2609 749 2639 donans
772 2616 878 2640 tamen
902 2609 981 2640 nihil
1003 2609 1170 2650 promittit.

463 2653 498 2683 In
514 2659 667 2694 promptu
684 2660 790 2684 autem
811 2653 890 2684 ratio
907 2661 954 2684 est
968 2664 1066 2695 quare
1081 2654 1239 2694 baptismo
1261 2662 1326 2683 non
1342 2658 1469 2692 oportet

407 2707 464 2728 nec
486 2697 610 2737 expedit
634 2697 804 2737 adiungere
819 2704 934 2728 votum
950 2698 1076 2739 proprie
1093 2698 1224 2729 dictum.
1250 2697 1334 2735 Quia
1353 2702 1467 2728 votum

407 2749 452 2772 est
475 2741 595 2782 privata
617 2742 667 2772 lex
690 2752 708 2772 a
730 2752 763 2772 se
789 2742 847 2772 sibi
870 2742 1048 2773 voluntarie
1071 2742 1232 2783 imposita.
1256 2741 1342 2773 Cum
1361 2747 1468 2771 autem

406 2786 477 2826 quis
493 2785 680 2826 baptizatur,
695 2786 799 2826 legem
816 2786 933 2817 Christi
953 2787 1130 2818 voluntarie
1146 2786 1278 2828 suscipit
1299 2786 1468 2816 habentem

406 2829 615 2861 sufficientem
637 2831 703 2860 vim
719 2830 894 2862 coactivam
917 2838 948 2862 et
962 2831 1158 2862 inductivam
1180 2831 1221 2862 ad
1237 2830 1469 2861 observantiam

405 2874 479 2905 fidei
499 2881 529 2905 et
547 2881 799 2915 praeceptorum.
824 2876 898 2906 Non
917 2882 964 2906 est
986 2885 1061 2915 ergo
1081 2886 1164 2916 opus
1183 2876 1272 2916 quod
1292 2874 1469 2915 baptizatus

407 2919 501 2949 addat
516 2918 575 2949 sibi
593 2919 688 2949 aliam
710 2919 814 2959 legem
833 2919 1028 2959 obligantem
1046 2920 1185 2960 praecise
1200 2920 1240 2950 ad
1259 2925 1434 2960 praecepta.
1447 2937 1468 2942 -

407 2963 506 3000 Quod
527 2972 603 2993 vero
633 2973 699 2993 non
722 2963 880 3004 expediat,
904 2971 991 3003 patet
1018 2974 1055 2995 ex
1078 2964 1185 2995 dictis:
1217 2964 1293 3005 quia
1317 2970 1363 2994 est
1385 2963 1468 2994 mul-

406 3006 560 3047 tiplicatio
575 3006 766 3048 laqueorum
789 3008 828 3038 ad
852 3008 930 3038 nihil
953 3009 1197 3050 quodammodo
1221 3008 1363 3045 utilium;
1388 3018 1468 3049 quo-

408 3051 493 3081 niam
523 3060 624 3091 aeque
654 3061 802 3082 cavemus
825 3052 875 3082 vel
899 3062 965 3083 non
994 3063 1142 3084 cavemus
1171 3064 1189 3084 a
1212 3063 1286 3084 casu
1317 3062 1392 3083 cum
1415 3052 1469 3084 tali

407 3101 483 3126 voto
508 3101 539 3125 et
561 3095 628 3125 sine
651 3095 705 3126 tali
728 3102 816 3132 voto,
841 3103 876 3126 ut
899 3097 1088 3136 experientia
1111 3104 1252 3128 testatur.

462 3138 536 3170 Sine
552 3139 651 3170 dubio
669 3139 764 3179 igitur
783 3150 850 3170 non
866 3147 912 3171 est
927 3147 1042 3171 votum
1060 3141 1092 3171 in
1114 3141 1284 3182 baptismo,
1304 3141 1365 3171 nisi
1383 3140 1469 3180 large

406 3183 472 3214 voti
497 3183 628 3214 nomine
651 3183 771 3215 utendo
794 3194 853 3224 pro
876 3184 1040 3216 voluntate
1063 3195 1165 3216 novae
1186 3185 1268 3216 vitae
1292 3184 1325 3215 in
1347 3184 1469 3224 profes-

407 3227 498 3257 sione
528 3226 612 3259 fidei.
642 3227 683 3259 Et
706 3227 749 3258 sic
772 3227 852 3259 forte
885 3228 978 3259 multi
1001 3229 1147 3259 doctores
1178 3229 1294 3269 exponi
1324 3235 1468 3269 possunt.

407 3272 505 3309 Quod
529 3271 555 3302 si
574 3271 672 3313 aliqui
695 3271 783 3302 aliter
805 3272 968 3309 senserint,
991 3278 1137 3304 sanctum
1162 3278 1208 3303 est
1226 3273 1470 3313 praehonorare

407 3317 572 3346 veritatem
587 3315 614 3346 *.
640 3316 675 3347 In
697 3316 799 3347 littera
822 3323 944 3354 tamen,
968 3317 1002 3347 in
1024 3317 1231 3357 responsione
1255 3317 1295 3348 ad
1318 3316 1468 3357 primum,

407 3362 528 3390 Auctor
550 3370 616 3390 non
642 3359 776 3391 affirmat
797 3360 830 3391 in
847 3361 1006 3401 baptismo
1030 3371 1097 3392 esse
1120 3367 1249 3392 votum:
1267 3361 1331 3397 sed,
1349 3370 1469 3401 suppo·

407 3404 513 3434 nendo
528 3404 590 3435 hoc
611 3414 628 3434 a
643 3404 794 3445 Magistro
815 3405 1058 3442 Sententiarum,
1074 3405 1107 3436 in
1122 3415 1236 3436 xxxvm
1251 3405 1322 3436 dist.
1346 3405 1468 3443 Quarti,

408 3454 437 3478 et
461 3458 478 3478 a
502 3448 615 3478 Glossa
630 3448 648 3468 *
671 3449 802 3486 dictum,
827 3450 882 3480 ubi
905 3450 1002 3482 etiam
1024 3450 1091 3490 ipse
1118 3449 1316 3490 approbavit,
1340 3450 1470 3490 exponit

1022 228 1288 275 QUAESTIO
1318 227 1566 274 Lxxxvm,
1595 228 1892 265 ARTICULUS
1923 229 1952 264 11

1516 302 1622 332 dicens
1646 303 1735 343 quod
1762 303 1974 343 spopondistis
2001 303 2232 334 abrenuntiare
2259 305 2386 336 diabolo
2418 313 2493 343 etc.,
2525 315 2580 338 aut

1514 346 1599 386 large
1623 347 1832 386 sponsionem
1855 347 1990 387 accepit:
2015 354 2071 378 aut
2093 347 2191 378 ritum
2214 347 2295 380 forte
2314 349 2370 390 qui
2394 357 2470 381 tunc
2493 351 2579 391 apud

1517 400 1571 420 eos
1596 397 1670 427 erat,
1695 391 1854 431 expressit.

1572 434 1624 464 lv.
1642 433 1733 465 Circa
1757 435 1904 475 opposita
1928 434 2136 465 consiliorum
2157 434 2183 472 *,
2209 436 2344 466 dubium
2367 447 2434 468 non
2458 437 2578 478 simpli-

1517 478 1601 514 citer,
1626 479 1680 508 sed
1703 480 1907 519 quorundam
1930 478 2054 509 videtur
2077 488 2158 515 esse,
2183 489 2224 509 an
2247 480 2348 520 possit
2371 481 2443 522 quis
2464 491 2580 513 vovere

1516 523 1604 563 quod
1634 532 1700 552 non
1723 523 1882 554 mutuabit
1909 530 1963 553 aut
1986 523 2074 554 dabit
2103 523 2358 565 eleemosynam,
2381 535 2445 556 non
2477 525 2578 566 ingre-

1517 566 1619 596 dietur
1634 566 1831 607 religionem,
1847 574 1878 598 et
1893 567 2089 598 huiusmodi.
2113 568 2155 598 Et
2174 568 2254 598 ratio
2270 569 2359 600 dubii
2373 569 2497 600 videtur
2513 580 2579 601 esse

1516 611 1592 651 quia
1615 612 1704 651 quod
1726 611 1850 642 licitum
1874 618 1920 642 est
1943 611 2044 642 facere
2074 612 2197 643 licitum
2226 619 2272 644 est
2294 623 2420 644 vovere.
2447 614 2581 645 Constat

1517 661 1624 685 autem
1647 655 1737 695 quod
1759 655 1883 686 licitum
1902 663 1948 687 est
1967 666 2033 686 non
2049 663 2205 693 mutuare,
2223 667 2290 687 non
2312 657 2434 698 ingredi
2456 658 2580 699 religio-

1517 708 1601 735 nem,
1618 706 1648 729 et
1665 698 1867 729 huiusmodi:
1892 700 1966 740 quia
1989 699 2065 731 haec
2089 707 2163 731 sunt
2183 701 2222 731 de
2238 701 2383 739 consilio,
2401 702 2490 743 quod
2514 712 2580 733 non

1517 750 1662 773 tenemur
1686 743 1786 783 sequi.
1811 743 1906 783 Ergo,

1572 787 1634 817 Sed
1657 787 1752 818 huius
1776 787 1938 827 opinionis
1962 797 2048 818 error
2072 787 2162 819 facile
2185 789 2431 829 deprehenditur
2455 791 2481 821 si
2505 800 2581 821 con-

1517 831 1691 862 sideremus
1711 831 1761 862 cui
1780 831 1815 862 fit
1833 838 1957 868 votum,
1973 831 2049 872 quia
2068 833 2185 864 scilicet
2207 833 2243 864 fit
2260 834 2341 871 Deo,
2361 842 2397 865 ut
2414 834 2546 866 inferius
2564 835 2581 854 *

1517 883 1611 916 patet.
1644 875 1778 907 Certum
1801 883 1847 907 est
1870 876 1957 906 enim
1979 877 2079 916 quod,
2099 877 2156 907 etsi
2180 887 2246 908 non
2274 878 2436 919 displiceat
2458 879 2528 910 Deo
2552 886 2582 910 te

1517 930 1584 952 non
1608 920 1699 961 sequi
1729 919 1900 950 consilium
1930 930 2043 956 suum,
2073 920 2216 961 displicet
2245 928 2352 953 tamen
2382 923 2411 953 ei
2434 923 2524 964 quod
2547 931 2582 955 tu

1517 965 1683 1005 promittas
1708 964 1735 994 ei
1751 971 1782 995 te
1806 964 1977 995 consilium
2000 974 2096 994 suum
2112 974 2179 995 non
2198 972 2393 997 secuturum.
2418 966 2583 1004 Quoniam

1517 1010 1578 1040 hoc
1598 1015 1679 1039 esset
1701 1008 1802 1039 facere
1822 1009 1911 1049 quod
1934 1008 2106 1049 promissio
2130 1009 2190 1039 sibi
2213 1009 2294 1040 facta
2317 1017 2398 1041 esset
2416 1011 2583 1042 vinculum

1517 1060 1626 1084 contra
1643 1053 1813 1084 consilium
1828 1062 1939 1084 suum:
1965 1063 2000 1083 ac
2015 1063 2072 1093 per
2087 1053 2159 1090 hoc,
2176 1054 2263 1084 Deus
2278 1054 2347 1094 ipse
2363 1064 2400 1086 ex
2416 1065 2479 1086 una
2496 1062 2584 1096 parte

1517 1099 1604 1128 daret
1634 1097 1821 1135 consilium,
1852 1104 1883 1129 et
1913 1107 1950 1128 ex
1979 1097 2040 1128 alia
2069 1105 2157 1138 parte
2195 1098 2377 1138 prohiberet
2413 1099 2584 1130 consilium

1517 1152 1624 1179 suum,
1649 1143 1727 1173 dum
1750 1149 1926 1183 acceptaret
1947 1142 2115 1173 vinculum
2142 1150 2253 1173 contra
2276 1153 2372 1174 suum
2401 1143 2583 1175 consilium.

1517 1187 1591 1217 Non
1619 1195 1665 1217 est
1689 1196 1763 1226 ergo
1793 1187 1863 1218 Deo
1887 1186 2086 1227 acceptabilis
2116 1187 2288 1227 promissio
2313 1194 2422 1219 contra
2453 1188 2585 1219 consilia

1518 1241 1584 1262 sua.
1609 1233 1655 1260 Ac
1672 1240 1727 1271 per
1747 1231 1819 1267 hoc,
1836 1241 1903 1261 non
1927 1238 1973 1262 est
1986 1238 2117 1261 votum:
2143 1232 2198 1262 sed
2216 1231 2249 1261 in
2272 1232 2334 1263 hoc
2357 1233 2452 1264 habet
2473 1233 2584 1264 locum

1517 1274 1615 1304 illud:
1640 1274 1679 1304 In
1704 1276 1792 1315 turpi
1814 1280 1885 1306 voto
1905 1280 1994 1306 muta
2010 1275 2172 1306 decretum
2188 1275 2215 1306 *.
2241 1276 2346 1307 Immo
2369 1277 2414 1308 sic
2433 1284 2585 1308 voventes

1519 1326 1651 1359 peccant
1673 1319 1835 1350 abutendo
1859 1319 2073 1359 promissione
2096 1321 2136 1350 ad
2159 1321 2276 1356 Deum.

1576 1363 1637 1394 Sed
1660 1370 1737 1393 tunc
1766 1363 1899 1403 insurgit
1927 1364 2089 1404 quaestio,
2114 1366 2208 1406 quale
2238 1373 2406 1405 peccatum
2435 1373 2483 1397 est
2512 1366 2584 1403 hoc,

1519 1407 1641 1438 veniale
1664 1407 1780 1438 scilicet
1803 1418 1843 1438 an
1860 1409 2003 1439 mortale.
2028 1408 2163 1439 Videtur
2178 1409 2264 1439 enim
2287 1410 2357 1440 talis
2380 1420 2501 1441 vovens
2517 1421 2584 1441 non

1519 1452 1627 1482 solum
1643 1452 1876 1483 irreverentiam
1888 1453 1959 1483 Deo
1972 1452 2116 1483 exhibere
2132 1453 2298 1484 indiscrete
2313 1454 2341 1484 ei
2356 1455 2584 1495 promittendo,

1519 1497 1576 1527 sed
1599 1496 1694 1527 etiam
1721 1497 1954 1537 blasphemiam
1976 1497 2148 1534 incurrere,
2173 1498 2374 1529 attribuendo
2402 1499 2472 1530 Deo
2496 1499 2586 1540 quod

1521 1541 1550 1571 ei
1566 1551 1632 1571 non
1655 1541 1813 1578 convenit,
1837 1541 1953 1572 scilicet
1976 1552 2043 1572 esse
2059 1542 2118 1572 sibi
2141 1550 2266 1582 gratum
2288 1543 2453 1574 vinculum
2477 1551 2587 1575 contra

1521 1595 1579 1616 sua
1602 1585 1743 1616 consilia.
1776 1586 1818 1617 Et
1840 1586 1990 1617 deliberat
2013 1596 2192 1627 proponere
2215 1594 2325 1618 contra
2347 1597 2384 1618 ea
2407 1597 2490 1629 quae
2512 1594 2588 1619 sunt

1521 1630 1560 1660 de
1584 1630 1767 1661 necessitate
1789 1630 1914 1661 salutis:
1940 1631 2095 1672 quoniam
2118 1631 2250 1662 consilia
2272 1632 2306 1662 in
2322 1632 2455 1664 articulo
2479 1641 2587 1664 necea-

1520 1674 1619 1705 sitatis
1643 1681 1718 1705 sunt
1740 1682 1916 1715 praecepta.
1951 1676 2023 1706 Hoc
2047 1682 2155 1706 autem
2178 1683 2225 1707 est
2247 1686 2376 1717 peccare
2400 1676 2586 1709 mortaliter.

1578 1718 1611 1748 Si
1635 1719 1816 1759 diligentius
1844 1726 1951 1750 tamen
1975 1720 2206 1763 consideretur,
2231 1721 2291 1751 tria
2313 1722 2398 1752 mala
2419 1721 2454 1752 in
2477 1720 2587 1752 huius·

1522 1762 1612 1792 modi
1635 1763 1718 1794 votis
1739 1763 1873 1793 inveniri
1896 1764 2060 1804 contingit.
2084 1764 2246 1801 Primum,
2271 1774 2308 1796 ex
2330 1772 2419 1806 parte
2441 1765 2486 1796 rei
2509 1775 2586 1806 pro-

1523 1807 1654 1844 missae,
1679 1817 1761 1848 quae
1785 1808 1997 1848 quandoque,
2021 1808 2138 1854 scilicet
2159 1809 2192 1839 in
2221 1809 2354 1840 articulo
2377 1810 2586 1847 necessitatis,

1522 1858 1629 1892 potest
1660 1861 1727 1882 esse
1756 1851 1789 1881 in
1813 1859 1992 1892 praecepto.
2026 1853 2068 1884 Et
2097 1863 2134 1884 ex
2163 1853 2223 1883 hac
2245 1860 2348 1894 parte,
2371 1854 2398 1884 si
2421 1854 2493 1895 quis
2519 1861 2587 1886 tam

1523 1896 1674 1936 pertinaci
1697 1895 1806 1926 animo
1830 1903 1959 1927 voveret
1982 1907 2049 1927 non
2072 1904 2233 1934 mutuare,
2257 1907 2325 1928 non
2351 1898 2425 1929 dare
2448 1899 2587 1929 eleemo-

1523 1950 1646 1982 synam,
1670 1947 1701 1971 et
1719 1940 1916 1978 huiusmodi,
1940 1948 1976 1972 ut
1991 1941 2087 1972 etiam
2108 1941 2252 1972 intendat
2273 1941 2306 1972 in
2329 1942 2463 1973 articulo
2480 1952 2588 1974 neces-

1523 1985 1622 2016 sitatis
1637 1985 1715 2016 haec
1738 1995 1803 2015 non
1821 1985 1931 2022 facere,
1949 1985 2016 2016 sine
2033 1986 2132 2017 dubio
2155 1992 2264 2026 peccat
2285 1986 2470 2018 mortaliter.
2488 2004 2508 2010 ·-
2531 1986 2588 2019 Se·

1524 2030 1677 2066 cundum,
1702 2040 1739 2060 ex
1754 2037 1842 2070 parte
1865 2030 2004 2061 inclusae
2028 2030 2240 2062 attributionis
2260 2031 2347 2062 Deo:
2372 2030 2449 2072 quia
2471 2030 2590 2062 scilicet

1523 2074 1574 2105 hic
1598 2074 1754 2105 clauditur
1777 2075 1866 2115 quod
1893 2076 1963 2106 Deo
1987 2075 2026 2106 sit
2048 2082 2176 2115 gratum
2198 2075 2364 2106 vinculum
2394 2082 2504 2107 contra
2531 2085 2589 2107 sua

1524 2118 1665 2150 consilia.
1690 2119 1731 2149 Et
1749 2118 1775 2149 si
1791 2119 1863 2160 quis
1885 2120 1948 2151 hoc
1969 2128 2183 2160 cognosceret,
2200 2119 2461 2152 animadverteret
2475 2126 2507 2152 et
2521 2129 2588 2151 non

1523 2170 1660 2200 curaret,
1686 2163 1882 2204 blasphemia
1913 2171 2003 2196 esset.
2027 2165 2089 2195 Sed
2112 2164 2269 2206 quoniam
2296 2164 2359 2195 hoc
2382 2164 2484 2206 magis
2513 2174 2589 2205 sup-

1522 2208 1654 2249 ponitur
1677 2218 1776 2249 quam
1805 2207 1860 2239 fiat
1888 2219 1906 2238 a
1928 2216 2064 2240 vovente
2087 2207 2263 2252 (supponit
2286 2209 2374 2240 enim
2401 2208 2446 2240 sic
2468 2218 2588 2240 vovens

1522 2253 1592 2283 Deo
1617 2259 1784 2293 acceptum
1807 2263 1875 2283 esse
1898 2263 1994 2284 suum
2017 2252 2160 2297 votum),
2184 2253 2258 2284 ideo
2284 2253 2347 2284 hoc
2370 2253 2504 2290 malum,
2527 2252 2589 2284 nisi

1520 2296 1609 2328 fieret
1632 2307 1669 2327 ex
1690 2297 1860 2334 industria,
1885 2308 1951 2328 non
1975 2298 2138 2330 induceret
2160 2298 2305 2329 mortale.
2325 2315 2346 2320 —
2369 2298 2528 2334 Tertium,
2551 2307 2589 2329 ex

1521 2348 1610 2382 parte
1625 2342 1773 2373 abusivae
1789 2342 2026 2383 promissionis:
2051 2343 2127 2384 quia
2149 2343 2267 2374 scilicet
2280 2341 2316 2373 fit
2330 2343 2401 2373 Deo
2416 2341 2588 2383 promissio

1521 2386 1580 2416 sibi
1603 2386 1782 2426 displicens,
1802 2387 1889 2418 iuxta
1910 2387 2006 2418 illud:
2030 2388 2186 2428 Displicet
2208 2389 2238 2418 ei
2258 2387 2358 2418 stulta
2373 2387 2549 2427 promissio
2558 2385 2586 2418 ⁸.

1520 2431 1562 2461 Et
1577 2430 1611 2461 in
1626 2430 1688 2461 hoc
1703 2430 1878 2462 formaliter
1893 2431 2036 2473 consistit
2057 2439 2224 2472 peccatum
2238 2431 2333 2462 istud.
2357 2431 2399 2462 Et
2414 2429 2441 2462 si
2455 2430 2587 2472 quidem

1520 2485 1558 2506 ex
1571 2474 1748 2506 intentione
1767 2475 1882 2516 aliquis
1897 2475 2024 2516 eligeret
2042 2476 2217 2507 formaliter
2232 2475 2395 2516 displicere
2413 2476 2494 2512 Deo,
2511 2485 2587 2506 cum

1520 2519 1583 2550 hoc
1607 2519 1646 2549 de
1660 2529 1774 2559 genere
1797 2530 1857 2551 suo
1880 2519 1927 2550 sit·
1943 2521 2086 2558 mortale,
2102 2520 2297 2551 contrarium
2320 2520 2436 2551 directe
2455 2519 2587 2556 caritati,

1520 2563 1588 2594 sine
1605 2563 1703 2594 dubio
1720 2571 1863 2604 peccaret
1877 2565 2063 2596 mortaliter.
2081 2564 2143 2596 Sed
2157 2575 2232 2596 cum
2246 2565 2448 2596 materialiter
2463 2563 2588 2604 eligitur

1519 2607 1551 2638 id
1569 2608 1659 2649 quod
1683 2608 1827 2648 displicet
1849 2609 1930 2645 Deo,
1947 2619 2013 2640 non
2037 2616 2166 2650 oportet
2181 2619 2249 2640 esse
2270 2609 2421 2641 mortale:
2446 2614 2483 2639 ut
2501 2614 2588 2649 patet

1520 2662 1596 2683 cum
1619 2652 1691 2693 quis
1714 2653 1882 2684 deliberate
1902 2653 1978 2684 dicit
1991 2655 2126 2685 verbum
2149 2654 2302 2685 otiosum.
2327 2653 2464 2685 Constat
2478 2659 2587 2684 autem

1521 2697 1611 2738 quod
1640 2697 1709 2728 talis
1732 2707 1852 2728 vovens
1880 2708 1946 2728 non
1969 2699 2076 2729 solum
2105 2697 2322 2735 materialiter,
2347 2698 2403 2729 sed
2430 2697 2526 2728 etiam
2550 2706 2588 2728 ex

1519 2741 1698 2782 ignorantia
1717 2741 1790 2773 satis
1814 2742 1993 2780 excusabili,
2010 2743 2086 2783 quia
2108 2750 2218 2783 regnat
2241 2743 2336 2774 etiam
2355 2742 2442 2783 apud
2462 2742 2585 2778 doctos,

1522 2793 1558 2817 ut
1587 2785 1700 2817 dicitur
1723 2787 1762 2817 de
1785 2786 1924 2818 Ostiensi
1939 2786 1966 2823 *,
1990 2786 2064 2818 facit
2086 2788 2176 2828 quod
2203 2788 2274 2818 Deo
2298 2787 2458 2828 displicet:
2489 2786 2588 2818 credit
2612 2786 2623 2798 ⁴

1521 2830 1607 2862 enim
1630 2830 1674 2861 sic
1696 2840 1816 2862 vovens
1838 2841 1871 2861 se
1895 2831 2086 2872 obsequium
2109 2838 2267 2873 praestare
2289 2832 2359 2862 Deo
2374 2831 2534 2868 vovendo,
2555 2836 2587 2862 et

1520 2875 1603 2906 licite
1619 2884 1743 2906 vovere.
1768 2876 1901 2916 Propter
1919 2876 2009 2917 quod
2031 2886 2097 2907 non
2121 2877 2180 2907 nisi
2205 2876 2369 2907 venialiter
2386 2882 2518 2917 peccant
2541 2875 2586 2906 sie

1521 2926 1673 2950 voventes
1695 2926 1726 2951 et
1747 2930 1814 2951 non
1836 2920 2035 2951 intendentes
2055 2928 2165 2952 contra
2187 2927 2355 2962 praecepta
2377 2921 2437 2952 Dei
2458 2928 2584 2957 vovere,

1522 2971 1558 2996 ut
1581 2964 1794 2996 communiter
1817 2964 1956 2996 accidere
1979 2965 2112 2996 videtur.

1577 3008 1616 3040 V.
1640 3008 1732 3040 Circa
1761 3009 1846 3040 bona
1874 3009 2162 3050 supererogationis
2182 3009 2214 3047 *,
2245 3009 2382 3040 dubium
2409 3008 2546 3041 occurrit
2566 3017 2585 3039 a

1522 3052 1697 3089 Richardo,
1728 3053 1761 3084 in
1785 3053 1919 3091 Quarto,
1944 3053 2015 3084 dist.
2038 3064 2154 3084 xxxvm
2174 3053 2201 3090 *,
2226 3061 2364 3091 motum,
2394 3053 2449 3085 sed
2471 3062 2586 3095 parum

1522 3097 1716 3128 discussum:
1750 3108 1791 3128 an
1820 3104 1934 3128 votum
1964 3097 2084 3129 factum
2113 3098 2152 3129 de
2180 3099 2268 3129 bono
2297 3097 2585 3139 supererogationis

1521 3148 1652 3182 propter
1674 3141 1797 3172 malum
1820 3141 1918 3172 finem
1947 3141 1988 3172 sit
2009 3152 2081 3173 vere
2103 3149 2228 3173 votum.
2259 3143 2301 3174 Et
2324 3149 2371 3174 est
2392 3143 2474 3174 ratio
2496 3140 2586 3173 dubii

1522 3185 1598 3226 quia
1627 3186 1751 3216 bonum
1773 3186 2061 3226 supererogationis
2083 3194 2215 3227 propter
2242 3187 2365 3218 malum
2393 3186 2492 3218 finem
2518 3195 2585 3216 non

1523 3236 1569 3260 est
1592 3229 1725 3266 bonum,
1750 3230 1804 3260 sed
1820 3231 1943 3260 malum
1959 3229 2148 3262 formaliter:
2174 3238 2210 3262 ut
2227 3238 2314 3272 patet
2329 3231 2368 3262 de
2384 3231 2585 3271 eleemosyna

1522 3280 1652 3315 propter
1664 3273 1792 3304 inanem
1807 3274 1952 3314 gloriam.
1970 3274 2070 3312 Quod
2084 3282 2192 3306 autem
2208 3283 2255 3307 est
2271 3275 2445 3307 formaliter
2462 3274 2600 3306 malum'

1523 3327 1589 3348 non
1613 3324 1719 3358 potest
1742 3327 1808 3349 esse
1832 3318 1961 3349 materia
1984 3319 2060 3350 voti.

1579 3362 1614 3392 In
1643 3362 1832 3403 oppositum
1861 3369 1908 3393 est
1939 3364 2027 3404 quod
2058 3363 2084 3394 si
2103 3363 2176 3405 quis
2205 3363 2371 3404 profitetur
2398 3362 2586 3403 religionem

1523 3405 1858 3447 Hierosolymitanam,
1876 3417 1931 3437 seu
1956 3407 2096 3448 aliquam
2120 3407 2288 3445 eiusmodi,
2314 3413 2350 3438 ut
2371 3407 2485 3438 habeat
2509 3406 2586 3437 divi-

1522 3450 1581 3480 tias
1604 3451 1689 3481 unde
1708 3451 1870 3482 luxuriose
1892 3451 1986 3488 vivat,
2003 3458 2034 3483 et
2057 3459 2187 3492 propter
2209 3451 2370 3483 luxuriose
2393 3453 2497 3482 vivere
2513 3460 2586 3491 pro—

407 3492 544 3522 modum
559 3502 626 3533 quo
647 3493 724 3523 haec
746 3494 1062 3534 comprehenduntur
1077 3494 1136 3524 sub
1152 3501 1240 3531 voto,
1258 3494 1364 3525 dicens
1380 3495 1468 3535 quod
1494 3490 1496 3534 Ι
1522 3493 1641 3531 fitetur,
1665 3505 1736 3526 vere
1758 3503 1872 3526 votum
1895 3495 2010 3527 emittit
2031 3496 2108 3526 boni
2140 3495 2442 3536 supererogationis,
2467 3495 2588 3526 scilicet

406 3535 465 3567 hoc
488 3536 581 3567 modo
603 3537 661 3567 sub
677 3542 748 3568 voto
771 3537 1001 3579 baptizatorum
1027 3546 1083 3570 etc.
1108 3538 1307 3579 Augustinus
1326 3548 1468 3579 quoque,

407 3580 449 3610 ad
461 3580 646 3620 Neophytos
654 3580 681 3617 *,
695 3588 730 3611 ut
740 3581 872 3612 habetur
885 3582 925 3613 de
940 3582 1101 3620 Consecr.,
1115 3582 1184 3614 dist.
1200 3583 1251 3619 IV,
1265 3593 1333 3623 cap.
1346 3583 1467 3621 Prima,

1522 3538 1693 3579 religionis,
1708 3547 1838 3580 propter
1857 3540 1979 3571 maium
2000 3539 2108 3576 finem,
2125 3539 2242 3571 scilicet
2263 3539 2461 3570 luxuriosam
2476 3539 2585 3570 vitam.

1522 3582 1630 3614 Potest
1658 3593 1732 3623 ergo
1756 3584 1794 3614 de
1818 3585 1905 3615 bono
1933 3583 1999 3614 fieri
2027 3590 2140 3614 votum
2170 3590 2300 3624 propter
2323 3584 2446 3614 malum
2476 3583 2584 3614 finem.

2605 441 2617 452 ⁸
2627 440 2663 463 cf.
2673 446 2738 462 num.
2747 447 2765 467 1,
2779 440 2818 463 fin.

2607 837 2618 848 ⁸
2631 837 2684 860 Art.
2699 842 2720 864 5,
2735 836 2764 858 ad
2776 843 2797 865 3.

2611 1277 2621 1288 ⁸
2635 1275 2717 1298 Isidor-
2732 1275 2822 1305 synon.

2609 1303 2651 1326 lib.
2665 1303 2695 1330 11,
2709 1308 2733 1325 n.
2746 1303 2782 1332 58.

2614 2382 2625 2394 ⁸
2638 2382 2717 2405 Eccle.
2732 2389 2784 2411 cap.
2799 2389 2830 2411 v,

2613 2415 2675 2432 vern.
2689 2415 2711 2438 3.

2611 3007 2622 3018 ⁴
2632 3006 2669 3029 ef.
2684 3012 2749 3028 num.
2759 3006 2822 3033 nfin-

2610 3051 2623 3063 ⁸
2635 3051 2687 3073 Art.
2702 3057 2719 3078 1,
2734 3056 2773 3079 qu.
2788 3056 2805 3072 1.
