2860 4238
214 530 223 540 ·
233 529 276 550 vid
292 530 412 550 Lommem

214 555 276 577 Caiet
292 559 343 583 post
351 559 384 577 art

213 632 222 641 ·
237 631 282 651 Ver
318 631 330 651 6

213 687 222 695 ”
237 686 287 706 Ηοη
309 686 312 706 l
340 685 382 706 XV
402 685 419 705 ‘n

213 712 287 732 Manli

211 830 220 839 ⁸
242 829 273 850 Ca
293 844 298 849 .
319 834 338 852 1,
370 833 376 848 1

210 855 234 877 S.
256 854 298 875 Ti.
321 854 363 874 let
396 859 403 874 ι

210 888 235 907 ιι,
280 897 284 901 .

206 1307 216 1317 ⁸
227 1306 282 1332 ean.
294 1313 333 1332 vn.
342 1312 396 1332 n-4.
405 1317 415 1322 -

208 1334 232 1354 S.
247 1333 290 1354 Th.
303 1333 352 1354 lect.
365 1338 415 1354 vin.

207 1359 288 1406 ”Cap
298 1365 313 1384 1,
322 1365 395 1387 n.1,3.
405 1370 415 1375 -

207 1387 230 1408 S.
245 1386 289 1407 Ti.
303 1386 356 1407 lect.
372 1391 389 1406 1.

206 1448 215 1458 ⁸
236 1447 290 1478 Cap.
303 1422 330 1472 αι,
350 1452 372 1467 n.
387 1452 414 1474 9,

205 1479 235 1495 to.
244 1474 283 1494 -δ,
290 1473 390 1494 Τ11.1001,
398 1478 414 1494 1.

206 1531 214 1540 ·
230 1529 295 1551 Vers.
313 1535 335 1556 9.

303 1577 317 1610 β

208 2160 217 2170 ¹·
228 2159 294 2180 Vers.
309 2165 343 2187 ²7-

392 2368 395 2370 *
443 2333 539 2365 nem,
569 2326 602 2356 et
629 2331 746 2356 avare
772 2320 878 2356 lucra
905 2321 1091 2356 sectanda.

211 3173 220 3181 ⁸
234 3171 300 3193 Vei-s.
314 3177 349 3199 29.

214 3230 220 3236 ·
236 3228 302 3250 Vers.
316 3235 349 3257 32.

452 194 529 239 458

1026 191 1289 236 QUAESTIO
1320 191 1494 236 CXVIII,
1524 190 1819 228 ARTicULUs
1850 192 1911 237 111,
1935 192 1984 228 1v

1242 292 1559 334 ARTICULUS
1588 293 1814 336 TERTIUS

1033 377 1184 407 UTRUM
1209 376 1414 407 AVARITIA
1439 376 1701 407 OPPONATUR
1725 378 2025 409 LIBERALITATI

1143 446 1183 469 De
1201 445 1283 473 Malo,
1304 453 1347 477 qu.
1367 452 1418 474 x111,
1439 450 1485 470 art.
1508 452 1535 475 1;

533 534 542 559 ἑ
567 543 619 562 ,απ

486 556 489 559 ,
536 541 538 545 v
657 530 677 554 D
693 529 850 553 TERTmM
866 528 918 552 310
934 527 1161 552 PRocEmTUR
1172 516 1202 551 ³¹⁶.
1223 516 1380 552 Videtur
1394 515 1499 562 quod

477 558 629 628 ᾖς),
656 570 809 606 avaritia
830 581 905 605 non
927 576 1140 617 opponatur
1159 568 1377 604 liberalitati.
1399 568 1499 614 Quia

463 629 466 632 ’
484 655 488 669 ι
568 642 574 646 ‘
600 624 627 664 ‘sz
656 635 768 670 super
787 622 876 658 illud
893 622 1023 658 Matth.
1041 634 1063 657 v
1077 621 1107 667 ³¹⁶,
1127 622 1237 657 Beati
1254 622 1319 669 qui
1334 622 1500 657 esuriunt

396 691 404 705 1
462 670 470 678 ⁷
504 661 513 698 Ᾰ
538 666 591 699 ’ἶν’
615 664 689 711 Χεί
705 675 829 711 sitiunt
853 675 1038 719 iustitiam,
1060 674 1146 710 dicit
1166 675 1459 722 Chrysostomus
1479 673 1499 694 '³‘
1523 681 1524 697 ³

447 729 547 776 quod
579 735 632 763 est
661 729 796 776 duplex
826 727 978 772 iustitia,
1008 739 1084 763 una
1118 727 1324 776 generalis,
1356 734 1391 763 et
1427 726 1498 763 alia

444 781 620 829 specialis,
643 781 705 816 cui
721 781 919 828 opponitur
936 780 1108 816 avaritia.
1131 781 1179 816 Et
1196 781 1271 816 hoc
1290 781 1391 816 idem
1412 780 1498 816 Phi-
1522 794 1523 797 ¹

329 860 340 874 θ
360 834 372 875 ¹,
408 838 417 879 ζ
444 834 625 881 losophus
655 833 758 879 dicit,
787 834 824 869 in
851 834 886 869 V
912 834 1030 869 Ethic.
1051 833 1071 855 '¹‘
1099 833 1198 881 Ergo
1235 833 1388 869 avaritia
1420 845 1497 869 non

1523 936 1524 939 Ἴ
1544 892 1686 935 parent
1701 885 1714 908 δ
1747 887 2011 934 repromissam
2045 888 2332 926 benedictionem
2368 892 2467 928 hanc
2491 904 2610 941 para-

445 886 647 934 opponitur
675 886 893 922 liberalitati.

499 951 531 975 2.
554 940 784 989 PRAETEREA‚
813 946 1012 987 peccatum
1042 938 1219 975 avaritiae
1248 938 1285 974 in
1314 939 1388 975 hoc
1408 951 1495 975 con-

444 992 533 1028 sistit
561 991 663 1039 quod
692 993 809 1028 homo
832 991 1061 1028 transcendit
1089 1003 1307 1028 mensuram
1328 991 1365 1028 in
1385 992 1498 1028 rebus
1523 1007 1524 1035 1

1555 446 1588 469 IV
1609 446 1701 475 Ethic„
1722 446 1778 471 lect.
1798 455 1815 476 1,
1834 455 1869 476 111,
1888 455 1912 472 v.

1604 515 1690 552 Alio
1720 518 1849 564 modo,
1871 517 2049 566 importat
2077 518 2410 555 immoderantiam
2431 520 2528 557 circa
2557 521 2611 558 in-

1552 568 1707 605 teriores
1745 569 1964 606 affectiones
2004 570 2239 608 divitiarum:
2278 581 2370 620 puta
2407 584 2495 609 cum
2526 573 2611 623 quis

1551 621 1661 657 nimis
1690 630 1792 658 amat
1818 624 1880 659 vel
1910 622 2099 660 desiderat
2127 624 2286 671 divitias,
2316 633 2379 662 aut
2407 626 2519 663 nimis
2548 627 2611 664 de-

1550 675 1707 710 lectatur
1735 675 1771 711 in
1802 675 1874 721 eis,
1905 676 2017 712 etiam
2047 676 2077 712 si
2105 677 2198 713 nolit
2229 690 2360 726 rapere
2395 679 2528 716 aliena.
2562 680 2612 722 Et

1551 728 1626 763 hoc
1662 728 1780 764 modo
1819 727 1975 765 avaritia
2012 729 2218 777 opponitur
2254 731 2477 779 liberalitati,
2511 727 2610 781 quae

1551 781 1772 817 moderatur
1789 780 2009 818 huiusmodi
2028 781 2261 830 affectiones,
2282 792 2322 821 ut
2342 785 2483 822 dictum
2505 794 2560 823 est
2577 786 2609 823 *.

1551 834 1600 870 Et
1627 833 1680 869 sic
1714 833 1895 881 accipitur
1930 833 2087 871 avaritia
2115 835 2147 871 II
2175 836 2228 872 ad
2258 837 2345 875 Cor.
2366 849 2401 874 ix
2418 838 2458 874 *ε
2495 839 2610 876 Prae-

1551 946 1627 976 tam
1656 951 1733 976 esse
1760 941 1812 976 sic
1831 940 1941 988 quasi
1961 941 2261 988 benedictionem,
2291 954 2365 979 non
2395 946 2504 992 quasi
2519 957 2609 983 ava-

1552 993 1697 1030 ritiam.-
1727 993 1863 1030 Glossa
1882 993 1919 1029 *ε
1951 999 1991 1029 ut
2015 994 2154 1031 scilicet
2182 996 2333 1032 doleant
2353 1008 2427 1045 pro
2458 998 2556 1044 dato,
2576 1004 2612 1035 et

443 1045 637 1093 possessis.
677 1045 752 1082 Sed
780 1045 998 1081 huiusmodi
1025 1057 1204 1080 mensura
1233 1044 1403 1081 statuitur
1430 1057 1499 1093 per
1546 1058 1687 1095 parum
1714 1046 1762 1082 sit
1788 1047 1888 1094 quod
1914 1047 2009 1083 dent.

442 1097 630 1134 iustitiam.
652 1099 751 1146 Ergo
772 1098 925 1134 avaritia
947 1098 1084 1134 directe
1105 1097 1309 1146 opponitur
1327 1097 1496 1144 iustitiae,
1523 1103 1524 1149 1

445 1159 479 1187 01
507 1163 582 1187 non
612 1151 830 1187 liberalitati.

498 1205 531 1240 3.
554 1205 785 1250 PRAETEREA,
815 1203 1012 1239 liberalitas
1034 1210 1087 1238 est
1106 1202 1224 1238 virtus
1253 1201 1379 1238 media
1403 1202 1498 1238 inter
1523 1215 1524 1225 ¹

444 1258 519 1293 duo
541 1258 631 1293 vitia
651 1256 849 1293 contraria:
879 1264 920 1292 ut
938 1263 1039 1304 patet
1058 1267 1125 1303 per
1151 1255 1438 1303 Philosophum,
1459 1255 1497 1292 in
1523 1254 1524 1285 ἐ

443 1311 473 1346 Il
495 1309 514 1331 ’³‘
543 1317 578 1346 et
606 1310 656 1346 IV
673 1309 713 1331 ³¹⁶*
739 1309 857 1345 Ethic.
889 1309 964 1345 Sed
993 1307 1147 1344 avaritia
1175 1320 1252 1344 non
1272 1309 1387 1344 habet
1410 1320 1496 1357 pec·
1523 1306 1524 1349 ξ

443 1371 566 1399 catum
588 1362 814 1398 contrarium
836 1362 1054 1410 oppositum
1076 1367 1108 1397 ²:
1139 1369 1179 1396 ut
1197 1369 1298 1409 patet
1323 1373 1391 1410 per
1410 1362 1495 1398 Phi-
1523 1360 1524 1399 ἶ

442 1417 658 1464 1030011001,
688 1415 725 1451 10
753 1416 787 1451 V
814 1415 932 1451 Ethic.
953 1414 973 1436 ’¹‘
1002 1415 1101 1462 Ergo
1132 1414 1286 1450 avaritia
1323 1427 1401 1451 non
1430 1427 1497 1464 op·
1522 1416 1524 1459 j

441 1470 593 1518 ponitur
620 1468 839 1505 liberalitati.
1522 1467 1523 1520 J

496 1523 569 1558 SED
598 1533 742 1558 CONTRA
771 1532 838 1558 EST
864 1520 981 1568 quod,
1004 1520 1098 1556 sicut
1118 1518 1253 1556 dicitur
1278 1520 1401 1557 Eccle.
1423 1533 1446 1556 v
1464 1521 1494 1567 ²¹⁸,
1522 1524 1523 1537 ¹

440 1587 580 1613 avarus
609 1587 682 1611 non
711 1572 913 1624 impleturss
940 1573 1124 1621 pecunia.-
1153 1578 1188 1609 et
1214 1573 1279 1621 qui
1313 1580 1419 1610 amat
1443 1574 1495 1610 di-

439 1630 547 1666 vitias
570 1629 746 1676 fructum
775 1640 848 1665 non
878 1627 998 1675 capiet
1028 1639 1078 1662 ex
1105 1627 1166 1663 eis.
1207 1626 1283 1662 Sed
1312 1639 1389 1663 non
1426 1627 1495 1663 irn-
1521 1628 1522 1664 ζ

440 1682 532 1732 pleri
559 1681 732 1729 pecunia,
763 1689 798 1718 et
826 1680 1036 1717 inordinate
1066 1692 1128 1716 eas
1157 1692 1296 1724 amare,
1323 1687 1379 1716 est
1407 1693 1495 1717 con·
1520 1720 1521 1724 ,

439 1735 594 1772 trarium
624 1734 848 1780 liberalitati,
880 1746 976 1782 quae
1005 1733 1042 1769 in
1075 1733 1242 1781 appetitu
1278 1732 1493 1770 divitiarum
1520 1737 1521 1740 ’

440 1788 609 1825 medium
627 1796 739 1824 tenet.
761 1789 862 1834 Ergo
882 1786 1037 1823 avaritia
1053 1786 1257 1834 opponitur
1274 1786 1492 1824 liberalitati.
1519 1804 1521 1835 g

493 1843 716 1878 RESPONDEO
736 1852 918 1877 DICENDUM
933 1839 1037 1888 quod
1055 1839 1207 1876 avaritia
1227 1839 1406 1887 importat
1424 1841 1493 1877 im-

440 1894 716 1931 moderantiam
750 1893 942 1942 quandam
972 1893 1068 1929 circa
1102 1892 1248 1929 divitias
1285 1885 1521 1941 dupliciter.}

440 1948 526 1984 Uno
555 1948 685 1994 modo,
712 1947 929 1983 immediate
959 1946 1056 1982 circa
1084 1945 1205 1994 ipsam
1233 1946 1494 1994 acceptionem
1520 1986 1521 1999 ἶ

441 2008 475 2037 01
495 2001 822 2038 conservationem
844 1999 1075 2036 divitiarum:
1111 1999 1335 2047 inquantum
1356 2000 1495 2037 scilicet
1520 2002 1522 2045 ξ

440 2054 572 2101 aliquis
605 2054 763 2101 acquirit
799 2052 1001 2101 pecuniam
1038 2053 1134 2089 ultra
1167 2052 1336 2089 debitum
1374 2053 1523 2102 01100οᾖ

440 2107 684 2155 subripiendo
704 2108 765 2143 vel
786 2106 992 2143 retinendo.
1023 2107 1070 2142 Et
1090 2106 1141 2142 sic
1162 2106 1367 2154 opponitur
1394 2107 1496 2143 iusti·
1521 2106 1523 2130 ³

439 2161 523 2198 tiae.
551 2162 598 2196 Et
615 2161 689 2197 hoc
710 2160 826 2196 modo
847 2159 1025 2207 accipitur
1044 2159 1199 2196 avaritia
1221 2160 1358 2196 Ezech.
1375 2173 1447 2197 xxii
1464 2162 1495 2207 ²¹²,

440 2214 504 2251 ubi
536 2214 686 2250 dicitur:
716 2214 905 2261 Principes
923 2218 938 2240 Υ
966 2213 1044 2249 eius
1072 2214 1107 2249 in
1137 2213 1257 2249 medio
1286 2213 1364 2249 eius
1391 2215 1499 2262 quasi
1522 2222 1523 2250 1

442 2268 520 2315 lupi
546 2268 728 2315 rapientes
750 2267 935 2314 praedam
973 2267 1024 2302 ad
1050 2266 1314 2316 effundendum
1342 2268 1496 2316 sangui-

496 2433 524 2464 a)
542 2433 700 2465 oppositum.
717 2446 734 2451 —
753 2435 778 2457 et
796 2433 945 2463 oppositum
965 2433 1010 2458 Pa.

497 2468 521 2501 β)
541 2469 673 2500 impletur.
691 2481 710 2487 —
728 2468 878 2499 implebitur
897 2468 926 2492 Ρ.

496 2505 521 2536 γ)
541 2503 685 2535 Principes.
703 2517 722 2522 -
740 2503 865 2534 Princeps
884 2503 940 2532 PL;
960 2510 1007 2534 pro
1025 2510 1115 2531 avare,
1135 2510 1219 2527 avara
1239 2503 1313 2528 PKL.

496 2539 519 2571 ὅ)
536 2541 709 2571 praeparent.
726 2552 745 2557 -
758 2541 926 2569 praeparant
945 2538 1045 2562 codices
1065 2544 1169 2570 excepta
1188 2539 1230 2567 sC,
1246 2542 1394 2570 praeparet
1412 2539 1451 2564 ed.
1466 2547 1497 2566 ας

443 2583 490 2606 pro
506 2578 639 2606 paratam,
656 2576 794 2605 peractam
814 2573 1000 2605 ABEFLpCK;
1020 2581 1067 2605 pro
1085 2574 1130 2602 sic,
1150 2577 1176 2599 et
1193 2574 1230 2598 sic
1250 2574 1296 2598 Pa.

1605 1101 1663 1135 AD
1693 1111 1827 1135 PRthJM
1849 1111 1946 1136 ERGO
1975 1111 2159 1137 DICENDUM
2187 1101 2292 1150 quod
2313 1102 2610 1150 Chrysostornus

2639 788 2647 797 ¹
2665 787 2714 815 Qu.
2728 792 2848 815 cuman.

2637 819 2667 861 ².
2680 814 2810 863 ‘-¹.¹..·.·⁶“·
2827 821 2847 844 ³

2620 846 2651 882 θ
2684 857 2763 896 a...
2787 856 2794 864 ·

2735 911 2751 938 δ

2637 1012 2647 1022 ·
2653 1010 2729 1035 lmen-l.
2734 1014 2757 1033 et
2763 1010 2851 1044 hunb-v

1522 1159 1524 1190 1
1552 1159 1588 1187 01
1608 1151 1862 1200 Philosophus
1882 1153 2088 1201 loquuntur
2107 1154 2153 1190 de
2173 1155 2326 1191 avaritia
2345 1156 2470 1204 primo
2491 1157 2609 1195 modo
2664 1193 2670 1198 ,

1552 1204 1660 1240 dicta.
1683 1204 1889 1240 Avaritiam
1909 1213 2035 1254 autem
2056 1209 2224 1244 secundo
2244 1208 2363 1244 modo
2385 1209 2521 1246 dictam
2542 1222 2610 1246 no·
2663 1206 2667 1207 ⁷
2700 1204 2702 1206 ¹
2740 1199 2756 1209 ⁵
2779 1205 2782 1208 ⁴
2824 1199 2825 1202 Ἰ

1552 1257 1670 1294 minat
1697 1257 1951 1306 Philosophus
1980 1259 2262 1296 illiberalitatem
2282 1265 2294 1281 ⁸
2313 1261 2343 1298 ³¹⁶.

1604 1313 1662 1347 AD
1705 1322 1894 1348 SECUNDUM
1922 1323 2106 1348 DicENDUM
2143 1314 2247 1361 quod
2285 1314 2422 1351 iustitia
2457 1316 2610 1364 proprie

1552 1363 1678 1400 statuit
1715 1376 1935 1400 mensuram
1965 1365 2001 1401 in
2031 1365 2312 1414 acceptionibus
2342 1375 2377 1403 et
2409 1379 2610 1406 conserva-

1551 1417 1716 1454 tionibus
1746 1417 1959 1454 divitiarum
1985 1419 2194 1455 secundum
2215 1419 2399 1456 rationem
2419 1421 2533 1458 debiti
2560 1422 2614 1468 l'ef

1522 1490 1523 1510 g
1551 1470 1662 1518 galis:
1692 1477 1732 1506 ut
1765 1470 1903 1507 scilicet
1941 1471 2060 1508 homo
2098 1471 2204 1508 nect
2233 1472 2391 1522 accipiat
2424 1486 2495 1511 nec
2528 1474 2612 1512 reti-

1551 1532 1638 1560 neat
1676 1523 1854 1560 alienum.
1892 1523 1967 1560 Sed
1999 1524 2200 1562 liberalitas
2236 1526 2426 1563 constituit
2457 1539 2611 1565 mensu-

1521 1584 1523 1622 j
1551 1589 1633 1613 ram
1663 1576 1815 1613 rationis
1843 1577 2097 1625 principaliter
2124 1578 2278 1626 quidem
2304 1580 2340 1616 in
2370 1579 2611 1618 interioribus

1550 1629 1825 1674 affectionibus,
1857 1637 1892 1666 et
1919 1642 1988 1679 per
2016 1638 2253 1680 consequens
2281 1632 2319 1668 in
2349 1634 2522 1670 exteriori
2551 1646 2612 1671 ac-

1550 1683 1723 1731 ceptione
1761 1691 1796 1718 et
1832 1684 2120 1720 conservatione
2151 1685 2400 1734 pecuniarum
2436 1694 2472 1723 et
2500 1687 2612 1724 emis-

1547 1736 1652 1772 sione
1681 1747 1811 1772 earum
1840 1735 2051 1773 secundum
2080 1738 2184 1786 quod
2213 1750 2258 1775 ex
2285 1738 2451 1776 interiori
2473 1744 2492 1766 ‘¹¹
2520 1738 2611 1788 0110-

1549 1788 1669 1825 ctione
1698 1789 1923 1837 procedunt,
1954 1802 2032 1826 non
2061 1791 2303 1828 observando
2333 1792 2517 1830 rationem
2546 1793 2611 1831 cie-¹

1549 1841 1611 1878 biti
1640 1842 1784 1889 legalis,
1816 1842 1882 1879 sed
1921 1842 2035 1879 debiti
2069 1844 2242 1892 moralis,
2272 1846 2374 1893 quod
2410 1846 2613 1896 attenditur

1548 1895 1758 1932 secundum
1788 1897 1955 1943 regulam
1980 1896 2143 1934 rationis.
2554 1945 2557 1946 ⁷

1602 1951 1661 1984 AD
1689 1960 1848 1985 TERTIUM
1877 1960 2061 1987 DicENDuM
2090 1950 2194 1998 quod
2214 1950 2370 1987 avaritia
2399 1948 2612 1996 secundum

1552 2001 1657 2048 quod
1686 2001 1892 2050 opponitur
1919 2001 2097 2050 iustitiae,
2127 2015 2205 2040 non
2233 2004 2350 2040 habet
2374 2004 2510 2042 vitium
2543 2002 2611 2056 0ρέ

1550 2054 1738 2102 positum:
1769 2054 1857 2104 quia
1886 2055 2043 2093 avaritia
2072 2056 2238 2093 consistit
2265 2057 2304 2094 in
2326 2058 2411 2106 plus
2429 2059 2610 2096 habendo

1551 2120 1665 2156 quam
1696 2107 1831 2144 debeat
1857 2109 2066 2146 seeundum
2091 2109 2282 2155 iustitiam,
2312 2117 2350 2147 et
2375 2111 2463 2148 11010
2489 2107 2611 2162 oppo-

1522 2192 1523 2202 ,
1551 2161 1650 2197 nitur
1678 2161 1803 2197 minus
1832 2162 1993 2210 habere,
2025 2163 2127 2211 quod
2163 2175 2240 2199 non
2277 2164 2391 2200 habet
2423 2163 2610 2205 rationein

1552 2215 1696 2262 culpae,
1719 2215 1784 2251 sed
1804 2227 1965 2263 poenae.
1997 2215 2072 2252 Sed
2093 2216 2249 2254 avaritia
2272 2214 2483 2255 secundum
2505 2208 2610 2270 quod

1551 2267 1755 2316 opponitur
1783 2267 2003 2311 liberalitati,
2031 2270 2146 2306 habet
2173 2270 2306 2307 vitium
2340 2271 2612 2319 prodigalitatis

1522 2339 1524 2367 3
1551 2321 1770 2369 oppositum
1790 2320 1820 2357 ²¹⁸.

1604 2435 1626 2464 ε)
1648 2435 1862 2460 illiberalitatem.
1878 2448 1897 2454 —
1914 2435 2102 2460 liberalitatem
2121 2436 2305 2468 DEFLpACK.

1603 2469 1628 2501 ζ)
1649 2477 1704 2494 nec.
1721 2484 1740 2488 -
1759 2477 1809 2494 non
1830 2470 2017 2503 PCDEGILpC
2036 2476 2061 2495 et
2079 2478 2105 2495 a.

1604 2504 1631 2536 η)
1651 2512 1688 2530 ex
1707 2505 1839 2530 interiori.
1857 2519 1876 2524 -
1894 2505 1920 2530 in
1941 2505 2005 2537 (om.
2023 2506 2053 2538 P)
2073 2506 2206 2531 exteriori
2224 2506 2269 2531 Pa.

1214 2690 1527 2732 ARTICULUS
1558 2691 1829 2742 QUARTUS

946 2772 1101 2803 UTRUM
1125 2773 1333 2803 AVARITIA
1356 2773 1522 2804 SEMPER
1545 2774 1610 2804 SIT
1634 2774 1870 2805 PECCATUM
1892 2775 2102 2806 MORTALE

962 2842 1001 2866 De
1019 2842 1102 2871 Malo,
1123 2850 1166 2874 qu.
1186 2850 1237 2872 xm,
1257 2848 1303 2868 art.
1324 2851 1352 2874 2;
1375 2843 1414 2868 De
1435 2843 1499 2869 Dec.
1518 2844 1654 2876 Praecept.
1674 2844 1747 2877 Leg„
1768 2852 1823 2877 cap.
1843 2845 1881 2869 de‘
1896 2845 1939 2869 IX
1955 2845 2092 2877 Praecept.

529 2925 538 2939 ι
562 2946 571 2954 Ἠ
592 2933 604 2942 s
651 2916 673 2940 D
691 2915 860 2946 QUARTUM
883 2916 935 2940 310
956 2915 1194 2941 PROCEDITUR.
1216 2905 1374 2942 Videtur
1394 2907 1498 2954 quod
1522 2905 1524 2945 l
1550 2907 1682 2955 aliquis
1710 2907 1920 2944 inordinate
1949 2907 2106 2945 retineat
2134 2921 2214 2946 sua.
2252 2910 2329 2947 Sed
2356 2911 2431 2948 hoc
2458 2908 2611 2966 videtu}=

569 2961 571 2966 ’
653 2957 806 2994 avaritia
839 2969 990 3005 semper
1018 2957 1063 2993 sit
1090 2966 1288 3006 peccatum
1324 2960 1495 2996 mortale.
1522 2948 1524 2983 Ι
1551 2972 1633 2996 0330
1653 2968 1852 3008 peccatum
1874 2962 2048 2998 mortale:
2079 2961 2166 2999 dicit
2186 2962 2286 3000 enim
2306 2963 2516 3002 Basilius*:
2544 2966 2613 3004 Est

630 3009 789 3049 Νο1103
818 3010 918 3046 enim
948 3017 1002 3047 est
1031 3010 1162 3058 dignus
1182 3019 1303 3048 morte
1330 3011 1399 3048 nisi
1426 3025 1496 3061 pro
1544 3013 1657 3061 panis
1671 3014 1850 3061 famelici
1876 3025 1985 3062 quem
2014 3020 2051 3051 tu
2080 3021 2196 3062 tenes,
2226 3017 2318 3053 nudi
2342 3018 2467 3055 tunica
2495 3030 2610 3068 quam

653 3070 808 3110 peccato
837 3063 996 3100 mortali.
1027 3064 1104 3100 Sed
1123 3072 1276 3112 propter
1299 3066 1496 3103 avaritiam
1523 3102 1525 3109 χ
1550 3078 1762 3112 conservas,
1779 3067 1976 3116 indigentis
1990 3074 2191 3117 argentum
2206 3070 2308 3118 quod
2317 3071 2491 3118 possides.
2511 3072 2611 3114 Quo-

445 3115 620 3152 homines
649 3115 748 3162 digni
778 3123 863 3151 sunt
881 3124 1018 3152 morte:
1049 3129 1136 3152 cum
1157 3117 1258 3154 enim
1278 3119 1497 3166 Apostolus,
1524 3141 1525 3160 3
1550 3121 1651 3156 circa
1671 3125 1723 3156 tot
1749 3120 1940 3156 iniuriaris
1963 3127 2053 3168 quot
2078 3122 2253 3159 exhibere
2271 3123 2424 3160 valeres.
2456 3125 2531 3162 Sed
2555 3125 2610 3163 in-

446 3169 496 3204 ad
521 3169 631 3204 Rom.
654 3169 713 3214 1*,
743 3168 1008 3216 praemisisset,
1037 3170 1208 3216 Repletos
1236 3172 1340 3207 omni
1366 3172 1498 3219 iniqui·
1524 3177 1526 3198 ἰ
1551 3172 1676 3209 iuriari
1706 3173 1809 3209 alteri
1838 3181 1893 3209 est
1919 3182 2117 3221 peccatum
2145 3177 2319 3213 mortale:
2350 3177 2437 3225 quia
2464 3186 2611 3218 contra-

446 3227 537 3265 tate,
563 3222 837 3268 fornicatione,
875 3222 1053 3267 avaritia,
1091 3222 1215 3258 subdit
1239 3222 1277 3259 *t
1313 3224 1378 3271 qui
1410 3224 1498 3261 talia
1525 3220 1526 3250 ἶ
1551 3225 1664 3262 riatur
1684 3225 1871 3262 dilectioni
1892 3227 2063 3274 proximi.
2085 3228 2186 3275 Ergo
2206 3230 2326 3265 multo
2346 3230 2465 3278 magis
2485 3230 2610 3268 omnis

446 3279 565 3323 agunt
590 3275 697 3323 digni
721 3281 807 3310 sunt
833 3282 962 3311 morte.
999 3276 1100 3322 Ergo
1138 3276 1292 3311 avaritia
1326 3284 1380 3312 est
1411 3290 1499 3325 pec·
1525 3286 1527 3367 ἱ
1553 3278 1625 3315 0110
1645 3283 1661 3299 ‘²
1691 3278 1846 3315 avaritia
1867 3287 1921 3315 est
1948 3289 2147 3327 peccatum
2177 3283 2348 3319 mortale.

448 3335 571 3364 catum
601 3328 770 3363 mortale.
1526 3371 1527 3378 ἵ
1609 3343 1642 3367 2.
1672 3333 1903 3378 PRAETEREA,
1925 3334 2049 3369 nullus
2078 3342 2296 3371 excaecatur
2324 3335 2503 3383 spirituali
2527 3347 2610 3372 cae-

501 3391 535 3415 2.
558 3380 795 3425 PRAETEREA,
827 3380 1026 3416 minimum
1057 3380 1093 3417 in
1124 3381 1277 3417 avaritia
1315 3391 1369 3418 est
1396 3385 1499 3430 quod
1526 3379 1527 3415 Ϊ
1555 3384 1661 3420 citate
1690 3384 1758 3420 nisi
1786 3397 1855 3432 per
1882 3394 2080 3433 peccatum
2110 3388 2280 3435 mortale,
2310 3388 2414 3436 quod
2440 3388 2608 3424 animam

500 3492 527 3523 α)
545 3492 608 3516 alia.
624 3505 644 3511 -
660 3492 720 3516 Otn.
741 3493 769 3517 Ρ.

2637 1297 2647 1306 ·
2665 1269 2749 1319 mic:
2759 1295 2799 1318 lib.
2818 1296 2849 1322 11,

2637 1327 2787 1371 ἕρπ’-ιζ”ιὶὲᾱ
2797 1329 2848 1370 δίη·

2728 1463 2748 1511 't

2636 2277 2648 2288 ⁸
2657 2276 2692 2299 ef.
2703 2276 2801 2299 Arintot.
2814 2277 2847 2300 Ε-

2636 2302 2763 2352 15111ὲῆ1,
2767 2303 2853 2358 Qvi

2638 2965 2648 2975 '
2669 2963 2757 2986 flomil.
2778 2969 2848 2991 super

2636 2990 2697 3039 &2¹:22
2711 2995 2846 3045 13¹8...¹¹¹’
