2860 4244
409 320 483 356 310
830 351 831 354 ,
1069 314 1334 362 QUAESTIO
1362 314 1499 360 XCIV,
1529 314 1824 352 ARTICULUS
1854 314 1905 351 IV

406 410 485 434 non
512 397 578 434 fuit
600 396 809 434 idololatria
835 403 990 444 propter
1008 401 1199 431 recentem
1229 392 1456 429 memoriam
1511 404 1601 429 narn
1633 399 1668 429 et
1691 392 1870 430 virtutem
1893 391 1905 418 ξ
1934 392 2087 439 Christi,
2109 392 2174 440 qui
2202 392 2249 429 de
2270 391 2572 439 diabolotrium-

407 450 602 486 creationis
631 448 784 495 mundi,
815 459 859 484 ex
887 459 963 496 qua
990 447 1114 483 adhuc
1146 445 1298 493 vigebat
1331 445 1458 492 cogni·
1511 444 1651 493 phavit.

407 503 457 539 tio
492 502 603 539 unius
631 501 703 538 Dei
737 500 775 537 in
812 507 939 536 mente
976 498 1190 535 hominum.
1216 519 1239 526 -
1274 498 1316 534 In
1354 505 1458 534 sexta
1564 499 1622 534 An
1651 509 1810 535 TERTmM
1837 509 2022 534 mcENDUM
2051 497 2156 545 quod
2185 497 2278 534 ratio
2307 496 2369 534 illa
2400 497 2573 546 procedit

407 562 532 591 autem
561 561 680 590 aetate
708 552 917 589 idololatria
952 559 1008 588 est
1035 551 1186 588 exclusa
1219 562 1289 599 per
1322 550 1456 588 doctri·
1513 550 1560 587 de
1590 562 1704 587 causa
1732 550 2038 587 consummativa
2066 550 2315 587 idololatriae.

459 684 481 717 ξ)
501 685 651 709 doctrinam
665 687 691 708 et
703 683 837 708 virtutem.
847 696 867 702 —
879 682 1004 707 virtutem
1020 683 1036 712 Ι,
1052 682 1177 707 virtutem
1190 685 1217 708 et
1231 683 1381 708 doctrinam
1397 683 1466 708 PDa.

1078 761 1410 794 Commentaria
1434 761 1683 794 Cardinalis
1706 761 1905 794 Caietam

435 841 598 872 narticulo
615 847 728 881 quarto
745 840 887 871 eiusdem
898 840 1251 880 nonagesimaequartae
1267 840 1461 881 quaestionis
1511 840 1544 870 in
1567 839 1695 870 veritate
1719 846 1822 876 erant,
1847 839 1902 870 sed
1925 840 2103 870 secundum
2125 840 2159 870 id
2186 842 2275 881 quod
2298 851 2366 872 non
2389 848 2491 878 erant,
2515 841 2579 873 hoc

436 885 570 916 dubium
593 884 743 920 occurrit,
768 894 834 925 quo
859 891 952 924 pacto
974 883 1151 915 verificetur
1173 884 1262 925 quod
1285 894 1393 915 omnes
1415 885 1460 915 dii
1513 891 1559 914 est
1574 884 1752 914 secundum
1774 883 1933 920 deitatem,
1951 894 2025 914 cum
2040 894 2106 914 non
2123 891 2226 916 essent
2246 884 2299 922 dii,
2316 885 2376 916 nisi
2391 895 2486 917 unus.
2513 885 2579 923 Qui

403 930 547 971 gentium
570 929 758 959 daemonia.-
781 934 811 958 et
833 934 954 964 tamen,
971 928 1044 959 licet
1067 928 1206 959 colerent
1228 928 1348 959 multos
1372 929 1459 965 deos,
1514 939 1579 958 non
1603 928 1791 958 adorabatur
1815 927 1909 958 etiarn
1932 927 2109 958 secundum
2124 928 2157 958 id
2179 929 2268 969 quod
2291 935 2365 966 erat,
2387 930 2443 960 sed
2467 939 2579 961 secun-

405 973 548 1004 colebant
570 972 665 1003 etiam
687 982 790 1003 unum
806 982 970 1003 summum
984 972 1100 1009 Deum,
1117 973 1156 1002 de
1180 982 1246 1013 quo
1269 982 1335 1003 non
1358 980 1462 1013 potest
1514 973 1592 1003 dum
1614 972 1647 1002 id
1675 972 1764 1013 quod
1787 972 1847 1012 ipsi
1875 972 1914 1002 de
1937 981 1976 1002 eo
2000 972 2229 1012 concipiebant.
2260 974 2307 1004 Ac
2329 983 2386 1014 per
2407 973 2486 1010 hoc,
2511 983 2579 1004 non

405 1017 464 1047 dici
487 1016 577 1057 quod
599 1016 639 1047 sit
662 1016 808 1052 daemon,
832 1016 907 1057 quia
923 1023 969 1047 est
990 1026 1083 1047 verus
1102 1017 1199 1047 Deua
1222 1017 1354 1053 Rursus,
1379 1017 1460 1048 cole·
1515 1017 1687 1047 adorabant
1714 1016 1822 1056 ipsum
1845 1016 1951 1047 Deum
1981 1016 2158 1047 secundum
2182 1026 2231 1053 se,
2256 1016 2311 1046 sed
2337 1017 2371 1047 id
2400 1018 2491 1058 quod
2517 1017 2579 1058 ipsi

404 1062 479 1091 bant
501 1067 641 1091 motores
665 1060 838 1096 coelorum,
863 1070 945 1100 quos
969 1067 1091 1092 constat
1109 1070 1175 1090 non
1191 1070 1258 1091 esse
1281 1061 1460 1091 daemones.
1514 1061 1669 1092 vocabant
1692 1061 1807 1097 Deum,
1832 1061 1922 1101 quod
1944 1069 2011 1091 non
2033 1067 2079 1091 est
2101 1069 2194 1091 verus
2217 1060 2315 1091 Deus.
2339 1061 2381 1092 Et
2404 1061 2448 1092 sic
2466 1070 2580 1092 omnes

405 1105 580 1142 Quomodo
603 1104 699 1144 igitur
721 1113 829 1135 omnes
851 1105 897 1135 dii
918 1106 1063 1146 gentium
1087 1105 1282 1135 daemonia?
1515 1105 1558 1135 dii
1576 1105 1720 1146 gentium
1743 1111 1798 1135 aut
1813 1112 1900 1135 erant
1919 1104 2097 1140 daemonia,
2114 1111 2170 1135 aut
2191 1103 2343 1144 figmenta
2365 1105 2580 1142 daemoniaca,

458 1148 510 1178 Ad
532 1148 594 1178 hoc
618 1148 730 1179 dicitur
753 1148 927 1189 dupliciter.
951 1149 1069 1185 Primo,
1094 1155 1130 1179 ut
1152 1148 1185 1178 in
1207 1148 1308 1178 littera
1331 1148 1462 1185 dicitur,
1515 1159 1597 1190 quae
1619 1148 1835 1189 participative
1858 1149 2025 1180 daemonia
2049 1155 2136 1179 erant
2159 1155 2190 1180 et
2213 1149 2370 1180 dicuntur.

405 1192 494 1233 quod
517 1192 685 1222 daemonia
707 1198 794 1223 erant
818 1202 929 1223 causae
953 1192 1057 1223 omnis
1073 1192 1176 1223 cultus
1191 1192 1398 1224 idololatriae.
1423 1193 1464 1222 Et
1571 1193 1608 1223 ΙΙ.
1634 1193 1669 1222 In
1692 1193 1899 1233 responsione
1914 1193 1953 1223 ad
1970 1193 2157 1229 secundum,
2179 1203 2254 1223 cum
2276 1192 2353 1233 legis
2368 1192 2583 1224 idololatriam

405 1243 571 1276 propterea
598 1245 710 1266 omnes
734 1236 776 1266 dii
806 1236 949 1276 gentium
979 1242 1066 1267 erant
1090 1235 1256 1266 daemonia
1280 1236 1462 1272 causaliter,
1517 1236 1675 1267 exclusam
1705 1246 1762 1277 per
1783 1237 1933 1268 virtutem
1956 1237 2073 1268 Christi
2096 1237 2129 1267 in
2153 1243 2238 1268 sexta
2261 1243 2377 1274 aetate,
2401 1245 2469 1267 non
2491 1237 2584 1268 intel-

404 1280 478 1311 licet
501 1289 565 1310 non
589 1279 802 1310 essentialiter.
1516 1280 1593 1319 ligas
1616 1281 1705 1320 quod
1727 1280 1790 1311 hoc
1809 1281 1848 1311 sit
1870 1291 1929 1321 pro
1953 1281 2043 1311 omni
2066 1287 2153 1321 parte
2177 1287 2280 1312 sextae
2296 1281 2404 1312 aetatis
2427 1280 2581 1322 perfecte:

460 1324 606 1355 Secundo
631 1324 743 1354 dicitur
771 1324 860 1364 quod
883 1333 995 1353 omnes
1022 1323 1066 1353 dii
1092 1323 1236 1362 gentium
1259 1330 1347 1353 erant
1369 1323 1463 1353 etiam
1517 1323 1572 1353 sed
1599 1323 1754 1364 quoniam
1777 1334 1814 1355 ex
1837 1334 1953 1364 magna
1975 1332 2062 1365 parte
2086 1325 2212 1356 exclusa
2235 1332 2300 1363 est,
2324 1332 2356 1356 et
2378 1325 2583 1357 excludentur

406 1368 608 1398 essentialiter
630 1374 685 1398 aut
710 1367 925 1408 participative
953 1367 1136 1406 daemonia;
1160 1366 1352 1407 inquantum
1377 1374 1465 1398 erant
1517 1367 1667 1408 reliquiae
1690 1367 1723 1398 in
1745 1368 1857 1399 eadem
1880 1375 1990 1400 aetate.

406 1411 449 1442 dii
463 1411 615 1452 gentium.
633 1411 796 1448 Quoniam
811 1421 877 1442 non
891 1411 1122 1442 venerabantur
1126 1407 1309 1442 'secundum
1325 1411 1357 1441 id
1376 1411 1463 1452 quod
