<?xml version="1.0" encoding="UTF-8"?>
<!DOCTYPE html PUBLIC "-//W3C//DTD XHTML 1.0 Transitional//EN"
    "http://www.w3.org/TR/xhtml1/DTD/xhtml1-transitional.dtd">
<html xmlns="http://www.w3.org/1999/xhtml" xml:lang="en" lang="en">
 <head>
  <title>
</title>
<meta http-equiv="Content-Type" content="text/html;charset=utf-8" />
  <meta name='ocr-system' content='tesseract 3.04.00' />
  <meta name='ocr-capabilities' content='ocr_page ocr_carea ocr_par ocr_line ocrx_word'/>
</head>
<body>
  <div class='ocr_page' id='page_1' title='image "./operaomniaiussui09thom/operaomniaiussui09thom_0278.png"; bbox 0 0 2860 4244; ppageno 0'>
   <div class='ocr_carea' id='block_1_1' title="bbox 441 251 516 297">
    <p class='ocr_par' dir='ltr' id='par_1_1' title="bbox 441 251 516 297">
     <span class='ocr_line' id='line_1_1' title="bbox 441 251 516 297; baseline 0.013 -11"><span class='ocrx_word' id='word_1_1' title='bbox 441 251 516 297; x_wconf 87' lang='lat'>246</span> 
     </span>
    </p>
   </div>
   <div class='ocr_carea' id='block_1_2' title="bbox 413 321 1501 3616">
    <p class='ocr_par' dir='ltr' id='par_1_2' title="bbox 438 321 1499 539">
     <span class='ocr_line' id='line_1_2' title="bbox 439 321 1499 371; baseline -0.006 -13"><span class='ocrx_word' id='word_1_2' title='bbox 439 328 494 368; x_wconf 92' lang='lat' dir='ltr'>qui</span> <span class='ocrx_word' id='word_1_3' title='bbox 522 327 594 358; x_wconf 91' lang='lat' dir='ltr'>facit</span> <span class='ocrx_word' id='word_1_4' title='bbox 617 328 739 357; x_wconf 91' lang='lat' dir='ltr'>bonum</span> <span class='ocrx_word' id='word_1_5' title='bbox 762 326 828 356; x_wconf 89' lang='lat' dir='ltr'>sine</span> <span class='ocrx_word' id='word_1_6' title='bbox 850 332 937 355; x_wconf 79' lang='lat' dir='ltr'>voto,</span> <span class='ocrx_word' id='word_1_7' title='bbox 966 323 1099 354; x_wconf 87' lang='lat' dir='ltr'>Constat</span> <span class='ocrx_word' id='word_1_8' title='bbox 1122 329 1228 352; x_wconf 88' lang='lat' dir='ltr'>autem</span> <span class='ocrx_word' id='word_1_9' title='bbox 1256 321 1344 362; x_wconf 93' lang='lat' dir='ltr'>quod</span> <span class='ocrx_word' id='word_1_10' title='bbox 1367 321 1499 371; x_wconf 82' lang='lat' dir='ltr'>promit-</span> 
     </span>
     <span class='ocr_line' id='line_1_3' title="bbox 438 364 1499 406; baseline -0.008 -4"><span class='ocrx_word' id='word_1_11' title='bbox 438 378 507 402; x_wconf 91' lang='lat' dir='ltr'>tens</span> <span class='ocrx_word' id='word_1_12' title='bbox 522 372 666 401; x_wconf 85' lang='lat' dir='ltr'>arborem</span> <span class='ocrx_word' id='word_1_13' title='bbox 681 380 754 401; x_wconf 91' lang='lat' dir='ltr'>cum</span> <span class='ocrx_word' id='word_1_14' title='bbox 770 369 922 399; x_wconf 90' lang='lat' dir='ltr'>fructibus</span> <span class='ocrx_word' id='word_1_15' title='bbox 945 367 1038 397; x_wconf 89' lang='lat' dir='ltr'>habet</span> <span class='ocrx_word' id='word_1_16' title='bbox 1060 376 1118 406; x_wconf 93' lang='lat' dir='ltr'>pro</span> <span class='ocrx_word' id='word_1_17' title='bbox 1134 365 1263 396; x_wconf 86' lang='lat' dir='ltr'>materia</span> <span class='ocrx_word' id='word_1_18' title='bbox 1278 364 1499 404; x_wconf 87' lang='lat' dir='ltr'>promissionis</span> 
     </span>
     <span class='ocr_line' id='line_1_4' title="bbox 439 409 1498 455; baseline -0.008 -9"><span class='ocrx_word' id='word_1_19' title='bbox 439 422 620 455; x_wconf 89' lang='lat' dir='ltr'>utrumque,</span> <span class='ocrx_word' id='word_1_20' title='bbox 645 414 760 444; x_wconf 87' lang='lat' dir='ltr'>scilicet</span> <span class='ocrx_word' id='word_1_21' title='bbox 783 413 927 442; x_wconf 82' lang='lat' dir='ltr'>arborem</span> <span class='ocrx_word' id='word_1_22' title='bbox 943 418 972 441; x_wconf 91' lang='lat' dir='ltr'>et</span> <span class='ocrx_word' id='word_1_23' title='bbox 991 410 1120 446; x_wconf 87' lang='lat' dir='ltr'>fructus,</span> <span class='ocrx_word' id='word_1_24' title='bbox 1138 416 1168 439; x_wconf 91' lang='lat' dir='ltr'>et</span> <span class='ocrx_word' id='word_1_25' title='bbox 1183 415 1306 439; x_wconf 91' lang='lat' dir='ltr'>tenetur</span> <span class='ocrx_word' id='word_1_26' title='bbox 1321 409 1361 438; x_wconf 88' lang='lat' dir='ltr'>ad</span> <span class='ocrx_word' id='word_1_27' title='bbox 1377 415 1498 439; x_wconf 87' lang='lat' dir='ltr'>utrum-</span> 
     </span>
     <span class='ocr_line' id='line_1_5' title="bbox 440 448 1498 499; baseline -0.008 -10"><span class='ocrx_word' id='word_1_28' title='bbox 440 468 511 499; x_wconf 90' lang='lat' dir='ltr'>que.</span> <span class='ocrx_word' id='word_1_29' title='bbox 537 459 621 498; x_wconf 89' lang='lat' dir='ltr'>Ergo</span> <span class='ocrx_word' id='word_1_30' title='bbox 645 457 700 497; x_wconf 88' lang='lat' dir='ltr'>qui</span> <span class='ocrx_word' id='word_1_31' title='bbox 723 463 818 486; x_wconf 90' lang='lat' dir='ltr'><strong>vovet</strong></span> <span class='ocrx_word' id='word_1_32' title='bbox 840 454 977 495; x_wconf 87' lang='lat' dir='ltr'>profiteri</span> <span class='ocrx_word' id='word_1_33' title='bbox 1002 454 1095 483; x_wconf 90' lang='lat' dir='ltr'>habet</span> <span class='ocrx_word' id='word_1_34' title='bbox 1117 462 1176 492; x_wconf 91' lang='lat' dir='ltr'>pro</span> <span class='ocrx_word' id='word_1_35' title='bbox 1191 452 1320 483; x_wconf 88' lang='lat' dir='ltr'>materia</span> <span class='ocrx_word' id='word_1_36' title='bbox 1335 448 1401 483; x_wconf 88' lang='lat' dir='ltr'>voti</span> <span class='ocrx_word' id='word_1_37' title='bbox 1425 463 1498 493; x_wconf 87' lang='lat' dir='ltr'>pro-</span> 
     </span>
     <span class='ocr_line' id='line_1_6' title="bbox 439 496 1350 539; baseline -0.008 -7"><span class='ocrx_word' id='word_1_38' title='bbox 439 502 609 532; x_wconf 78' lang='lat' dir='ltr'><strong>sessionem</strong></span> <span class='ocrx_word' id='word_1_39' title='bbox 637 508 667 532; x_wconf 90' lang='lat' dir='ltr'>et</span> <span class='ocrx_word' id='word_1_40' title='bbox 689 509 785 539; x_wconf 90' lang='lat' dir='ltr'>opera</span> <span class='ocrx_word' id='word_1_41' title='bbox 807 498 978 539; x_wconf 79' lang='lat' dir='ltr'>sequentia,</span> <span class='ocrx_word' id='word_1_42' title='bbox 1003 497 1120 527; x_wconf 90' lang='lat' dir='ltr'>scilicet</span> <span class='ocrx_word' id='word_1_43' title='bbox 1142 496 1268 526; x_wconf 91' lang='lat' dir='ltr'>obedire</span> <span class='ocrx_word' id='word_1_44' title='bbox 1292 503 1350 527; x_wconf 91' lang='lat' dir='ltr'>etc.</span> 
     </span>
    </p>

    <p class='ocr_par' dir='ltr' id='par_1_3' title="bbox 437 540 1499 837">
     <span class='ocr_line' id='line_1_7' title="bbox 495 540 1499 581; baseline -0.006 -5"><span class='ocrx_word' id='word_1_45' title='bbox 495 546 541 575; x_wconf 86' lang='lat' dir='ltr'>Ex</span> <span class='ocrx_word' id='word_1_46' title='bbox 564 545 622 575; x_wconf 87' lang='lat' dir='ltr'>hac</span> <span class='ocrx_word' id='word_1_47' title='bbox 645 551 752 574; x_wconf 88' lang='lat' dir='ltr'>autem</span> <span class='ocrx_word' id='word_1_48' title='bbox 774 542 928 572; x_wconf 83' lang='lat' dir='ltr'>discordia</span> <span class='ocrx_word' id='word_1_49' title='bbox 950 541 982 571; x_wconf 92' lang='lat' dir='ltr'>in</span> <span class='ocrx_word' id='word_1_50' title='bbox 1007 540 1166 581; x_wconf 88' lang='lat' dir='ltr'>principiis</span> <span class='ocrx_word' id='word_1_51' title='bbox 1190 540 1356 571; x_wconf 87' lang='lat' dir='ltr'>deducitur</span> <span class='ocrx_word' id='word_1_52' title='bbox 1378 540 1499 571; x_wconf 90' lang='lat' dir='ltr'>diversa</span> 
     </span>
     <span class='ocr_line' id='line_1_8' title="bbox 440 584 1498 625; baseline -0.005 -6"><span class='ocrx_word' id='word_1_53' title='bbox 440 589 612 619; x_wconf 85' lang='lat' dir='ltr'>conclusio.</span> <span class='ocrx_word' id='word_1_54' title='bbox 637 589 719 618; x_wconf 89' lang='lat' dir='ltr'>Nam</span> <span class='ocrx_word' id='word_1_55' title='bbox 742 586 917 616; x_wconf 91' lang='lat' dir='ltr'>secundum</span> <span class='ocrx_word' id='word_1_56' title='bbox 941 585 1077 624; x_wconf 81' lang='lat' dir='ltr'>primam</span> <span class='ocrx_word' id='word_1_57' title='bbox 1099 584 1192 620; x_wconf 84' lang='lat' dir='ltr'>viam,</span> <span class='ocrx_word' id='word_1_58' title='bbox 1218 584 1332 616; x_wconf 91' lang='lat' dir='ltr'>dicitur</span> <span class='ocrx_word' id='word_1_59' title='bbox 1353 585 1442 625; x_wconf 92' lang='lat' dir='ltr'>quod</span> <span class='ocrx_word' id='word_1_60' title='bbox 1465 584 1498 614; x_wconf 90' lang='lat' dir='ltr'>in</span> 
     </span>
     <span class='ocr_line' id='line_1_9' title="bbox 439 628 1498 671; baseline -0.005 -8"><span class='ocrx_word' id='word_1_61' title='bbox 439 642 513 662; x_wconf 90' lang='lat' dir='ltr'>casu</span> <span class='ocrx_word' id='word_1_62' title='bbox 533 632 637 671; x_wconf 90' lang='lat' dir='ltr'>posito</span> <span class='ocrx_word' id='word_1_63' title='bbox 657 637 780 662; x_wconf 89' lang='lat' dir='ltr'>tenetur</span> <span class='ocrx_word' id='word_1_64' title='bbox 794 637 1011 669; x_wconf 85' lang='lat' dir='ltr'>transgressor,</span> <span class='ocrx_word' id='word_1_65' title='bbox 1028 628 1109 659; x_wconf 89' lang='lat' dir='ltr'>ultra</span> <span class='ocrx_word' id='word_1_66' title='bbox 1124 628 1363 668; x_wconf 87' lang='lat' dir='ltr'>poenitentiam,</span> <span class='ocrx_word' id='word_1_67' title='bbox 1378 629 1498 659; x_wconf 86' lang='lat' dir='ltr'>solum-</span> 
     </span>
     <span class='ocr_line' id='line_1_10' title="bbox 439 673 1498 713; baseline -0.004 -7"><span class='ocrx_word' id='word_1_68' title='bbox 439 677 538 706; x_wconf 88' lang='lat' dir='ltr'>modo</span> <span class='ocrx_word' id='word_1_69' title='bbox 569 676 608 705; x_wconf 88' lang='lat' dir='ltr'>ad</span> <span class='ocrx_word' id='word_1_70' title='bbox 630 675 827 705; x_wconf 89' lang='lat' dir='ltr'>voluntatem</span> <span class='ocrx_word' id='word_1_71' title='bbox 851 673 1005 713; x_wconf 90' lang='lat' dir='ltr'>implendi</span> <span class='ocrx_word' id='word_1_72' title='bbox 1028 679 1140 703; x_wconf 91' lang='lat' dir='ltr'>votum</span> <span class='ocrx_word' id='word_1_73' title='bbox 1170 673 1299 713; x_wconf 89' lang='lat' dir='ltr'>quando</span> <span class='ocrx_word' id='word_1_74' title='bbox 1329 673 1453 712; x_wconf 87' lang='lat' dir='ltr'>poterit.</span> <span class='ocrx_word' id='word_1_75' title='bbox 1477 690 1498 695; x_wconf 99' lang='lat'>—</span> 
     </span>
     <span class='ocr_line' id='line_1_11' title="bbox 439 716 1498 757; baseline -0.002 -8"><span class='ocrx_word' id='word_1_76' title='bbox 439 720 527 749; x_wconf 88' lang='lat' dir='ltr'>quta</span> <span class='ocrx_word' id='word_1_77' title='bbox 549 719 720 749; x_wconf 90' lang='lat' dir='ltr'>secundam</span> <span class='ocrx_word' id='word_1_78' title='bbox 739 724 846 748; x_wconf 89' lang='lat' dir='ltr'>autem</span> <span class='ocrx_word' id='word_1_79' title='bbox 861 717 954 753; x_wconf 88' lang='lat' dir='ltr'>viam,</span> <span class='ocrx_word' id='word_1_80' title='bbox 979 723 1103 748; x_wconf 91' lang='lat' dir='ltr'>tenetur</span> <span class='ocrx_word' id='word_1_81' title='bbox 1125 716 1164 746; x_wconf 90' lang='lat' dir='ltr'>ad</span> <span class='ocrx_word' id='word_1_82' title='bbox 1187 716 1264 747; x_wconf 89' lang='lat' dir='ltr'>haec</span> <span class='ocrx_word' id='word_1_83' title='bbox 1287 722 1318 747; x_wconf 90' lang='lat' dir='ltr'>et</span> <span class='ocrx_word' id='word_1_84' title='bbox 1340 726 1436 757; x_wconf 91' lang='lat' dir='ltr'>opera</span> <span class='ocrx_word' id='word_1_85' title='bbox 1453 726 1498 746; x_wconf 89' lang='lat' dir='ltr'>re-</span> 
     </span>
     <span class='ocr_line' id='line_1_12' title="bbox 437 759 1499 803; baseline -0.002 -11"><span class='ocrx_word' id='word_1_86' title='bbox 437 762 563 802; x_wconf 90' lang='lat' dir='ltr'>ligionis</span> <span class='ocrx_word' id='word_1_87' title='bbox 583 773 663 803; x_wconf 92' lang='lat' dir='ltr'>quae</span> <span class='ocrx_word' id='word_1_88' title='bbox 683 768 787 802; x_wconf 92' lang='lat' dir='ltr'>potest</span> <span class='ocrx_word' id='word_1_89' title='bbox 806 761 906 791; x_wconf 90' lang='lat' dir='ltr'>facere</span> <span class='ocrx_word' id='word_1_90' title='bbox 921 761 953 790; x_wconf 93' lang='lat' dir='ltr'>in</span> <span class='ocrx_word' id='word_1_91' title='bbox 968 760 1021 790; x_wconf 92' lang='lat' dir='ltr'>illa</span> <span class='ocrx_word' id='word_1_92' title='bbox 1037 760 1224 800; x_wconf 83' lang='lat' dir='ltr'>impotentia</span> <span class='ocrx_word' id='word_1_93' title='bbox 1239 759 1407 800; x_wconf 88' lang='lat' dir='ltr'>profitendi</span> <span class='ocrx_word' id='word_1_94' title='bbox 1424 770 1499 791; x_wconf 93' lang='lat' dir='ltr'>con-</span> 
     </span>
     <span class='ocr_line' id='line_1_13' title="bbox 438 806 575 837; baseline 0 -1"><span class='ocrx_word' id='word_1_95' title='bbox 438 806 575 837; x_wconf 89' lang='lat' dir='ltr'>stitutus.</span> 
     </span>
    </p>

    <p class='ocr_par' dir='ltr' id='par_1_4' title="bbox 413 848 1501 3616">
     <span class='ocr_line' id='line_1_14' title="bbox 493 848 1498 888; baseline -0.002 -8"><span class='ocrx_word' id='word_1_96' title='bbox 493 850 574 880; x_wconf 89' lang='lat' dir='ltr'>VIII.</span> <span class='ocrx_word' id='word_1_97' title='bbox 589 850 720 880; x_wconf 90' lang='lat' dir='ltr'>Duabus</span> <span class='ocrx_word' id='word_1_98' title='bbox 743 855 850 879; x_wconf 89' lang='lat' dir='ltr'>autem</span> <span class='ocrx_word' id='word_1_99' title='bbox 874 848 1075 879; x_wconf 84' lang='lat' dir='ltr'>existentibus</span> <span class='ocrx_word' id='word_1_100' title='bbox 1091 848 1140 878; x_wconf 85' lang='lat' dir='ltr'>his</span> <span class='ocrx_word' id='word_1_101' title='bbox 1161 848 1306 879; x_wconf 88' lang='lat' dir='ltr'>extremis</span> <span class='ocrx_word' id='word_1_102' title='bbox 1336 848 1498 888; x_wconf 89' lang='lat' dir='ltr'>opinioni-</span> 
     </span>
     <span class='ocr_line' id='line_1_15' title="bbox 413 892 1497 933; baseline -0.001 -10"><span class='ocrx_word' id='word_1_103' title='bbox 413 910 419 915; x_wconf 92' lang='lat'><em>·</em></span> <span class='ocrx_word' id='word_1_104' title='bbox 437 894 506 929; x_wconf 92' lang='lat' dir='ltr'>bus,</span> <span class='ocrx_word' id='word_1_105' title='bbox 524 894 628 924; x_wconf 89' lang='lat' dir='ltr'>media</span> <span class='ocrx_word' id='word_1_106' title='bbox 644 893 694 923; x_wconf 89' lang='lat' dir='ltr'>via</span> <span class='ocrx_word' id='word_1_107' title='bbox 718 893 930 923; x_wconf 90' lang='lat' dir='ltr'>incedendum</span> <span class='ocrx_word' id='word_1_108' title='bbox 949 899 1004 929; x_wconf 91' lang='lat' dir='ltr'>est,</span> <span class='ocrx_word' id='word_1_109' title='bbox 1025 900 1055 923; x_wconf 94' lang='lat' dir='ltr'>et</span> <span class='ocrx_word' id='word_1_110' title='bbox 1077 892 1248 923; x_wconf 91' lang='lat' dir='ltr'>dicendum</span> <span class='ocrx_word' id='word_1_111' title='bbox 1272 893 1360 933; x_wconf 91' lang='lat' dir='ltr'>quod</span> <span class='ocrx_word' id='word_1_112' title='bbox 1384 899 1497 923; x_wconf 88' lang='lat' dir='ltr'>votum</span> 
     </span>
     <span class='ocr_line' id='line_1_16' title="bbox 437 936 1499 978; baseline 0 -11"><span class='ocrx_word' id='word_1_113' title='bbox 437 947 502 977; x_wconf 93' lang='lat' dir='ltr'>quo</span> <span class='ocrx_word' id='word_1_114' title='bbox 533 937 605 978; x_wconf 89' lang='lat' dir='ltr'>quis</span> <span class='ocrx_word' id='word_1_115' title='bbox 636 947 667 967; x_wconf 93' lang='lat' dir='ltr'>se</span> <span class='ocrx_word' id='word_1_116' title='bbox 691 937 810 977; x_wconf 88' lang='lat' dir='ltr'>obligat</span> <span class='ocrx_word' id='word_1_117' title='bbox 840 937 879 967; x_wconf 88' lang='lat' dir='ltr'>ad</span> <span class='ocrx_word' id='word_1_118' title='bbox 910 946 976 967; x_wconf 90' lang='lat' dir='ltr'>esse</span> <span class='ocrx_word' id='word_1_119' title='bbox 1003 936 1188 977; x_wconf 87' lang='lat' dir='ltr'>religiosum</span> <span class='ocrx_word' id='word_1_120' title='bbox 1210 936 1305 967; x_wconf 85' lang='lat' dir='ltr'>habet</span> <span class='ocrx_word' id='word_1_121' title='bbox 1338 937 1499 976; x_wconf 88' lang='lat' dir='ltr'>duplicem</span> 
     </span>
     <span class='ocr_line' id='line_1_17' title="bbox 438 980 1498 1021; baseline -0.001 -10"><span class='ocrx_word' id='word_1_122' title='bbox 438 981 621 1011; x_wconf 80' lang='lat' dir='ltr'>materiam:</span> <span class='ocrx_word' id='word_1_123' title='bbox 654 981 771 1011; x_wconf 90' lang='lat' dir='ltr'>scilicet</span> <span class='ocrx_word' id='word_1_124' title='bbox 789 981 968 1021; x_wconf 81' lang='lat' dir='ltr'>proximam</span> <span class='ocrx_word' id='word_1_125' title='bbox 989 991 1025 1011; x_wconf 88' lang='lat' dir='ltr'>ac</span> <span class='ocrx_word' id='word_1_126' title='bbox 1047 980 1272 1015; x_wconf 84' lang='lat' dir='ltr'>immediatam,</span> <span class='ocrx_word' id='word_1_127' title='bbox 1290 987 1321 1010; x_wconf 94' lang='lat' dir='ltr'>et</span> <span class='ocrx_word' id='word_1_128' title='bbox 1342 987 1498 1011; x_wconf 88' lang='lat' dir='ltr'>remotam</span> 
     </span>
     <span class='ocr_line' id='line_1_18' title="bbox 437 1024 1497 1066; baseline -0.001 -11"><span class='ocrx_word' id='word_1_129' title='bbox 437 1035 472 1055; x_wconf 90' lang='lat' dir='ltr'>ac</span> <span class='ocrx_word' id='word_1_130' title='bbox 488 1025 668 1056; x_wconf 87' lang='lat' dir='ltr'>mediatam.</span> <span class='ocrx_word' id='word_1_131' title='bbox 693 1026 733 1055; x_wconf 93' lang='lat' dir='ltr'>Et</span> <span class='ocrx_word' id='word_1_132' title='bbox 748 1025 837 1066; x_wconf 91' lang='lat' dir='ltr'>quod</span> <span class='ocrx_word' id='word_1_133' title='bbox 853 1025 982 1055; x_wconf 89' lang='lat' dir='ltr'>materia</span> <span class='ocrx_word' id='word_1_134' title='bbox 1006 1025 1073 1055; x_wconf 90' lang='lat' dir='ltr'>eius</span> <span class='ocrx_word' id='word_1_135' title='bbox 1089 1024 1232 1065; x_wconf 83' lang='lat' dir='ltr'>proxima</span> <span class='ocrx_word' id='word_1_136' title='bbox 1258 1034 1293 1054; x_wconf 87' lang='lat' dir='ltr'>ac</span> <span class='ocrx_word' id='word_1_137' title='bbox 1314 1024 1497 1055; x_wconf 90' lang='lat' dir='ltr'>immediata</span> 
     </span>
     <span class='ocr_line' id='line_1_19' title="bbox 437 1068 1498 1111; baseline 0 -12"><span class='ocrx_word' id='word_1_138' title='bbox 437 1075 484 1099; x_wconf 88' lang='lat' dir='ltr'>est</span> <span class='ocrx_word' id='word_1_139' title='bbox 499 1079 658 1111; x_wconf 86' lang='lat' dir='ltr'>assumere</span> <span class='ocrx_word' id='word_1_140' title='bbox 674 1075 791 1100; x_wconf 89' lang='lat' dir='ltr'>statum</span> <span class='ocrx_word' id='word_1_141' title='bbox 807 1069 1000 1108; x_wconf 88' lang='lat' dir='ltr'>religiosum,</span> <span class='ocrx_word' id='word_1_142' title='bbox 1012 1079 1078 1105; x_wconf 92' lang='lat' dir='ltr'>seu,</span> <span class='ocrx_word' id='word_1_143' title='bbox 1089 1069 1177 1109; x_wconf 91' lang='lat' dir='ltr'>quod</span> <span class='ocrx_word' id='word_1_144' title='bbox 1192 1068 1276 1098; x_wconf 90' lang='lat' dir='ltr'>idem</span> <span class='ocrx_word' id='word_1_145' title='bbox 1293 1074 1348 1104; x_wconf 91' lang='lat' dir='ltr'>est,</span> <span class='ocrx_word' id='word_1_146' title='bbox 1360 1068 1498 1108; x_wconf 87' lang='lat' dir='ltr'>profiteri</span> 
     </span>
     <span class='ocr_line' id='line_1_20' title="bbox 437 1112 1497 1153; baseline 0 -11"><span class='ocrx_word' id='word_1_147' title='bbox 437 1112 639 1152; x_wconf 87' lang='lat' dir='ltr'>religionem,</span> <span class='ocrx_word' id='word_1_148' title='bbox 664 1123 720 1143; x_wconf 90' lang='lat' dir='ltr'>seu</span> <span class='ocrx_word' id='word_1_149' title='bbox 748 1113 886 1153; x_wconf 89' lang='lat' dir='ltr'>obligare</span> <span class='ocrx_word' id='word_1_150' title='bbox 916 1123 949 1144; x_wconf 90' lang='lat' dir='ltr'>se</span> <span class='ocrx_word' id='word_1_151' title='bbox 972 1120 1048 1143; x_wconf 90' lang='lat' dir='ltr'>voto</span> <span class='ocrx_word' id='word_1_152' title='bbox 1072 1112 1208 1143; x_wconf 88' lang='lat' dir='ltr'>solemni</span> <span class='ocrx_word' id='word_1_153' title='bbox 1235 1112 1274 1142; x_wconf 91' lang='lat' dir='ltr'>ad</span> <span class='ocrx_word' id='word_1_154' title='bbox 1298 1112 1497 1151; x_wconf 84' lang='lat' dir='ltr'>religionem:</span> 
     </span>
     <span class='ocr_line' id='line_1_21' title="bbox 437 1155 1498 1193; baseline 0.001 -7"><span class='ocrx_word' id='word_1_155' title='bbox 437 1157 566 1188; x_wconf 80' lang='lat' dir='ltr'>materia</span> <span class='ocrx_word' id='word_1_156' title='bbox 589 1164 696 1188; x_wconf 89' lang='lat' dir='ltr'>autem</span> <span class='ocrx_word' id='word_1_157' title='bbox 719 1164 841 1187; x_wconf 90' lang='lat' dir='ltr'>remota</span> <span class='ocrx_word' id='word_1_158' title='bbox 869 1164 900 1187; x_wconf 92' lang='lat' dir='ltr'>et</span> <span class='ocrx_word' id='word_1_159' title='bbox 923 1157 1058 1187; x_wconf 90' lang='lat' dir='ltr'>mediata</span> <span class='ocrx_word' id='word_1_160' title='bbox 1080 1163 1126 1187; x_wconf 91' lang='lat' dir='ltr'>est</span> <span class='ocrx_word' id='word_1_161' title='bbox 1154 1155 1298 1191; x_wconf 91' lang='lat' dir='ltr'>obedire,</span> <span class='ocrx_word' id='word_1_162' title='bbox 1322 1156 1498 1193; x_wconf 87' lang='lat' dir='ltr'>continere,</span> 
     </span>
     <span class='ocr_line' id='line_1_22' title="bbox 437 1199 1499 1241; baseline -0.002 -10"><span class='ocrx_word' id='word_1_163' title='bbox 437 1201 580 1232; x_wconf 90' lang='lat' dir='ltr'>abdicare</span> <span class='ocrx_word' id='word_1_164' title='bbox 598 1212 616 1231; x_wconf 90' lang='lat' dir='ltr'>a</span> <span class='ocrx_word' id='word_1_165' title='bbox 635 1211 667 1231; x_wconf 93' lang='lat' dir='ltr'>se</span> <span class='ocrx_word' id='word_1_166' title='bbox 690 1202 915 1241; x_wconf 86' lang='lat' dir='ltr'>proprietatem</span> <span class='ocrx_word' id='word_1_167' title='bbox 934 1211 1049 1231; x_wconf 89' lang='lat' dir='ltr'>rerum.</span> <span class='ocrx_word' id='word_1_168' title='bbox 1074 1199 1206 1231; x_wconf 86' lang='lat' dir='ltr'>Declaro</span> <span class='ocrx_word' id='word_1_169' title='bbox 1221 1199 1358 1239; x_wconf 83' lang='lat' dir='ltr'>singula:</span> <span class='ocrx_word' id='word_1_170' title='bbox 1383 1200 1499 1239; x_wconf 91' lang='lat' dir='ltr'>primo,</span> 
     </span>
     <span class='ocr_line' id='line_1_23' title="bbox 437 1243 1499 1286; baseline -0.002 -10"><span class='ocrx_word' id='word_1_171' title='bbox 437 1246 526 1285; x_wconf 92' lang='lat' dir='ltr'>quod</span> <span class='ocrx_word' id='word_1_172' title='bbox 551 1252 723 1286; x_wconf 85' lang='lat' dir='ltr'>utrumque</span> <span class='ocrx_word' id='word_1_173' title='bbox 746 1246 785 1275; x_wconf 90' lang='lat' dir='ltr'>sit</span> <span class='ocrx_word' id='word_1_174' title='bbox 807 1245 936 1275; x_wconf 87' lang='lat' dir='ltr'>materia</span> <span class='ocrx_word' id='word_1_175' title='bbox 955 1244 1024 1275; x_wconf 90' lang='lat' dir='ltr'>talis</span> <span class='ocrx_word' id='word_1_176' title='bbox 1046 1244 1127 1279; x_wconf 92' lang='lat' dir='ltr'>voti;</span> <span class='ocrx_word' id='word_1_177' title='bbox 1151 1244 1302 1279; x_wconf 90' lang='lat' dir='ltr'>secundo,</span> <span class='ocrx_word' id='word_1_178' title='bbox 1325 1243 1415 1283; x_wconf 91' lang='lat' dir='ltr'>quod</span> <span class='ocrx_word' id='word_1_179' title='bbox 1437 1244 1499 1283; x_wconf 87' lang='lat' dir='ltr'>pri—</span> 
     </span>
     <span class='ocr_line' id='line_1_24' title="bbox 438 1287 1498 1329; baseline 0 -11"><span class='ocrx_word' id='word_1_180' title='bbox 438 1298 528 1319; x_wconf 91' lang='lat' dir='ltr'>mum</span> <span class='ocrx_word' id='word_1_181' title='bbox 551 1290 590 1320; x_wconf 93' lang='lat' dir='ltr'>sit</span> <span class='ocrx_word' id='word_1_182' title='bbox 613 1289 742 1320; x_wconf 89' lang='lat' dir='ltr'>materia</span> <span class='ocrx_word' id='word_1_183' title='bbox 764 1289 908 1329; x_wconf 86' lang='lat' dir='ltr'>proxima</span> <span class='ocrx_word' id='word_1_184' title='bbox 931 1299 967 1319; x_wconf 91' lang='lat' dir='ltr'>ac</span> <span class='ocrx_word' id='word_1_185' title='bbox 990 1287 1186 1322; x_wconf 74' lang='lat' dir='ltr'>immediata,</span> <span class='ocrx_word' id='word_1_186' title='bbox 1211 1287 1315 1322; x_wconf 87' lang='lat' dir='ltr'>tertio,</span> <span class='ocrx_word' id='word_1_187' title='bbox 1340 1287 1429 1327; x_wconf 93' lang='lat' dir='ltr'>quod</span> <span class='ocrx_word' id='word_1_188' title='bbox 1452 1297 1498 1318; x_wconf 89' lang='lat' dir='ltr'>se—</span> 
     </span>
     <span class='ocr_line' id='line_1_25' title="bbox 437 1330 1498 1368; baseline -0.002 -5"><span class='ocrx_word' id='word_1_189' title='bbox 437 1333 579 1364; x_wconf 90' lang='lat' dir='ltr'>cundum</span> <span class='ocrx_word' id='word_1_190' title='bbox 598 1333 637 1364; x_wconf 92' lang='lat' dir='ltr'>sit</span> <span class='ocrx_word' id='word_1_191' title='bbox 658 1333 788 1363; x_wconf 89' lang='lat' dir='ltr'>materia</span> <span class='ocrx_word' id='word_1_192' title='bbox 802 1338 924 1362; x_wconf 91' lang='lat' dir='ltr'>remota</span> <span class='ocrx_word' id='word_1_193' title='bbox 939 1342 976 1362; x_wconf 92' lang='lat' dir='ltr'>ac</span> <span class='ocrx_word' id='word_1_194' title='bbox 992 1332 1136 1362; x_wconf 90' lang='lat' dir='ltr'>mediata.</span> <span class='ocrx_word' id='word_1_195' title='bbox 1162 1330 1259 1368; x_wconf 94' lang='lat' dir='ltr'>Quod</span> <span class='ocrx_word' id='word_1_196' title='bbox 1275 1330 1361 1360; x_wconf 90' lang='lat' dir='ltr'>enim</span> <span class='ocrx_word' id='word_1_197' title='bbox 1377 1337 1498 1361; x_wconf 92' lang='lat' dir='ltr'>utrum-</span> 
     </span>
     <span class='ocr_line' id='line_1_26' title="bbox 436 1374 1499 1416; baseline 0 -10"><span class='ocrx_word' id='word_1_198' title='bbox 436 1387 499 1416; x_wconf 90' lang='lat' dir='ltr'>que</span> <span class='ocrx_word' id='word_1_199' title='bbox 522 1377 561 1408; x_wconf 91' lang='lat' dir='ltr'>sit</span> <span class='ocrx_word' id='word_1_200' title='bbox 583 1377 713 1407; x_wconf 89' lang='lat' dir='ltr'>materia</span> <span class='ocrx_word' id='word_1_201' title='bbox 735 1376 805 1406; x_wconf 89' lang='lat' dir='ltr'>talis</span> <span class='ocrx_word' id='word_1_202' title='bbox 828 1376 913 1412; x_wconf 91' lang='lat' dir='ltr'>voti,</span> <span class='ocrx_word' id='word_1_203' title='bbox 939 1382 1023 1415; x_wconf 88' lang='lat' dir='ltr'>patet</span> <span class='ocrx_word' id='word_1_204' title='bbox 1053 1385 1090 1406; x_wconf 90' lang='lat' dir='ltr'>ex</span> <span class='ocrx_word' id='word_1_205' title='bbox 1117 1375 1178 1405; x_wconf 94' lang='lat' dir='ltr'>hoc</span> <span class='ocrx_word' id='word_1_206' title='bbox 1209 1374 1298 1415; x_wconf 89' lang='lat' dir='ltr'>quod</span> <span class='ocrx_word' id='word_1_207' title='bbox 1321 1384 1358 1405; x_wconf 88' lang='lat' dir='ltr'>ex</span> <span class='ocrx_word' id='word_1_208' title='bbox 1379 1375 1411 1405; x_wconf 86' lang='lat' dir='ltr'>vi</span> <span class='ocrx_word' id='word_1_209' title='bbox 1433 1376 1499 1406; x_wconf 91' lang='lat' dir='ltr'>voti</span> 
     </span>
     <span class='ocr_line' id='line_1_27' title="bbox 435 1418 1500 1460; baseline 0 -10"><span class='ocrx_word' id='word_1_210' title='bbox 435 1430 501 1450; x_wconf 91' lang='lat' dir='ltr'>non</span> <span class='ocrx_word' id='word_1_211' title='bbox 525 1430 580 1460; x_wconf 93' lang='lat' dir='ltr'>per</span> <span class='ocrx_word' id='word_1_212' title='bbox 603 1420 764 1455; x_wconf 90' lang='lat' dir='ltr'>accidens,</span> <span class='ocrx_word' id='word_1_213' title='bbox 788 1421 842 1450; x_wconf 91' lang='lat' dir='ltr'>sed</span> <span class='ocrx_word' id='word_1_214' title='bbox 873 1429 929 1459; x_wconf 92' lang='lat' dir='ltr'>per</span> <span class='ocrx_word' id='word_1_215' title='bbox 951 1430 983 1450; x_wconf 92' lang='lat' dir='ltr'>se</span> <span class='ocrx_word' id='word_1_216' title='bbox 1007 1426 1130 1450; x_wconf 90' lang='lat' dir='ltr'>tenetur</span> <span class='ocrx_word' id='word_1_217' title='bbox 1153 1418 1349 1459; x_wconf 91' lang='lat' dir='ltr'>quicumque</span> <span class='ocrx_word' id='word_1_218' title='bbox 1372 1425 1419 1449; x_wconf 92' lang='lat' dir='ltr'>est</span> <span class='ocrx_word' id='word_1_219' title='bbox 1445 1420 1500 1450; x_wconf 90' lang='lat' dir='ltr'>ad-</span> 
     </span>
     <span class='ocr_line' id='line_1_28' title="bbox 435 1462 1496 1503; baseline -0.001 -9"><span class='ocrx_word' id='word_1_220' title='bbox 435 1463 559 1495; x_wconf 88' lang='lat' dir='ltr'>strictus</span> <span class='ocrx_word' id='word_1_221' title='bbox 587 1464 641 1495; x_wconf 90' lang='lat' dir='ltr'>tali</span> <span class='ocrx_word' id='word_1_222' title='bbox 663 1470 740 1494; x_wconf 91' lang='lat' dir='ltr'>voto</span> <span class='ocrx_word' id='word_1_223' title='bbox 768 1474 833 1494; x_wconf 90' lang='lat' dir='ltr'>non</span> <span class='ocrx_word' id='word_1_224' title='bbox 857 1464 964 1494; x_wconf 90' lang='lat' dir='ltr'>solum</span> <span class='ocrx_word' id='word_1_225' title='bbox 987 1464 1027 1494; x_wconf 93' lang='lat' dir='ltr'>ad</span> <span class='ocrx_word' id='word_1_226' title='bbox 1054 1462 1271 1503; x_wconf 88' lang='lat' dir='ltr'>profitendum</span> <span class='ocrx_word' id='word_1_227' title='bbox 1293 1462 1496 1502; x_wconf 82' lang='lat' dir='ltr'>religionem,</span> 
     </span>
     <span class='ocr_line' id='line_1_29' title="bbox 435 1507 1500 1548; baseline 0 -10"><span class='ocrx_word' id='word_1_228' title='bbox 435 1508 490 1538; x_wconf 91' lang='lat' dir='ltr'>sed</span> <span class='ocrx_word' id='word_1_229' title='bbox 514 1508 742 1539; x_wconf 88' lang='lat' dir='ltr'>observandam</span> <span class='ocrx_word' id='word_1_230' title='bbox 765 1508 965 1548; x_wconf 86' lang='lat' dir='ltr'>religionem:</span> <span class='ocrx_word' id='word_1_231' title='bbox 989 1518 1056 1538; x_wconf 92' lang='lat' dir='ltr'>non</span> <span class='ocrx_word' id='word_1_232' title='bbox 1080 1507 1186 1537; x_wconf 91' lang='lat' dir='ltr'>minus</span> <span class='ocrx_word' id='word_1_233' title='bbox 1202 1517 1299 1547; x_wconf 89' lang='lat' dir='ltr'>quarn</span> <span class='ocrx_word' id='word_1_234' title='bbox 1322 1507 1429 1537; x_wconf 88' lang='lat' dir='ltr'>iurans</span> <span class='ocrx_word' id='word_1_235' title='bbox 1444 1508 1500 1539; x_wconf 88' lang='lat' dir='ltr'>ali-</span> 
     </span>
     <span class='ocr_line' id='line_1_30' title="bbox 435 1551 1500 1593; baseline 0.001 -11"><span class='ocrx_word' id='word_1_236' title='bbox 435 1552 486 1582; x_wconf 92' lang='lat' dir='ltr'>cui</span> <span class='ocrx_word' id='word_1_237' title='bbox 508 1552 648 1593; x_wconf 90' lang='lat' dir='ltr'>accipere</span> <span class='ocrx_word' id='word_1_238' title='bbox 670 1552 759 1583; x_wconf 92' lang='lat' dir='ltr'>illam</span> <span class='ocrx_word' id='word_1_239' title='bbox 780 1552 813 1582; x_wconf 92' lang='lat' dir='ltr'>in</span> <span class='ocrx_word' id='word_1_240' title='bbox 836 1562 970 1583; x_wconf 85' lang='lat' dir='ltr'>uxorem</span> <span class='ocrx_word' id='word_1_241' title='bbox 997 1558 1122 1583; x_wconf 90' lang='lat' dir='ltr'>tenetur</span> <span class='ocrx_word' id='word_1_242' title='bbox 1150 1561 1216 1581; x_wconf 90' lang='lat' dir='ltr'>non</span> <span class='ocrx_word' id='word_1_243' title='bbox 1240 1551 1345 1581; x_wconf 90' lang='lat' dir='ltr'>solum</span> <span class='ocrx_word' id='word_1_244' title='bbox 1377 1559 1500 1583; x_wconf 89' lang='lat' dir='ltr'>contra-</span> 
     </span>
     <span class='ocr_line' id='line_1_31' title="bbox 435 1595 1501 1637; baseline 0.003 -12"><span class='ocrx_word' id='word_1_245' title='bbox 435 1596 508 1626; x_wconf 89' lang='lat' dir='ltr'>here</span> <span class='ocrx_word' id='word_1_246' title='bbox 538 1607 594 1637; x_wconf 92' lang='lat' dir='ltr'>per</span> <span class='ocrx_word' id='word_1_247' title='bbox 616 1597 710 1626; x_wconf 90' lang='lat' dir='ltr'>verba</span> <span class='ocrx_word' id='word_1_248' title='bbox 740 1596 778 1626; x_wconf 94' lang='lat' dir='ltr'>de</span> <span class='ocrx_word' id='word_1_249' title='bbox 801 1596 972 1636; x_wconf 86' lang='lat' dir='ltr'>praesenti,</span> <span class='ocrx_word' id='word_1_250' title='bbox 1003 1596 1058 1626; x_wconf 91' lang='lat' dir='ltr'>sed</span> <span class='ocrx_word' id='word_1_251' title='bbox 1086 1595 1200 1626; x_wconf 89' lang='lat' dir='ltr'>habere</span> <span class='ocrx_word' id='word_1_252' title='bbox 1226 1605 1259 1625; x_wconf 91' lang='lat' dir='ltr'>se</span> <span class='ocrx_word' id='word_1_253' title='bbox 1286 1595 1325 1625; x_wconf 90' lang='lat' dir='ltr'>ad</span> <span class='ocrx_word' id='word_1_254' title='bbox 1348 1595 1435 1626; x_wconf 89' lang='lat' dir='ltr'>illam</span> <span class='ocrx_word' id='word_1_255' title='bbox 1465 1604 1501 1628; x_wconf 93' lang='lat' dir='ltr'>ut</span> 
     </span>
     <span class='ocr_line' id='line_1_32' title="bbox 435 1639 1496 1681; baseline 0.001 -11"><span class='ocrx_word' id='word_1_256' title='bbox 435 1649 578 1671; x_wconf 89' lang='lat' dir='ltr'>uxorem.</span> <span class='ocrx_word' id='word_1_257' title='bbox 609 1641 651 1671; x_wconf 90' lang='lat' dir='ltr'>Et</span> <span class='ocrx_word' id='word_1_258' title='bbox 671 1640 751 1671; x_wconf 89' lang='lat' dir='ltr'>ratio</span> <span class='ocrx_word' id='word_1_259' title='bbox 774 1641 944 1681; x_wconf 91' lang='lat' dir='ltr'>utrobique</span> <span class='ocrx_word' id='word_1_260' title='bbox 968 1647 1014 1671; x_wconf 90' lang='lat' dir='ltr'>est</span> <span class='ocrx_word' id='word_1_261' title='bbox 1037 1640 1160 1671; x_wconf 88' lang='lat' dir='ltr'>eadem:</span> <span class='ocrx_word' id='word_1_262' title='bbox 1185 1639 1261 1680; x_wconf 82' lang='lat' dir='ltr'>quia</span> <span class='ocrx_word' id='word_1_263' title='bbox 1284 1639 1401 1670; x_wconf 91' lang='lat' dir='ltr'>scilicet</span> <span class='ocrx_word' id='word_1_264' title='bbox 1423 1650 1496 1680; x_wconf 91' lang='lat' dir='ltr'>pro-</span> 
     </span>
     <span class='ocr_line' id='line_1_33' title="bbox 435 1683 1499 1723; baseline 0.001 -9"><span class='ocrx_word' id='word_1_265' title='bbox 435 1684 530 1715; x_wconf 86' lang='lat' dir='ltr'>fessio</span> <span class='ocrx_word' id='word_1_266' title='bbox 564 1691 594 1715; x_wconf 90' lang='lat' dir='ltr'>et</span> <span class='ocrx_word' id='word_1_267' title='bbox 626 1691 805 1715; x_wconf 88' lang='lat' dir='ltr'>contractus</span> <span class='ocrx_word' id='word_1_268' title='bbox 835 1684 1030 1716; x_wconf 88' lang='lat' dir='ltr'>matrimonii</span> <span class='ocrx_word' id='word_1_269' title='bbox 1059 1694 1140 1714; x_wconf 86' lang='lat' dir='ltr'>vane</span> <span class='ocrx_word' id='word_1_270' title='bbox 1174 1683 1410 1723; x_wconf 86' lang='lat' dir='ltr'>promitteretur</span> <span class='ocrx_word' id='word_1_271' title='bbox 1439 1685 1499 1715; x_wconf 91' lang='lat' dir='ltr'>nisi</span> 
     </span>
     <span class='ocr_line' id='line_1_34' title="bbox 435 1727 1499 1769; baseline 0.001 -11"><span class='ocrx_word' id='word_1_272' title='bbox 435 1735 566 1768; x_wconf 89' lang='lat' dir='ltr'>propter</span> <span class='ocrx_word' id='word_1_273' title='bbox 589 1739 685 1768; x_wconf 90' lang='lat' dir='ltr'>opera</span> <span class='ocrx_word' id='word_1_274' title='bbox 702 1728 863 1769; x_wconf 81' lang='lat' dir='ltr'>religionis</span> <span class='ocrx_word' id='word_1_275' title='bbox 886 1736 917 1759; x_wconf 91' lang='lat' dir='ltr'>et</span> <span class='ocrx_word' id='word_1_276' title='bbox 939 1728 1090 1767; x_wconf 84' lang='lat' dir='ltr'>coniugii.</span> <span class='ocrx_word' id='word_1_277' title='bbox 1113 1745 1135 1751; x_wconf 92' lang='lat'>—</span> <span class='ocrx_word' id='word_1_278' title='bbox 1158 1727 1256 1764; x_wconf 87' lang='lat' dir='ltr'>Quod</span> <span class='ocrx_word' id='word_1_279' title='bbox 1279 1737 1354 1758; x_wconf 92' lang='lat' dir='ltr'>vero</span> <span class='ocrx_word' id='word_1_280' title='bbox 1378 1728 1499 1768; x_wconf 90' lang='lat' dir='ltr'>profes-</span> 
     </span>
     <span class='ocr_line' id='line_1_35' title="bbox 436 1771 1498 1812; baseline 0 -9"><span class='ocrx_word' id='word_1_281' title='bbox 436 1772 483 1803; x_wconf 91' lang='lat' dir='ltr'>sio</span> <span class='ocrx_word' id='word_1_282' title='bbox 508 1773 548 1803; x_wconf 91' lang='lat' dir='ltr'>sit</span> <span class='ocrx_word' id='word_1_283' title='bbox 570 1773 715 1812; x_wconf 84' lang='lat' dir='ltr'>proxima</span> <span class='ocrx_word' id='word_1_284' title='bbox 737 1779 768 1803; x_wconf 92' lang='lat' dir='ltr'>et</span> <span class='ocrx_word' id='word_1_285' title='bbox 789 1772 973 1803; x_wconf 90' lang='lat' dir='ltr'>immediata</span> <span class='ocrx_word' id='word_1_286' title='bbox 995 1771 1124 1802; x_wconf 88' lang='lat' dir='ltr'>materia</span> <span class='ocrx_word' id='word_1_287' title='bbox 1147 1771 1217 1802; x_wconf 87' lang='lat' dir='ltr'>talis</span> <span class='ocrx_word' id='word_1_288' title='bbox 1241 1771 1322 1807; x_wconf 83' lang='lat' dir='ltr'>voti,</span> <span class='ocrx_word' id='word_1_289' title='bbox 1347 1778 1433 1811; x_wconf 88' lang='lat' dir='ltr'>patet</span> <span class='ocrx_word' id='word_1_290' title='bbox 1462 1783 1498 1803; x_wconf 89' lang='lat' dir='ltr'>ex</span> 
     </span>
     <span class='ocr_line' id='line_1_36' title="bbox 435 1815 1498 1857; baseline 0.001 -10"><span class='ocrx_word' id='word_1_291' title='bbox 435 1817 498 1847; x_wconf 86' lang='lat' dir='ltr'>hoc</span> <span class='ocrx_word' id='word_1_292' title='bbox 519 1818 608 1857; x_wconf 93' lang='lat' dir='ltr'>quod</span> <span class='ocrx_word' id='word_1_293' title='bbox 632 1817 755 1853; x_wconf 83' lang='lat' dir='ltr'>directe,</span> <span class='ocrx_word' id='word_1_294' title='bbox 779 1818 898 1857; x_wconf 85' lang='lat' dir='ltr'>absque</span> <span class='ocrx_word' id='word_1_295' title='bbox 922 1817 990 1847; x_wconf 89' lang='lat' dir='ltr'>ullo</span> <span class='ocrx_word' id='word_1_296' title='bbox 1013 1815 1131 1851; x_wconf 87' lang='lat' dir='ltr'>medio,</span> <span class='ocrx_word' id='word_1_297' title='bbox 1154 1816 1215 1846; x_wconf 90' lang='lat' dir='ltr'>tale</span> <span class='ocrx_word' id='word_1_298' title='bbox 1238 1822 1351 1846; x_wconf 91' lang='lat' dir='ltr'>votum</span> <span class='ocrx_word' id='word_1_299' title='bbox 1374 1816 1498 1856; x_wconf 88' lang='lat' dir='ltr'>attingit</span> 
     </span>
     <span class='ocr_line' id='line_1_37' title="bbox 435 1858 1498 1900; baseline 0.001 -10"><span class='ocrx_word' id='word_1_300' title='bbox 435 1860 547 1900; x_wconf 87' lang='lat' dir='ltr'>ipsam.</span> <span class='ocrx_word' id='word_1_301' title='bbox 572 1860 638 1898; x_wconf 92' lang='lat' dir='ltr'>Qui</span> <span class='ocrx_word' id='word_1_302' title='bbox 661 1861 746 1890; x_wconf 89' lang='lat' dir='ltr'>enim</span> <span class='ocrx_word' id='word_1_303' title='bbox 769 1861 926 1900; x_wconf 90' lang='lat' dir='ltr'>promittit</span> <span class='ocrx_word' id='word_1_304' title='bbox 949 1870 981 1890; x_wconf 91' lang='lat' dir='ltr'>se</span> <span class='ocrx_word' id='word_1_305' title='bbox 1005 1860 1190 1899; x_wconf 88' lang='lat' dir='ltr'>religiosum</span> <span class='ocrx_word' id='word_1_306' title='bbox 1213 1858 1290 1895; x_wconf 90' lang='lat' dir='ltr'>fore,</span> <span class='ocrx_word' id='word_1_307' title='bbox 1315 1860 1498 1899; x_wconf 89' lang='lat' dir='ltr'>promissio-</span> 
     </span>
     <span class='ocr_line' id='line_1_38' title="bbox 436 1903 1499 1943; baseline 0 -8"><span class='ocrx_word' id='word_1_308' title='bbox 436 1914 510 1934; x_wconf 88' lang='lat' dir='ltr'>nem</span> <span class='ocrx_word' id='word_1_309' title='bbox 526 1915 618 1935; x_wconf 91' lang='lat' dir='ltr'>suam</span> <span class='ocrx_word' id='word_1_310' title='bbox 641 1904 756 1935; x_wconf 90' lang='lat' dir='ltr'>directe</span> <span class='ocrx_word' id='word_1_311' title='bbox 779 1911 810 1935; x_wconf 87' lang='lat' dir='ltr'>et</span> <span class='ocrx_word' id='word_1_312' title='bbox 832 1904 1013 1935; x_wconf 88' lang='lat' dir='ltr'>immediate</span> <span class='ocrx_word' id='word_1_313' title='bbox 1027 1903 1164 1943; x_wconf 87' lang='lat' dir='ltr'>applicat</span> <span class='ocrx_word' id='word_1_314' title='bbox 1186 1913 1281 1942; x_wconf 90' lang='lat' dir='ltr'>super</span> <span class='ocrx_word' id='word_1_315' title='bbox 1303 1903 1499 1943; x_wconf 90' lang='lat' dir='ltr'>professione</span> 
     </span>
     <span class='ocr_line' id='line_1_39' title="bbox 434 1947 1499 1989; baseline 0.001 -11"><span class='ocrx_word' id='word_1_316' title='bbox 434 1948 586 1984; x_wconf 87' lang='lat' dir='ltr'>facienda,</span> <span class='ocrx_word' id='word_1_317' title='bbox 610 1958 674 1989; x_wconf 92' lang='lat' dir='ltr'>qua</span> <span class='ocrx_word' id='word_1_318' title='bbox 697 1948 899 1979; x_wconf 90' lang='lat' dir='ltr'>constituitur</span> <span class='ocrx_word' id='word_1_319' title='bbox 921 1948 1096 1988; x_wconf 88' lang='lat' dir='ltr'>religiosus.</span> <span class='ocrx_word' id='word_1_320' title='bbox 1121 1965 1141 1971; x_wconf 98' lang='lat'><em>-</em></span> <span class='ocrx_word' id='word_1_321' title='bbox 1165 1947 1263 1984; x_wconf 93' lang='lat' dir='ltr'>Quod</span> <span class='ocrx_word' id='word_1_322' title='bbox 1279 1954 1387 1978; x_wconf 84' lang='lat' dir='ltr'>autem</span> <span class='ocrx_word' id='word_1_323' title='bbox 1403 1958 1499 1988; x_wconf 89' lang='lat' dir='ltr'>opera</span> 
     </span>
     <span class='ocr_line' id='line_1_40' title="bbox 435 1991 1500 2033; baseline 0.002 -11"><span class='ocrx_word' id='word_1_324' title='bbox 435 1992 613 2033; x_wconf 84' lang='lat' dir='ltr'>religionis,</span> <span class='ocrx_word' id='word_1_325' title='bbox 638 1992 754 2023; x_wconf 91' lang='lat' dir='ltr'>scilicet</span> <span class='ocrx_word' id='word_1_326' title='bbox 777 1993 914 2028; x_wconf 90' lang='lat' dir='ltr'>obedire,</span> <span class='ocrx_word' id='word_1_327' title='bbox 938 1992 1108 2027; x_wconf 91' lang='lat' dir='ltr'>continere,</span> <span class='ocrx_word' id='word_1_328' title='bbox 1133 1998 1202 2028; x_wconf 72' lang='lat' dir='ltr'>etc„</span> <span class='ocrx_word' id='word_1_329' title='bbox 1226 1991 1288 2022; x_wconf 91' lang='lat' dir='ltr'>sint</span> <span class='ocrx_word' id='word_1_330' title='bbox 1311 1992 1446 2023; x_wconf 91' lang='lat' dir='ltr'>mediata</span> <span class='ocrx_word' id='word_1_331' title='bbox 1470 1999 1500 2024; x_wconf 88' lang='lat' dir='ltr'>et</span> 
     </span>
     <span class='ocr_line' id='line_1_41' title="bbox 435 2035 1500 2077; baseline 0.001 -10"><span class='ocrx_word' id='word_1_332' title='bbox 435 2044 556 2067; x_wconf 85' lang='lat' dir='ltr'>remota</span> <span class='ocrx_word' id='word_1_333' title='bbox 578 2036 708 2067; x_wconf 85' lang='lat' dir='ltr'>materia</span> <span class='ocrx_word' id='word_1_334' title='bbox 731 2036 801 2067; x_wconf 88' lang='lat' dir='ltr'>talis</span> <span class='ocrx_word' id='word_1_335' title='bbox 823 2036 905 2073; x_wconf 90' lang='lat' dir='ltr'>voti,</span> <span class='ocrx_word' id='word_1_336' title='bbox 929 2043 1015 2077; x_wconf 91' lang='lat' dir='ltr'>patet</span> <span class='ocrx_word' id='word_1_337' title='bbox 1037 2046 1074 2066; x_wconf 89' lang='lat' dir='ltr'>ex</span> <span class='ocrx_word' id='word_1_338' title='bbox 1096 2035 1158 2066; x_wconf 93' lang='lat' dir='ltr'>hoc</span> <span class='ocrx_word' id='word_1_339' title='bbox 1180 2036 1270 2076; x_wconf 91' lang='lat' dir='ltr'>quod</span> <span class='ocrx_word' id='word_1_340' title='bbox 1293 2045 1359 2066; x_wconf 92' lang='lat' dir='ltr'>non</span> <span class='ocrx_word' id='word_1_341' title='bbox 1383 2037 1500 2068; x_wconf 91' lang='lat' dir='ltr'>cadunt</span> 
     </span>
     <span class='ocr_line' id='line_1_42' title="bbox 434 2079 1500 2121; baseline 0.001 -11"><span class='ocrx_word' id='word_1_342' title='bbox 434 2081 494 2110; x_wconf 91' lang='lat' dir='ltr'>sub</span> <span class='ocrx_word' id='word_1_343' title='bbox 517 2081 570 2111; x_wconf 84' lang='lat' dir='ltr'>tali</span> <span class='ocrx_word' id='word_1_344' title='bbox 594 2087 671 2111; x_wconf 92' lang='lat' dir='ltr'>voto</span> <span class='ocrx_word' id='word_1_345' title='bbox 695 2080 754 2110; x_wconf 90' lang='lat' dir='ltr'>nisi</span> <span class='ocrx_word' id='word_1_346' title='bbox 777 2081 935 2111; x_wconf 88' lang='lat' dir='ltr'>mediante</span> <span class='ocrx_word' id='word_1_347' title='bbox 958 2079 1165 2120; x_wconf 90' lang='lat' dir='ltr'>professione,</span> <span class='ocrx_word' id='word_1_348' title='bbox 1189 2079 1279 2110; x_wconf 90' lang='lat' dir='ltr'>cuius</span> <span class='ocrx_word' id='word_1_349' title='bbox 1302 2079 1380 2111; x_wconf 88' lang='lat' dir='ltr'>haec</span> <span class='ocrx_word' id='word_1_350' title='bbox 1403 2090 1500 2121; x_wconf 89' lang='lat' dir='ltr'>opera</span> 
     </span>
     <span class='ocr_line' id='line_1_43' title="bbox 434 2123 1498 2165; baseline 0.002 -11"><span class='ocrx_word' id='word_1_351' title='bbox 434 2131 508 2155; x_wconf 89' lang='lat' dir='ltr'>sunt</span> <span class='ocrx_word' id='word_1_352' title='bbox 531 2125 669 2155; x_wconf 87' lang='lat' dir='ltr'>materia.</span> <span class='ocrx_word' id='word_1_353' title='bbox 701 2124 788 2155; x_wconf 86' lang='lat' dir='ltr'>Sicut</span> <span class='ocrx_word' id='word_1_354' title='bbox 811 2125 866 2165; x_wconf 89' lang='lat' dir='ltr'>qui</span> <span class='ocrx_word' id='word_1_355' title='bbox 889 2131 985 2155; x_wconf 89' lang='lat' dir='ltr'>vovet</span> <span class='ocrx_word' id='word_1_356' title='bbox 1014 2124 1172 2164; x_wconf 88' lang='lat' dir='ltr'>suscipere</span> <span class='ocrx_word' id='word_1_357' title='bbox 1202 2123 1347 2154; x_wconf 90' lang='lat' dir='ltr'>ordinem</span> <span class='ocrx_word' id='word_1_358' title='bbox 1374 2134 1498 2156; x_wconf 90' lang='lat' dir='ltr'>sacrum</span> 
     </span>
     <span class='ocr_line' id='line_1_44' title="bbox 434 2167 1499 2209; baseline 0.001 -10"><span class='ocrx_word' id='word_1_359' title='bbox 434 2168 467 2199; x_wconf 91' lang='lat' dir='ltr'>in</span> <span class='ocrx_word' id='word_1_360' title='bbox 483 2169 611 2199; x_wconf 90' lang='lat' dir='ltr'>ecclesia</span> <span class='ocrx_word' id='word_1_361' title='bbox 631 2167 817 2199; x_wconf 88' lang='lat' dir='ltr'>occidentali</span> <span class='ocrx_word' id='word_1_362' title='bbox 842 2169 936 2200; x_wconf 90' lang='lat' dir='ltr'>habet</span> <span class='ocrx_word' id='word_1_363' title='bbox 958 2178 1017 2209; x_wconf 90' lang='lat' dir='ltr'>pro</span> <span class='ocrx_word' id='word_1_364' title='bbox 1033 2168 1163 2198; x_wconf 90' lang='lat' dir='ltr'>materia</span> <span class='ocrx_word' id='word_1_365' title='bbox 1179 2167 1322 2208; x_wconf 90' lang='lat' dir='ltr'>proxima</span> <span class='ocrx_word' id='word_1_366' title='bbox 1341 2168 1499 2209; x_wconf 86' lang='lat' dir='ltr'>suscipere</span> 
     </span>
     <span class='ocr_line' id='line_1_45' title="bbox 434 2212 1498 2252; baseline 0.001 -9"><span class='ocrx_word' id='word_1_367' title='bbox 434 2213 579 2243; x_wconf 86' lang='lat' dir='ltr'>ordinem</span> <span class='ocrx_word' id='word_1_368' title='bbox 604 2219 634 2243; x_wconf 92' lang='lat' dir='ltr'>et</span> <span class='ocrx_word' id='word_1_369' title='bbox 657 2212 795 2252; x_wconf 88' lang='lat' dir='ltr'>obligare</span> <span class='ocrx_word' id='word_1_370' title='bbox 818 2223 850 2243; x_wconf 89' lang='lat' dir='ltr'>se</span> <span class='ocrx_word' id='word_1_371' title='bbox 874 2213 914 2243; x_wconf 90' lang='lat' dir='ltr'>ad</span> <span class='ocrx_word' id='word_1_372' title='bbox 937 2212 1178 2243; x_wconf 86' lang='lat' dir='ltr'>continentiam:</span> <span class='ocrx_word' id='word_1_373' title='bbox 1203 2221 1262 2252; x_wconf 92' lang='lat' dir='ltr'>pro</span> <span class='ocrx_word' id='word_1_374' title='bbox 1279 2212 1408 2243; x_wconf 87' lang='lat' dir='ltr'>materia</span> <span class='ocrx_word' id='word_1_375' title='bbox 1422 2223 1498 2244; x_wconf 89' lang='lat' dir='ltr'>vero</span> 
     </span>
     <span class='ocr_line' id='line_1_46' title="bbox 435 2257 1498 2297; baseline 0.001 -10"><span class='ocrx_word' id='word_1_376' title='bbox 435 2264 556 2287; x_wconf 89' lang='lat' dir='ltr'>remota</span> <span class='ocrx_word' id='word_1_377' title='bbox 578 2257 672 2287; x_wconf 91' lang='lat' dir='ltr'>habet</span> <span class='ocrx_word' id='word_1_378' title='bbox 693 2257 797 2296; x_wconf 86' lang='lat' dir='ltr'>ipsam</span> <span class='ocrx_word' id='word_1_379' title='bbox 827 2257 1070 2293; x_wconf 90' lang='lat' dir='ltr'>continentiam,</span> <span class='ocrx_word' id='word_1_380' title='bbox 1094 2266 1176 2297; x_wconf 90' lang='lat' dir='ltr'>quae</span> <span class='ocrx_word' id='word_1_381' title='bbox 1205 2263 1252 2287; x_wconf 90' lang='lat' dir='ltr'>est</span> <span class='ocrx_word' id='word_1_382' title='bbox 1281 2257 1410 2287; x_wconf 88' lang='lat' dir='ltr'>materia</span> <span class='ocrx_word' id='word_1_383' title='bbox 1432 2258 1498 2288; x_wconf 89' lang='lat' dir='ltr'>voti</span> 
     </span>
     <span class='ocr_line' id='line_1_47' title="bbox 435 2300 1467 2341; baseline 0 -10"><span class='ocrx_word' id='word_1_384' title='bbox 435 2311 516 2341; x_wconf 88' lang='lat' dir='ltr'>quae</span> <span class='ocrx_word' id='word_1_385' title='bbox 539 2301 572 2331; x_wconf 91' lang='lat' dir='ltr'>in</span> <span class='ocrx_word' id='word_1_386' title='bbox 595 2300 796 2340; x_wconf 89' lang='lat' dir='ltr'>susceptione</span> <span class='ocrx_word' id='word_1_387' title='bbox 818 2301 938 2332; x_wconf 90' lang='lat' dir='ltr'>ordinis</span> <span class='ocrx_word' id='word_1_388' title='bbox 961 2301 1039 2332; x_wconf 78' lang='lat' dir='ltr'>sacri</span> <span class='ocrx_word' id='word_1_389' title='bbox 1062 2300 1225 2331; x_wconf 89' lang='lat' dir='ltr'>emittitur.</span> <span class='ocrx_word' id='word_1_390' title='bbox 1458 2308 1467 2319; x_wconf 64' lang='lat'>²</span> 
     </span>
     <span class='ocr_line' id='line_1_48' title="bbox 437 2344 1500 2376; baseline 0.001 -1"><span class='ocrx_word' id='word_1_391' title='bbox 437 2359 450 2363; x_wconf 98' lang='lat'>-</span> <span class='ocrx_word' id='word_1_392' title='bbox 491 2345 622 2375; x_wconf 90' lang='lat' dir='ltr'>Duabus</span> <span class='ocrx_word' id='word_1_393' title='bbox 653 2351 759 2375; x_wconf 89' lang='lat' dir='ltr'>autem</span> <span class='ocrx_word' id='word_1_394' title='bbox 786 2346 856 2376; x_wconf 88' lang='lat' dir='ltr'>talis</span> <span class='ocrx_word' id='word_1_395' title='bbox 883 2345 951 2376; x_wconf 91' lang='lat' dir='ltr'>voti</span> <span class='ocrx_word' id='word_1_396' title='bbox 980 2345 1184 2376; x_wconf 87' lang='lat' dir='ltr'>existentibus</span> <span class='ocrx_word' id='word_1_397' title='bbox 1207 2344 1344 2375; x_wconf 88' lang='lat' dir='ltr'>materiis</span> <span class='ocrx_word' id='word_1_398' title='bbox 1372 2345 1500 2376; x_wconf 90' lang='lat' dir='ltr'>diversi-</span> 
     </span>
     <span class='ocr_line' id='line_1_49' title="bbox 437 2388 1498 2429; baseline 0.001 -10"><span class='ocrx_word' id='word_1_399' title='bbox 437 2389 543 2425; x_wconf 85' lang='lat' dir='ltr'>mode,</span> <span class='ocrx_word' id='word_1_400' title='bbox 567 2389 611 2419; x_wconf 90' lang='lat' dir='ltr'>sic</span> <span class='ocrx_word' id='word_1_401' title='bbox 634 2389 722 2429; x_wconf 92' lang='lat' dir='ltr'>quod</span> <span class='ocrx_word' id='word_1_402' title='bbox 746 2399 808 2419; x_wconf 92' lang='lat' dir='ltr'>una</span> <span class='ocrx_word' id='word_1_403' title='bbox 825 2400 890 2420; x_wconf 90' lang='lat' dir='ltr'>non</span> <span class='ocrx_word' id='word_1_404' title='bbox 907 2389 965 2419; x_wconf 92' lang='lat' dir='ltr'>nisi</span> <span class='ocrx_word' id='word_1_405' title='bbox 983 2389 1140 2419; x_wconf 83' lang='lat' dir='ltr'>mediante</span> <span class='ocrx_word' id='word_1_406' title='bbox 1156 2388 1218 2418; x_wconf 90' lang='lat' dir='ltr'>alia</span> <span class='ocrx_word' id='word_1_407' title='bbox 1239 2389 1320 2419; x_wconf 89' lang='lat' dir='ltr'>cadit</span> <span class='ocrx_word' id='word_1_408' title='bbox 1336 2390 1395 2419; x_wconf 91' lang='lat' dir='ltr'>sub</span> <span class='ocrx_word' id='word_1_409' title='bbox 1411 2397 1498 2427; x_wconf 93' lang='lat' dir='ltr'>voto,</span> 
     </span>
     <span class='ocr_line' id='line_1_50' title="bbox 435 2433 1498 2474; baseline 0 -10"><span class='ocrx_word' id='word_1_410' title='bbox 435 2443 634 2474; x_wconf 89' lang='lat' dir='ltr'>consequens</span> <span class='ocrx_word' id='word_1_411' title='bbox 651 2439 696 2462; x_wconf 92' lang='lat' dir='ltr'>est</span> <span class='ocrx_word' id='word_1_412' title='bbox 718 2434 806 2473; x_wconf 93' lang='lat' dir='ltr'>quod</span> <span class='ocrx_word' id='word_1_413' title='bbox 830 2433 1013 2463; x_wconf 88' lang='lat' dir='ltr'>secundaria</span> <span class='ocrx_word' id='word_1_414' title='bbox 1033 2441 1183 2473; x_wconf 89' lang='lat' dir='ltr'>sequatur</span> <span class='ocrx_word' id='word_1_415' title='bbox 1199 2439 1344 2463; x_wconf 93' lang='lat' dir='ltr'>naturam</span> <span class='ocrx_word' id='word_1_416' title='bbox 1367 2433 1498 2473; x_wconf 89' lang='lat' dir='ltr'>primae,</span> 
     </span>
     <span class='ocr_line' id='line_1_51' title="bbox 435 2476 1499 2517; baseline 0.001 -10"><span class='ocrx_word' id='word_1_417' title='bbox 435 2477 571 2508; x_wconf 90' lang='lat' dir='ltr'>mediata</span> <span class='ocrx_word' id='word_1_418' title='bbox 590 2483 734 2507; x_wconf 89' lang='lat' dir='ltr'>naturam</span> <span class='ocrx_word' id='word_1_419' title='bbox 749 2477 958 2513; x_wconf 86' lang='lat' dir='ltr'>immediatae,</span> <span class='ocrx_word' id='word_1_420' title='bbox 983 2478 1090 2517; x_wconf 88' lang='lat' dir='ltr'>quoad</span> <span class='ocrx_word' id='word_1_421' title='bbox 1114 2476 1341 2516; x_wconf 88' lang='lat' dir='ltr'>obligationem</span> <span class='ocrx_word' id='word_1_422' title='bbox 1364 2483 1395 2508; x_wconf 91' lang='lat' dir='ltr'>et</span> <span class='ocrx_word' id='word_1_423' title='bbox 1419 2487 1499 2508; x_wconf 88' lang='lat' dir='ltr'>non-</span> 
     </span>
     <span class='ocr_line' id='line_1_52' title="bbox 436 2520 1497 2561; baseline 0.001 -10"><span class='ocrx_word' id='word_1_424' title='bbox 436 2521 675 2561; x_wconf 88' lang='lat' dir='ltr'>obligationem.</span> <span class='ocrx_word' id='word_1_425' title='bbox 706 2520 789 2557; x_wconf 90' lang='lat' dir='ltr'>Quia</span> <span class='ocrx_word' id='word_1_426' title='bbox 817 2531 891 2551; x_wconf 89' lang='lat' dir='ltr'>curn</span> <span class='ocrx_word' id='word_1_427' title='bbox 914 2528 1027 2551; x_wconf 91' lang='lat' dir='ltr'>votum</span> <span class='ocrx_word' id='word_1_428' title='bbox 1054 2521 1161 2561; x_wconf 92' lang='lat' dir='ltr'>ipsum</span> <span class='ocrx_word' id='word_1_429' title='bbox 1189 2520 1413 2560; x_wconf 88' lang='lat' dir='ltr'>obligatorium</span> <span class='ocrx_word' id='word_1_430' title='bbox 1440 2522 1497 2559; x_wconf 92' lang='lat' dir='ltr'>sit,</span> 
     </span>
     <span class='ocr_line' id='line_1_53' title="bbox 436 2564 1498 2606; baseline 0.001 -11"><span class='ocrx_word' id='word_1_431' title='bbox 436 2565 551 2596; x_wconf 88' lang='lat' dir='ltr'>eodem</span> <span class='ocrx_word' id='word_1_432' title='bbox 574 2565 673 2595; x_wconf 92' lang='lat' dir='ltr'>modo</span> <span class='ocrx_word' id='word_1_433' title='bbox 701 2564 829 2595; x_wconf 90' lang='lat' dir='ltr'>materia</span> <span class='ocrx_word' id='word_1_434' title='bbox 852 2565 917 2596; x_wconf 92' lang='lat' dir='ltr'>voti</span> <span class='ocrx_word' id='word_1_435' title='bbox 946 2564 1078 2595; x_wconf 90' lang='lat' dir='ltr'>refertur</span> <span class='ocrx_word' id='word_1_436' title='bbox 1105 2565 1144 2595; x_wconf 89' lang='lat' dir='ltr'>ad</span> <span class='ocrx_word' id='word_1_437' title='bbox 1175 2564 1402 2604; x_wconf 87' lang='lat' dir='ltr'>obligationem</span> <span class='ocrx_word' id='word_1_438' title='bbox 1432 2575 1498 2606; x_wconf 92' lang='lat' dir='ltr'>quo</span> 
     </span>
     <span class='ocr_line' id='line_1_54' title="bbox 436 2608 1499 2648; baseline 0.001 -9"><span class='ocrx_word' id='word_1_439' title='bbox 436 2609 567 2639; x_wconf 90' lang='lat' dir='ltr'>refertur</span> <span class='ocrx_word' id='word_1_440' title='bbox 589 2609 628 2639; x_wconf 91' lang='lat' dir='ltr'>ad</span> <span class='ocrx_word' id='word_1_441' title='bbox 653 2615 773 2640; x_wconf 89' lang='lat' dir='ltr'>votum.</span> <span class='ocrx_word' id='word_1_442' title='bbox 799 2609 897 2646; x_wconf 94' lang='lat' dir='ltr'>Quod</span> <span class='ocrx_word' id='word_1_443' title='bbox 919 2609 1015 2648; x_wconf 85' lang='lat' dir='ltr'>igitur</span> <span class='ocrx_word' id='word_1_444' title='bbox 1038 2619 1103 2638; x_wconf 94' lang='lat' dir='ltr'>non</span> <span class='ocrx_word' id='word_1_445' title='bbox 1119 2608 1178 2638; x_wconf 91' lang='lat' dir='ltr'>nisi</span> <span class='ocrx_word' id='word_1_446' title='bbox 1199 2608 1356 2639; x_wconf 89' lang='lat' dir='ltr'>mediante</span> <span class='ocrx_word' id='word_1_447' title='bbox 1370 2608 1432 2640; x_wconf 89' lang='lat' dir='ltr'>alio</span> <span class='ocrx_word' id='word_1_448' title='bbox 1453 2616 1499 2641; x_wconf 93' lang='lat' dir='ltr'>est</span> 
     </span>
     <span class='ocr_line' id='line_1_55' title="bbox 436 2652 1499 2689; baseline 0.001 -6"><span class='ocrx_word' id='word_1_449' title='bbox 436 2653 566 2683; x_wconf 88' lang='lat' dir='ltr'>materia</span> <span class='ocrx_word' id='word_1_450' title='bbox 588 2653 670 2689; x_wconf 88' lang='lat' dir='ltr'>voti,</span> <span class='ocrx_word' id='word_1_451' title='bbox 694 2653 774 2683; x_wconf 92' lang='lat' dir='ltr'>illud</span> <span class='ocrx_word' id='word_1_452' title='bbox 797 2663 862 2683; x_wconf 90' lang='lat' dir='ltr'>non</span> <span class='ocrx_word' id='word_1_453' title='bbox 889 2652 948 2683; x_wconf 91' lang='lat' dir='ltr'>nisi</span> <span class='ocrx_word' id='word_1_454' title='bbox 977 2652 1135 2683; x_wconf 91' lang='lat' dir='ltr'>mediante</span> <span class='ocrx_word' id='word_1_455' title='bbox 1158 2652 1272 2682; x_wconf 90' lang='lat' dir='ltr'>eodem</span> <span class='ocrx_word' id='word_1_456' title='bbox 1296 2659 1342 2683; x_wconf 92' lang='lat' dir='ltr'>est</span> <span class='ocrx_word' id='word_1_457' title='bbox 1369 2654 1499 2684; x_wconf 88' lang='lat' dir='ltr'>materia</span> 
     </span>
     <span class='ocr_line' id='line_1_56' title="bbox 436 2696 1499 2737; baseline 0.001 -10"><span class='ocrx_word' id='word_1_458' title='bbox 436 2697 648 2737; x_wconf 88' lang='lat' dir='ltr'>obligationis.</span> <span class='ocrx_word' id='word_1_459' title='bbox 679 2699 726 2726; x_wconf 89' lang='lat' dir='ltr'>Ac</span> <span class='ocrx_word' id='word_1_460' title='bbox 757 2707 811 2737; x_wconf 89' lang='lat' dir='ltr'>per</span> <span class='ocrx_word' id='word_1_461' title='bbox 839 2696 917 2733; x_wconf 93' lang='lat' dir='ltr'>hoc,</span> <span class='ocrx_word' id='word_1_462' title='bbox 943 2706 1017 2727; x_wconf 91' lang='lat' dir='ltr'>cum</span> <span class='ocrx_word' id='word_1_463' title='bbox 1044 2706 1141 2736; x_wconf 87' lang='lat' dir='ltr'>opera</span> <span class='ocrx_word' id='word_1_464' title='bbox 1163 2696 1374 2732; x_wconf 84' lang='lat' dir='ltr'>obedientiae,</span> <span class='ocrx_word' id='word_1_465' title='bbox 1400 2698 1499 2728; x_wconf 89' lang='lat' dir='ltr'>conti-</span> 
     </span>
     <span class='ocr_line' id='line_1_57' title="bbox 436 2740 1498 2781; baseline 0.001 -10"><span class='ocrx_word' id='word_1_466' title='bbox 436 2741 558 2772; x_wconf 89' lang='lat' dir='ltr'>nentiae</span> <span class='ocrx_word' id='word_1_467' title='bbox 589 2747 619 2771; x_wconf 92' lang='lat' dir='ltr'>et</span> <span class='ocrx_word' id='word_1_468' title='bbox 648 2740 853 2771; x_wconf 87' lang='lat' dir='ltr'>abdicationis</span> <span class='ocrx_word' id='word_1_469' title='bbox 884 2740 1082 2781; x_wconf 86' lang='lat' dir='ltr'>proprietatis</span> <span class='ocrx_word' id='word_1_470' title='bbox 1112 2750 1217 2771; x_wconf 92' lang='lat' dir='ltr'>rerum</span> <span class='ocrx_word' id='word_1_471' title='bbox 1248 2750 1314 2770; x_wconf 89' lang='lat' dir='ltr'>non</span> <span class='ocrx_word' id='word_1_472' title='bbox 1342 2741 1402 2771; x_wconf 89' lang='lat' dir='ltr'>nisi</span> <span class='ocrx_word' id='word_1_473' title='bbox 1431 2751 1498 2772; x_wconf 92' lang='lat' dir='ltr'>me-</span> 
     </span>
     <span class='ocr_line' id='line_1_58' title="bbox 437 2784 1498 2825; baseline 0.001 -10"><span class='ocrx_word' id='word_1_474' title='bbox 437 2785 540 2815; x_wconf 90' lang='lat' dir='ltr'>diante</span> <span class='ocrx_word' id='word_1_475' title='bbox 557 2785 752 2825; x_wconf 86' lang='lat' dir='ltr'>professione</span> <span class='ocrx_word' id='word_1_476' title='bbox 769 2785 885 2815; x_wconf 87' lang='lat' dir='ltr'>cadunt</span> <span class='ocrx_word' id='word_1_477' title='bbox 904 2785 962 2815; x_wconf 92' lang='lat' dir='ltr'>sub</span> <span class='ocrx_word' id='word_1_478' title='bbox 978 2784 1112 2824; x_wconf 91' lang='lat' dir='ltr'>simplici</span> <span class='ocrx_word' id='word_1_479' title='bbox 1128 2792 1204 2815; x_wconf 92' lang='lat' dir='ltr'>voto</span> <span class='ocrx_word' id='word_1_480' title='bbox 1221 2784 1390 2823; x_wconf 84' lang='lat' dir='ltr'>religionis,</span> <span class='ocrx_word' id='word_1_481' title='bbox 1403 2795 1498 2825; x_wconf 89' lang='lat' dir='ltr'>opor—</span> 
     </span>
     <span class='ocr_line' id='line_1_59' title="bbox 436 2828 1498 2869; baseline 0.001 -9"><span class='ocrx_word' id='word_1_482' title='bbox 436 2836 479 2860; x_wconf 89' lang='lat' dir='ltr'>tet</span> <span class='ocrx_word' id='word_1_483' title='bbox 498 2836 533 2860; x_wconf 94' lang='lat' dir='ltr'>ut</span> <span class='ocrx_word' id='word_1_484' title='bbox 549 2839 614 2859; x_wconf 91' lang='lat' dir='ltr'>non</span> <span class='ocrx_word' id='word_1_485' title='bbox 630 2829 689 2859; x_wconf 92' lang='lat' dir='ltr'>nisi</span> <span class='ocrx_word' id='word_1_486' title='bbox 705 2829 864 2859; x_wconf 87' lang='lat' dir='ltr'>mediante</span> <span class='ocrx_word' id='word_1_487' title='bbox 882 2828 1079 2869; x_wconf 86' lang='lat' dir='ltr'>professione</span> <span class='ocrx_word' id='word_1_488' title='bbox 1096 2829 1208 2859; x_wconf 90' lang='lat' dir='ltr'>cadant</span> <span class='ocrx_word' id='word_1_489' title='bbox 1226 2829 1285 2859; x_wconf 93' lang='lat' dir='ltr'>sub</span> <span class='ocrx_word' id='word_1_490' title='bbox 1304 2829 1498 2869; x_wconf 84' lang='lat' dir='ltr'>obligatione</span> 
     </span>
     <span class='ocr_line' id='line_1_60' title="bbox 435 2872 1499 2914; baseline 0.001 -11"><span class='ocrx_word' id='word_1_491' title='bbox 435 2873 509 2904; x_wconf 90' lang='lat' dir='ltr'>dicti</span> <span class='ocrx_word' id='word_1_492' title='bbox 533 2873 598 2903; x_wconf 87' lang='lat' dir='ltr'>voti</span> <span class='ocrx_word' id='word_1_493' title='bbox 625 2873 785 2913; x_wconf 90' lang='lat' dir='ltr'>simplicis.</span> <span class='ocrx_word' id='word_1_494' title='bbox 817 2873 857 2903; x_wconf 90' lang='lat' dir='ltr'>Et</span> <span class='ocrx_word' id='word_1_495' title='bbox 886 2883 922 2903; x_wconf 89' lang='lat' dir='ltr'>ex</span> <span class='ocrx_word' id='word_1_496' title='bbox 952 2873 1014 2903; x_wconf 91' lang='lat' dir='ltr'>hoc</span> <span class='ocrx_word' id='word_1_497' title='bbox 1043 2872 1208 2904; x_wconf 87' lang='lat' dir='ltr'>manifeste</span> <span class='ocrx_word' id='word_1_498' title='bbox 1238 2872 1380 2913; x_wconf 85' lang='lat' dir='ltr'>sequitur</span> <span class='ocrx_word' id='word_1_499' title='bbox 1409 2875 1499 2914; x_wconf 89' lang='lat' dir='ltr'>quod</span> 
     </span>
     <span class='ocr_line' id='line_1_61' title="bbox 436 2916 1498 2958; baseline 0.001 -11"><span class='ocrx_word' id='word_1_500' title='bbox 436 2916 592 2958; x_wconf 90' lang='lat' dir='ltr'>quidquid</span> <span class='ocrx_word' id='word_1_501' title='bbox 616 2923 741 2947; x_wconf 88' lang='lat' dir='ltr'>excusat</span> <span class='ocrx_word' id='word_1_502' title='bbox 765 2927 782 2947; x_wconf 86' lang='lat' dir='ltr'>a</span> <span class='ocrx_word' id='word_1_503' title='bbox 805 2916 1018 2956; x_wconf 88' lang='lat' dir='ltr'>professione,</span> <span class='ocrx_word' id='word_1_504' title='bbox 1043 2923 1168 2947; x_wconf 84' lang='lat' dir='ltr'>excuset</span> <span class='ocrx_word' id='word_1_505' title='bbox 1191 2927 1209 2946; x_wconf 88' lang='lat' dir='ltr'>a</span> <span class='ocrx_word' id='word_1_506' title='bbox 1232 2917 1498 2958; x_wconf 88' lang='lat' dir='ltr'>consequentibus</span> 
     </span>
     <span class='ocr_line' id='line_1_62' title="bbox 437 2960 1498 3002; baseline 0.002 -12"><span class='ocrx_word' id='word_1_507' title='bbox 437 2971 491 2991; x_wconf 90' lang='lat' dir='ltr'>seu</span> <span class='ocrx_word' id='word_1_508' title='bbox 516 2960 738 2991; x_wconf 88' lang='lat' dir='ltr'>comitantibus</span> <span class='ocrx_word' id='word_1_509' title='bbox 753 2961 887 2991; x_wconf 90' lang='lat' dir='ltr'>vinculis</span> <span class='ocrx_word' id='word_1_510' title='bbox 907 2967 936 2991; x_wconf 91' lang='lat' dir='ltr'>et</span> <span class='ocrx_word' id='word_1_511' title='bbox 955 2961 1113 3001; x_wconf 90' lang='lat' dir='ltr'>operibus.</span> <span class='ocrx_word' id='word_1_512' title='bbox 1138 2963 1185 2991; x_wconf 89' lang='lat' dir='ltr'>Ac</span> <span class='ocrx_word' id='word_1_513' title='bbox 1207 2970 1263 3001; x_wconf 90' lang='lat' dir='ltr'>per</span> <span class='ocrx_word' id='word_1_514' title='bbox 1286 2961 1357 2997; x_wconf 92' lang='lat' dir='ltr'>hoc,</span> <span class='ocrx_word' id='word_1_515' title='bbox 1382 2961 1407 2991; x_wconf 90' lang='lat' dir='ltr'>si</span> <span class='ocrx_word' id='word_1_516' title='bbox 1426 2962 1498 3002; x_wconf 90' lang='lat' dir='ltr'>quis</span> 
     </span>
     <span class='ocr_line' id='line_1_63' title="bbox 436 3002 1498 3045; baseline 0.002 -11"><span class='ocrx_word' id='word_1_517' title='bbox 436 3004 523 3034; x_wconf 91' lang='lat' dir='ltr'>vovit</span> <span class='ocrx_word' id='word_1_518' title='bbox 546 3014 612 3034; x_wconf 92' lang='lat' dir='ltr'>non</span> <span class='ocrx_word' id='word_1_519' title='bbox 635 3002 742 3035; x_wconf 92' lang='lat' dir='ltr'>solum</span> <span class='ocrx_word' id='word_1_520' title='bbox 764 3005 940 3044; x_wconf 91' lang='lat' dir='ltr'>ingressum</span> <span class='ocrx_word' id='word_1_521' title='bbox 964 3004 1136 3044; x_wconf 87' lang='lat' dir='ltr'>religionis,</span> <span class='ocrx_word' id='word_1_522' title='bbox 1161 3005 1216 3034; x_wconf 93' lang='lat' dir='ltr'>sed</span> <span class='ocrx_word' id='word_1_523' title='bbox 1239 3004 1334 3035; x_wconf 89' lang='lat' dir='ltr'>etiam</span> <span class='ocrx_word' id='word_1_524' title='bbox 1356 3015 1498 3045; x_wconf 87' lang='lat' dir='ltr'>perseve-</span> 
     </span>
     <span class='ocr_line' id='line_1_64' title="bbox 437 3048 1498 3088; baseline 0.002 -10"><span class='ocrx_word' id='word_1_525' title='bbox 437 3058 513 3084; x_wconf 91' lang='lat' dir='ltr'>rare,</span> <span class='ocrx_word' id='word_1_526' title='bbox 531 3058 597 3084; x_wconf 88' lang='lat' dir='ltr'>seu,</span> <span class='ocrx_word' id='word_1_527' title='bbox 612 3049 700 3088; x_wconf 94' lang='lat' dir='ltr'>quod</span> <span class='ocrx_word' id='word_1_528' title='bbox 715 3048 800 3078; x_wconf 91' lang='lat' dir='ltr'>idem</span> <span class='ocrx_word' id='word_1_529' title='bbox 817 3055 871 3084; x_wconf 91' lang='lat' dir='ltr'>est,</span> <span class='ocrx_word' id='word_1_530' title='bbox 896 3048 1045 3088; x_wconf 87' lang='lat' dir='ltr'>profiteri,</span> <span class='ocrx_word' id='word_1_531' title='bbox 1066 3055 1096 3079; x_wconf 90' lang='lat' dir='ltr'>et</span> <span class='ocrx_word' id='word_1_532' title='bbox 1118 3049 1327 3088; x_wconf 89' lang='lat' dir='ltr'>postmodum</span> <span class='ocrx_word' id='word_1_533' title='bbox 1352 3059 1498 3080; x_wconf 90' lang='lat' dir='ltr'>consum—</span> 
     </span>
     <span class='ocr_line' id='line_1_65' title="bbox 436 3091 1497 3133; baseline 0.002 -11"><span class='ocrx_word' id='word_1_534' title='bbox 436 3092 534 3122; x_wconf 90' lang='lat' dir='ltr'>mavit</span> <span class='ocrx_word' id='word_1_535' title='bbox 557 3091 805 3127; x_wconf 90' lang='lat' dir='ltr'>matrimonium,</span> <span class='ocrx_word' id='word_1_536' title='bbox 825 3102 890 3122; x_wconf 90' lang='lat' dir='ltr'>non</span> <span class='ocrx_word' id='word_1_537' title='bbox 915 3099 1038 3124; x_wconf 89' lang='lat' dir='ltr'>tenetur</span> <span class='ocrx_word' id='word_1_538' title='bbox 1054 3093 1093 3123; x_wconf 91' lang='lat' dir='ltr'>ad</span> <span class='ocrx_word' id='word_1_539' title='bbox 1107 3099 1182 3123; x_wconf 92' lang='lat' dir='ltr'>vota</span> <span class='ocrx_word' id='word_1_540' title='bbox 1195 3092 1402 3129; x_wconf 81' lang='lat' dir='ltr'>obedientiae,</span> <span class='ocrx_word' id='word_1_541' title='bbox 1419 3104 1497 3133; x_wconf 87' lang='lat' dir='ltr'>pau-</span> 
     </span>
     <span class='ocr_line' id='line_1_66' title="bbox 437 3135 1497 3177; baseline 0.002 -11"><span class='ocrx_word' id='word_1_542' title='bbox 437 3135 581 3176; x_wconf 89' lang='lat' dir='ltr'>pertatis,</span> <span class='ocrx_word' id='word_1_543' title='bbox 608 3135 773 3172; x_wconf 88' lang='lat' dir='ltr'>castitatis,</span> <span class='ocrx_word' id='word_1_544' title='bbox 798 3142 828 3166; x_wconf 91' lang='lat' dir='ltr'>et</span> <span class='ocrx_word' id='word_1_545' title='bbox 857 3135 978 3176; x_wconf 86' lang='lat' dir='ltr'>reliqua</span> <span class='ocrx_word' id='word_1_546' title='bbox 1005 3136 1266 3172; x_wconf 83' lang='lat' dir='ltr'>concomitantia,</span> <span class='ocrx_word' id='word_1_547' title='bbox 1295 3137 1436 3177; x_wconf 88' lang='lat' dir='ltr'>quandiu</span> <span class='ocrx_word' id='word_1_548' title='bbox 1463 3137 1497 3168; x_wconf 89' lang='lat' dir='ltr'>in</span> 
     </span>
     <span class='ocr_line' id='line_1_67' title="bbox 437 3179 1498 3220; baseline 0.002 -10"><span class='ocrx_word' id='word_1_549' title='bbox 437 3186 519 3211; x_wconf 85' lang='lat' dir='ltr'>statu</span> <span class='ocrx_word' id='word_1_550' title='bbox 543 3180 603 3211; x_wconf 93' lang='lat' dir='ltr'>isto</span> <span class='ocrx_word' id='word_1_551' title='bbox 628 3187 690 3210; x_wconf 88' lang='lat' dir='ltr'>est:</span> <span class='ocrx_word' id='word_1_552' title='bbox 724 3179 877 3220; x_wconf 91' lang='lat' dir='ltr'>quoniam</span> <span class='ocrx_word' id='word_1_553' title='bbox 907 3189 943 3209; x_wconf 87' lang='lat' dir='ltr'>ex</span> <span class='ocrx_word' id='word_1_554' title='bbox 967 3189 1033 3220; x_wconf 93' lang='lat' dir='ltr'>quo</span> <span class='ocrx_word' id='word_1_555' title='bbox 1063 3186 1227 3210; x_wconf 88' lang='lat' dir='ltr'>excusatur</span> <span class='ocrx_word' id='word_1_556' title='bbox 1253 3190 1271 3210; x_wconf 86' lang='lat' dir='ltr'>a</span> <span class='ocrx_word' id='word_1_557' title='bbox 1294 3180 1437 3220; x_wconf 89' lang='lat' dir='ltr'>proxima</span> <span class='ocrx_word' id='word_1_558' title='bbox 1467 3188 1498 3212; x_wconf 89' lang='lat' dir='ltr'>et</span> 
     </span>
     <span class='ocr_line' id='line_1_68' title="bbox 437 3223 1496 3265; baseline 0.001 -11"><span class='ocrx_word' id='word_1_559' title='bbox 437 3224 618 3255; x_wconf 88' lang='lat' dir='ltr'>immediata</span> <span class='ocrx_word' id='word_1_560' title='bbox 634 3223 762 3255; x_wconf 87' lang='lat' dir='ltr'>materia</span> <span class='ocrx_word' id='word_1_561' title='bbox 776 3223 853 3260; x_wconf 89' lang='lat' dir='ltr'>voti,</span> <span class='ocrx_word' id='word_1_562' title='bbox 870 3223 986 3254; x_wconf 91' lang='lat' dir='ltr'>scilicet</span> <span class='ocrx_word' id='word_1_563' title='bbox 1009 3223 1214 3263; x_wconf 87' lang='lat' dir='ltr'>professione,</span> <span class='ocrx_word' id='word_1_564' title='bbox 1232 3230 1397 3255; x_wconf 89' lang='lat' dir='ltr'>excusatur</span> <span class='ocrx_word' id='word_1_565' title='bbox 1415 3234 1496 3265; x_wconf 91' lang='lat' dir='ltr'>quo-</span> 
     </span>
     <span class='ocr_line' id='line_1_69' title="bbox 438 3267 1495 3308; baseline 0.001 -10"><span class='ocrx_word' id='word_1_566' title='bbox 438 3278 500 3308; x_wconf 89' lang='lat' dir='ltr'>que</span> <span class='ocrx_word' id='word_1_567' title='bbox 524 3278 542 3298; x_wconf 92' lang='lat' dir='ltr'>a</span> <span class='ocrx_word' id='word_1_568' title='bbox 564 3274 685 3299; x_wconf 89' lang='lat' dir='ltr'>remota</span> <span class='ocrx_word' id='word_1_569' title='bbox 708 3274 739 3298; x_wconf 91' lang='lat' dir='ltr'>et</span> <span class='ocrx_word' id='word_1_570' title='bbox 760 3267 906 3303; x_wconf 87' lang='lat' dir='ltr'>mediata,</span> <span class='ocrx_word' id='word_1_571' title='bbox 930 3267 1048 3298; x_wconf 90' lang='lat' dir='ltr'>scilicet</span> <span class='ocrx_word' id='word_1_572' title='bbox 1069 3267 1218 3307; x_wconf 88' lang='lat' dir='ltr'>operibus</span> <span class='ocrx_word' id='word_1_573' title='bbox 1241 3267 1398 3304; x_wconf 87' lang='lat' dir='ltr'>castitatis,</span> <span class='ocrx_word' id='word_1_574' title='bbox 1418 3269 1495 3299; x_wconf 90' lang='lat' dir='ltr'>obe-</span> 
     </span>
     <span class='ocr_line' id='line_1_70' title="bbox 439 3310 1498 3353; baseline 0.001 -11"><span class='ocrx_word' id='word_1_575' title='bbox 439 3312 582 3348; x_wconf 89' lang='lat' dir='ltr'>dientiae,</span> <span class='ocrx_word' id='word_1_576' title='bbox 604 3319 673 3347; x_wconf 68' lang='lat' dir='ltr'>etc„</span> <span class='ocrx_word' id='word_1_577' title='bbox 695 3321 777 3353; x_wconf 84' lang='lat' dir='ltr'>quae</span> <span class='ocrx_word' id='word_1_578' title='bbox 802 3321 868 3342; x_wconf 92' lang='lat' dir='ltr'>non</span> <span class='ocrx_word' id='word_1_579' title='bbox 889 3311 948 3341; x_wconf 89' lang='lat' dir='ltr'>nisi</span> <span class='ocrx_word' id='word_1_580' title='bbox 970 3311 1128 3342; x_wconf 89' lang='lat' dir='ltr'>mediante</span> <span class='ocrx_word' id='word_1_581' title='bbox 1151 3310 1347 3351; x_wconf 86' lang='lat' dir='ltr'>professione</span> <span class='ocrx_word' id='word_1_582' title='bbox 1370 3311 1498 3343; x_wconf 90' lang='lat' dir='ltr'>fuerunt</span> 
     </span>
     <span class='ocr_line' id='line_1_71' title="bbox 439 3355 1496 3396; baseline 0.001 -10"><span class='ocrx_word' id='word_1_583' title='bbox 439 3362 469 3386; x_wconf 92' lang='lat' dir='ltr'>et</span> <span class='ocrx_word' id='word_1_584' title='bbox 499 3362 572 3386; x_wconf 87' lang='lat' dir='ltr'>sunt</span> <span class='ocrx_word' id='word_1_585' title='bbox 599 3356 727 3386; x_wconf 83' lang='lat' dir='ltr'>materia</span> <span class='ocrx_word' id='word_1_586' title='bbox 754 3355 905 3396; x_wconf 89' lang='lat' dir='ltr'>simplicis</span> <span class='ocrx_word' id='word_1_587' title='bbox 930 3355 1007 3386; x_wconf 89' lang='lat' dir='ltr'>voti.</span> <span class='ocrx_word' id='word_1_588' title='bbox 1038 3373 1059 3378; x_wconf 92' lang='lat'><em>-</em></span> <span class='ocrx_word' id='word_1_589' title='bbox 1086 3356 1152 3386; x_wconf 90' lang='lat' dir='ltr'>Nec</span> <span class='ocrx_word' id='word_1_590' title='bbox 1179 3355 1272 3385; x_wconf 89' lang='lat' dir='ltr'>refert</span> <span class='ocrx_word' id='word_1_591' title='bbox 1300 3356 1408 3396; x_wconf 90' lang='lat' dir='ltr'>quoad</span> <span class='ocrx_word' id='word_1_592' title='bbox 1434 3356 1496 3388; x_wconf 93' lang='lat' dir='ltr'>hoc</span> 
     </span>
     <span class='ocr_line' id='line_1_72' title="bbox 438 3399 1497 3440; baseline 0.002 -11"><span class='ocrx_word' id='word_1_593' title='bbox 438 3400 527 3440; x_wconf 90' lang='lat' dir='ltr'>quod</span> <span class='ocrx_word' id='word_1_594' title='bbox 550 3399 744 3439; x_wconf 89' lang='lat' dir='ltr'>culpabiliter</span> <span class='ocrx_word' id='word_1_595' title='bbox 767 3409 798 3430; x_wconf 93' lang='lat' dir='ltr'>se</span> <span class='ocrx_word' id='word_1_596' title='bbox 822 3399 930 3439; x_wconf 90' lang='lat' dir='ltr'>posuit</span> <span class='ocrx_word' id='word_1_597' title='bbox 952 3399 984 3429; x_wconf 91' lang='lat' dir='ltr'>in</span> <span class='ocrx_word' id='word_1_598' title='bbox 1008 3399 1070 3430; x_wconf 92' lang='lat' dir='ltr'>hoc</span> <span class='ocrx_word' id='word_1_599' title='bbox 1085 3406 1177 3430; x_wconf 88' lang='lat' dir='ltr'>statu.</span> <span class='ocrx_word' id='word_1_600' title='bbox 1202 3399 1287 3436; x_wconf 89' lang='lat' dir='ltr'>Quia</span> <span class='ocrx_word' id='word_1_601' title='bbox 1302 3399 1497 3440; x_wconf 87' lang='lat' dir='ltr'>culpabiliter</span> 
     </span>
     <span class='ocr_line' id='line_1_73' title="bbox 439 3442 1496 3484; baseline 0.001 -11"><span class='ocrx_word' id='word_1_602' title='bbox 439 3453 471 3473; x_wconf 92' lang='lat' dir='ltr'>se</span> <span class='ocrx_word' id='word_1_603' title='bbox 495 3443 637 3482; x_wconf 89' lang='lat' dir='ltr'>posuisse</span> <span class='ocrx_word' id='word_1_604' title='bbox 660 3443 693 3474; x_wconf 92' lang='lat' dir='ltr'>in</span> <span class='ocrx_word' id='word_1_605' title='bbox 716 3443 778 3474; x_wconf 91' lang='lat' dir='ltr'>hoc</span> <span class='ocrx_word' id='word_1_606' title='bbox 801 3450 881 3474; x_wconf 91' lang='lat' dir='ltr'>statu</span> <span class='ocrx_word' id='word_1_607' title='bbox 905 3443 985 3473; x_wconf 90' lang='lat' dir='ltr'>bene</span> <span class='ocrx_word' id='word_1_608' title='bbox 1009 3442 1082 3474; x_wconf 87' lang='lat' dir='ltr'>facit</span> <span class='ocrx_word' id='word_1_609' title='bbox 1112 3443 1200 3484; x_wconf 93' lang='lat' dir='ltr'>quod</span> <span class='ocrx_word' id='word_1_610' title='bbox 1222 3443 1280 3474; x_wconf 94' lang='lat' dir='ltr'>iste</span> <span class='ocrx_word' id='word_1_611' title='bbox 1303 3443 1443 3483; x_wconf 79' lang='lat' dir='ltr'>peccavit</span> <span class='ocrx_word' id='word_1_612' title='bbox 1465 3451 1496 3476; x_wconf 93' lang='lat' dir='ltr'>et</span> 
     </span>
     <span class='ocr_line' id='line_1_74' title="bbox 439 3486 1496 3528; baseline 0.002 -12"><span class='ocrx_word' id='word_1_613' title='bbox 439 3487 528 3527; x_wconf 90' lang='lat' dir='ltr'>quod</span> <span class='ocrx_word' id='word_1_614' title='bbox 550 3493 673 3518; x_wconf 90' lang='lat' dir='ltr'>tenetur</span> <span class='ocrx_word' id='word_1_615' title='bbox 695 3487 864 3527; x_wconf 90' lang='lat' dir='ltr'>poenitere,</span> <span class='ocrx_word' id='word_1_616' title='bbox 880 3487 935 3517; x_wconf 93' lang='lat' dir='ltr'>sed</span> <span class='ocrx_word' id='word_1_617' title='bbox 958 3497 1023 3517; x_wconf 92' lang='lat' dir='ltr'>non</span> <span class='ocrx_word' id='word_1_618' title='bbox 1047 3486 1120 3517; x_wconf 91' lang='lat' dir='ltr'>facit</span> <span class='ocrx_word' id='word_1_619' title='bbox 1143 3487 1231 3528; x_wconf 92' lang='lat' dir='ltr'>quod</span> <span class='ocrx_word' id='word_1_620' title='bbox 1250 3496 1317 3517; x_wconf 90' lang='lat' dir='ltr'>non</span> <span class='ocrx_word' id='word_1_621' title='bbox 1333 3493 1496 3518; x_wconf 86' lang='lat' dir='ltr'>excusetur</span> 
     </span>
     <span class='ocr_line' id='line_1_75' title="bbox 439 3530 1495 3572; baseline 0.002 -12"><span class='ocrx_word' id='word_1_622' title='bbox 439 3540 457 3560; x_wconf 90' lang='lat' dir='ltr'>a</span> <span class='ocrx_word' id='word_1_623' title='bbox 480 3530 687 3570; x_wconf 87' lang='lat' dir='ltr'>professione:</span> <span class='ocrx_word' id='word_1_624' title='bbox 712 3531 869 3562; x_wconf 87' lang='lat' dir='ltr'>excusatio</span> <span class='ocrx_word' id='word_1_625' title='bbox 886 3541 1024 3572; x_wconf 87' lang='lat' dir='ltr'>namque</span> <span class='ocrx_word' id='word_1_626' title='bbox 1047 3541 1064 3561; x_wconf 91' lang='lat' dir='ltr'>a</span> <span class='ocrx_word' id='word_1_627' title='bbox 1079 3530 1275 3571; x_wconf 84' lang='lat' dir='ltr'>professione</span> <span class='ocrx_word' id='word_1_628' title='bbox 1298 3537 1345 3562; x_wconf 88' lang='lat' dir='ltr'>est</span> <span class='ocrx_word' id='word_1_629' title='bbox 1367 3531 1495 3563; x_wconf 84' lang='lat' dir='ltr'>effectus</span> 
     </span>
     <span class='ocr_line' id='line_1_76' title="bbox 438 3574 1494 3616; baseline 0.002 -12"><span class='ocrx_word' id='word_1_630' title='bbox 438 3583 503 3604; x_wconf 91' lang='lat' dir='ltr'>non</span> <span class='ocrx_word' id='word_1_631' title='bbox 527 3575 637 3614; x_wconf 87' lang='lat' dir='ltr'>culpae</span> <span class='ocrx_word' id='word_1_632' title='bbox 660 3581 714 3605; x_wconf 90' lang='lat' dir='ltr'>aut</span> <span class='ocrx_word' id='word_1_633' title='bbox 736 3575 849 3611; x_wconf 87' lang='lat' dir='ltr'>meriti,</span> <span class='ocrx_word' id='word_1_634' title='bbox 873 3575 927 3605; x_wconf 91' lang='lat' dir='ltr'>sed</span> <span class='ocrx_word' id='word_1_635' title='bbox 950 3581 996 3605; x_wconf 88' lang='lat' dir='ltr'>est</span> <span class='ocrx_word' id='word_1_636' title='bbox 1019 3574 1145 3606; x_wconf 86' lang='lat' dir='ltr'>effectus</span> <span class='ocrx_word' id='word_1_637' title='bbox 1169 3581 1267 3606; x_wconf 88' lang='lat' dir='ltr'>status</span> <span class='ocrx_word' id='word_1_638' title='bbox 1289 3575 1322 3606; x_wconf 90' lang='lat' dir='ltr'>in</span> <span class='ocrx_word' id='word_1_639' title='bbox 1346 3585 1412 3616; x_wconf 90' lang='lat' dir='ltr'>quo</span> <span class='ocrx_word' id='word_1_640' title='bbox 1436 3575 1494 3607; x_wconf 89' lang='lat' dir='ltr'>iste</span> 
     </span>
    </p>
   </div>
   <div class='ocr_carea' id='block_1_3' title="bbox 1523 339 1526 933">
    <p class='ocr_par' dir='ltr' id='par_1_5' title="bbox 1523 339 1526 933">
     <span class='ocr_line' id='line_1_77' title="bbox 1523 339 1526 933; baseline 0 0"><span class='ocrx_word' id='word_1_641' title='bbox 1523 339 1526 933; x_wconf 95' lang='lat' dir='ltr'> </span> 
     </span>
    </p>
   </div>
   <div class='ocr_carea' id='block_1_4' title="bbox 1525 1337 1527 2334">
    <p class='ocr_par' dir='ltr' id='par_1_6' title="bbox 1525 1337 1527 2334">
     <span class='ocr_line' id='line_1_78' title="bbox 1525 1337 1527 2334; baseline 0 0"><span class='ocrx_word' id='word_1_642' title='bbox 1525 1337 1527 2334; x_wconf 95' lang='lat' dir='ltr'> </span> 
     </span>
    </p>
   </div>
   <div class='ocr_carea' id='block_1_5' title="bbox 1048 244 2002 291">
    <p class='ocr_par' dir='ltr' id='par_1_7' title="bbox 1048 244 2002 291">
     <span class='ocr_line' id='line_1_79' title="bbox 1048 244 2002 291; baseline -0.002 -9"><span class='ocrx_word' id='word_1_643' title='bbox 1048 244 1314 291; x_wconf 88' lang='lat' dir='ltr'>QUAESTIO</span> <span class='ocrx_word' id='word_1_644' title='bbox 1350 244 1598 290; x_wconf 92' lang='lat' dir='ltr'>LXXXVIII,</span> <span class='ocrx_word' id='word_1_645' title='bbox 1627 245 1923 281; x_wconf 90' lang='lat' dir='ltr'>ARTICULUS</span> <span class='ocrx_word' id='word_1_646' title='bbox 1954 245 2002 280; x_wconf 90' lang='grc' dir='ltr'>ΙΙΙ</span> 
     </span>
    </p>
   </div>
   <div class='ocr_carea' id='block_1_6' title="bbox 1550 321 2620 2783">
    <p class='ocr_par' dir='ltr' id='par_1_8' title="bbox 1551 321 2615 494">
     <span class='ocr_line' id='line_1_80' title="bbox 1551 321 2613 362; baseline 0.002 -12"><span class='ocrx_word' id='word_1_647' title='bbox 1551 321 1718 352; x_wconf 89' lang='lat' dir='ltr'>invenitur.</span> <span class='ocrx_word' id='word_1_648' title='bbox 1747 322 1839 353; x_wconf 88' lang='lat' dir='ltr'>Unde</span> <span class='ocrx_word' id='word_1_649' title='bbox 1863 328 1893 352; x_wconf 90' lang='lat' dir='ltr'>et</span> <span class='ocrx_word' id='word_1_650' title='bbox 1915 322 1947 352; x_wconf 89' lang='lat' dir='ltr'>in</span> <span class='ocrx_word' id='word_1_651' title='bbox 1971 321 2072 352; x_wconf 87' lang='lat' dir='ltr'>littera</span> <span class='ocrx_word' id='word_1_652' title='bbox 2093 321 2146 351; x_wconf 88' lang='lat' dir='ltr'>ille</span> <span class='ocrx_word' id='word_1_653' title='bbox 2170 321 2220 351; x_wconf 93' lang='lat' dir='ltr'>cui</span> <span class='ocrx_word' id='word_1_654' title='bbox 2243 330 2281 351; x_wconf 89' lang='lat' dir='ltr'>ex</span> <span class='ocrx_word' id='word_1_655' title='bbox 2304 331 2361 351; x_wconf 88' lang='lat' dir='ltr'>sua</span> <span class='ocrx_word' id='word_1_656' title='bbox 2383 321 2477 362; x_wconf 89' lang='lat' dir='ltr'>culpa</span> <span class='ocrx_word' id='word_1_657' title='bbox 2499 328 2613 352; x_wconf 89' lang='lat' dir='ltr'>votum</span> 
     </span>
     <span class='ocr_line' id='line_1_81' title="bbox 1552 364 2613 406; baseline 0.001 -11"><span class='ocrx_word' id='word_1_658' title='bbox 1552 372 1599 396; x_wconf 90' lang='lat' dir='ltr'>est</span> <span class='ocrx_word' id='word_1_659' title='bbox 1625 365 1784 396; x_wconf 87' lang='lat' dir='ltr'>redditum</span> <span class='ocrx_word' id='word_1_660' title='bbox 1806 365 2018 406; x_wconf 88' lang='lat' dir='ltr'>impossibile,</span> <span class='ocrx_word' id='word_1_661' title='bbox 2042 374 2108 395; x_wconf 92' lang='lat' dir='ltr'>non</span> <span class='ocrx_word' id='word_1_662' title='bbox 2140 364 2254 395; x_wconf 91' lang='lat' dir='ltr'>dicitur</span> <span class='ocrx_word' id='word_1_663' title='bbox 2284 365 2373 405; x_wconf 90' lang='lat' dir='ltr'>quod</span> <span class='ocrx_word' id='word_1_664' title='bbox 2401 372 2545 396; x_wconf 89' lang='lat' dir='ltr'>teneatur</span> <span class='ocrx_word' id='word_1_665' title='bbox 2573 366 2613 396; x_wconf 89' lang='lat' dir='ltr'>ad</span> 
     </span>
     <span class='ocr_line' id='line_1_82' title="bbox 1552 408 2615 450; baseline 0.001 -11"><span class='ocrx_word' id='word_1_666' title='bbox 1552 409 1671 449; x_wconf 88' lang='lat' dir='ltr'>aliquid</span> <span class='ocrx_word' id='word_1_667' title='bbox 1701 409 1773 449; x_wconf 91' lang='lat' dir='ltr'>plus</span> <span class='ocrx_word' id='word_1_668' title='bbox 1798 419 1896 450; x_wconf 88' lang='lat' dir='ltr'>quarn</span> <span class='ocrx_word' id='word_1_669' title='bbox 1918 409 1971 439; x_wconf 89' lang='lat' dir='ltr'>ille</span> <span class='ocrx_word' id='word_1_670' title='bbox 2001 408 2051 439; x_wconf 94' lang='lat' dir='ltr'>cui</span> <span class='ocrx_word' id='word_1_671' title='bbox 2081 408 2148 438; x_wconf 90' lang='lat' dir='ltr'>sine</span> <span class='ocrx_word' id='word_1_672' title='bbox 2176 408 2270 448; x_wconf 92' lang='lat' dir='ltr'>culpa</span> <span class='ocrx_word' id='word_1_673' title='bbox 2295 418 2354 438; x_wconf 87' lang='lat' dir='ltr'>sua</span> <span class='ocrx_word' id='word_1_674' title='bbox 2382 409 2541 440; x_wconf 88' lang='lat' dir='ltr'>redditum</span> <span class='ocrx_word' id='word_1_675' title='bbox 2568 416 2615 440; x_wconf 84' lang='lat' dir='ltr'>est</span> 
     </span>
     <span class='ocr_line' id='line_1_83' title="bbox 1551 452 2162 494; baseline 0 -12"><span class='ocrx_word' id='word_1_676' title='bbox 1551 452 1756 492; x_wconf 85' lang='lat' dir='ltr'>impossibile,</span> <span class='ocrx_word' id='word_1_677' title='bbox 1780 461 1902 494; x_wconf 89' lang='lat' dir='ltr'>praeter</span> <span class='ocrx_word' id='word_1_678' title='bbox 1925 452 2162 493; x_wconf 87' lang='lat' dir='ltr'>poenitentiam.</span> 
     </span>
    </p>

    <p class='ocr_par' dir='ltr' id='par_1_9' title="bbox 1550 495 2615 844">
     <span class='ocr_line' id='line_1_84' title="bbox 1607 495 2613 537; baseline -0.001 -10"><span class='ocrx_word' id='word_1_679' title='bbox 1607 495 1823 528; x_wconf 86' lang='lat' dir='ltr'>Confirmatur</span> <span class='ocrx_word' id='word_1_680' title='bbox 1841 504 1948 528; x_wconf 86' lang='lat' dir='ltr'>autem</span> <span class='ocrx_word' id='word_1_681' title='bbox 1970 497 2032 527; x_wconf 87' lang='lat' dir='ltr'>hoc</span> <span class='ocrx_word' id='word_1_682' title='bbox 2054 496 2224 536; x_wconf 87' lang='lat' dir='ltr'>tripliciter.</span> <span class='ocrx_word' id='word_1_683' title='bbox 2249 495 2367 532; x_wconf 88' lang='lat' dir='ltr'>Primo,</span> <span class='ocrx_word' id='word_1_684' title='bbox 2383 496 2459 536; x_wconf 88' lang='lat' dir='ltr'>quia</span> <span class='ocrx_word' id='word_1_685' title='bbox 2482 495 2507 526; x_wconf 90' lang='lat' dir='ltr'>si</span> <span class='ocrx_word' id='word_1_686' title='bbox 2530 497 2613 537; x_wconf 85' lang='lat' dir='ltr'>quis,</span> 
     </span>
     <span class='ocr_line' id='line_1_85' title="bbox 1552 540 2613 581; baseline 0 -11"><span class='ocrx_word' id='word_1_687' title='bbox 1552 541 1638 580; x_wconf 89' lang='lat' dir='ltr'>apud</span> <span class='ocrx_word' id='word_1_688' title='bbox 1661 550 1730 577; x_wconf 89' lang='lat' dir='ltr'>nos,</span> <span class='ocrx_word' id='word_1_689' title='bbox 1753 541 1840 572; x_wconf 89' lang='lat' dir='ltr'>vovit</span> <span class='ocrx_word' id='word_1_690' title='bbox 1863 551 1896 571; x_wconf 89' lang='lat' dir='ltr'>se</span> <span class='ocrx_word' id='word_1_691' title='bbox 1919 547 1993 581; x_wconf 93' lang='lat' dir='ltr'>post</span> <span class='ocrx_word' id='word_1_692' title='bbox 2015 550 2136 571; x_wconf 87' lang='lat' dir='ltr'>annum</span> <span class='ocrx_word' id='word_1_693' title='bbox 2159 546 2382 580; x_wconf 88' lang='lat' dir='ltr'>suscepturum</span> <span class='ocrx_word' id='word_1_694' title='bbox 2403 540 2550 571; x_wconf 85' lang='lat' dir='ltr'>ordinem</span> <span class='ocrx_word' id='word_1_695' title='bbox 2565 550 2613 571; x_wconf 87' lang='lat' dir='ltr'>sa-</span> 
     </span>
     <span class='ocr_line' id='line_1_86' title="bbox 1552 584 2615 625; baseline 0 -10"><span class='ocrx_word' id='word_1_696' title='bbox 1552 594 1655 620; x_wconf 92' lang='lat' dir='ltr'>crum,</span> <span class='ocrx_word' id='word_1_697' title='bbox 1680 591 1726 621; x_wconf 89' lang='lat' dir='ltr'>et,</span> <span class='ocrx_word' id='word_1_698' title='bbox 1751 585 1859 625; x_wconf 88' lang='lat' dir='ltr'>elapso</span> <span class='ocrx_word' id='word_1_699' title='bbox 1882 594 1983 621; x_wconf 87' lang='lat' dir='ltr'>anno,</span> <span class='ocrx_word' id='word_1_700' title='bbox 2008 594 2074 615; x_wconf 90' lang='lat' dir='ltr'>non</span> <span class='ocrx_word' id='word_1_701' title='bbox 2097 584 2227 624; x_wconf 90' lang='lat' dir='ltr'>impleat</span> <span class='ocrx_word' id='word_1_702' title='bbox 2249 590 2379 620; x_wconf 90' lang='lat' dir='ltr'>votum,</span> <span class='ocrx_word' id='word_1_703' title='bbox 2402 584 2459 614; x_wconf 92' lang='lat' dir='ltr'>sed</span> <span class='ocrx_word' id='word_1_704' title='bbox 2482 584 2615 615; x_wconf 88' lang='lat' dir='ltr'>declinet</span> 
     </span>
     <span class='ocr_line' id='line_1_87' title="bbox 1552 628 2614 669; baseline 0 -11"><span class='ocrx_word' id='word_1_705' title='bbox 1552 629 1590 658; x_wconf 90' lang='lat' dir='ltr'>ad</span> <span class='ocrx_word' id='word_1_706' title='bbox 1614 628 1683 664; x_wconf 87' lang='lat' dir='ltr'>alia,</span> <span class='ocrx_word' id='word_1_707' title='bbox 1701 634 1774 659; x_wconf 88' lang='lat' dir='ltr'>etc.:</span> <span class='ocrx_word' id='word_1_708' title='bbox 1801 629 1879 665; x_wconf 70' lang='lat' dir='ltr'>iste,—</span> <span class='ocrx_word' id='word_1_709' title='bbox 1892 629 1965 659; x_wconf 89' lang='lat' dir='ltr'>licet</span> <span class='ocrx_word' id='word_1_710' title='bbox 1987 635 2095 669; x_wconf 91' lang='lat' dir='ltr'>peccet</span> <span class='ocrx_word' id='word_1_711' title='bbox 2117 638 2183 658; x_wconf 90' lang='lat' dir='ltr'>non</span> <span class='ocrx_word' id='word_1_712' title='bbox 2206 628 2370 668; x_wconf 89' lang='lat' dir='ltr'>implendo</span> <span class='ocrx_word' id='word_1_713' title='bbox 2393 635 2523 664; x_wconf 89' lang='lat' dir='ltr'>votum,</span> <span class='ocrx_word' id='word_1_714' title='bbox 2547 637 2614 659; x_wconf 88' lang='lat' dir='ltr'>non</span> 
     </span>
     <span class='ocr_line' id='line_1_88' title="bbox 1552 671 2614 712; baseline 0 -10"><span class='ocrx_word' id='word_1_715' title='bbox 1552 679 1657 703; x_wconf 89' lang='lat' dir='ltr'>tamen</span> <span class='ocrx_word' id='word_1_716' title='bbox 1681 679 1789 711; x_wconf 87' lang='lat' dir='ltr'>peccat</span> <span class='ocrx_word' id='word_1_717' title='bbox 1812 683 1878 703; x_wconf 91' lang='lat' dir='ltr'>non</span> <span class='ocrx_word' id='word_1_718' title='bbox 1897 672 2031 703; x_wconf 90' lang='lat' dir='ltr'>dicendo</span> <span class='ocrx_word' id='word_1_719' title='bbox 2048 671 2189 703; x_wconf 89' lang='lat' dir='ltr'>officium</span> <span class='ocrx_word' id='word_1_720' title='bbox 2205 672 2359 708; x_wconf 90' lang='lat' dir='ltr'>divinum,</span> <span class='ocrx_word' id='word_1_721' title='bbox 2382 672 2423 702; x_wconf 86' lang='lat' dir='ltr'>ad</span> <span class='ocrx_word' id='word_1_722' title='bbox 2445 671 2535 712; x_wconf 90' lang='lat' dir='ltr'>quod</span> <span class='ocrx_word' id='word_1_723' title='bbox 2557 673 2614 702; x_wconf 90' lang='lat' dir='ltr'>ob·</span> 
     </span>
     <span class='ocr_line' id='line_1_89' title="bbox 1550 716 2612 757; baseline 0 -11"><span class='ocrx_word' id='word_1_724' title='bbox 1550 716 1660 755; x_wconf 89' lang='lat' dir='ltr'>ligaret</span> <span class='ocrx_word' id='word_1_725' title='bbox 1682 716 1762 746; x_wconf 90' lang='lat' dir='ltr'>ordo</span> <span class='ocrx_word' id='word_1_726' title='bbox 1779 725 1873 755; x_wconf 83' lang='lat' dir='ltr'>sacer,</span> <span class='ocrx_word' id='word_1_727' title='bbox 1898 717 1985 757; x_wconf 91' lang='lat' dir='ltr'>quod</span> <span class='ocrx_word' id='word_1_728' title='bbox 2010 716 2092 747; x_wconf 90' lang='lat' dir='ltr'>cadit</span> <span class='ocrx_word' id='word_1_729' title='bbox 2114 717 2173 747; x_wconf 91' lang='lat' dir='ltr'>sub</span> <span class='ocrx_word' id='word_1_730' title='bbox 2197 726 2256 747; x_wconf 92' lang='lat' dir='ltr'>suo</span> <span class='ocrx_word' id='word_1_731' title='bbox 2272 723 2350 747; x_wconf 88' lang='lat' dir='ltr'>voto</span> <span class='ocrx_word' id='word_1_732' title='bbox 2374 723 2612 757; x_wconf 86' lang='lat' dir='ltr'>consequenter.</span> 
     </span>
     <span class='ocr_line' id='line_1_90' title="bbox 1552 759 2614 800; baseline 0 -10"><span class='ocrx_word' id='word_1_733' title='bbox 1552 761 1592 790; x_wconf 92' lang='lat' dir='ltr'>Et</span> <span class='ocrx_word' id='word_1_734' title='bbox 1615 759 1767 796; x_wconf 90' lang='lat' dir='ltr'>similiter,</span> <span class='ocrx_word' id='word_1_735' title='bbox 1791 760 1816 790; x_wconf 92' lang='lat' dir='ltr'>si</span> <span class='ocrx_word' id='word_1_736' title='bbox 1840 759 2026 796; x_wconf 87' lang='lat' dir='ltr'>fornicatur,</span> <span class='ocrx_word' id='word_1_737' title='bbox 2050 770 2117 790; x_wconf 90' lang='lat' dir='ltr'>non</span> <span class='ocrx_word' id='word_1_738' title='bbox 2140 766 2249 800; x_wconf 89' lang='lat' dir='ltr'>peccat</span> <span class='ocrx_word' id='word_1_739' title='bbox 2271 766 2380 791; x_wconf 89' lang='lat' dir='ltr'>contra</span> <span class='ocrx_word' id='word_1_740' title='bbox 2402 766 2516 790; x_wconf 92' lang='lat' dir='ltr'>votum</span> <span class='ocrx_word' id='word_1_741' title='bbox 2539 770 2614 790; x_wconf 91' lang='lat' dir='ltr'>con-</span> 
     </span>
     <span class='ocr_line' id='line_1_91' title="bbox 1551 801 2458 844; baseline 0 -10"><span class='ocrx_word' id='word_1_742' title='bbox 1551 801 1714 840; x_wconf 88' lang='lat' dir='ltr'>tinentiae,</span> <span class='ocrx_word' id='word_1_743' title='bbox 1738 804 1827 844; x_wconf 92' lang='lat' dir='ltr'>quod</span> <span class='ocrx_word' id='word_1_744' title='bbox 1850 804 1883 834; x_wconf 92' lang='lat' dir='ltr'>in</span> <span class='ocrx_word' id='word_1_745' title='bbox 1907 804 2018 834; x_wconf 88' lang='lat' dir='ltr'>ordine</span> <span class='ocrx_word' id='word_1_746' title='bbox 2040 813 2128 834; x_wconf 89' lang='lat' dir='ltr'>sacro</span> <span class='ocrx_word' id='word_1_747' title='bbox 2151 803 2252 835; x_wconf 86' lang='lat' dir='ltr'>fuerat</span> <span class='ocrx_word' id='word_1_748' title='bbox 2275 804 2458 835; x_wconf 88' lang='lat' dir='ltr'>emissurus.</span> 
     </span>
    </p>

    <p class='ocr_par' dir='ltr' id='par_1_10' title="bbox 1552 847 2617 1327">
     <span class='ocr_line' id='line_1_92' title="bbox 1607 847 2613 888; baseline -0.001 -9"><span class='ocrx_word' id='word_1_749' title='bbox 1607 848 1771 884; x_wconf 89' lang='lat' dir='ltr'>Secundo,</span> <span class='ocrx_word' id='word_1_750' title='bbox 1795 847 1870 888; x_wconf 89' lang='lat' dir='ltr'>quia</span> <span class='ocrx_word' id='word_1_751' title='bbox 1893 857 1968 878; x_wconf 90' lang='lat' dir='ltr'>cum</span> <span class='ocrx_word' id='word_1_752' title='bbox 1989 854 2103 878; x_wconf 88' lang='lat' dir='ltr'>votum</span> <span class='ocrx_word' id='word_1_753' title='bbox 2132 847 2172 878; x_wconf 92' lang='lat' dir='ltr'>sit</span> <span class='ocrx_word' id='word_1_754' title='bbox 2195 848 2352 888; x_wconf 85' lang='lat' dir='ltr'>quaedam</span> <span class='ocrx_word' id='word_1_755' title='bbox 2375 847 2542 888; x_wconf 86' lang='lat' dir='ltr'>singularis</span> <span class='ocrx_word' id='word_1_756' title='bbox 2564 848 2613 878; x_wconf 80' lang='lat' dir='ltr'>lex</span> 
     </span>
     <span class='ocr_line' id='line_1_93' title="bbox 1552 934 2614 976; baseline -0.001 -9"><span class='ocrx_word' id='word_1_757' title='bbox 1552 944 1598 968; x_wconf 89' lang='lat' dir='ltr'>est</span> <span class='ocrx_word' id='word_1_758' title='bbox 1622 937 1660 967; x_wconf 95' lang='lat' dir='ltr'>de</span> <span class='ocrx_word' id='word_1_759' title='bbox 1684 936 1877 976; x_wconf 88' lang='lat' dir='ltr'>obligatione</span> <span class='ocrx_word' id='word_1_760' title='bbox 1892 935 1959 966; x_wconf 93' lang='lat' dir='ltr'>voti</span> <span class='ocrx_word' id='word_1_761' title='bbox 1982 945 2049 976; x_wconf 91' lang='lat' dir='ltr'>quo</span> <span class='ocrx_word' id='word_1_762' title='bbox 2072 934 2229 966; x_wconf 87' lang='lat' dir='ltr'>iudicatur</span> <span class='ocrx_word' id='word_1_763' title='bbox 2250 935 2289 965; x_wconf 91' lang='lat' dir='ltr'>de</span> <span class='ocrx_word' id='word_1_764' title='bbox 2311 935 2504 975; x_wconf 82' lang='lat' dir='ltr'>obligatione</span> <span class='ocrx_word' id='word_1_765' title='bbox 2526 935 2614 975; x_wconf 86' lang='lat' dir='ltr'>legis.</span> 
     </span>
     <span class='ocr_line' id='line_1_94' title="bbox 1553 978 2616 1021; baseline -0.002 -9"><span class='ocrx_word' id='word_1_766' title='bbox 1553 981 1687 1012; x_wconf 89' lang='lat' dir='ltr'>Constat</span> <span class='ocrx_word' id='word_1_767' title='bbox 1702 988 1810 1011; x_wconf 85' lang='lat' dir='ltr'>autem</span> <span class='ocrx_word' id='word_1_768' title='bbox 1828 980 1917 1021; x_wconf 93' lang='lat' dir='ltr'>quod</span> <span class='ocrx_word' id='word_1_769' title='bbox 1936 980 1963 1010; x_wconf 89' lang='lat' dir='ltr'>si</span> <span class='ocrx_word' id='word_1_770' title='bbox 1978 987 2058 1011; x_wconf 88' lang='lat' dir='ltr'>esset</span> <span class='ocrx_word' id='word_1_771' title='bbox 2075 979 2126 1010; x_wconf 90' lang='lat' dir='ltr'>lex</span> <span class='ocrx_word' id='word_1_772' title='bbox 2140 978 2310 1019; x_wconf 86' lang='lat' dir='ltr'>obligativa</span> <span class='ocrx_word' id='word_1_773' title='bbox 2325 979 2462 1010; x_wconf 82' lang='lat' dir='ltr'>alicuius</span> <span class='ocrx_word' id='word_1_774' title='bbox 2473 985 2511 1009; x_wconf 89' lang='lat' dir='ltr'>ut</span> <span class='ocrx_word' id='word_1_775' title='bbox 2528 978 2616 1010; x_wconf 88' lang='lat' dir='ltr'>fieret</span> 
     </span>
     <span class='ocr_line' id='line_1_95' title="bbox 1552 1022 2615 1065; baseline -0.002 -10"><span class='ocrx_word' id='word_1_776' title='bbox 1552 1032 1626 1065; x_wconf 90' lang='lat' dir='ltr'>post</span> <span class='ocrx_word' id='word_1_777' title='bbox 1648 1025 1708 1055; x_wconf 88' lang='lat' dir='ltr'>tale</span> <span class='ocrx_word' id='word_1_778' title='bbox 1732 1032 1859 1065; x_wconf 90' lang='lat' dir='ltr'>tempus</span> <span class='ocrx_word' id='word_1_779' title='bbox 1875 1024 2087 1054; x_wconf 90' lang='lat' dir='ltr'>subdiaconus</span> <span class='ocrx_word' id='word_1_780' title='bbox 2104 1029 2158 1054; x_wconf 92' lang='lat' dir='ltr'>aut</span> <span class='ocrx_word' id='word_1_781' title='bbox 2173 1022 2348 1063; x_wconf 86' lang='lat' dir='ltr'>religiosus,</span> <span class='ocrx_word' id='word_1_782' title='bbox 2367 1029 2399 1053; x_wconf 86' lang='lat' dir='ltr'>et</span> <span class='ocrx_word' id='word_1_783' title='bbox 2420 1022 2489 1059; x_wconf 86' lang='lat' dir='ltr'>iste,</span> <span class='ocrx_word' id='word_1_784' title='bbox 2506 1022 2615 1063; x_wconf 80' lang='lat' dir='ltr'>elapso</span> 
     </span>
     <span class='ocr_line' id='line_1_96' title="bbox 1552 1066 2615 1108; baseline -0.002 -9"><span class='ocrx_word' id='word_1_785' title='bbox 1552 1076 1706 1108; x_wconf 90' lang='lat' dir='ltr'>tempore,</span> <span class='ocrx_word' id='word_1_786' title='bbox 1723 1079 1789 1099; x_wconf 93' lang='lat' dir='ltr'>non</span> <span class='ocrx_word' id='word_1_787' title='bbox 1812 1068 1954 1099; x_wconf 90' lang='lat' dir='ltr'>obediret</span> <span class='ocrx_word' id='word_1_788' title='bbox 1974 1067 2036 1108; x_wconf 88' lang='lat' dir='ltr'>legi</span> <span class='ocrx_word' id='word_1_789' title='bbox 2059 1068 2115 1098; x_wconf 90' lang='lat' dir='ltr'>sed</span> <span class='ocrx_word' id='word_1_790' title='bbox 2136 1073 2301 1107; x_wconf 88' lang='lat' dir='ltr'>vagaretur</span> <span class='ocrx_word' id='word_1_791' title='bbox 2322 1067 2363 1097; x_wconf 86' lang='lat' dir='ltr'>ad</span> <span class='ocrx_word' id='word_1_792' title='bbox 2384 1066 2525 1097; x_wconf 80' lang='lat' dir='ltr'>libitum:</span> <span class='ocrx_word' id='word_1_793' title='bbox 2548 1076 2615 1097; x_wconf 89' lang='lat' dir='ltr'>non</span> 
     </span>
     <span class='ocr_line' id='line_1_97' title="bbox 1553 1110 2615 1152; baseline -0.003 -9"><span class='ocrx_word' id='word_1_794' title='bbox 1553 1119 1633 1143; x_wconf 89' lang='lat' dir='ltr'>esset</span> <span class='ocrx_word' id='word_1_795' title='bbox 1655 1113 1687 1143; x_wconf 90' lang='lat' dir='ltr'>in</span> <span class='ocrx_word' id='word_1_796' title='bbox 1703 1123 1742 1143; x_wconf 92' lang='lat' dir='ltr'>eo</span> <span class='ocrx_word' id='word_1_797' title='bbox 1759 1113 1862 1152; x_wconf 89' lang='lat' dir='ltr'>culpa,</span> <span class='ocrx_word' id='word_1_798' title='bbox 1879 1112 2056 1143; x_wconf 91' lang='lat' dir='ltr'>secundum</span> <span class='ocrx_word' id='word_1_799' title='bbox 2071 1111 2218 1142; x_wconf 88' lang='lat' dir='ltr'>affectum</span> <span class='ocrx_word' id='word_1_800' title='bbox 2232 1117 2264 1142; x_wconf 91' lang='lat' dir='ltr'>et</span> <span class='ocrx_word' id='word_1_801' title='bbox 2278 1110 2427 1151; x_wconf 87' lang='lat' dir='ltr'>speciem,</span> <span class='ocrx_word' id='word_1_802' title='bbox 2443 1110 2505 1141; x_wconf 84' lang='lat' dir='ltr'>nisi</span> <span class='ocrx_word' id='word_1_803' title='bbox 2519 1110 2615 1141; x_wconf 82' lang='lat' dir='ltr'>omis-</span> 
     </span>
     <span class='ocr_line' id='line_1_98' title="bbox 1552 1154 2613 1197; baseline -0.002 -10"><span class='ocrx_word' id='word_1_804' title='bbox 1552 1157 1650 1187; x_wconf 89' lang='lat' dir='ltr'>sionis</span> <span class='ocrx_word' id='word_1_805' title='bbox 1674 1157 1741 1187; x_wconf 91' lang='lat' dir='ltr'>eius</span> <span class='ocrx_word' id='word_1_806' title='bbox 1764 1158 1852 1197; x_wconf 94' lang='lat' dir='ltr'>quod</span> <span class='ocrx_word' id='word_1_807' title='bbox 1874 1157 2039 1188; x_wconf 91' lang='lat' dir='ltr'>tenebatur</span> <span class='ocrx_word' id='word_1_808' title='bbox 2062 1156 2233 1196; x_wconf 88' lang='lat' dir='ltr'>suscipere;</span> <span class='ocrx_word' id='word_1_809' title='bbox 2256 1165 2315 1186; x_wconf 91' lang='lat' dir='ltr'>nec</span> <span class='ocrx_word' id='word_1_810' title='bbox 2331 1154 2504 1195; x_wconf 87' lang='lat' dir='ltr'>exigeretur</span> <span class='ocrx_word' id='word_1_811' title='bbox 2518 1155 2558 1186; x_wconf 87' lang='lat' dir='ltr'>ab</span> <span class='ocrx_word' id='word_1_812' title='bbox 2574 1164 2613 1185; x_wconf 87' lang='lat' dir='ltr'>eo</span> 
     </span>
     <span class='ocr_line' id='line_1_99' title="bbox 1552 1198 2615 1241; baseline -0.003 -10"><span class='ocrx_word' id='word_1_813' title='bbox 1552 1210 1650 1241; x_wconf 90' lang='lat' dir='ltr'>quare</span> <span class='ocrx_word' id='word_1_814' title='bbox 1673 1210 1739 1231; x_wconf 89' lang='lat' dir='ltr'>non</span> <span class='ocrx_word' id='word_1_815' title='bbox 1755 1207 1856 1231; x_wconf 89' lang='lat' dir='ltr'>servat</span> <span class='ocrx_word' id='word_1_816' title='bbox 1879 1206 2107 1240; x_wconf 86' lang='lat' dir='ltr'>paupertatem,</span> <span class='ocrx_word' id='word_1_817' title='bbox 2131 1199 2367 1235; x_wconf 85' lang='lat' dir='ltr'>continentiam,</span> <span class='ocrx_word' id='word_1_818' title='bbox 2392 1198 2615 1234; x_wconf 84' lang='lat' dir='ltr'>obedientiam,</span> 
     </span>
     <span class='ocr_line' id='line_1_100' title="bbox 1553 1242 2617 1284; baseline -0.001 -10"><span class='ocrx_word' id='word_1_819' title='bbox 1553 1251 1608 1275; x_wconf 92' lang='lat' dir='ltr'>aut</span> <span class='ocrx_word' id='word_1_820' title='bbox 1630 1254 1728 1284; x_wconf 90' lang='lat' dir='ltr'>quare</span> <span class='ocrx_word' id='word_1_821' title='bbox 1751 1254 1816 1274; x_wconf 90' lang='lat' dir='ltr'>non</span> <span class='ocrx_word' id='word_1_822' title='bbox 1840 1244 1915 1275; x_wconf 78' lang='lat' dir='ltr'>didt</span> <span class='ocrx_word' id='word_1_823' title='bbox 1936 1243 2089 1280; x_wconf 87' lang='lat' dir='ltr'>officium,</span> <span class='ocrx_word' id='word_1_824' title='bbox 2106 1251 2182 1280; x_wconf 82' lang='lat' dir='ltr'>etc.;</span> <span class='ocrx_word' id='word_1_825' title='bbox 2205 1244 2261 1274; x_wconf 91' lang='lat' dir='ltr'>sed</span> <span class='ocrx_word' id='word_1_826' title='bbox 2283 1253 2381 1284; x_wconf 88' lang='lat' dir='ltr'>quare</span> <span class='ocrx_word' id='word_1_827' title='bbox 2396 1253 2464 1274; x_wconf 91' lang='lat' dir='ltr'>non</span> <span class='ocrx_word' id='word_1_828' title='bbox 2479 1242 2617 1283; x_wconf 83' lang='lat' dir='ltr'>suscepit</span> 
     </span>
     <span class='ocr_line' id='line_1_101' title="bbox 1553 1288 2116 1327; baseline 0.002 -9"><span class='ocrx_word' id='word_1_829' title='bbox 1553 1288 1820 1318; x_wconf 88' lang='lat' dir='ltr'>subdiaconatum</span> <span class='ocrx_word' id='word_1_830' title='bbox 1842 1294 1898 1318; x_wconf 85' lang='lat' dir='ltr'>aut</span> <span class='ocrx_word' id='word_1_831' title='bbox 1919 1288 2116 1327; x_wconf 84' lang='lat' dir='ltr'>religionem.</span> 
     </span>
    </p>

    <p class='ocr_par' dir='ltr' id='par_1_11' title="bbox 1550 1330 2618 1892">
     <span class='ocr_line' id='line_1_102' title="bbox 1608 1330 2616 1368; baseline -0.001 -6"><span class='ocrx_word' id='word_1_832' title='bbox 1608 1331 1727 1367; x_wconf 91' lang='lat' dir='ltr'>Terti0‚</span> <span class='ocrx_word' id='word_1_833' title='bbox 1752 1332 1899 1362; x_wconf 87' lang='lat' dir='ltr'>ducendo</span> <span class='ocrx_word' id='word_1_834' title='bbox 1922 1332 1962 1362; x_wconf 90' lang='lat' dir='ltr'>ad</span> <span class='ocrx_word' id='word_1_835' title='bbox 1983 1331 2220 1362; x_wconf 86' lang='lat' dir='ltr'>inconveniens.</span> <span class='ocrx_word' id='word_1_836' title='bbox 2251 1331 2336 1368; x_wconf 88' lang='lat' dir='ltr'>Quia</span> <span class='ocrx_word' id='word_1_837' title='bbox 2358 1331 2401 1368; x_wconf 82' lang='lat' dir='ltr'>si,</span> <span class='ocrx_word' id='word_1_838' title='bbox 2425 1330 2616 1361; x_wconf 86' lang='lat' dir='ltr'>destruendo</span> 
     </span>
     <span class='ocr_line' id='line_1_103' title="bbox 1553 1375 2615 1416; baseline -0.001 -10"><span class='ocrx_word' id='word_1_839' title='bbox 1553 1375 1647 1406; x_wconf 90' lang='lat' dir='ltr'>huius</span> <span class='ocrx_word' id='word_1_840' title='bbox 1671 1375 1840 1406; x_wconf 86' lang='lat' dir='ltr'>solutionis</span> <span class='ocrx_word' id='word_1_841' title='bbox 1861 1375 2118 1411; x_wconf 88' lang='lat' dir='ltr'>fundamentum,</span> <span class='ocrx_word' id='word_1_842' title='bbox 2141 1375 2264 1405; x_wconf 89' lang='lat' dir='ltr'>dicatur</span> <span class='ocrx_word' id='word_1_843' title='bbox 2285 1376 2375 1416; x_wconf 92' lang='lat' dir='ltr'>quod</span> <span class='ocrx_word' id='word_1_844' title='bbox 2398 1375 2457 1406; x_wconf 89' lang='lat' dir='ltr'>sub</span> <span class='ocrx_word' id='word_1_845' title='bbox 2472 1381 2549 1406; x_wconf 90' lang='lat' dir='ltr'>voto</span> <span class='ocrx_word' id='word_1_846' title='bbox 2566 1384 2615 1405; x_wconf 79' lang='lat' dir='ltr'>ca·</span> 
     </span>
     <span class='ocr_line' id='line_1_104' title="bbox 1552 1418 2618 1460; baseline -0.001 -10"><span class='ocrx_word' id='word_1_847' title='bbox 1552 1420 1633 1450; x_wconf 91' lang='lat' dir='ltr'>dunt</span> <span class='ocrx_word' id='word_1_848' title='bbox 1652 1429 1749 1460; x_wconf 89' lang='lat' dir='ltr'>opera</span> <span class='ocrx_word' id='word_1_849' title='bbox 1764 1419 1924 1460; x_wconf 90' lang='lat' dir='ltr'>religionis</span> <span class='ocrx_word' id='word_1_850' title='bbox 1948 1426 1978 1450; x_wconf 92' lang='lat' dir='ltr'>et</span> <span class='ocrx_word' id='word_1_851' title='bbox 2000 1419 2156 1460; x_wconf 90' lang='lat' dir='ltr'>professio</span> <span class='ocrx_word' id='word_1_852' title='bbox 2171 1419 2356 1455; x_wconf 87' lang='lat' dir='ltr'>eorundem,</span> <span class='ocrx_word' id='word_1_853' title='bbox 2371 1419 2515 1459; x_wconf 79' lang='lat' dir='ltr'>sequitur</span> <span class='ocrx_word' id='word_1_854' title='bbox 2528 1418 2618 1459; x_wconf 86' lang='lat' dir='ltr'>quod</span> 
     </span>
     <span class='ocr_line' id='line_1_105' title="bbox 1553 1463 2618 1503; baseline -0.002 -9"><span class='ocrx_word' id='word_1_855' title='bbox 1553 1464 1672 1494; x_wconf 86' lang='lat' dir='ltr'>habens</span> <span class='ocrx_word' id='word_1_856' title='bbox 1694 1464 1755 1494; x_wconf 88' lang='lat' dir='ltr'>tale</span> <span class='ocrx_word' id='word_1_857' title='bbox 1777 1471 1908 1499; x_wconf 90' lang='lat' dir='ltr'>votum,</span> <span class='ocrx_word' id='word_1_858' title='bbox 1931 1463 1958 1494; x_wconf 91' lang='lat' dir='ltr'>si</span> <span class='ocrx_word' id='word_1_859' title='bbox 1980 1471 2027 1494; x_wconf 87' lang='lat' dir='ltr'>est</span> <span class='ocrx_word' id='word_1_860' title='bbox 2049 1463 2254 1503; x_wconf 84' lang='lat' dir='ltr'>coniugatus,</span> <span class='ocrx_word' id='word_1_861' title='bbox 2277 1469 2420 1494; x_wconf 87' lang='lat' dir='ltr'>teneatur</span> <span class='ocrx_word' id='word_1_862' title='bbox 2441 1463 2483 1493; x_wconf 81' lang='lat' dir='ltr'>ad</span> <span class='ocrx_word' id='word_1_863' title='bbox 2504 1469 2618 1493; x_wconf 84' lang='lat' dir='ltr'>votum</span> 
     </span>
     <span class='ocr_line' id='line_1_106' title="bbox 1554 1506 2617 1548; baseline -0.001 -10"><span class='ocrx_word' id='word_1_864' title='bbox 1554 1508 1762 1548; x_wconf 89' lang='lat' dir='ltr'>paupertatis:</span> <span class='ocrx_word' id='word_1_865' title='bbox 1793 1514 1898 1548; x_wconf 92' lang='lat' dir='ltr'>potest</span> <span class='ocrx_word' id='word_1_866' title='bbox 1920 1508 2007 1538; x_wconf 91' lang='lat' dir='ltr'>enim</span> <span class='ocrx_word' id='word_1_867' title='bbox 2035 1508 2150 1538; x_wconf 92' lang='lat' dir='ltr'>habere</span> <span class='ocrx_word' id='word_1_868' title='bbox 2179 1507 2282 1537; x_wconf 90' lang='lat' dir='ltr'>solam</span> <span class='ocrx_word' id='word_1_869' title='bbox 2310 1506 2617 1538; x_wconf 81' lang='lat' dir='ltr'>administrationem</span> 
     </span>
     <span class='ocr_line' id='line_1_107' title="bbox 1553 1550 2618 1601; baseline -0.001 -19"><span class='ocrx_word' id='word_1_870' title='bbox 1553 1554 1723 1588; x_wconf 88' lang='lat' dir='ltr'>bonorum,</span> <span class='ocrx_word' id='word_1_871' title='bbox 1738 1553 1856 1593; x_wconf 81' lang='lat' dir='ltr'>absque</span> <span class='ocrx_word' id='word_1_872' title='bbox 1872 1551 2072 1592; x_wconf 90' lang='lat' dir='ltr'>proprietate,</span> <span class='ocrx_word' id='word_1_873' title='bbox 2084 1552 2117 1582; x_wconf 89' lang='lat' dir='ltr'>in</span> <span class='ocrx_word' id='word_1_874' title='bbox 2130 1551 2347 1582; x_wconf 88' lang='lat' dir='ltr'>matrimonio.</span> <span class='ocrx_word' id='word_1_875' title='bbox 2363 1550 2514 1592; x_wconf 88' lang='lat' dir='ltr'>Sequitur</span> <span class='ocrx_word' id='word_1_876' title='bbox 2528 1550 2618 1601; x_wconf 74' lang='lat' dir='ltr'>quod</span> 
     </span>
     <span class='ocr_line' id='line_1_108' title="bbox 1553 1594 2618 1636; baseline -0.002 -9"><span class='ocrx_word' id='word_1_877' title='bbox 1553 1603 1696 1628; x_wconf 89' lang='lat' dir='ltr'>teneatur</span> <span class='ocrx_word' id='word_1_878' title='bbox 1718 1597 1758 1626; x_wconf 89' lang='lat' dir='ltr'>ad</span> <span class='ocrx_word' id='word_1_879' title='bbox 1779 1603 1894 1627; x_wconf 92' lang='lat' dir='ltr'>votum</span> <span class='ocrx_word' id='word_1_880' title='bbox 1907 1595 2131 1627; x_wconf 88' lang='lat' dir='ltr'>obedientiae</span> <span class='ocrx_word' id='word_1_881' title='bbox 2122 1606 2155 1626; x_wconf 91' lang='lat' dir='ltr'>1n</span> <span class='ocrx_word' id='word_1_882' title='bbox 2178 1595 2226 1626; x_wconf 88' lang='lat' dir='ltr'>his</span> <span class='ocrx_word' id='word_1_883' title='bbox 2250 1605 2332 1636; x_wconf 85' lang='lat' dir='ltr'>quae</span> <span class='ocrx_word' id='word_1_884' title='bbox 2346 1605 2414 1626; x_wconf 89' lang='lat' dir='ltr'>non</span> <span class='ocrx_word' id='word_1_885' title='bbox 2428 1594 2618 1626; x_wconf 84' lang='lat' dir='ltr'>contrarian-</span> 
     </span>
     <span class='ocr_line' id='line_1_109' title="bbox 1553 1638 2618 1680; baseline -0.002 -8"><span class='ocrx_word' id='word_1_886' title='bbox 1553 1648 1605 1672; x_wconf 90' lang='lat' dir='ltr'>tur</span> <span class='ocrx_word' id='word_1_887' title='bbox 1627 1640 1789 1680; x_wconf 84' lang='lat' dir='ltr'>coniugio.</span> <span class='ocrx_word' id='word_1_888' title='bbox 1818 1641 1859 1672; x_wconf 91' lang='lat' dir='ltr'>Et</span> <span class='ocrx_word' id='word_1_889' title='bbox 1874 1640 2023 1671; x_wconf 89' lang='lat' dir='ltr'>similiter</span> <span class='ocrx_word' id='word_1_890' title='bbox 2046 1639 2204 1671; x_wconf 85' lang='lat' dir='ltr'>castitatis.</span> <span class='ocrx_word' id='word_1_891' title='bbox 2234 1639 2339 1670; x_wconf 89' lang='lat' dir='ltr'>Immo</span> <span class='ocrx_word' id='word_1_892' title='bbox 2363 1639 2506 1680; x_wconf 89' lang='lat' dir='ltr'>sequitur</span> <span class='ocrx_word' id='word_1_893' title='bbox 2527 1638 2618 1680; x_wconf 86' lang='lat' dir='ltr'>quod</span> 
     </span>
     <span class='ocr_line' id='line_1_110' title="bbox 1553 1683 2618 1724; baseline -0.001 -9"><span class='ocrx_word' id='word_1_894' title='bbox 1553 1691 1696 1715; x_wconf 87' lang='lat' dir='ltr'>teneatur</span> <span class='ocrx_word' id='word_1_895' title='bbox 1716 1685 1818 1715; x_wconf 91' lang='lat' dir='ltr'>dicere</span> <span class='ocrx_word' id='word_1_896' title='bbox 1832 1685 1927 1716; x_wconf 89' lang='lat' dir='ltr'>horas</span> <span class='ocrx_word' id='word_1_897' title='bbox 1943 1684 2120 1720; x_wconf 86' lang='lat' dir='ltr'>canonicas,</span> <span class='ocrx_word' id='word_1_898' title='bbox 2139 1684 2166 1714; x_wconf 93' lang='lat' dir='ltr'>si</span> <span class='ocrx_word' id='word_1_899' title='bbox 2188 1683 2324 1724; x_wconf 80' lang='lat' dir='ltr'>professi</span> <span class='ocrx_word' id='word_1_900' title='bbox 2345 1690 2503 1714; x_wconf 86' lang='lat' dir='ltr'>tenentur.</span> <span class='ocrx_word' id='word_1_901' title='bbox 2525 1683 2618 1721; x_wconf 78' lang='lat' dir='ltr'>Quae</span> 
     </span>
     <span class='ocr_line' id='line_1_111' title="bbox 1553 1727 2618 1769; baseline -0.001 -10"><span class='ocrx_word' id='word_1_902' title='bbox 1553 1728 1806 1759; x_wconf 85' lang='lat' dir='ltr'>inconvenientia</span> <span class='ocrx_word' id='word_1_903' title='bbox 1826 1729 1982 1760; x_wconf 88' lang='lat' dir='ltr'>videntur.</span> <span class='ocrx_word' id='word_1_904' title='bbox 2005 1729 2047 1759; x_wconf 90' lang='lat' dir='ltr'>Et</span> <span class='ocrx_word' id='word_1_905' title='bbox 2069 1729 2095 1759; x_wconf 91' lang='lat' dir='ltr'>si</span> <span class='ocrx_word' id='word_1_906' title='bbox 2118 1728 2190 1769; x_wconf 89' lang='lat' dir='ltr'>quis</span> <span class='ocrx_word' id='word_1_907' title='bbox 2213 1727 2358 1768; x_wconf 86' lang='lat' dir='ltr'>sequelas</span> <span class='ocrx_word' id='word_1_908' title='bbox 2380 1737 2418 1758; x_wconf 91' lang='lat' dir='ltr'>ex</span> <span class='ocrx_word' id='word_1_909' title='bbox 2439 1735 2518 1759; x_wconf 90' lang='lat' dir='ltr'>voto</span> <span class='ocrx_word' id='word_1_910' title='bbox 2541 1727 2618 1758; x_wconf 78' lang='lat' dir='ltr'>obe.-</span> 
     </span>
     <span class='ocr_line' id='line_1_112' title="bbox 1553 1771 2617 1812; baseline 0 -9"><span class='ocrx_word' id='word_1_911' title='bbox 1553 1773 1687 1803; x_wconf 88' lang='lat' dir='ltr'>dientiae</span> <span class='ocrx_word' id='word_1_912' title='bbox 1715 1773 1907 1809; x_wconf 86' lang='lat' dir='ltr'>consideret,</span> <span class='ocrx_word' id='word_1_913' title='bbox 1932 1773 2067 1803; x_wconf 87' lang='lat' dir='ltr'>deducet</span> <span class='ocrx_word' id='word_1_914' title='bbox 2092 1771 2322 1803; x_wconf 85' lang='lat' dir='ltr'>subiectionem</span> <span class='ocrx_word' id='word_1_915' title='bbox 2349 1771 2446 1803; x_wconf 80' lang='lat' dir='ltr'>huius</span> <span class='ocrx_word' id='word_1_916' title='bbox 2472 1778 2617 1812; x_wconf 80' lang='lat' dir='ltr'>respectu</span> 
     </span>
     <span class='ocr_line' id='line_1_113' title="bbox 1551 1815 2618 1858; baseline 0 -11"><span class='ocrx_word' id='word_1_917' title='bbox 1551 1817 1678 1857; x_wconf 87' lang='lat' dir='ltr'>regulae</span> <span class='ocrx_word' id='word_1_918' title='bbox 1701 1823 1731 1847; x_wconf 88' lang='lat' dir='ltr'>et</span> <span class='ocrx_word' id='word_1_919' title='bbox 1754 1823 1945 1847; x_wconf 86' lang='lat' dir='ltr'>statutorum</span> <span class='ocrx_word' id='word_1_920' title='bbox 1967 1822 1999 1847; x_wconf 92' lang='lat' dir='ltr'>et</span> <span class='ocrx_word' id='word_1_921' title='bbox 2017 1826 2222 1847; x_wconf 84' lang='lat' dir='ltr'>censurarum</span> <span class='ocrx_word' id='word_1_922' title='bbox 2235 1815 2320 1847; x_wconf 89' lang='lat' dir='ltr'>illius</span> <span class='ocrx_word' id='word_1_923' title='bbox 2333 1815 2618 1858; x_wconf 14' lang='lat' dir='ltr'>religionisgquam</span> 
     </span>
     <span class='ocr_line' id='line_1_114' title="bbox 1550 1859 2555 1892; baseline 0 -2"><span class='ocrx_word' id='word_1_924' title='bbox 1550 1861 1639 1891; x_wconf 89' lang='lat' dir='ltr'>vovit</span> <span class='ocrx_word' id='word_1_925' title='bbox 1662 1869 1836 1891; x_wconf 86' lang='lat' dir='ltr'>assumere:</span> <span class='ocrx_word' id='word_1_926' title='bbox 1860 1867 1891 1891; x_wconf 89' lang='lat' dir='ltr'>et</span> <span class='ocrx_word' id='word_1_927' title='bbox 1914 1860 2025 1891; x_wconf 85' lang='lat' dir='ltr'>exinde</span> <span class='ocrx_word' id='word_1_928' title='bbox 2047 1866 2096 1892; x_wconf 92' lang='lat' dir='ltr'>tot</span> <span class='ocrx_word' id='word_1_929' title='bbox 2118 1866 2155 1891; x_wconf 93' lang='lat' dir='ltr'>ut</span> <span class='ocrx_word' id='word_1_930' title='bbox 2176 1860 2350 1891; x_wconf 89' lang='lat' dir='ltr'>absurdum</span> <span class='ocrx_word' id='word_1_931' title='bbox 2373 1860 2414 1890; x_wconf 90' lang='lat' dir='ltr'>sit</span> <span class='ocrx_word' id='word_1_932' title='bbox 2435 1859 2555 1891; x_wconf 83' lang='lat' dir='ltr'>audire.</span> 
     </span>
    </p>

    <p class='ocr_par' dir='ltr' id='par_1_12' title="bbox 1550 1903 2620 2122">
     <span class='ocr_line' id='line_1_115' title="bbox 1607 1903 2618 1945; baseline -0.001 -10"><span class='ocrx_word' id='word_1_933' title='bbox 1607 1904 1786 1935; x_wconf 88' lang='lat' dir='ltr'>Dicendum</span> <span class='ocrx_word' id='word_1_934' title='bbox 1802 1912 1848 1936; x_wconf 92' lang='lat' dir='ltr'>est</span> <span class='ocrx_word' id='word_1_935' title='bbox 1862 1904 1957 1944; x_wconf 89' lang='lat' dir='ltr'>igitur</span> <span class='ocrx_word' id='word_1_936' title='bbox 1978 1905 2019 1934; x_wconf 89' lang='lat' dir='ltr'>ad</span> <span class='ocrx_word' id='word_1_937' title='bbox 2041 1904 2221 1945; x_wconf 88' lang='lat' dir='ltr'>quaesitum</span> <span class='ocrx_word' id='word_1_938' title='bbox 2235 1903 2253 1923; x_wconf 91' lang='lat'><strong>*</strong></span> <span class='ocrx_word' id='word_1_939' title='bbox 2276 1903 2367 1944; x_wconf 92' lang='lat' dir='ltr'>quod</span> <span class='ocrx_word' id='word_1_940' title='bbox 2388 1904 2430 1935; x_wconf 85' lang='lat' dir='ltr'>ad</span> <span class='ocrx_word' id='word_1_941' title='bbox 2451 1903 2618 1944; x_wconf 77' lang='lat' dir='ltr'>poeniten-</span> 
     </span>
     <span class='ocr_line' id='line_1_116' title="bbox 1551 1947 2617 1989; baseline -0.002 -9"><span class='ocrx_word' id='word_1_942' title='bbox 1551 1949 1630 1980; x_wconf 90' lang='lat' dir='ltr'>tiam</span> <span class='ocrx_word' id='word_1_943' title='bbox 1644 1958 1794 1989; x_wconf 86' lang='lat' dir='ltr'>magnam</span> <span class='ocrx_word' id='word_1_944' title='bbox 1808 1955 1942 1985; x_wconf 85' lang='lat' dir='ltr'>tenetur,</span> <span class='ocrx_word' id='word_1_945' title='bbox 1957 1948 2032 1989; x_wconf 87' lang='lat' dir='ltr'>quia</span> <span class='ocrx_word' id='word_1_946' title='bbox 2048 1947 2156 1988; x_wconf 88' lang='lat' dir='ltr'>magni</span> <span class='ocrx_word' id='word_1_947' title='bbox 2170 1955 2275 1979; x_wconf 90' lang='lat' dir='ltr'>reatus</span> <span class='ocrx_word' id='word_1_948' title='bbox 2289 1954 2456 1987; x_wconf 69' lang='lat' dir='ltr'>pecatum</span> <span class='ocrx_word' id='word_1_949' title='bbox 2471 1947 2617 1984; x_wconf 87' lang='lat' dir='ltr'>incurrit;</span> 
     </span>
     <span class='ocr_line' id='line_1_117' title="bbox 1552 1991 2616 2033; baseline -0.001 -10"><span class='ocrx_word' id='word_1_950' title='bbox 1552 1999 1583 2024; x_wconf 90' lang='lat' dir='ltr'>et</span> <span class='ocrx_word' id='word_1_951' title='bbox 1598 1993 1639 2023; x_wconf 89' lang='lat' dir='ltr'>ad</span> <span class='ocrx_word' id='word_1_952' title='bbox 1652 1994 1851 2024; x_wconf 82' lang='lat' dir='ltr'>voluntatem</span> <span class='ocrx_word' id='word_1_953' title='bbox 1865 1992 2035 2033; x_wconf 89' lang='lat' dir='ltr'>profitendi</span> <span class='ocrx_word' id='word_1_954' title='bbox 2049 1993 2236 2032; x_wconf 87' lang='lat' dir='ltr'>religionem</span> <span class='ocrx_word' id='word_1_955' title='bbox 2254 1992 2383 2033; x_wconf 84' lang='lat' dir='ltr'>quando</span> <span class='ocrx_word' id='word_1_956' title='bbox 2399 1991 2525 2032; x_wconf 85' lang='lat' dir='ltr'>poterit.</span> <span class='ocrx_word' id='word_1_957' title='bbox 2547 1991 2616 2023; x_wconf 78' lang='lat' dir='ltr'>Nec</span> 
     </span>
     <span class='ocr_line' id='line_1_118' title="bbox 1550 2035 2620 2078; baseline 0 -11"><span class='ocrx_word' id='word_1_958' title='bbox 1550 2037 1644 2067; x_wconf 92' lang='lat' dir='ltr'>video</span> <span class='ocrx_word' id='word_1_959' title='bbox 1663 2037 1753 2078; x_wconf 93' lang='lat' dir='ltr'>quod</span> <span class='ocrx_word' id='word_1_960' title='bbox 1771 2043 1915 2068; x_wconf 89' lang='lat' dir='ltr'>teneatur</span> <span class='ocrx_word' id='word_1_961' title='bbox 1932 2037 1972 2067; x_wconf 91' lang='lat' dir='ltr'>de</span> <span class='ocrx_word' id='word_1_962' title='bbox 1987 2037 2171 2068; x_wconf 87' lang='lat' dir='ltr'>necessitate</span> <span class='ocrx_word' id='word_1_963' title='bbox 2184 2035 2294 2067; x_wconf 86' lang='lat' dir='ltr'>salutis</span> <span class='ocrx_word' id='word_1_964' title='bbox 2308 2036 2349 2066; x_wconf 82' lang='lat' dir='ltr'>ad</span> <span class='ocrx_word' id='word_1_965' title='bbox 2364 2036 2460 2067; x_wconf 78' lang='lat' dir='ltr'>aliud.</span> <span class='ocrx_word' id='word_1_966' title='bbox 2482 2036 2620 2067; x_wconf 79' lang='lat' dir='ltr'>Deberet</span> 
     </span>
     <span class='ocr_line' id='line_1_119' title="bbox 1553 2079 2502 2122; baseline -0.001 -10"><span class='ocrx_word' id='word_1_967' title='bbox 1553 2088 1661 2112; x_wconf 87' lang='lat' dir='ltr'>tamen</span> <span class='ocrx_word' id='word_1_968' title='bbox 1683 2081 1776 2112; x_wconf 91' lang='lat' dir='ltr'>bonis</span> <span class='ocrx_word' id='word_1_969' title='bbox 1800 2081 1949 2122; x_wconf 81' lang='lat' dir='ltr'>operibus</span> <span class='ocrx_word' id='word_1_970' title='bbox 1972 2080 2117 2111; x_wconf 90' lang='lat' dir='ltr'>exhibere</span> <span class='ocrx_word' id='word_1_971' title='bbox 2139 2090 2173 2111; x_wconf 89' lang='lat' dir='ltr'>se</span> <span class='ocrx_word' id='word_1_972' title='bbox 2195 2080 2286 2121; x_wconf 89' lang='lat' dir='ltr'>quasi</span> <span class='ocrx_word' id='word_1_973' title='bbox 2308 2079 2502 2120; x_wconf 86' lang='lat' dir='ltr'>religiosum.</span> 
     </span>
    </p>

    <p class='ocr_par' dir='ltr' id='par_1_13' title="bbox 1550 2123 2620 2474">
     <span class='ocr_line' id='line_1_120' title="bbox 1607 2123 2617 2166; baseline -0.001 -10"><span class='ocrx_word' id='word_1_974' title='bbox 1607 2126 1700 2156; x_wconf 90' lang='lat' dir='ltr'>Unde</span> <span class='ocrx_word' id='word_1_975' title='bbox 1725 2125 1837 2165; x_wconf 85' lang='lat' dir='ltr'>collige</span> <span class='ocrx_word' id='word_1_976' title='bbox 1865 2125 1955 2166; x_wconf 92' lang='lat' dir='ltr'>quod</span> <span class='ocrx_word' id='word_1_977' title='bbox 1976 2131 2090 2156; x_wconf 88' lang='lat' dir='ltr'>votum</span> <span class='ocrx_word' id='word_1_978' title='bbox 2113 2124 2274 2165; x_wconf 86' lang='lat' dir='ltr'>religionis</span> <span class='ocrx_word' id='word_1_979' title='bbox 2304 2123 2466 2164; x_wconf 84' lang='lat' dir='ltr'>tripliciter</span> <span class='ocrx_word' id='word_1_980' title='bbox 2488 2123 2617 2155; x_wconf 82' lang='lat' dir='ltr'>dicitur:</span> 
     </span>
     <span class='ocr_line' id='line_1_121' title="bbox 1552 2167 2620 2209; baseline -0.001 -9"><span class='ocrx_word' id='word_1_981' title='bbox 1552 2169 1669 2200; x_wconf 90' lang='lat' dir='ltr'>scilicet</span> <span class='ocrx_word' id='word_1_982' title='bbox 1690 2176 1804 2200; x_wconf 91' lang='lat' dir='ltr'>votum</span> <span class='ocrx_word' id='word_1_983' title='bbox 1828 2169 1866 2200; x_wconf 87' lang='lat' dir='ltr'>de</span> <span class='ocrx_word' id='word_1_984' title='bbox 1889 2169 2031 2209; x_wconf 84' lang='lat' dir='ltr'>ingressu</span> <span class='ocrx_word' id='word_1_985' title='bbox 2047 2169 2224 2209; x_wconf 87' lang='lat' dir='ltr'>religionis;</span> <span class='ocrx_word' id='word_1_986' title='bbox 2248 2175 2279 2200; x_wconf 91' lang='lat' dir='ltr'>et</span> <span class='ocrx_word' id='word_1_987' title='bbox 2299 2175 2414 2199; x_wconf 88' lang='lat' dir='ltr'>votum</span> <span class='ocrx_word' id='word_1_988' title='bbox 2438 2169 2478 2200; x_wconf 91' lang='lat' dir='ltr'>de</span> <span class='ocrx_word' id='word_1_989' title='bbox 2500 2167 2620 2209; x_wconf 50' lang='lat' dir='ltr'>profe&amp;</span> 
     </span>
     <span class='ocr_line' id='line_1_122' title="bbox 1552 2211 2619 2254; baseline -0.001 -10"><span class='ocrx_word' id='word_1_990' title='bbox 1552 2213 1642 2244; x_wconf 90' lang='lat' dir='ltr'>sione</span> <span class='ocrx_word' id='word_1_991' title='bbox 1664 2213 1842 2253; x_wconf 88' lang='lat' dir='ltr'>religionis;</span> <span class='ocrx_word' id='word_1_992' title='bbox 1867 2220 1898 2244; x_wconf 92' lang='lat' dir='ltr'>et</span> <span class='ocrx_word' id='word_1_993' title='bbox 1919 2220 2032 2244; x_wconf 91' lang='lat' dir='ltr'>votum</span> <span class='ocrx_word' id='word_1_994' title='bbox 2056 2214 2095 2244; x_wconf 91' lang='lat' dir='ltr'>de</span> <span class='ocrx_word' id='word_1_995' title='bbox 2117 2213 2186 2254; x_wconf 88' lang='lat' dir='ltr'>ipsa</span> <span class='ocrx_word' id='word_1_996' title='bbox 2208 2212 2374 2253; x_wconf 86' lang='lat' dir='ltr'>religione,</span> <span class='ocrx_word' id='word_1_997' title='bbox 2398 2213 2488 2254; x_wconf 86' lang='lat' dir='ltr'>quod</span> <span class='ocrx_word' id='word_1_998' title='bbox 2510 2211 2619 2244; x_wconf 80' lang='lat' dir='ltr'>solum</span> 
     </span>
     <span class='ocr_line' id='line_1_123' title="bbox 1552 2255 2619 2298; baseline 0 -10"><span class='ocrx_word' id='word_1_999' title='bbox 1552 2257 1680 2298; x_wconf 89' lang='lat' dir='ltr'>proprie</span> <span class='ocrx_word' id='word_1_1000' title='bbox 1703 2257 1817 2288; x_wconf 90' lang='lat' dir='ltr'>dicitur</span> <span class='ocrx_word' id='word_1_1001' title='bbox 1834 2265 1947 2288; x_wconf 91' lang='lat' dir='ltr'>votum</span> <span class='ocrx_word' id='word_1_1002' title='bbox 1962 2257 2131 2298; x_wconf 88' lang='lat' dir='ltr'>religionis.</span> <span class='ocrx_word' id='word_1_1003' title='bbox 2156 2257 2255 2295; x_wconf 89' lang='lat' dir='ltr'>Quod</span> <span class='ocrx_word' id='word_1_1004' title='bbox 2269 2257 2297 2288; x_wconf 89' lang='lat' dir='ltr'>si</span> <span class='ocrx_word' id='word_1_1005' title='bbox 2310 2256 2366 2288; x_wconf 83' lang='lat' dir='ltr'>fiat</span> <span class='ocrx_word' id='word_1_1006' title='bbox 2380 2257 2448 2288; x_wconf 87' lang='lat' dir='ltr'>sine</span> <span class='ocrx_word' id='word_1_1007' title='bbox 2461 2255 2619 2288; x_wconf 67' lang='lat' dir='ltr'>Ecclesiae</span> 
     </span>
     <span class='ocr_line' id='line_1_124' title="bbox 1552 2301 2618 2343; baseline -0.001 -10"><span class='ocrx_word' id='word_1_1008' title='bbox 1552 2302 1799 2343; x_wconf 88' lang='lat' dir='ltr'>approbatione,</span> <span class='ocrx_word' id='word_1_1009' title='bbox 1823 2309 1870 2333; x_wconf 89' lang='lat' dir='ltr'>est</span> <span class='ocrx_word' id='word_1_1010' title='bbox 1898 2302 2047 2342; x_wconf 85' lang='lat' dir='ltr'>simplex:</span> <span class='ocrx_word' id='word_1_1011' title='bbox 2075 2302 2102 2332; x_wconf 89' lang='lat' dir='ltr'>si</span> <span class='ocrx_word' id='word_1_1012' title='bbox 2125 2312 2202 2333; x_wconf 90' lang='lat' dir='ltr'>cum</span> <span class='ocrx_word' id='word_1_1013' title='bbox 2223 2301 2470 2342; x_wconf 87' lang='lat' dir='ltr'>approbatione,</span> <span class='ocrx_word' id='word_1_1014' title='bbox 2493 2307 2541 2332; x_wconf 85' lang='lat' dir='ltr'>est</span> <span class='ocrx_word' id='word_1_1015' title='bbox 2566 2310 2618 2333; x_wconf 79' lang='lat' dir='ltr'>su·</span> 
     </span>
     <span class='ocr_line' id='line_1_125' title="bbox 1550 2345 2618 2387; baseline 0 -11"><span class='ocrx_word' id='word_1_1016' title='bbox 1550 2346 1666 2377; x_wconf 92' lang='lat' dir='ltr'>lemne.</span> <span class='ocrx_word' id='word_1_1017' title='bbox 1690 2346 1783 2377; x_wconf 88' lang='lat' dir='ltr'>Unde</span> <span class='ocrx_word' id='word_1_1018' title='bbox 1799 2346 1893 2376; x_wconf 89' lang='lat' dir='ltr'>etiam</span> <span class='ocrx_word' id='word_1_1019' title='bbox 1911 2346 2018 2377; x_wconf 90' lang='lat' dir='ltr'>videre</span> <span class='ocrx_word' id='word_1_1020' title='bbox 2040 2352 2132 2387; x_wconf 90' lang='lat' dir='ltr'>potes</span> <span class='ocrx_word' id='word_1_1021' title='bbox 2155 2356 2254 2387; x_wconf 88' lang='lat' dir='ltr'>quam</span> <span class='ocrx_word' id='word_1_1022' title='bbox 2269 2345 2412 2376; x_wconf 83' lang='lat' dir='ltr'>differens</span> <span class='ocrx_word' id='word_1_1023' title='bbox 2428 2346 2469 2377; x_wconf 91' lang='lat' dir='ltr'>sit</span> <span class='ocrx_word' id='word_1_1024' title='bbox 2490 2345 2618 2386; x_wconf 73' lang='lat' dir='ltr'>propria</span> 
     </span>
     <span class='ocr_line' id='line_1_126' title="bbox 1552 2389 2618 2430; baseline 0 -10"><span class='ocrx_word' id='word_1_1025' title='bbox 1552 2390 1681 2421; x_wconf 88' lang='lat' dir='ltr'>materia</span> <span class='ocrx_word' id='word_1_1026' title='bbox 1703 2390 1737 2420; x_wconf 90' lang='lat' dir='ltr'>in</span> <span class='ocrx_word' id='word_1_1027' title='bbox 1760 2390 1882 2430; x_wconf 87' lang='lat' dir='ltr'>primo,</span> <span class='ocrx_word' id='word_1_1028' title='bbox 1907 2391 2048 2421; x_wconf 90' lang='lat' dir='ltr'>secundo</span> <span class='ocrx_word' id='word_1_1029' title='bbox 2072 2397 2103 2421; x_wconf 88' lang='lat' dir='ltr'>et</span> <span class='ocrx_word' id='word_1_1030' title='bbox 2125 2391 2232 2421; x_wconf 88' lang='lat' dir='ltr'>tertio:</span> <span class='ocrx_word' id='word_1_1031' title='bbox 2265 2396 2296 2421; x_wconf 91' lang='lat' dir='ltr'>et</span> <span class='ocrx_word' id='word_1_1032' title='bbox 2323 2390 2412 2430; x_wconf 89' lang='lat' dir='ltr'>quod</span> <span class='ocrx_word' id='word_1_1033' title='bbox 2435 2389 2548 2420; x_wconf 80' lang='lat' dir='ltr'>eadem</span> <span class='ocrx_word' id='word_1_1034' title='bbox 2571 2394 2618 2420; x_wconf 82' lang='lat' dir='ltr'>est</span> 
     </span>
     <span class='ocr_line' id='line_1_127' title="bbox 1552 2434 1976 2474; baseline 0 -9"><span class='ocrx_word' id='word_1_1035' title='bbox 1552 2434 1682 2465; x_wconf 88' lang='lat' dir='ltr'>materia</span> <span class='ocrx_word' id='word_1_1036' title='bbox 1705 2434 1786 2464; x_wconf 89' lang='lat' dir='ltr'>tertii</span> <span class='ocrx_word' id='word_1_1037' title='bbox 1809 2441 1840 2465; x_wconf 89' lang='lat' dir='ltr'>et</span> <span class='ocrx_word' id='word_1_1038' title='bbox 1862 2434 1976 2474; x_wconf 89' lang='lat' dir='ltr'>quarti.</span> 
     </span>
    </p>

    <p class='ocr_par' dir='ltr' id='par_1_14' title="bbox 1552 2477 2617 2684">
     <span class='ocr_line' id='line_1_128' title="bbox 1609 2477 2617 2518; baseline 0 -10"><span class='ocrx_word' id='word_1_1039' title='bbox 1609 2478 1661 2509; x_wconf 90' lang='lat' dir='ltr'>IX.</span> <span class='ocrx_word' id='word_1_1040' title='bbox 1691 2478 1743 2508; x_wconf 85' lang='lat' dir='ltr'>Ad</span> <span class='ocrx_word' id='word_1_1041' title='bbox 1773 2477 1910 2508; x_wconf 89' lang='lat' dir='ltr'>rationes</span> <span class='ocrx_word' id='word_1_1042' title='bbox 1945 2488 2021 2508; x_wconf 88' lang='lat' dir='ltr'>vero</span> <span class='ocrx_word' id='word_1_1043' title='bbox 2058 2478 2193 2508; x_wconf 85' lang='lat' dir='ltr'>aliarum</span> <span class='ocrx_word' id='word_1_1044' title='bbox 2229 2477 2422 2518; x_wconf 88' lang='lat' dir='ltr'>opinionum</span> <span class='ocrx_word' id='word_1_1045' title='bbox 2442 2477 2460 2496; x_wconf 81' lang='grc'>*</span> <span class='ocrx_word' id='word_1_1046' title='bbox 2487 2480 2617 2517; x_wconf 76' lang='lat' dir='ltr'>respon-</span> 
     </span>
     <span class='ocr_line' id='line_1_129' title="bbox 1553 2521 2615 2562; baseline 0 -10"><span class='ocrx_word' id='word_1_1047' title='bbox 1553 2522 1669 2558; x_wconf 89' lang='lat' dir='ltr'>dendo,</span> <span class='ocrx_word' id='word_1_1048' title='bbox 1686 2521 1799 2552; x_wconf 88' lang='lat' dir='ltr'>dicitur</span> <span class='ocrx_word' id='word_1_1049' title='bbox 1821 2522 1910 2562; x_wconf 92' lang='lat' dir='ltr'>quod</span> <span class='ocrx_word' id='word_1_1050' title='bbox 1938 2522 2039 2562; x_wconf 89' lang='lat' dir='ltr'>prima</span> <span class='ocrx_word' id='word_1_1051' title='bbox 2067 2522 2177 2562; x_wconf 90' lang='lat' dir='ltr'>opinio</span> <span class='ocrx_word' id='word_1_1052' title='bbox 2198 2521 2281 2552; x_wconf 86' lang='lat' dir='ltr'>favet</span> <span class='ocrx_word' id='word_1_1053' title='bbox 2303 2529 2413 2552; x_wconf 85' lang='lat' dir='ltr'>nostro</span> <span class='ocrx_word' id='word_1_1054' title='bbox 2437 2521 2615 2562; x_wconf 80' lang='lat' dir='ltr'>proposito,</span> 
     </span>
     <span class='ocr_line' id='line_1_130' title="bbox 1553 2565 2614 2616; baseline 0.001 -21"><span class='ocrx_word' id='word_1_1055' title='bbox 1553 2566 1631 2596; x_wconf 89' lang='lat' dir='ltr'>dum</span> <span class='ocrx_word' id='word_1_1056' title='bbox 1650 2565 1741 2616; x_wconf 81' lang='lat' dir='ltr'>ponit</span> <span class='ocrx_word' id='word_1_1057' title='bbox 1757 2565 1968 2596; x_wconf 88' lang='lat' dir='ltr'>diversitatem</span> <span class='ocrx_word' id='word_1_1058' title='bbox 1991 2566 2154 2596; x_wconf 87' lang='lat' dir='ltr'>materiae:</span> <span class='ocrx_word' id='word_1_1059' title='bbox 2179 2573 2210 2597; x_wconf 90' lang='lat' dir='ltr'>et</span> <span class='ocrx_word' id='word_1_1060' title='bbox 2231 2575 2342 2597; x_wconf 87' lang='lat' dir='ltr'>verum</span> <span class='ocrx_word' id='word_1_1061' title='bbox 2359 2565 2434 2596; x_wconf 91' lang='lat' dir='ltr'>dicit</span> <span class='ocrx_word' id='word_1_1062' title='bbox 2447 2565 2614 2606; x_wconf 83' lang='lat' dir='ltr'>loquendo</span> 
     </span>
     <span class='ocr_line' id='line_1_131' title="bbox 1553 2609 2617 2651; baseline 0 -11"><span class='ocrx_word' id='word_1_1063' title='bbox 1553 2610 1591 2640; x_wconf 91' lang='lat' dir='ltr'>de</span> <span class='ocrx_word' id='word_1_1064' title='bbox 1607 2610 1736 2640; x_wconf 87' lang='lat' dir='ltr'>materia</span> <span class='ocrx_word' id='word_1_1065' title='bbox 1751 2609 1895 2650; x_wconf 86' lang='lat' dir='ltr'>proxima</span> <span class='ocrx_word' id='word_1_1066' title='bbox 1919 2616 1949 2640; x_wconf 92' lang='lat' dir='ltr'>et</span> <span class='ocrx_word' id='word_1_1067' title='bbox 1970 2610 2163 2647; x_wconf 85' lang='lat' dir='ltr'>immediata,</span> <span class='ocrx_word' id='word_1_1068' title='bbox 2180 2620 2277 2650; x_wconf 88' lang='lat' dir='ltr'>penes</span> <span class='ocrx_word' id='word_1_1069' title='bbox 2299 2619 2398 2651; x_wconf 90' lang='lat' dir='ltr'>quam</span> <span class='ocrx_word' id='word_1_1070' title='bbox 2413 2616 2515 2640; x_wconf 86' lang='lat' dir='ltr'>cetera</span> <span class='ocrx_word' id='word_1_1071' title='bbox 2538 2619 2617 2650; x_wconf 85' lang='lat' dir='ltr'>pen-</span> 
     </span>
     <span class='ocr_line' id='line_1_132' title="bbox 1552 2661 1670 2685; baseline -0.009 -1"><span class='ocrx_word' id='word_1_1072' title='bbox 1552 2661 1670 2685; x_wconf 85' lang='lat' dir='ltr'>santur.</span> 
     </span>
    </p>

    <p class='ocr_par' dir='ltr' id='par_1_15' title="bbox 1551 2696 2617 2783">
     <span class='ocr_line' id='line_1_133' title="bbox 1607 2696 2617 2747; baseline -0.001 -18"><span class='ocrx_word' id='word_1_1073' title='bbox 1607 2698 1752 2729; x_wconf 89' lang='lat' dir='ltr'>Secunda</span> <span class='ocrx_word' id='word_1_1074' title='bbox 1784 2703 1891 2728; x_wconf 87' lang='lat' dir='ltr'>autem</span> <span class='ocrx_word' id='word_1_1075' title='bbox 1921 2697 2050 2747; x_wconf 81' lang='lat' dir='ltr'>opinio,</span> <span class='ocrx_word' id='word_1_1076' title='bbox 2074 2697 2205 2728; x_wconf 85' lang='lat' dir='ltr'>fundata</span> <span class='ocrx_word' id='word_1_1077' title='bbox 2234 2698 2267 2728; x_wconf 91' lang='lat' dir='ltr'>in</span> <span class='ocrx_word' id='word_1_1078' title='bbox 2295 2698 2416 2728; x_wconf 89' lang='lat' dir='ltr'>ratione</span> <span class='ocrx_word' id='word_1_1079' title='bbox 2447 2704 2479 2729; x_wconf 91' lang='lat' dir='ltr'>et</span> <span class='ocrx_word' id='word_1_1080' title='bbox 2508 2696 2617 2728; x_wconf 78' lang='lat' dir='ltr'>simili-</span> 
     </span>
     <span class='ocr_line' id='line_1_134' title="bbox 1551 2741 2616 2783; baseline 0 -11"><span class='ocrx_word' id='word_1_1081' title='bbox 1551 2742 1670 2778; x_wconf 89' lang='lat' dir='ltr'>tudine,</span> <span class='ocrx_word' id='word_1_1082' title='bbox 1687 2752 1753 2772; x_wconf 91' lang='lat' dir='ltr'>non</span> <span class='ocrx_word' id='word_1_1083' title='bbox 1769 2741 1863 2772; x_wconf 87' lang='lat' dir='ltr'>habet</span> <span class='ocrx_word' id='word_1_1084' title='bbox 1877 2741 2104 2772; x_wconf 86' lang='lat' dir='ltr'>necessitatem.</span> <span class='ocrx_word' id='word_1_1085' title='bbox 2127 2742 2292 2779; x_wconf 90' lang='lat' dir='ltr'>Quoniam</span> <span class='ocrx_word' id='word_1_1086' title='bbox 2307 2752 2344 2772; x_wconf 91' lang='lat' dir='ltr'>ex</span> <span class='ocrx_word' id='word_1_1087' title='bbox 2359 2742 2422 2772; x_wconf 89' lang='lat' dir='ltr'>hoc</span> <span class='ocrx_word' id='word_1_1088' title='bbox 2436 2742 2526 2783; x_wconf 90' lang='lat' dir='ltr'>quod</span> <span class='ocrx_word' id='word_1_1089' title='bbox 2542 2751 2616 2782; x_wconf 85' lang='lat' dir='ltr'>pro</span> 
     </span>
    </p>
   </div>
   <div class='ocr_carea' id='block_1_7' title="bbox 1551 2785 2642 2827">
    <p class='ocr_par' dir='ltr' id='par_1_16' title="bbox 1551 2785 2642 2827">
     <span class='ocr_line' id='line_1_135' title="bbox 1551 2785 2642 2827; baseline 0.002 -11"><span class='ocrx_word' id='word_1_1090' title='bbox 1551 2786 1662 2816; x_wconf 90' lang='lat' dir='ltr'>missio</span> <span class='ocrx_word' id='word_1_1091' title='bbox 1679 2793 1725 2817; x_wconf 93' lang='lat' dir='ltr'>est</span> <span class='ocrx_word' id='word_1_1092' title='bbox 1741 2792 1870 2826; x_wconf 89' lang='lat' dir='ltr'>propter</span> <span class='ocrx_word' id='word_1_1093' title='bbox 1885 2785 2090 2826; x_wconf 88' lang='lat' dir='ltr'>promissum,</span> <span class='ocrx_word' id='word_1_1094' title='bbox 2106 2786 2186 2816; x_wconf 90' lang='lat' dir='ltr'>nihil</span> <span class='ocrx_word' id='word_1_1095' title='bbox 2200 2786 2287 2817; x_wconf 88' lang='lat' dir='ltr'>aliud</span> <span class='ocrx_word' id='word_1_1096' title='bbox 2305 2786 2438 2817; x_wconf 88' lang='lat' dir='ltr'>habetur</span> <span class='ocrx_word' id='word_1_1097' title='bbox 2453 2785 2514 2817; x_wconf 87' lang='lat' dir='ltr'>nisi</span> <span class='ocrx_word' id='word_1_1098' title='bbox 2527 2786 2615 2827; x_wconf 84' lang='lat' dir='ltr'>quod</span> <span class='ocrx_word' id='word_1_1099' title='bbox 2638 2814 2642 2818; x_wconf 91' lang='lat'>.</span> 
     </span>
    </p>
   </div>
   <div class='ocr_carea' id='block_1_8' title="bbox 1548 2829 2616 3617">
    <p class='ocr_par' dir='ltr' id='par_1_17' title="bbox 1549 2829 2616 3353">
     <span class='ocr_line' id='line_1_136' title="bbox 1550 2829 2616 2870; baseline 0.001 -10"><span class='ocrx_word' id='word_1_1100' title='bbox 1550 2840 1631 2860; x_wconf 87' lang='lat' dir='ltr'>vana</span> <span class='ocrx_word' id='word_1_1101' title='bbox 1654 2835 1735 2860; x_wconf 89' lang='lat' dir='ltr'>esset</span> <span class='ocrx_word' id='word_1_1102' title='bbox 1762 2829 1933 2869; x_wconf 89' lang='lat' dir='ltr'>promissio</span> <span class='ocrx_word' id='word_1_1103' title='bbox 1962 2830 2081 2870; x_wconf 90' lang='lat' dir='ltr'>absque</span> <span class='ocrx_word' id='word_1_1104' title='bbox 2106 2830 2213 2861; x_wconf 91' lang='lat' dir='ltr'>debito</span> <span class='ocrx_word' id='word_1_1105' title='bbox 2240 2830 2405 2870; x_wconf 87' lang='lat' dir='ltr'>promissi:</span> <span class='ocrx_word' id='word_1_1106' title='bbox 2434 2840 2470 2861; x_wconf 87' lang='lat' dir='ltr'>ac</span> <span class='ocrx_word' id='word_1_1107' title='bbox 2493 2839 2532 2861; x_wconf 84' lang='lat' dir='ltr'>ex</span> <span class='ocrx_word' id='word_1_1108' title='bbox 2552 2829 2616 2861; x_wconf 77' lang='lat' dir='ltr'>hoc</span> 
     </span>
     <span class='ocr_line' id='line_1_137' title="bbox 1551 2873 2615 2915; baseline 0.001 -11"><span class='ocrx_word' id='word_1_1109' title='bbox 1551 2874 1673 2914; x_wconf 87' lang='lat' dir='ltr'>optime</span> <span class='ocrx_word' id='word_1_1110' title='bbox 1691 2873 1823 2904; x_wconf 89' lang='lat' dir='ltr'>infertur</span> <span class='ocrx_word' id='word_1_1111' title='bbox 1845 2873 1935 2915; x_wconf 89' lang='lat' dir='ltr'>quod</span> <span class='ocrx_word' id='word_1_1112' title='bbox 1957 2874 2080 2905; x_wconf 91' lang='lat' dir='ltr'>debitor</span> <span class='ocrx_word' id='word_1_1113' title='bbox 2103 2874 2227 2909; x_wconf 87' lang='lat' dir='ltr'>futurae</span> <span class='ocrx_word' id='word_1_1114' title='bbox 2250 2874 2471 2915; x_wconf 84' lang='lat' dir='ltr'>promissionis</span> <span class='ocrx_word' id='word_1_1115' title='bbox 2493 2880 2540 2905; x_wconf 84' lang='lat' dir='ltr'>est</span> <span class='ocrx_word' id='word_1_1116' title='bbox 2561 2874 2615 2905; x_wconf 76' lang='lat' dir='ltr'>de—</span> 
     </span>
     <span class='ocr_line' id='line_1_138' title="bbox 1551 2917 2615 2960; baseline 0.001 -12"><span class='ocrx_word' id='word_1_1117' title='bbox 1551 2917 1635 2949; x_wconf 89' lang='lat' dir='ltr'>bitor</span> <span class='ocrx_word' id='word_1_1118' title='bbox 1656 2918 1696 2948; x_wconf 90' lang='lat' dir='ltr'>ad</span> <span class='ocrx_word' id='word_1_1119' title='bbox 1719 2917 1977 2949; x_wconf 89' lang='lat' dir='ltr'>constituendum</span> <span class='ocrx_word' id='word_1_1120' title='bbox 2004 2928 2037 2949; x_wconf 91' lang='lat' dir='ltr'>se</span> <span class='ocrx_word' id='word_1_1121' title='bbox 2060 2917 2236 2959; x_wconf 86' lang='lat' dir='ltr'>obligatum</span> <span class='ocrx_word' id='word_1_1122' title='bbox 2264 2919 2304 2949; x_wconf 87' lang='lat' dir='ltr'>ad</span> <span class='ocrx_word' id='word_1_1123' title='bbox 2331 2918 2555 2960; x_wconf 88' lang='lat' dir='ltr'>exequendum</span> <span class='ocrx_word' id='word_1_1124' title='bbox 2581 2917 2615 2949; x_wconf 80' lang='lat' dir='ltr'>id</span> 
     </span>
     <span class='ocr_line' id='line_1_139' title="bbox 1551 2961 2615 3004; baseline 0.002 -12"><span class='ocrx_word' id='word_1_1125' title='bbox 1551 2962 1641 3002; x_wconf 92' lang='lat' dir='ltr'>quod</span> <span class='ocrx_word' id='word_1_1126' title='bbox 1663 2962 1722 2992; x_wconf 91' lang='lat' dir='ltr'>sub</span> <span class='ocrx_word' id='word_1_1127' title='bbox 1745 2961 1852 2993; x_wconf 88' lang='lat' dir='ltr'>futura</span> <span class='ocrx_word' id='word_1_1128' title='bbox 1873 2962 2085 3002; x_wconf 89' lang='lat' dir='ltr'>promissione</span> <span class='ocrx_word' id='word_1_1129' title='bbox 2101 2962 2191 2994; x_wconf 83' lang='lat' dir='ltr'>cadit.</span> <span class='ocrx_word' id='word_1_1130' title='bbox 2215 2963 2257 2993; x_wconf 89' lang='lat' dir='ltr'>Et</span> <span class='ocrx_word' id='word_1_1131' title='bbox 2278 2972 2344 2993; x_wconf 89' lang='lat' dir='ltr'>non</span> <span class='ocrx_word' id='word_1_1132' title='bbox 2360 2962 2503 3004; x_wconf 88' lang='lat' dir='ltr'>sequitur</span> <span class='ocrx_word' id='word_1_1133' title='bbox 2525 2961 2615 3003; x_wconf 75' lang='lat' dir='ltr'>quod</span> 
     </span>
     <span class='ocr_line' id='line_1_140' title="bbox 1550 3005 2613 3047; baseline 0.002 -11"><span class='ocrx_word' id='word_1_1134' title='bbox 1550 3006 1610 3037; x_wconf 90' lang='lat' dir='ltr'>ista</span> <span class='ocrx_word' id='word_1_1135' title='bbox 1639 3005 1808 3046; x_wconf 90' lang='lat' dir='ltr'>promissio</span> <span class='ocrx_word' id='word_1_1136' title='bbox 1838 3006 1956 3046; x_wconf 90' lang='lat' dir='ltr'>prima,</span> <span class='ocrx_word' id='word_1_1137' title='bbox 1980 3016 2045 3047; x_wconf 87' lang='lat' dir='ltr'>qua</span> <span class='ocrx_word' id='word_1_1138' title='bbox 2068 3006 2175 3047; x_wconf 91' lang='lat' dir='ltr'>obligo</span> <span class='ocrx_word' id='word_1_1139' title='bbox 2199 3016 2251 3037; x_wconf 87' lang='lat' dir='ltr'>me</span> <span class='ocrx_word' id='word_1_1140' title='bbox 2279 3007 2319 3037; x_wconf 88' lang='lat' dir='ltr'>ad</span> <span class='ocrx_word' id='word_1_1141' title='bbox 2346 3006 2613 3047; x_wconf 74' lang='lat' dir='ltr'>promittendum,</span> 
     </span>
     <span class='ocr_line' id='line_1_141' title="bbox 1550 3049 2612 3092; baseline 0.002 -12"><span class='ocrx_word' id='word_1_1142' title='bbox 1550 3050 1640 3081; x_wconf 88' lang='lat' dir='ltr'>cadat</span> <span class='ocrx_word' id='word_1_1143' title='bbox 1670 3060 1765 3090; x_wconf 87' lang='lat' dir='ltr'>super</span> <span class='ocrx_word' id='word_1_1144' title='bbox 1787 3050 1972 3081; x_wconf 90' lang='lat' dir='ltr'>executione</span> <span class='ocrx_word' id='word_1_1145' title='bbox 1994 3050 2119 3081; x_wconf 87' lang='lat' dir='ltr'>futurae</span> <span class='ocrx_word' id='word_1_1146' title='bbox 2141 3050 2371 3091; x_wconf 82' lang='lat' dir='ltr'>promissionis.</span> <span class='ocrx_word' id='word_1_1147' title='bbox 2406 3051 2450 3082; x_wconf 91' lang='lat' dir='ltr'>Ut</span> <span class='ocrx_word' id='word_1_1148' title='bbox 2470 3056 2558 3092; x_wconf 81' lang='lat' dir='ltr'>patet</span> <span class='ocrx_word' id='word_1_1149' title='bbox 2578 3049 2612 3081; x_wconf 79' lang='lat' dir='ltr'>in</span> 
     </span>
     <span class='ocr_line' id='line_1_142' title="bbox 1550 3093 2614 3135; baseline 0.002 -11"><span class='ocrx_word' id='word_1_1150' title='bbox 1550 3094 1708 3134; x_wconf 86' lang='lat' dir='ltr'>exemplo.</span> <span class='ocrx_word' id='word_1_1151' title='bbox 1731 3093 1764 3124; x_wconf 90' lang='lat' dir='ltr'>Si</span> <span class='ocrx_word' id='word_1_1152' title='bbox 1780 3094 1852 3134; x_wconf 92' lang='lat' dir='ltr'>quis</span> <span class='ocrx_word' id='word_1_1153' title='bbox 1873 3093 2020 3134; x_wconf 88' lang='lat' dir='ltr'>promisit</span> <span class='ocrx_word' id='word_1_1154' title='bbox 2035 3094 2128 3125; x_wconf 86' lang='lat' dir='ltr'>alicui</span> <span class='ocrx_word' id='word_1_1155' title='bbox 2150 3095 2240 3135; x_wconf 89' lang='lat' dir='ltr'>quod</span> <span class='ocrx_word' id='word_1_1156' title='bbox 2262 3102 2337 3135; x_wconf 87' lang='lat' dir='ltr'>post</span> <span class='ocrx_word' id='word_1_1157' title='bbox 2353 3104 2498 3126; x_wconf 73' lang='lat' dir='ltr'>mensem</span> <span class='ocrx_word' id='word_1_1158' title='bbox 2519 3094 2614 3127; x_wconf 71' lang='lat' dir='ltr'>ducet</span> 
     </span>
     <span class='ocr_line' id='line_1_143' title="bbox 1550 3137 2612 3180; baseline 0.002 -12"><span class='ocrx_word' id='word_1_1159' title='bbox 1550 3148 1620 3168; x_wconf 86' lang='lat' dir='ltr'>eam</span> <span class='ocrx_word' id='word_1_1160' title='bbox 1644 3137 1677 3168; x_wconf 91' lang='lat' dir='ltr'>in</span> <span class='ocrx_word' id='word_1_1161' title='bbox 1700 3147 1842 3174; x_wconf 89' lang='lat' dir='ltr'>uxorem,</span> <span class='ocrx_word' id='word_1_1162' title='bbox 1866 3139 1926 3169; x_wconf 90' lang='lat' dir='ltr'>sub</span> <span class='ocrx_word' id='word_1_1163' title='bbox 1947 3138 2006 3168; x_wconf 89' lang='lat' dir='ltr'>hac</span> <span class='ocrx_word' id='word_1_1164' title='bbox 2029 3138 2240 3179; x_wconf 87' lang='lat' dir='ltr'>promissione</span> <span class='ocrx_word' id='word_1_1165' title='bbox 2263 3149 2329 3170; x_wconf 90' lang='lat' dir='ltr'>non</span> <span class='ocrx_word' id='word_1_1166' title='bbox 2351 3138 2435 3170; x_wconf 87' lang='lat' dir='ltr'>cadit</span> <span class='ocrx_word' id='word_1_1167' title='bbox 2455 3137 2545 3180; x_wconf 82' lang='lat' dir='ltr'>quod</span> <span class='ocrx_word' id='word_1_1168' title='bbox 2567 3143 2612 3176; x_wconf 62' lang='lat' dir='ltr'>te-</span> 
     </span>
     <span class='ocr_line' id='line_1_144' title="bbox 1550 3181 2612 3224; baseline 0.001 -13"><span class='ocrx_word' id='word_1_1169' title='bbox 1550 3188 1661 3212; x_wconf 90' lang='lat' dir='ltr'>neatur</span> <span class='ocrx_word' id='word_1_1170' title='bbox 1691 3181 1719 3211; x_wconf 91' lang='lat' dir='ltr'>ei</span> <span class='ocrx_word' id='word_1_1171' title='bbox 1754 3181 1884 3212; x_wconf 88' lang='lat' dir='ltr'>reddere</span> <span class='ocrx_word' id='word_1_1172' title='bbox 1918 3181 2060 3212; x_wconf 85' lang='lat' dir='ltr'>debitum</span> <span class='ocrx_word' id='word_1_1173' title='bbox 2097 3182 2278 3223; x_wconf 84' lang='lat' dir='ltr'>coniugale:</span> <span class='ocrx_word' id='word_1_1174' title='bbox 2315 3183 2357 3213; x_wconf 88' lang='lat' dir='ltr'>ad</span> <span class='ocrx_word' id='word_1_1175' title='bbox 2383 3183 2472 3224; x_wconf 90' lang='lat' dir='ltr'>quod</span> <span class='ocrx_word' id='word_1_1176' title='bbox 2486 3188 2612 3213; x_wconf 55' lang='lat' dir='ltr'>*umen</span> 
     </span>
     <span class='ocr_line' id='line_1_145' title="bbox 1550 3225 2610 3267; baseline 0.001 -12"><span class='ocrx_word' id='word_1_1177' title='bbox 1550 3225 1740 3265; x_wconf 87' lang='lat' dir='ltr'>obligabitur</span> <span class='ocrx_word' id='word_1_1178' title='bbox 1763 3235 1800 3255; x_wconf 91' lang='lat' dir='ltr'>ex</span> <span class='ocrx_word' id='word_1_1179' title='bbox 1818 3231 1979 3256; x_wconf 88' lang='lat' dir='ltr'>contracto</span> <span class='ocrx_word' id='word_1_1180' title='bbox 1995 3225 2154 3266; x_wconf 84' lang='lat' dir='ltr'>coniugio,</span> <span class='ocrx_word' id='word_1_1181' title='bbox 2178 3227 2267 3267; x_wconf 89' lang='lat' dir='ltr'>quod</span> <span class='ocrx_word' id='word_1_1182' title='bbox 2290 3233 2337 3257; x_wconf 88' lang='lat' dir='ltr'>est</span> <span class='ocrx_word' id='word_1_1183' title='bbox 2359 3226 2450 3267; x_wconf 78' lang='lat' dir='ltr'>quasi</span> <span class='ocrx_word' id='word_1_1184' title='bbox 2467 3225 2610 3257; x_wconf 56' lang='lat' dir='ltr'>vsecun&amp;</span> 
     </span>
     <span class='ocr_line' id='line_1_146' title="bbox 1549 3268 2611 3311; baseline 0.001 -12"><span class='ocrx_word' id='word_1_1185' title='bbox 1549 3268 1737 3309; x_wconf 86' lang='lat' dir='ltr'>promissio,</span> <span class='ocrx_word' id='word_1_1186' title='bbox 1761 3269 1801 3299; x_wconf 89' lang='lat' dir='ltr'>ad</span> <span class='ocrx_word' id='word_1_1187' title='bbox 1830 3279 1928 3309; x_wconf 87' lang='lat' dir='ltr'>quam</span> <span class='ocrx_word' id='word_1_1188' title='bbox 1958 3270 2129 3300; x_wconf 88' lang='lat' dir='ltr'>secundam</span> <span class='ocrx_word' id='word_1_1189' title='bbox 2157 3270 2402 3311; x_wconf 85' lang='lat' dir='ltr'>promissionem</span> <span class='ocrx_word' id='word_1_1190' title='bbox 2428 3276 2552 3302; x_wconf 79' lang='lat' dir='ltr'>tenetm·</span> <span class='ocrx_word' id='word_1_1191' title='bbox 2573 3276 2611 3300; x_wconf 78' lang='lat' dir='ltr'>ex</span> 
     </span>
     <span class='ocr_line' id='line_1_147' title="bbox 1550 3313 1838 3353; baseline 0 -10"><span class='ocrx_word' id='word_1_1192' title='bbox 1550 3313 1661 3353; x_wconf 89' lang='lat' dir='ltr'>prima,</span> <span class='ocrx_word' id='word_1_1193' title='bbox 1686 3319 1723 3343; x_wconf 92' lang='lat' dir='ltr'>ut</span> <span class='ocrx_word' id='word_1_1194' title='bbox 1743 3319 1838 3353; x_wconf 88' lang='lat' dir='ltr'>patet.</span> 
     </span>
    </p>

    <p class='ocr_par' dir='ltr' id='par_1_18' title="bbox 1548 3356 2610 3617">
     <span class='ocr_line' id='line_1_148' title="bbox 1604 3356 2610 3399; baseline 0.001 -13"><span class='ocrx_word' id='word_1_1195' title='bbox 1604 3357 1656 3387; x_wconf 91' lang='lat' dir='ltr'>Ad</span> <span class='ocrx_word' id='word_1_1196' title='bbox 1679 3356 1710 3386; x_wconf 91' lang='lat' dir='ltr'>id</span> <span class='ocrx_word' id='word_1_1197' title='bbox 1733 3366 1808 3387; x_wconf 88' lang='lat' dir='ltr'>vero</span> <span class='ocrx_word' id='word_1_1198' title='bbox 1832 3357 1921 3397; x_wconf 93' lang='lat' dir='ltr'>quod</span> <span class='ocrx_word' id='word_1_1199' title='bbox 1943 3357 2084 3394; x_wconf 86' lang='lat' dir='ltr'>additur,</span> <span class='ocrx_word' id='word_1_1200' title='bbox 2108 3358 2197 3398; x_wconf 91' lang='lat' dir='ltr'>quod</span> <span class='ocrx_word' id='word_1_1201' title='bbox 2220 3358 2320 3399; x_wconf 79' lang='lat' dir='ltr'>magis</span> <span class='ocrx_word' id='word_1_1202' title='bbox 2342 3357 2505 3399; x_wconf 79' lang='lat' dir='ltr'>quaeritur</span> <span class='ocrx_word' id='word_1_1203' title='bbox 2526 3365 2610 3397; x_wconf 76' lang='lat' dir='ltr'>opus</span> 
     </span>
     <span class='ocr_line' id='line_1_149' title="bbox 1550 3400 2610 3443; baseline 0.001 -13"><span class='ocrx_word' id='word_1_1204' title='bbox 1550 3410 1648 3441; x_wconf 88' lang='lat' dir='ltr'>quam</span> <span class='ocrx_word' id='word_1_1205' title='bbox 1677 3400 1863 3440; x_wconf 89' lang='lat' dir='ltr'>promissio,</span> <span class='ocrx_word' id='word_1_1206' title='bbox 1887 3401 1968 3432; x_wconf 88' lang='lat' dir='ltr'>sicut</span> <span class='ocrx_word' id='word_1_1207' title='bbox 1996 3401 2150 3433; x_wconf 86' lang='lat' dir='ltr'>terminus</span> <span class='ocrx_word' id='word_1_1208' title='bbox 2177 3411 2276 3443; x_wconf 86' lang='lat' dir='ltr'>quam</span> <span class='ocrx_word' id='word_1_1209' title='bbox 2302 3401 2371 3432; x_wconf 82' lang='lat' dir='ltr'>via:</span> <span class='ocrx_word' id='word_1_1210' title='bbox 2401 3401 2610 3442; x_wconf 85' lang='lat' dir='ltr'>respondetur</span> 
     </span>
     <span class='ocr_line' id='line_1_150' title="bbox 1548 3444 2609 3486; baseline 0.002 -12"><span class='ocrx_word' id='word_1_1211' title='bbox 1548 3445 1654 3485; x_wconf 92' lang='lat' dir='ltr'>quod,</span> <span class='ocrx_word' id='word_1_1212' title='bbox 1678 3444 1839 3475; x_wconf 91' lang='lat' dir='ltr'>reddendo</span> <span class='ocrx_word' id='word_1_1213' title='bbox 1866 3445 1989 3485; x_wconf 80' lang='lat' dir='ltr'>singula</span> <span class='ocrx_word' id='word_1_1214' title='bbox 2011 3445 2143 3486; x_wconf 86' lang='lat' dir='ltr'>singulis</span> <span class='ocrx_word' id='word_1_1215' title='bbox 2169 3452 2312 3486; x_wconf 85' lang='lat' dir='ltr'>respectu</span> <span class='ocrx_word' id='word_1_1216' title='bbox 2340 3445 2508 3476; x_wconf 82' lang='lat' dir='ltr'>cuiuslibet</span> <span class='ocrx_word' id='word_1_1217' title='bbox 2536 3454 2609 3484; x_wconf 86' lang='lat' dir='ltr'>pro·</span> 
     </span>
     <span class='ocr_line' id='line_1_151' title="bbox 1549 3488 2609 3531; baseline 0.001 -13"><span class='ocrx_word' id='word_1_1218' title='bbox 1549 3488 1723 3525; x_wconf 90' lang='lat' dir='ltr'>missionis,</span> <span class='ocrx_word' id='word_1_1219' title='bbox 1747 3498 1858 3519; x_wconf 89' lang='lat' dir='ltr'>verum</span> <span class='ocrx_word' id='word_1_1220' title='bbox 1886 3496 1932 3520; x_wconf 85' lang='lat' dir='ltr'>est</span> <span class='ocrx_word' id='word_1_1221' title='bbox 1961 3490 2050 3530; x_wconf 92' lang='lat' dir='ltr'>quod</span> <span class='ocrx_word' id='word_1_1222' title='bbox 2078 3489 2178 3529; x_wconf 85' lang='lat' dir='ltr'>magis</span> <span class='ocrx_word' id='word_1_1223' title='bbox 2207 3489 2369 3531; x_wconf 88' lang='lat' dir='ltr'>quaeritur</span> <span class='ocrx_word' id='word_1_1224' title='bbox 2397 3498 2480 3529; x_wconf 88' lang='lat' dir='ltr'>opus</span> <span class='ocrx_word' id='word_1_1225' title='bbox 2510 3498 2609 3529; x_wconf 90' lang='lat' dir='ltr'>quam</span> 
     </span>
     <span class='ocr_line' id='line_1_152' title="bbox 1549 3531 2608 3574; baseline 0 -12"><span class='ocrx_word' id='word_1_1226' title='bbox 1549 3532 1728 3572; x_wconf 87' lang='lat' dir='ltr'>promissio.</span> <span class='ocrx_word' id='word_1_1227' title='bbox 1752 3532 1815 3563; x_wconf 92' lang='lat' dir='ltr'>Sed</span> <span class='ocrx_word' id='word_1_1228' title='bbox 1838 3543 1924 3564; x_wconf 91' lang='lat' dir='ltr'>error</span> <span class='ocrx_word' id='word_1_1229' title='bbox 1941 3540 1988 3564; x_wconf 91' lang='lat' dir='ltr'>est</span> <span class='ocrx_word' id='word_1_1230' title='bbox 2010 3533 2043 3564; x_wconf 90' lang='lat' dir='ltr'>in</span> <span class='ocrx_word' id='word_1_1231' title='bbox 2057 3533 2120 3564; x_wconf 88' lang='lat' dir='ltr'>hoc</span> <span class='ocrx_word' id='word_1_1232' title='bbox 2142 3534 2230 3574; x_wconf 89' lang='lat' dir='ltr'>quod</span> <span class='ocrx_word' id='word_1_1233' title='bbox 2253 3539 2397 3574; x_wconf 83' lang='lat' dir='ltr'>respectu</span> <span class='ocrx_word' id='word_1_1234' title='bbox 2420 3532 2514 3573; x_wconf 88' lang='lat' dir='ltr'>primi</span> <span class='ocrx_word' id='word_1_1235' title='bbox 2530 3531 2608 3568; x_wconf 88' lang='lat' dir='ltr'>voti,</span> 
     </span>
     <span class='ocr_line' id='line_1_153' title="bbox 1548 3576 2609 3617; baseline -0.001 -10"><span class='ocrx_word' id='word_1_1236' title='bbox 1548 3576 1665 3607; x_wconf 87' lang='lat' dir='ltr'>scilicet</span> <span class='ocrx_word' id='word_1_1237' title='bbox 1687 3576 1847 3617; x_wconf 88' lang='lat' dir='ltr'>simplicis,</span> <span class='ocrx_word' id='word_1_1238' title='bbox 1868 3587 1950 3617; x_wconf 88' lang='lat' dir='ltr'>opus</span> <span class='ocrx_word' id='word_1_1239' title='bbox 1969 3583 2016 3608; x_wconf 87' lang='lat' dir='ltr'>est</span> <span class='ocrx_word' id='word_1_1240' title='bbox 2036 3577 2105 3617; x_wconf 86' lang='lat' dir='ltr'>ipsa</span> <span class='ocrx_word' id='word_1_1241' title='bbox 2123 3576 2274 3608; x_wconf 86' lang='lat' dir='ltr'>solemnis</span> <span class='ocrx_word' id='word_1_1242' title='bbox 2297 3577 2463 3616; x_wconf 85' lang='lat' dir='ltr'>professio,</span> <span class='ocrx_word' id='word_1_1243' title='bbox 2489 3584 2519 3607; x_wconf 91' lang='lat' dir='ltr'>et</span> <span class='ocrx_word' id='word_1_1244' title='bbox 2542 3585 2609 3607; x_wconf 83' lang='lat' dir='ltr'>non</span> 
     </span>
    </p>
   </div>
   <div class='ocr_carea' id='block_1_9' title="bbox 2645 1908 2785 1932">
    <p class='ocr_par' dir='ltr' id='par_1_19' title="bbox 2645 1908 2785 1932">
     <span class='ocr_line' id='line_1_154' title="bbox 2645 1908 2785 1932; baseline -0.014 0"><span class='ocrx_word' id='word_1_1245' title='bbox 2645 1910 2655 1921; x_wconf 79' lang='lat'>⁸</span> <span class='ocrx_word' id='word_1_1246' title='bbox 2668 1908 2740 1932; x_wconf 73' lang='lat' dir='ltr'>Num.</span> <span class='ocrx_word' id='word_1_1247' title='bbox 2753 1915 2785 1930; x_wconf 81' lang='lat' dir='ltr'>vr.</span> 
     </span>
    </p>
   </div>
   <div class='ocr_carea' id='block_1_10' title="bbox 2644 2482 2799 2506">
    <p class='ocr_par' dir='ltr' id='par_1_20' title="bbox 2644 2482 2799 2506">
     <span class='ocr_line' id='line_1_155' title="bbox 2644 2482 2799 2506; baseline 0 -1"><span class='ocrx_word' id='word_1_1248' title='bbox 2644 2482 2657 2494; x_wconf 78' lang='lat'><strong>·</strong></span> <span class='ocrx_word' id='word_1_1249' title='bbox 2669 2482 2732 2505; x_wconf 80' lang='lat' dir='ltr'>Num</span> <span class='ocrx_word' id='word_1_1250' title='bbox 2757 2489 2799 2506; x_wconf 81' lang='lat' dir='ltr'>vu.</span> 
     </span>
    </p>
   </div>
  </div>
 </body>
</html>
