2860 4244
190 2487 322 2514 'Qu.1.xxu,
327 2490 368 2509 art.
373 2493 395 2514 4.

193 2923 400 2951 Aristot.Top1·c.

193 2949 231 2997 llil).
232 2950 269 2997 8Ι,
285 2956 335 2977 cap.
349 2956 399 2977 xm,

195 3156 248 3177 ”De
257 3156 310 3178 Nat.
322 3156 403 3183 Deor„

196 3182 234 3204 lib.
239 3173 403 3214 11,cap.xxv111

196 3199 292 3230 Divin.
303 3209 378 3231 Instit.

195 3235 235 3256 lib.
258 3235 302 3260 IV,
324 3241 374 3263 cap.

196 3268 238 3282 xx
229 3268 276 3283 v.111

197 3288 255 3309 'De
277 3287 325 3309 Ciu.
348 3288 404 3315 Dei

196 3314 235 3336 lib.
251 3314 279 3340 X,
295 3320 344 3342 cap.
360 3320 392 3336 ιιι.

431 299 500 347 178

478 376 566 412 Sive
596 383 721 412 autem
758 374 887 422 religio
917 374 1061 410 dicatur
1089 385 1110 409 a
1138 372 1324 420 frequenti
1351 372 1478 408 lectio-

424 441 471 465 ne
485 434 514 475 η,
537 429 616 465 sive
633 440 677 464 ex
691 428 820 464 iterata
837 426 1017 463 electione
1035 425 1114 461 eius
1130 425 1235 472 quod
1250 424 1479 472 negligenter

424 481 604 518 amissum
635 488 699 527 est,
730 480 809 516 sive
829 478 840 500 θ
870 492 891 515 a
920 478 1147 525 religatione,
1175 476 1302 524 religio
1325 477 1477 526 proprie

424 534 602 582 importat
629 533 802 569 ordinem
832 532 879 568 ad
908 532 1046 567 Deum.
1085 531 1168 578 Ipse
1199 530 1300 566 enim
1335 537 1390 566 est
1419 530 1479 566 cui

422 585 675 635 principaliter
709 584 848 632 alligari
885 584 1089 629 debemus,
1126 590 1308 631 tanquam
1345 582 1479 620 indefi-

425 639 534 675 cienti
562 638 763 687 principi03
802 637 851 673 ad
880 648 992 684 quem
1032 635 1144 672 etiam
1183 642 1311 672 nostra
1345 636 1477 673 electio
1504 649 1506 675 l

423 692 570 728 assidue
610 690 714 737 dirigi
753 690 884 735 debet,
924 689 1019 725 sicut
1055 688 1093 725 in
1126 689 1303 725 ultimum
1339 689 1476 735 finem;

424 756 540 791 quem
570 743 680 779 etiam
711 742 940 789 negligenter
968 742 1164 790 peccando
1195 742 1412 790 amittimus,
1443 750 1479 779 et

424 796 613 833 credendo
652 803 687 831 et
714 795 831 831 fidem
869 795 1116 843 protestando
1154 807 1378 843 recuperare
1415 795 1478 831 de-

423 850 570 886 bemus.

474 904 532 937 AD
562 912 697 937 PRIMUM
726 911 823 936 ERGO
853 902 1037 937 DICENDUM
1067 900 1170 948 quod
1203 900 1331 948 religio
1364 901 1479 937 habet

423 954 592 1002 duplices
611 961 727 990 actus.
759 953 960 1000 Quosdam
982 953 1138 1002 quidem
1157 954 1333 1003 proprios
1355 962 1390 990 et
1408 953 1477 990 im-

422 1007 620 1053 mediatos,
651 1019 747 1054 quos
777 1006 884 1053 elicit,
913 1018 982 1054 per
1010 1019 1106 1055 quos
1133 1007 1253 1043 homo
1283 1007 1479 1044 ordinatur

423 1061 470 1097 ad
490 1061 614 1099 solum
629 1061 773 1096 Deum:
795 1059 889 1096 sicut
909 1059 1132 1106 sacrificare,
1155 1060 1314 1096 adorare
1332 1068 1367 1096 et
1386 1059 1477 1096 alia*

422 1112 652 1150 huiusmodi.
690 1112 795 1148 Alios
825 1120 953 1149 autem
983 1119 1087 1149 actus
1115 1113 1230 1149 habet
1258 1125 1356 1160 quos
1390 1125 1477 1161 pro-

423 1166 524 1203 ducit
551 1165 808 1202 mediantibus
835 1165 1036 1202 virtutibus
1057 1165 1192 1214 quibus
1222 1165 1394 1214 imperat,
1420 1178 1479 1201 or-

424 1219 556 1256 dinans
577 1231 642 1255 eos
669 1218 706 1254 in
728 1217 896 1254 divinam
922 1218 1195 1255 reverentiam:
1226 1218 1314 1267 quia
1341 1218 1480 1255 scilicet

422 1272 540 1308 virtus
560 1272 609 1308 ad
630 1283 746 1319 quam
775 1272 936 1319 pertinet
963 1271 1062 1318 finis,
1092 1271 1254 1320 imperat
1275 1271 1478 1307 virtutibus

424 1325 472 1361 ad
500 1337 594 1372 quas
628 1324 817 1373 pertinent
853 1336 894 1361 ea
925 1336 1022 1371 quae
1052 1332 1138 1360 sunt
1172 1324 1220 1360 ad
1255 1324 1386 1360 finem.
1431 1324 1479 1359 Et

424 1377 635 1414 secundum
664 1378 738 1413 hoc
768 1384 872 1412 actus
907 1376 1095 1423 religionis
1123 1388 1192 1423 per
1219 1376 1380 1412 modum
1410 1376 1478 1411 im-

422 1430 516 1479 perii
551 1429 705 1478 ponitur
734 1441 815 1465 esse
843 1429 995 1465 visitare
1023 1428 1187 1476 pupillos
1220 1434 1256 1464 et
1281 1428 1413 1464 viduas
1441 1428 1477 1464 in

423 1482 657 1519 tribulatione
685 1493 828 1527 eorum,
850 1481 953 1529 quod
983 1488 1038 1516 est
1066 1488 1172 1517 actus
1197 1481 1339 1517 elicitus
1369 1493 1391 1517 a
1411 1480 1479 1516 mi-

423 1535 645 1572 sericordia:
684 1534 967 1570 immaculatum
996 1541 1123 1569 autem
1154 1534 1339 1570 custodire
1365 1545 1404 1569 se
1432 1534 1480 1570 ab

422 1590 492 1625 hoc
532 1587 679 1624 saeculo
722 1587 944 1635 imperative
983 1587 1140 1634 quidem
1180 1594 1235 1623 est
1273 1586 1478 1634 religionis,

423 1641 583 1677 elicitive
612 1647 739 1676 autem
768 1639 1040 1688 temperantiae
1069 1640 1131 1676 vel
1160 1639 1318 1676 alicuius
1353 1640 1481 1676 huius-

423 1693 529 1730 modi
556 1693 714 1730 virtutis.

476 1749 533 1783 AD
554 1758 743 1783 SECUNDUM
764 1757 946 1782 DICENDUM
967 1745 1071 1794 quod
1094 1745 1224 1792 religio
1254 1745 1413 1782 refertur
1433 1745 1481 1782 ad

424 1812 468 1836 ea
497 1812 594 1847 quae
631 1799 854 1835 exhibentur
882 1798 1171 1847 cognationibus
1200 1798 1389 1845 humanis,
1421 1810 1483 1835 ex-

423 1861 532 1889 tenso
566 1852 722 1888 nomine
752 1851 958 1899 religionis:
997 1865 1076 1888 non
1106 1859 1232 1888 autem
1270 1851 1482 1888 secundum

424 1906 530 1954 quod
562 1905 690 1953 religio
725 1905 876 1953 proprie
906 1905 1050 1941 dicitur.
1094 1905 1206 1941 Unde
1235 1905 1480 1952 Augustinus,

423 1971 559 2008 parum
595 1967 680 1995 ante
708 1959 827 1995 verba
860 1958 1031 2004 inducta,
1061 1957 1287 2006 praemittit:
1330 1958 1481 2008 Religio

423 2012 624 2048 distinctius
654 2017 669 2032 ²
697 2023 770 2047 non
809 2011 1026 2059 quemlibet,
1056 2012 1124 2047 sed
1149 2011 1224 2048 Dei
1258 2011 1398 2048 cultum
1435 2011 1482 2048 si-

423 2066 607 2114 gnificare
634 2064 789 2100 videtur.

473 2204 498 2236 η)
519 2204 637 2228 lectione.
652 2218 669 2221 —
693 2204 818 2228 electione
843 2203 1106 2233 ABCDEFGHKLa,
1127 2204 1267 2229 relectione
1291 2204 1329 2234 ΡΙ,
1355 2204 1482 2236 religione

422 2247 471 2272 pi<3
489 2239 544 2264 sive
562 2246 599 2263 ex
618 2239 716 2263 iterata
735 2239 860 2264 electione
874 2247 926 2263 orn.
943 2239 973 2263 G.

475 2273 498 2307 θ)
518 2275 580 2299 sive.
594 2288 613 2293 -
632 2274 738 2299 dicatur
757 2275 854 2298 addunt
873 2275 919 2299 Pa.

1085 295 1349 341 QUAESTIO
1380 295 1556 342 LXXXI,

1586 295 1881 333 ARTICULUS
1912 297 1925 332 1

1587 375 1645 409 AD
1662 385 1822 411 TERTHJM
1842 385 2025 411 morannum
2046 373 2151 422 quod
2178 385 2266 409 cum
2291 385 2424 410 servus
2445 373 2590 410 dicatur

1504 530 1506 553 ἢ
1533 530 1626 566 ratio
1653 531 1853 569 servitutis.
1883 532 2130 569 Manifestum
2160 539 2215 568 est
2242 539 2368 568 autern
2399 532 2503 580 quod
2523 533 2589 569 do-

1533 582 1693 619 minium
1732 585 1910 621 convenit
1947 585 2031 621 Deo
2070 584 2282 621 secundum
2323 583 2534 637 propriam
2555 592 2591 621 et

1533 635 1759 683 singularem
1780 638 1974 685 quandam
1996 637 2204 674 rationem:
2234 637 2322 685 quia
2351 636 2518 673 scilicet
2510 631 2591 685 1pse

1533 689 1663 726 omnia
1692 689 1789 737 fecit,
1819 697 1855 726 et
1883 690 1972 738 quia
2001 702 2197 727 summum
2217 690 2256 726 in
2277 690 2455 726 omnibus
2477 690 2591 726 rebus

1533 742 1676 778 obtinet
1703 742 1970 791 principatum.
2001 743 2050 780 Et
2077 743 2164 780 ideo
2194 743 2365 791 specialis
2392 744 2486 780 ratio
2515 754 2590 779 ser-

1531 794 1658 831 vitutis
1679 795 1712 831 ei
1733 796 1902 832 debetur.
1933 796 1981 832 Et
1999 796 2082 832 talis
2102 795 2263 833 servitus
2283 795 2437 832 nomine
2461 795 2590 832 latriae

1532 848 1748 896 designatur
1776 848 1878 896 apud
1907 849 2087 885 Graecos.
2117 849 2166 885 Et
2193 849 2281 886 ideo
2302 850 2350 886 ad
2369 849 2590 897 religionem

1530 901 1682 950 proprie
1711 901 1884 949 pertinet.

1584 956 1642 991 AD
1663 965 1836 996 QUARTUM
1857 965 2040 991 mcssNDUM
2065 953 2170 1001 quod
2191 954 2314 990 colere
2335 953 2496 991 dicimus
2522 955 2590 990 ho-

1531 1007 1652 1044 mines
1673 1019 1769 1056 quos
1797 1006 2124 1053 honorificatione,
2143 1007 2206 1043 vel
2235 1006 2507 1054 recordatione,
2529 1007 2591 1043 vel

1531 1060 1743 1109 praesentia
1771 1060 2065 1109 frequentamus.
2109 1059 2157 1095 Et
2192 1059 2304 1095 etiam
2339 1059 2465 1108 aliqua
2493 1071 2591 1108 quae

1533 1113 1643 1151 nobis
1672 1113 1840 1150 subiecta
1869 1119 1956 1149 sunt
1984 1112 2055 1149 coli
2084 1125 2106 1149 a
2133 1112 2246 1148 nobis
2270 1111 2464 1150 dicuntur:
2495 1112 2591 1149 sicut

1533 1166 1718 1214 agricolae
1748 1166 1924 1202 dicuntur
1953 1177 1997 1201 ex
2026 1177 2071 1201 eo
2101 1165 2206 1213 quod
2239 1165 2367 1201 colunt
2392 1176 2524 1215 agros,
2556 1172 2592 1201 et

1534 1220 1679 1256 incolae
1718 1218 1892 1256 dicuntur
1929 1231 1972 1254 ex
2003 1230 2048 1255 eo
2078 1218 2182 1267 quod
2217 1219 2345 1254 colunt
2375 1219 2460 1255 loca
2494 1229 2592 1266 quae

1533 1272 1752 1308 inhabitant
1791 1271 1892 1318 Quia
1920 1279 2048 1313 tamen
2081 1271 2254 1330 specialis
2281 1271 2406 1308 honor
2434 1270 2594 1309 debetur

1533 1326 1638 1370 Deo,
1669 1332 1849 1372 tanquam
1878 1324 2004 1372 primo
2034 1324 2207 1360 omnium
2237 1324 2444 1373 principio,
2476 1323 2589 1360 etiam

1534 1377 1705 1424 specialis
1743 1377 1837 1412 ratio
1875 1377 1995 1412 cultus
2035 1377 2068 1413 ei
2107 1377 2284 1424 debetur,
2320 1389 2418 1426 quae
2455 1388 2592 1425 graeco

1533 1429 1689 1466 nomine
1725 1437 1884 1465 vocatur
1912 1429 2060 1465 eusebia
2088 1431 2149 1465 vel
2178 1430 2383 1466 theosebia.-
2419 1436 2460 1466 ut
2491 1437 2595 1478 patet

1534 1494 1602 1530 per
1629 1482 1906 1529 Augustinum,
1937 1482 1970 1518 X
2000 1481 2046 1518 de
2069 1482 2148 1518 Civ.
2169 1482 2246 1518 Dei
2265 1482 2295 1519 ¹⁸⁸.

1586 1536 1644 1572 AD
1681 1547 1843 1577 QUINTUM
1871 1546 2056 1571 DlCENDUM
2093 1535 2197 1583 quod
2226 1534 2404 1583 quamvis
2433 1534 2594 1582 religiosi

1536 1587 1607 1624 dici
1626 1588 1773 1636 possint
1793 1587 2047 1638 communiter
2063 1600 2199 1624 omnes
2219 1588 2283 1636 qui
2303 1587 2430 1623 Deum
2452 1589 2593 1634 colunt,

1535 1641 1744 1689 specialiter
1770 1648 1897 1677 tamen
1926 1640 2088 1688 religiosi
2109 1641 2284 1678 dicuntur
2303 1639 2368 1688 qui
2395 1647 2515 1677 totam
2541 1639 2596 1676 vi-

1534 1701 1611 1730 tam
1634 1706 1743 1730 suam
1765 1693 1894 1731 divino
1916 1693 2030 1730 cultui
2051 1693 2239 1741 dedicant,
2261 1706 2283 1731 a
2302 1693 2506 1730 mundanis
2532 1705 2597 1730 ne-

1534 1747 1643 1794 gotiis
1672 1759 1711 1783 se
1732 1747 2004 1784 abstrahentes.
2036 1747 2141 1783 Sicut
2169 1747 2282 1784 etiam
2310 1746 2596 1796 contemplativi

1537 1800 1711 1836 dicuntur
1745 1812 1823 1836 non
1852 1799 1918 1847 qui
1947 1801 2272 1848 contemplantur,
2307 1799 2374 1836 sed
2403 1799 2468 1848 qui
2506 1811 2595 1836 con-

1536 1852 1772 1900 templationi
1800 1860 1918 1888 totam
1946 1852 2064 1889 vitam
2093 1865 2201 1890 suam
2233 1853 2425 1901 deputant.
2456 1852 2596 1890 Huius-

1538 1905 1642 1942 modi
1680 1913 1808 1942 autem
1838 1917 1915 1942 non
1950 1918 1989 1942 se
2019 1905 2222 1943 subiiciunt
2256 1905 2404 1943 homini
2441 1913 2598 1955 propter

1537 1958 1757 2006 hominem,
1788 1958 1855 1995 sed
1887 1966 2042 2007 propter
2069 1959 2217 1996 Deum:
2256 1958 2468 1995 secundum
2506 1958 2598 1997 illud

1536 2012 1723 2060 Apostoli,
1758 2011 1840 2048 Gal.
1858 2023 1894 2047 ιν
1911 2011 1949 2048 *τ
1981 2011 2082 2048 Sicut
2109 2011 2288 2062 angelum
2307 2012 2383 2049 Dei
2404 2011 2598 2060 excepistis

1536 2077 1607 2111 me,
1636 2065 1732 2101 sicut
1763 2064 1950 2101 Christum
1978 2066 2116 2101 Iesum.

1591 2204 1609 2236 ι)
1629 2204 1717 2228 αΙία.-
1740 2205 1831 2229 omnia
1851 2204 1879 2229 Ρ.

1589 2239 1614 2271 κ)
1635 2239 1794 2264 distinctius.
1807 2253 1825 2258 -
1845 2239 1993 2264 districtius
2012 2239 2091 2264 PsCK
2111 2244 2136 2264 et
2154 2246 2199 2264 xa.

1098 2354 1428 2386 Commentaria.
1452 2353 1701 2386 Cardinalis
1723 2354 1923 2387 Caietam

451 2446 470 2465 N
501 2435 632 2465 articulo
663 2435 766 2474 primo
802 2434 995 2475 quaestionis
1033 2434 1383 2474 octogesimaeprimae‚
1408 2442 1483 2464 nota

427 2447 549 2520 Iquod,
572 2479 845 2518 quemadmodum
868 2479 900 2508 in
924 2479 1122 2518 praecedenti
1146 2478 1242 2508 Libro
1258 2479 1275 2497 *
1304 2478 1481 2514 didicimus,

425 2530 624 2563 peccatorum
648 2523 806 2553 distinctio
830 2533 926 2563 penes
950 2523 1010 2553 hoc
1035 2523 1122 2562 quod
1147 2529 1220 2552 sunt
1243 2523 1275 2552 in
1295 2523 1410 2558 Deum,
1436 2533 1483 2552 se-

424 2568 529 2607 ipsum
553 2568 602 2597 vel
624 2567 815 2606 proximum,
840 2567 968 2607 reliquis
993 2566 1246 2597 distinctionibus
1271 2566 1482 2606 anteponitur.

425 2611 566 2642 Attendit
590 2611 673 2642 enim
697 2621 762 2641 non
786 2611 824 2641 ad
848 2611 993 2646 rationes,
1019 2611 1072 2640 sed
1096 2611 1135 2640 ad
1159 2620 1309 2650 personas
1332 2610 1426 2650 ipsas,
1451 2610 1482 2640 in

426 2666 504 2696 quas
532 2655 614 2685 solas
643 2665 770 2695 peccare
795 2655 963 2694 contingit:
995 2655 1120 2685 nullum
1152 2664 1290 2695 namque
1318 2661 1482 2694 peccatum

426 2707 471 2730 est
495 2699 519 2729 si
536 2706 643 2729 contra
661 2709 830 2739 personam
847 2699 969 2729 nullam
990 2706 1044 2734 est,
1063 2709 1135 2729 cum
1153 2699 1251 2728 solius
1267 2698 1483 2728 intellectualis
1508 2708 1510 2714 ⁴

426 2750 553 2774 naturae
582 2743 783 2773 subsistentes
807 2753 870 2779 res,
900 2753 978 2783 quas
1009 2753 1160 2782 personas
1191 2743 1341 2778 dicimus,
1367 2742 1483 2773 offendi

426 2788 557 2827 possint.
582 2788 625 2818 Ita
641 2788 719 2818 inter
735 2788 864 2817 virtutes
888 2787 1045 2828 quaedam
1066 2787 1232 2817 hominem
1256 2785 1421 2826 perficiunt
1445 2787 1484 2817 ad

427 2832 580 2871 seipsum,
606 2838 641 2862 ut
663 2831 885 2871 temperantia;
917 2831 1073 2871 quaedam
1097 2831 1135 2860 ad
1160 2831 1359 2871 proximum‚·
1378 2837 1412 2861 ut
1436 2831 1483 2861 iu-

427 2876 524 2911 stitia;
557 2876 713 2916 quaedam
741 2876 779 2905 ad
803 2876 924 2911 Deum,
951 2882 985 2905 ut
1009 2875 1134 2914 religio:
1165 2880 1241 2916 quot
1268 2875 1369 2905 modis
1399 2875 1483 2905 enim

427 2920 544 2950 dicitur
567 2930 664 2949 unum
689 2921 914 2959 oppositorum,
939 2924 984 2950 tot
1006 2919 1124 2950 dicitur
1147 2925 1177 2949 et
1200 2919 1356 2959 reliquum
1373 2919 1399 2950 *.
1424 2920 1483 2949 Re-

427 2963 502 3002 ligio
527 2973 600 3002 ergo
623 2964 746 2994 bonum
770 2964 871 2994 reddit
893 2963 1058 2993 hominem
1082 2970 1112 2993 et
1135 2973 1217 3003 opus
1234 2963 1301 2993 eius
1325 2963 1357 2993 in
1375 2963 1484 2993 ordine

429 3008 468 3036 ad
491 3008 594 3037 Deum
619 3007 732 3037 directe
755 3014 785 3037 et
808 3007 964 3047 proxime:
990 3008 1064 3048 quia
1087 3007 1137 3037 hic
1157 3014 1203 3038 est
1227 3007 1390 3047 proximus
1413 3007 1484 3037 finis

430 3050 506 3086 eius,
531 3057 566 3080 ut
588 3050 687 3080 homo
711 3057 791 3080 recte
815 3052 854 3080 ad
870 3052 975 3081 Deum
999 3061 1031 3081 se
1055 3052 1180 3088 habeat;
1205 3051 1285 3082 sicut
1309 3059 1484 3092 temperan-
1509 3054 1510 3068 ³

430 3094 490 3123 tiae
514 3093 675 3132 proximus
698 3093 768 3122 finis
793 3101 838 3124 est
865 3102 901 3124 ut
923 3095 1023 3125 homo
1047 3095 1079 3124 in
1103 3095 1206 3136 seipso
1232 3095 1355 3126 sobrius
1379 3095 1430 3131 sit,
1456 3102 1486 3126 et

431 3137 566 3167 iustitiae
589 3143 625 3166 ut
648 3137 792 3176 proximo
812 3138 919 3168 reddat
942 3139 1029 3178 quod
1053 3149 1148 3168 suum
1172 3146 1226 3169 est.

487 3181 521 3210 In
546 3181 658 3210 eodem
682 3180 822 3216 articulo,
847 3181 926 3211 circa
950 3182 1176 3212 derivationem
1192 3182 1341 3212 vocabuli
1358 3184 1485 3223 religio-

433 3225 500 3261 nis,
526 3224 608 3254 male
639 3231 814 3254 consonant
836 3224 894 3253 viri
917 3225 1062 3259 illustres.
1094 3226 1177 3254 Nam
1201 3226 1312 3255 Cicero
1331 3226 1348 3245 *
1371 3236 1388 3255 a
1412 3227 1485 3256 reli-

431 3268 536 3308 gendo
559 3268 655 3298 libros
679 3268 775 3297 divini
800 3268 920 3304 cultus;
954 3269 1135 3299 Lactantius
1154 3269 1171 3287 *
1195 3279 1212 3298 a
1236 3270 1404 3309 religando
1428 3279 1486 3299 nos

433 3313 518 3348 Deo;
542 3312 772 3351 Augustinus*
782 3323 813 3344 a
836 3312 1018 3353 reeligendo
1043 3312 1157 3348 Deum,
1179 3322 1275 3352 quem
1300 3313 1487 3349 dimisimus,

1535 2434 1694 2474 religionis
1718 2444 1837 2464 nomen
1863 2435 1999 2465 deduxit.
2031 2435 2097 2464 Nec
2127 2435 2241 2465 desunt
2268 2435 2324 2476 qui
2348 2445 2366 2465 a
2389 2435 2598 2476 relinquendo

1537 2479 1649 2508 deduci
1673 2479 1752 2508 illud
1776 2479 1962 2519 opinantur:
1987 2479 2078 2519 quasi
2094 2479 2163 2509 Deo
2188 2479 2289 2510 dicata
2313 2485 2454 2519 separata
2477 2479 2515 2509 ab
2538 2479 2598 2510 hu-

1537 2522 1638 2552 manis
1666 2533 1732 2553 esse
1765 2523 1907 2553 debeant.
1939 2522 2018 2553 Mihi
2041 2523 2246 2554 Lactantiana
2273 2523 2373 2564 magis
2398 2533 2540 2554 consona
2567 2531 2598 2556 et

1535 2567 1661 2606 linguae
1684 2567 1798 2597 latinae
1829 2574 1859 2597 et
1886 2566 2061 2606 significato
2085 2567 2223 2597 videtur:
2256 2577 2332 2598 nam
2359 2567 2505 2607 religiosa
2527 2568 2598 2600 Deo

1536 2610 1658 2640 addicta
1681 2621 1850 2647 vocamus,
1885 2621 1920 2641 ac
1949 2621 2004 2650 per
2027 2611 2089 2641 hoc
2112 2611 2276 2650 religiosos
2300 2612 2369 2642 Deo
2394 2611 2535 2648 deditos,
2561 2622 2597 2644 ac

1536 2665 1591 2694 per
1614 2654 1676 2684 hoc
1700 2655 1869 2695 religatos,
1895 2654 2029 2685 dicimus
2054 2655 2210 2695 frequenti
2233 2665 2305 2687 usu.

1592 2699 1627 2728 In
1653 2699 1860 2738 responsione
1891 2699 1930 2728 ad
1959 2699 2100 2739 primum
2131 2699 2273 2730 eiusdem
2304 2699 2445 2736 articuli,
2474 2700 2599 2731 adverte

1536 2743 1626 2783 quod
1649 2753 1723 2773 cum
1746 2743 1789 2773 ibi
1814 2743 1927 2773 dicitur
1956 2744 2045 2784 quod
2068 2744 2184 2784 religio
2211 2744 2305 2775 habet
2330 2744 2482 2784 quosdam
2507 2749 2600 2775 actus

1530 2788 1682 2827 proprios
1707 2792 1736 2818 et
1759 2787 1968 2825 immediatos,
1992 2797 2070 2828 quos
2094 2788 2188 2825 elicit,
2213 2789 2294 2819 sicut
2316 2788 2518 2829 sacrificare,
2542 2788 2598 2820 ad-

1536 2841 1632 2861 orare
1649 2837 1678 2861 et
1696 2832 1889 2869 huiusmodi,
1907 2838 1975 2868 etc„
2000 2832 2032 2872 ly
2050 2833 2219 2872 proprium
2245 2838 2275 2863 et
2298 2832 2514 2863 immediatum
2531 2842 2598 2864 non

1537 2875 1673 2905 excludit
1690 2885 1861 2906 commune
1877 2882 1907 2906 et
1923 2876 2098 2906 mediatum
2117 2877 2356 2918 quodcumque,
2373 2877 2428 2906 sed
2452 2886 2598 2907 commu·

1537 2919 1667 2949 nionem
1691 2927 1721 2950 et
1745 2920 1971 2950 mediationem
1995 2920 2121 2951 alterius
2145 2920 2278 2951 virtutis·
2308 2921 2354 2952 Ita
2377 2921 2466 2962 quod
2489 2930 2599 2952 sensus

1537 2971 1583 2994 est
1606 2964 1695 3004 quod
1718 2964 1828 3004 religio
1852 2964 1946 2994 habet
1969 2965 2128 3004 quosdam
2151 2972 2238 2995 actus
2262 2965 2319 2995 sibi
2348 2965 2511 3006 proprios,
2537 2965 2599 2996 hoc

1538 3015 1583 3038 est
1607 3018 1672 3038 non
1698 3008 1919 3040 convenientes
1943 3009 2000 3039 sibi
2025 3019 2061 3039 ex
2084 3009 2206 3040 ratione
2229 3009 2356 3040 alterius
2379 3009 2519 3046 virtutis,
2543 3009 2600 3040 sed

1538 3052 1605 3088 sui;
1631 3060 1660 3083 et
1683 3052 1898 3089 immediatos,
1924 3053 1985 3083 hoc
2009 3060 2055 3084 est
2078 3063 2143 3084 non
2168 3053 2389 3094 provenientes
2413 3054 2451 3084 ab
2475 3063 2511 3084 ea
2533 3063 2600 3084 me—

1537 3096 1641 3126 diante
1665 3096 1724 3127 alia
1746 3097 1875 3133 virtute,
1901 3097 1956 3127 sed
1979 3107 2035 3137 per
2058 3097 2195 3138 seipsam
2217 3104 2248 3128 et
2270 3098 2390 3138 absque
2413 3098 2472 3128 alia
2496 3098 2600 3129 media

1537 3140 1661 3171 virtute.
1685 3141 1726 3170 Et
1748 3151 1804 3180 per
1820 3141 2007 3180 oppositum
2031 3142 2188 3182 quosdam
2207 3148 2295 3172 actus
2318 3142 2413 3172 habet
2436 3151 2502 3172 non
2526 3152 2599 3183 pro-

1539 3184 1639 3223 prios,
1664 3185 1718 3214 sed
1741 3195 1797 3224 per
1821 3185 2094 3224 participationem
2118 3185 2245 3215 alterius
2267 3185 2407 3222 virtutis,
2432 3192 2509 3226 puta
2532 3186 2599 3227 spei

1538 3228 1588 3257 vel
1611 3227 1755 3263 caritatis,
1780 3235 1815 3258 ut
1837 3228 1927 3258 inniti
1951 3229 2020 3258 Deo
2045 3235 2075 3258 et
2098 3229 2179 3259 uniri
2203 3229 2287 3266 Deo,
2312 3237 2348 3260 ut
2366 3230 2498 3261 inferius
2513 3229 2531 3250 ¹⁸
2554 3229 2599 3260 di-

1541 3278 1643 3306 cetur;
1669 3278 1699 3301 et
1721 3272 1880 3311 quosdam
1895 3272 1988 3302 habet
2004 3282 2070 3302 non
2086 3272 2296 3310 immediatos,
2312 3274 2367 3304 sed
2390 3284 2446 3315 per
2461 3273 2598 3305 mediam

1541 3314 1681 3354 aliquam
1705 3315 1862 3352 virtutem,
1888 3323 1922 3346 ut
1944 3316 2068 3346 visitare
2091 3317 2242 3357 pupilIOS,
2259 3325 2316 3349 etc.

1534 425 1581 461 ad
1611 425 1836 485 dominum,
1858 439 2013 463 necesse
2043 434 2098 462 est
2127 426 2232 484 quod
2261 426 2326 484 ubi
2355 434 2411 462 est
2437 424 2603 475 propria

2625 2022 2638 2034 ⁵
2650 2021 2717 2044 Vero.
2733 2028 2765 2049 ¹4-

2626 3233 2636 3243 ⁸
2650 3234 2694 3255 Art
2721 3239 2744 3262 5,
2764 3234 2836 3256 Com-

2626 3263 2697 3282 ment.
