2670 4186
255 238 339 263 XVIII

256 307 333 335 Am.
360 303 389 339 8,
415 302 473 333 col.
501 312 529 338 2,
555 302 574 331 1.
601 311 630 342 7,
655 305 730 330 sunt
753 309 818 329 om.
843 299 936 328 anz.

256 351 334 379 ART.
365 357 412 383 10,
436 347 456 377 l.
488 355 534 382 12,
560 355 617 385 pro
642 345 673 374 in
699 343 946 383 temperantiae,
972 340 1236 380 intemperantiae
1262 339 1315 368 Pu.

255 395 333 423 ΛΒΤ.
364 401 410 427 12,
436 401 467 431 p.
494 399 544 425 20,
569 389 588 419 l.
618 389 644 424 5,
670 397 727 427 pro
752 397 823 427 quo,
849 396 911 426 qua
935 386 1050 415 PABDE.

665 482 824 518 QUAESTto
850 490 911 509 L1x.

255 576 335 604 ΛΒΤ.
363 583 392 609 2,
417 582 447 602 11.
472 582 503 608 11,
528 582 559 611 p.
587 571 637 605 23,
663 569 683 598 l.
713 570 740 604 5,
762 578 818 608 pro
844 569 1008 604 iniustum,
1034 568 1151 597 iustum
1176 566 1252 597 Pon.

257 620 335 649 ΛΚΤ.
360 627 391 657 4,
417 615 477 646 col.
504 625 532 651 2,
557 615 576 644 l.
605 615 632 649 3,
658 623 715 653 pro
733 613 941 652 parvitatem,
952 612 1148 651 pravitatem
1173 610 1208 640 P.

673 707 832 743 QUAES‘HO
856 716 907 736 Lx.

258 805 336 833 AR‘r.
364 802 392 838 3,
417 811 448 832 n.
472 812 493 838 1,
517 801 538 831 l.
566 802 581 831 5
608 811 626 830 a
648 799 714 836 fin„
740 809 797 839 pro
824 800 913 837 haec,
938 800 997 831 hoc
1019 800 1094 831 PDE.

337 858 351 873 t
415 856 446 877 n.
470 856 504 882 11,
528 847 549 876 1.
577 846 604 881 5,
625 854 684 885 pro
708 844 892 881 intellectui,
917 844 1095 875 intellectus
1117 855 1147 875 A.

340 902 355 918 »
418 901 449 920 n.
474 900 517 926 111,
542 890 562 920 1.
589 890 618 926 6,
643 899 701 929 pro
727 889 862 926 indiciis,
888 889 1013 919 iudiciis
1034 900 1064 919 A.

338 946 353 962 »
417 945 447 965 n.
474 944 515 971 1v,
539 934 559 965 l.
584 943 616 973 4,
641 943 699 973 pro
724 934 865 970 interius,
891 934 1033 963 exterius
1055 934 1088 963 P.

258 981 336 1010 ΑΜ,
361 988 394 1018 4,
418 990 448 1010 11.
472 989 492 1015 1,
518 978 579 1009 col.
606 987 641 1014 2,
665 978 686 1008 l.
714 987 748 1013 2,
778 987 837 1017 pro
863 978 1038 1014 hominem,
1070 978 1213 1008 homines
1244 987 1274 1008 A.

453 1035 468 1051 2
557 1035 571 1050 »
664 1022 684 1052 1.
715 1023 762 1058 13,
787 1031 846 1062 pro
869 1022 973 1062 Ergo,
997 1031 1060 1062 quo
1082 1032 1111 1052 A.

343 1079 358 1094 »
422 1077 453 1098 n.
478 1078 510 1103 11,
530 1067 550 1097 1.
577 1066 606 1102 8,
631 1076 689 1105 pro
713 1066 755 1096 ad
778 1067 881 1104 Rom.,
906 1066 948 1097 ad
973 1066 1047 1096 Cor.
1072 1066 1188 1096 Pfflm.

346 1124 361 1139 »
425 1122 456 1142 n.
481 1122 521 1148 1v,
546 1111 566 1142 1.
595 1111 610 1141 3
636 1120 654 1140 a
677 1110 747 1146 fin.‚
773 1111 842 1141 ideo
866 1111 984 1140 maiori
1007 1117 1075 1146 etc.,
1094 1117 1129 1140 ut
1155 1110 1188 1139 in
1211 1119 1322 1149 marg„

626 1155 702 1184 Pon.

533 1199 555 1229 1.
580 1199 647 1234 ult„
673 1206 746 1238 post
770 1200 888 1236 littera,
909 1208 929 1228 a
953 1208 978 1229 s.
1008 1199 1127 1228 Thoma
1151 1198 1223 1229 add.
1247 1198 1322 1227 ΡΜ.

424 1254 456 1275 11.
480 1254 510 1280 v,
535 1244 556 1274 1.
587 1253 612 1279 1,
637 1243 772 1273 alterum
796 1244 839 1273 ad
861 1252 927 1272 om.
952 1243 1028 1272 Pon.

344 1300 359 1316 »
464 1300 478 1315 »
537 1288 597 1318 col.
619 1296 649 1322 2,
668 1287 688 1317 l.
707 1288 737 1323 6,
756 1297 813 1327 pro
838 1287 1087 1326 comparativae,
1105 1286 1323 1325 comparativa

625 1331 741 1361 PAnnss.

424 1386 456 1407 n.
479 1385 532 1412 vn,
556 1376 577 1405 l.
607 1376 654 1410 13,
679 1385 737 1415 pro
762 1379 857 1411 tenet,
883 1374 955 1404 licet
977 1373 1011 1403 P.

345 1433 360 1448 ι
424 1430 454 1450 11.
479 1430 543 1456 vm,
567 1419 589 1449 1.
619 1429 667 1454 11,
692 1424 722 1449 et
745 1428 810 1448 om.
835 1418 911 1448 PDE.

259 1467 338 1497 Am.
364 1466 394 1502 6,
420 1464 480 1495 col.
510 1474 536 1500 1,
560 1463 581 1494 l.
606 1463 811 1503 antepenult.,
836 1472 894 1502 pro
899 1462 1017 1503 finem,
1037 1461 1190 1503 adfinem
1209 1460 1286 1492 sz.
1303 1477 1324 1483 -

559 1507 581 1538 l.
605 1508 674 1546 ult„
698 1517 756 1548 pro
779 1516 873 1547 quae,
896 1516 959 1547 qua
983 1517 1013 1536 A.

344 1565 358 1580 »
423 1553 483 1584 col.
506 1562 535 1589 2,
558 1552 580 1583 1.
611 1562 658 1588 11,
684 1562 741 1592 pro
766 1551 930 1591 impedire,
955 1551 1122 1590 implicare
1143 1550 1220 1580 Pon.

558 1597 579 1627 1.
610 1597 657 1632 13,
683 1606 740 1637 pro
763 1596 878 1626 horum
907 1597 960 1633 in,
985 1596 1017 1625 in
1045 1595 1158 1625 horum
1182 1593 1259 1624 Pon.

343 1212 358 1226 )
455 1211 470 1227 »

343 1610 359 1625 2
477 1609 491 1624 »

674 1692 833 1728 QUAESTIO
857 1701 916 1721 1.111.

262 1793 342 1821 Am.
372 1800 398 1826 1,
422 1789 442 1820 1.
469 1789 498 1825 8,
523 1798 582 1829 pro
605 1789 677 1824 hae,
701 1788 781 1818 haec
802 1787 878 1817 PAR.

346 1846 361 1862 ιν
423 1834 446 1865 l.
476 1843 524 1870 10,
548 1842 607 1873 pro
630 1832 815 1868 secundum,
841 1833 969 1862 tertium
993 1830 1110 1860 PAnmz.

262 1881 341 1910 ΛΒΤ.
368 1887 397 1915 2,
422 1888 453 1909 11.
477 1888 510 1914 11,
534 1878 556 1908 l.
584 1878 612 1913 3,
637 1886 695 1918 pro
718 1876 762 1907 ad
783 1885 814 1913 2,
837 1876 881 1906 ad
902 1876 928 1906 3
950 1876 1066 1907 PABDE.

347 1935 362 1951 »
458 1934 473 1949 ν
523 1922 583 1953 col.
610 1931 639 1957 2,
663 1921 684 1951 l.
712 1930 729 1950 2
755 1927 785 1950 et
808 1921 838 1956 6,
864 1925 894 1950 et
921 1930 985 1951 om.
1009 1921 1085 1950 ΡΜ).

347 1979 362 1995 »
459 1979 472 1993 2
583 1978 598 1993 ι»
648 1966 668 1996 l.
684 1975 706 2004 4
721 1975 739 1994 a
754 1964 820 2000 fin„
837 1974 896 2005 pro
910 1965 973 2002 hic,
992 1965 1051 1995 hoc
1065 1964 1142 1995 Pon.

262 2015 341 2043 ART.
370 2012 398 2048 3,
423 2021 454 2041 n.
479 2021 500 2047 1,
520 2021 551 2051 p.
579 2010 629 2046 38,
653 2010 674 2040 1.
705 2019 752 2045 10,
777 2019 836 2049 pro
855 2009 986 2049 duplex,
1003 2009 1174 2049 dupliciter
1191 2008 1268 2038 Pon.

347 2068 362 2083 »
449 2067 463 2081 »
555 2067 570 2082 »
656 2054 676 2084 1.
708 2055 760 2089 15,
790 2063 849 2092 pro
881 2054 1155 2090 involuntarium,
1178 2053 1325 2084 volunta—

630 2099 715 2128 rium
739 2098 855 2127 PAnnn.

649 2143 668 2173 1.
689 2151 740 2183 27,
754 2151 812 2181 pro
826 2146 1041 2182 computatur,
1055 2146 1284 2181 computantur
1294 2149 1324 2171 A.

345 2200 360 2215 πυ
424 2198 456 2219 n.
481 2199 513 2224 11,
538 2187 597 2218 col.
626 2197 656 2223 2,
679 2186 699 2217 l.
728 2187 756 2222 5,
780 2196 839 2226 pro
868 2187 1013 2227 rapinae,
1039 2186 1155 2227 rapina
1181 2186 1258 2216 Pon.

349 2244 362 2259 »
452 2245 466 2259 »
563 2244 577 2258 »
679 2231 699 2260 1.
726 2241 756 2270 9,
781 2240 839 2270 pro
859 2236 900 2268 et,
926 2236 962 2261 ut
985 2241 1014 2261 A.

264 2280 344 2309 Am.
367 2286 399 2317 4,
424 2287 454 2308 n.
479 2287 499 2313 1,
524 2276 545 2307 1.
577 2286 601 2311 1,
626 2285 684 2315 pro
709 2275 749 2304 In
774 2275 866 2305 titulo
889 2275 1020 2305 articuli
1042 2275 1166 2315 quarti,
1187 2274 1226 2304 In
1251 2274 1328 2304 arti-

633 2320 705 2350 culo
729 2325 845 2359 quarto
869 2320 944 2349 PDE.

349 2378 364 2393 »
457 2378 471 2393 »
513 2365 573 2395 col.
593 2373 621 2399 2,
638 2364 659 2393 1.
683 2374 708 2399 1,
725 2373 783 2403 pro
801 2365 989 2404 negantium
1007 2363 1057 2393 vel
1076 2362 1326 2404 affirmantium,

633 2409 786 2448 negativi)
811 2409 861 2438 vel
883 2408 1084 2448 affirmativa
1108 2418 1137 2437 A.

350 2466 365 2482 »
429 2464 460 2485 n.
485 2463 517 2489 11,
541 2463 573 2493 p.
597 2462 652 2492 40,
676 2453 696 2482 l.
727 2453 774 2488 13,
792 2462 850 2491 pro
874 2453 1046 2489 constituit,
1072 2452 1215 2482 consistit
1236 2461 1266 2483 A.

347 2155 362 2171 t
450 2156 464 2171 Ὦ

672 2544 833 2581 QUAESTlo
857 2554 929 2574 an.

266 2644 345 2673 Am.
376 2651 402 2678 1,
426 2650 458 2672 n.
482 2651 503 2677 1,
527 2640 547 2671 1.
574 2649 603 2676 2,
624 2648 682 2679 pro
707 2639 847 2676 tertium,
871 2639 1046 2669 secundum
1070 2639 1136 2669 PDE
1165 2636 1222 2680 (ad
1247 2637 1330 2681 ΜΒ).

354 2698 369 2714 1»
432 2695 464 2715 11.
487 2696 520 2722 11,
540 2685 561 2715 1.
589 2685 617 2720 5,
641 2693 700 2724 pro
720 2683 779 2720 illi,
804 2684 833 2713 ei
855 2683 931 2713 Pon.

463 2742 477 2757 »
537 2729 558 2759 l.
590 2728 637 2764 16,
652 2738 709 2768 pro
727 2729 759 2757 in
774 2728 951 2768 proposito,
969 2728 1000 2757 in
1018 2728 1194 2768 oppositum
1211 2728 1328 2758 PABnn.

351 2786 365 2801 »
434 2784 465 2805 n.
489 2784 533 2810 111,
558 2773 619 2803 col.
647 2782 675 2808 2,
692 2772 713 2802 l.
738 2782 784 2812 19,
805 2781 864 2811 pro
889 2772 1116 2810 distributoris,
1134 2772 1329 2803 distributio-

633 2818 684 2847 nis
705 2816 781 2846 PAB.

267 2865 345 2894 Am.
371 2873 400 2900 2,
426 2872 457 2894 n.
480 2873 501 2899 1,
525 2862 547 2893 l.
576 2872 601 2897 1,
625 2861 722 2891 simul
745 2870 810 2890 om.
835 2860 930 2891 Peon.

350 2919 364 2934 ›
460 2918 475 2934 ιι
524 2906 544 2937 1.
569 2915 600 2945 4,
625 2915 684 2945 pro
707 2914 782 2945 qua,
807 2914 869 2945 quo
893 2904 968 2934 PDE.

461 2963 475 2978 »
524 2950 545 2981 l.
570 2950 600 2986 8,
625 2959 683 2990 pro
707 2954 825 2986 actum,
851 2954 943 2980 actus
966 2959 995 2979 A.

352 3007 366 3022 »
430 3004 461 3026 11.
484 3005 516 3031 11,
540 2994 561 3024 l.
592 3005 617 3030 1,
642 3003 700 3034 pro
723 2994 874 3031 secundo,
899 2994 1003 3030 tertio,
1022 3000 1052 3024 et
1068 3003 1127 3034 pro
1143 2993 1329 3031 secundum,

636 3038 763 3068 tertium
787 3048 816 3068 A.

431 3093 463 3114 n.
487 3082 568 3119 111,1.
598 3092 646 3118 11,
670 3091 728 3121 pro
754 3081 854 3118 nullo,
880 3081 970 3111 nulla
993 3090 1023 3111 A.

461 3138 476 3154 2·
540 3127 561 3158 l.
588 3126 638 3163 36,
662 3136 721 3166 pro
746 3135 787 3155 ex
810 3126 992 3162 intentione,
1018 3127 1203 3156 extensione
1225 3135 1274 3156 AB.

541 3171 561 3202 l.
583 3171 632 3207 50,
650 3176 723 3211 post
739 3170 902 3207 invitatus,
920 3174 966 3199 est
985 3169 1056 3200 add.
1077 3170 1114 3206 P;
1135 3180 1193 3210 pro
1210 3174 1330 3207 actore,

634 3219 766 3245 auctore
789 3224 818 3244 A.

638 3259 699 3290 col.
726 3268 754 3295 2,
774 3258 795 3288 1.
823 3268 851 3294 2,
877 3265 950 3298 post
972 3263 1029 3295 est,
1053 3268 1087 3289 se
1110 3258 1182 3288 add.
1206 3258 1241 3290 P.

463 3317 477 3332 »
588 3316 603 3331 »
701 3302 720 3333 l.
749 3303 777 3339 3,
802 3312 859 3343 pro
884 3307 979 3339 certe,
1004 3308 1090 3333 certo
1113 3303 1190 3334 sz.

432 3359 463 3379 n.
488 3359 529 3385 Ν,
554 3348 574 3379 1.
600 3359 629 3390 7,
655 3357 714 3387 pro
732 3348 841 3387 pueri,
860 3348 969 3387 puerti
993 3357 1023 3377 A.

435 3404 466 3424 n.
490 3403 519 3429 v,
544 3393 564 3424 l.
593 3393 620 3429 3,
645 3402 703 3432 pro
728 3392 926 3428 iniustitiam,
945 3391 1097 3422 iustitiam
1121 3391 1198 3422 Pon.

463 3450 477 3465 »
540 3437 560 3468 1.
586 3437 604 3467 8
629 3447 647 3466 a
669 3435 735 3472 fin„
760 3446 818 3476 pro
843 3435 1000 3473 videatur,
1027 3435 1152 3466 videtur
1174 3435 1209 3466 P.

430 3491 460 3512 n.
484 3492 524 3517 νι,
549 3481 569 3512 1.
595 3481 715 3522 penult.
746 3490 828 3520 pag„
855 3490 913 3520 pro
942 3480 1190 3520 confirmaverit,
1220 3485 1331 3511 contu—

635 3525 708 3556 lerit
730 3525 825 3555 anz.

352 3582 367 3597 ι
463 3583 476 3596 »
554 3580 584 3610 p.
609 3571 662 3609 45,
686 3570 706 3599 1.
730 3579 777 3605 1ο,
795 3579 852 3609 pro
877 3574 994 3606 tamen,
1015 3573 1080 3599 tam
1105 3568 1220 3599 PAnnn.

351 3273 368 3509 venue&

1370 304 1448 332 ART.
1475 311 1503 337 2,
1529 310 1560 331 n.
1584 311 1625 336 vr,
1650 311 1680 340 p.
1706 301 1758 339 45,
1783 299 1804 329 l.
1835 299 1881 334 16,
1905 307 1963 338 pro
1977 298 2163 338 firmatum,
2177 298 2335 338 firmatus
2358 308 2388 328 A.

1455 357 1470 372 »
1566 356 1580 371 »
1761 343 1780 373 l.
1820 353 1855 383 17
1882 349 1911 372 et
1941 341 1988 377 18,
2009 351 2067 381 pro
2091 342 2281 382 quaesitum,
2303 341 2437 381 acquisi-

1743 392 1808 417 tum
1833 387 1909 416 PDE.

1456 443 1471 458 »
1567 444 1582 459 »
1664 444 1678 459 ›>
1765 431 1784 461 1.
1812 440 1862 471 27,
1887 440 1946 469 pro
1957 430 2112 470 practice,
2123 428 2289 469 practicae
2304 429 2379 459 sz.

1568 487 1582 503 »
1668 488 1682 503 »
1768 474 1789 504 1.
1818 475 1867 510 31,
1885 474 2014 514 magnis
2029 480 2101 503 ante
2117 473 2211 504 malis
2227 483 2292 504 om.
2309 472 2385 503 sz.

1459 532 1474 547 1»
1540 530 1569 550 11.
1586 530 1638 556 vn,
1656 519 1676 549 1.
1699 529 1747 556 12,
1763 525 1837 558 post
1860 523 2040 558 caperetur,
2055 523 2085 548 et
2101 517 2171 548 add.
2185 517 2260 548 Pnss.

1657 563 1677 593 l.
1702 563 1748 599 13,
1763 572 1821 602 pro
1835 562 2075 602 eufortunatus,
2087 561 2309 602 infortunatus
2320 560 2437 590 PABna.

1462 620 1477 636 ι
1573 619 1588 635 :v
1657 607 1677 637 1.
1708 617 1755 646 19,
1781 616 1838 646 pro
1862 607 1976 646 Prope,
2001 606 2134 646 Proprie
2157 616 2186 636 A.

1459 664 1473 679 »
1570 664 1584 679 »
1649 651 1709 682 col.
1736 660 1765 686 2,
1790 651 1811 681 l.
1842 660 1888 686 10,
1914 660 1972 690 pro
2000 655 2179 687 teneretur,
2209 654 2337 680 tenetur
2363 648 2439 678 sz.

1461 709 1476 724 »
1540 706 1571 726 n.
1595 705 1660 731 vm,
1675 695 1697 725 l.
1713 704 1764 735 27,
1782 704 1840 734 pro
1857 694 1995 735 auferri,
2009 695 2146 735 augerri
2161 704 2191 730 A,
2209 693 2328 734 augeri
2342 692 2439 723 Pana.

1461 753 1476 769 2
1540 751 1571 770 n.
1595 750 1635 775 111,
1660 749 1690 779 p.
1715 739 1770 777 46,
1794 738 1814 768 l.
1842 738 1894 775 32,
1918 748 1976 778 pro
1999 743 2120 778 spectat
2141 747 2246 774 suum,
2262 746 2355 768 suum
2371 745 2440 776 spe-

1742 787 1807 812 ctat
1827 782 1923 812 Pumz.
1975 807 1977 809 ,

1574 840 1588 856 »
1685 839 1699 854 »
1793 826 1814 856 l.
1841 826 1891 862 35,
1917 836 1974 865 pro
1999 826 2157 866 impediri,
2181 825 2336 866 impedire
2363 824 2440 855 Pon.

1462 887 1476 902 »
1541 883 1571 903 n.
1596 883 1636 908 111,
1661 871 1681 902 1.
1709 871 1761 911 37,
1786 879 1844 910 pro
1867 870 1970 909 aliqui
1992 879 2026 900 se
2051 870 2167 900 habent
2189 869 2243 907 ad,
2259 869 2360 909 aliqui
2383 867 2442 898 tol·

1743 915 1814 944 lunt
1836 924 1886 944 DE.
1903 931 1920 936 -
1937 914 1958 944 l.
1987 913 2037 950 38,
2061 924 2120 954 pro
2143 914 2268 950 habent,
2293 913 2441 949 habeant,

1744 965 1774 989 et
1795 958 1815 989 1.
1841 967 1894 997 40,
1912 968 1970 997 pro
1987 958 2114 995 tollunt,
2135 958 2251 988 tollant
2273 957 2348 987 ΡΜ.

1573 1017 1586 1032 »
1672 1004 1693 1034 1.
1722 1004 1772 1039 52,
1797 1012 1854 1042 pro
1879 1002 2019 1039 debebat,
2044 1002 2216 1032 debebatur
2238 1011 2286 1031 AB.

1673 1058 1704 1088 p.
1729 1047 1818 1088 47,1.
1864 1047 1918 1082 16,
1952 1056 2010 1086 pro
2047 1046 2322 1082 distributionum,
2351 1044 2444 1075 resti-

1736 1092 1891 1122 tutionum
1916 1091 1992 1121 PDE.

1780 1136 1799 1166 1.
1831 1145 1879 1175 19,
1903 1145 1961 1175 pro
1985 1136 2069 1172 hinc,
2093 1135 2144 1165 hic
2166 1134 2242 1164 Pon.

1697 1192 1712 1207 »
1776 1180 1796 1210 l.
1825 1180 1874 1215 26,
1899 1189 1957 1219 pro
1982 1184 2142 1216 tenentur,
2167 1182 2294 1208 tenetur
2315 1187 2344 1207 A.

1543 1237 1574 1256 11.
1598 1235 1649 1261 1111,
1673 1224 1694 1254 1.
1720 1223 1750 1259 8,
1775 1233 1833 1263 pro
1857 1223 1900 1254 ad
1923 1224 2057 1261 libitum,
2077 1223 2251 1254 adhibitum
2275 1222 2310 1252 P.

1599 1279 1661 1304 xlv,
1684 1268 1704 1298 l.
1733 1268 1783 1303 33,
1809 1277 1872 1297 ηοη
1896 1277 1962 1297 om.
1987 1278 2016 1298 A.

1542 1324 1573 1344 n.
1598 1323 1648 1349 xv,
1671 1312 1691 1342 l.
1722 1321 1770 1347 10,
1794 1317 1853 1351 pro
1879 1312 1910 1341 in
1935 1312 2073 1348 iustitia,
2099 1311 2254 1341 iniustitia
2277 1320 2330 1346 AB,
2355 1309 2444 1340 iusti-

1746 1356 1791 1385 tia
1815 1355 1890 1385 PDE.

1461 1063 1475 1078 >
1572 1062 1587 1077 ἱ)

1574 1150 1588 1166 D
1700 1148 1714 1163 »

1465 1416 1480 1432 »
1544 1412 1576 1432 n.
1600 1411 1661 1436 11ν1,
1686 1410 1718 1440 p.
1743 1399 1796 1438 48,
1821 1399 1841 1429 1.
1860 1409 1890 1440 7,
1907 1408 1966 1438 pro
1983 1399 2078 1436 enim,
2097 1407 2159 1428 non
2176 1398 2252 1428 sz.

1465 1461 1480 1476 »
1577 1458 1591 1472 »
1717 1456 1732 1470 »
1817 1443 1838 1473 1.
1866 1452 1916 1478 21,
1943 1453 2001 1483 pro
2026 1443 2159 1480 iustitia,
2184 1442 2324 1473 iustitiae
2346 1441 2380 1472 Ρ.

1576 1501 1590 1516 »
1717 1500 1732 1514 »
1819 1487 1879 1518 col.
1898 1497 1926 1523 2,
1952 1487 1971 1518 l.
2000 1488 2027 1523 3,
2045 1497 2103 1527 pro
2126 1487 2222 1517 alteri
2245 1491 2302 1524 est,
2327 1490 2375 1516 est
2396 1484 2446 1516 al-

1748 1533 1810 1562 teri
1831 1532 1907 1562 Pon.
1930 1548 1954 1556 ·-
1976 1531 1996 1562 1.
2015 1543 2045 1572 7,
2062 1541 2121 1572 pro
2137 1530 2375 1571 aequivaleant,
2391 1538 2446 1560 ae·

1747 1576 1909 1616 quivaleat
1933 1576 2029 1606 anz.

1381 1627 1460 1656 Am.
1488 1625 1516 1661 3,
1545 1633 1576 1653 n.
1600 1633 1621 1658 1,
1645 1621 1666 1652 1.
1691 1621 1721 1657 6,
1745 1620 1831 1661 quod
1853 1630 1919 1650 om.
1942 1620 2019 1650 sz.

1465 1681 1480 1696 a>
1541 1677 1572 1698 n.
1597 1677 1629 1702 11,
1651 1665 1711 1696 col.
1739 1674 1767 1700 2,
1792 1664 1812 1695 1.
1843 1674 1890 1700 10,
1915 1674 1935 1694 a
1960 1674 2024 1694 om.
2050 1664 2125 1695 ΡΜ.

1465 1725 1480 1740 »
1545 1721 1576 1742 n.
1601 1721 1644 1746 111,
1668 1709 1688 1740 1.
1714 1708 1744 1745 8,
1770 1718 1832 1739 non
1857 1718 1922 1738 om.
1946 1709 2024 1738 Pon.

1466 1769 1480 1784 »
1576 1767 1591 1782 »
1656 1754 1677 1785 l.
1707 1762 1756 1792 14,
1780 1763 1839 1794 pro
1863 1753 2007 1792 inflictio,
2033 1752 2192 1792 conflictio
2215 1762 2245 1783 A.

1464 1814 1479 1829 Ὦ

1575 1812 1590 1827 a»
1654 1798 1675 1829 1.
1702 1807 1753 1834 22,
1779 1807 1837 1837 pro
1863 1798 1894 1827 in
1918 1806 1963 1834 se,
1988 1806 2023 1827 se
2046 1797 2078 1826 in
2102 1797 2136 1828 P.

1380 1849 1460 1877 Am.
1484 1855 1516 1886 4,
1540 1844 1560 1875 1.
1586 1854 1617 1885 7,
1642 1852 1700 1883 pro
1725 1841 1918 1878 voluntarie,
1942 1841 2160 1871 involuntarie
2182 1851 2212 1871 A.

1380 1893 1460 1922 ΑΜ.
1487 1891 1502 1921 5
1541 1899 1572 1919 11.
1596 1898 1617 1924 1,
1641 1887 1662 1918 1.
1688 1897 1718 1926 9,
1742 1895 1800 1926 pro
1824 1885 2021 1926 significare,
2045 1885 2227 1926 significari
2249 1885 2365 1916 PAnmz.

1465 1947 1480 1962 «
1576 1944 1590 1959 1»
1640 1931 1662 1961 1.
1692 1939 1740 1970 14,
1765 1940 1823 1970 pro
1847 1930 2026 1970 religionis,
2051 1929 2197 1970 religiosi
2219 1929 2335 1960 PAnnn.

1465 1991 1480 2006 ›
1576 1989 1591 2004 »
1641 1976 1661 2006 l.
1692 1975 1740 2010 15,
1761 1984 1819 2014 pro
1842 1975 1894 2011 sit,
1909 1973 1955 2014 fit
1977 1974 2012 2004 P.

1465 2035 1480 2050 ›
1576 2032 1591 2047 »
1640 2020 1661 2051 l.
1685 2018 1818 2059 penult„
1843 2028 1901 2059 pro
1919 2019 2076 2058 proximi,
2095 2018 2258 2058 proximis
2280 2027 2330 2049 An.

1465 2079 1479 2095 n
1543 2075 1575 2096 11.
1599 2074 1643 2100 111,
1665 2063 1686 2094 l.
1718 2064 1765 2099 13,
1790 2073 1849 2103 pro
1870 2063 2038 2103 promisit,
2056 2062 2217 2103 promittit
2242 2062 2328 2093 Pam:
2357 2059 2448 2105 (pro-

1749 2108 1849 2138 mitsit
1871 2105 1916 2148 A).

1464 2167 1479 2183 ›
1544 2164 1575 2184 n.
1600 2163 1641 2189 1v,
1665 2152 1686 2183 1.
1717 2152 1764 2188 13,
1790 2161 1848 2192 pro
1873 2150 2105 2190 imprudenter,
2123 2149 2331 2191 impudentur
2353 2159 2402 2181 An.

1465 2211 1479 2226 ι
1576 2209 1590 2224 »
1639 2196 1660 2227 1.
1687 2206 1738 2233 22,
1763 2205 1821 2236 pro
1845 2195 2067 2232 disiunctione,
2085 2195 2287 2226 distinctione
2308 2193 2405 2225 Pana.

1465 2256 1480 2271 »
1577 2255 1592 2270 »
1640 2241 1661 2272 1.
1688 2250 1740 2280 24,
1765 2245 1795 2270 et
1819 2249 1884 2270 om.
1909 2239 1984 2270 PDE.

1466 2300 1481 2315 ›
1546 2296 1576 2318 n.
1600 2296 1630 2323 v,
1656 2296 1687 2326 p.
1715 2285 1765 2321 53,
1789 2284 1809 2315 1.
1836 2294 1887 2320 21,
1912 2284 2006 2314 etiam
2032 2293 2096 2314 om.
2121 2283 2197 2313 ΡΜ.

1466 2344 1480 2359 »
1578 2343 1592 2358 »
1689 2341 1703 2356 2
1783 2329 1804 2359 1.
1829 2329 1882 2367 43,
1908 2338 1967 2368 pro
1990 2328 2060 2365 hoc,
2085 2328 2164 2358 haec
2179 2327 2254 2358 PDE.

1467 2388 1482 2403 2
1579 2387 1593 2401 »
1690 2386 1704 2401 »
1783 2373 1804 2403 1.
1833 2374 1882 2413 57,
1907 2382 1965 2412 pro
1993 2372 2207 2409 reddendum,
2233 2370 2396 2402 reddendo
2418 2381 2448 2402 A.

1465 2431 1480 2446 »
1546 2429 1577 2449 n.
1601 2429 1643 2455 Vl,
1667 2417 1689 2449 l.
1715 2427 1743 2453 2,
1769 2426 1827 2457 pro
1851 2416 1924 2454 XV,
1956 2416 1984 2446 V
2002 2416 2077 2446 sz.

1467 2475 1482 2491 »
1578 2474 1592 2489 ›
1657 2461 1677 2493 l.
1705 2471 1755 2498 21,
1781 2461 1858 2491 mihi
1881 2470 1947 2490 om.
1972 2460 2046 2490 sz.

1469 2521 1484 2536 »
1580 2519 1593 2534 ι
1657 2506 1678 2537 l.
1706 2515 1757 2545 24,
1781 2515 1840 2546 pro
1865 2510 1967 2542 tuum,
1992 2509 2048 2534 tua
2071 2515 2101 2535 A.

1468 2565 1483 2580 »
1548 2562 1580 2582 n.
1603 2561 1657 2586 vn,
1682 2550 1701 2581 l.
1727 2550 1758 2586 8,
1782 2559 1834 2590 qu.
1865 2548 1929 2579 VII
1949 2559 2014 2579 om.
2039 2549 2113 2579 Pon.

1385 2600 1463 2628 AR'r.
1494 2597 1524 2633 6,
1550 2606 1580 2626 11.
1605 2606 1624 2631 1,
1650 2595 1710 2626 col.
1728 2604 1756 2630 2,
1774 2594 1795 2624 l.
1819 2604 1849 2635 7,
1866 2600 1938 2623 ante
1948 2594 2103 2633 pretium,
2121 2592 2161 2622 ab
2180 2601 2217 2622 eo
2240 2592 2312 2623 add.
2331 2591 2449 2622 PAnnn.

1469 2653 1484 2669 »
1549 2650 1579 2670 11.
1604 2649 1648 2676 111,
1672 2639 1693 2670 1.
1717 2639 1770 2678 43,
1795 2647 1854 2678 pro
1883 2641 2081 2677 consumpta,
2110 2641 2298 2667 consumata
2321 2646 2351 2673 A,
2376 2644 2451 2667 con-

1750 2687 1913 2713 summata
1937 2692 1964 2712 B.

1469 2741 1485 2757 ι
1581 2740 1595 2755 ιι
1667 2726 1727 2758 col.
1754 2736 1783 2763 2,
1807 2726 1828 2757 1.
1859 2737 1883 2762 1,
1909 2736 1967 2766 pro
1995 2730 2163 2762 servatur,
2194 2725 2343 2756 salvatur
2373 2723 2450 2756 Pnu.

1581 2784 1596 2799 »
1692 2783 1706 2798 »
1806 2771 1827 2801 1.
1858 2771 1911 2806 16,
1936 2780 1995 2810 pro
2019 2770 2191 2807 habeatur,
2216 2768 2351 2800 habetur
2372 2768 2449 2799 Pnz.

1692 2827 1706 2843 »
1800 2814 1820 2846 l.
1846 2815 1905 2851 23,
1930 2824 1989 2854 pro
2012 2814 2204 2854 disponens,
2227 2813 2451 2854 dispositiones

1752 2859 1868 2890 PABDE.

1469 2917 1485 2933 »
1549 2914 1581 2936 n.
1604 2914 1645 2941 ιν,
1669 2904 1690 2935 l.
1719 2904 1734 2934 5
1761 2913 1779 2933 a
1800 2902 1866 2939 fin„
1891 2912 1950 2943 pro
1973 2901 2238 2943 damnificatoris,
2263 2900 2450 2942 damnifica-

1585 2949 1682 2980 tionis
1705 2948 1781 2978 Pon.

1471 3006 1485 3021 ι
1550 3003 1582 3024 11.
1606 3003 1635 3030 v,
1660 2993 1681 3024 1.
1708 2993 1724 3022 3
1749 3003 1766 3021 a
1790 2990 1843 3022 fin.
1869 3001 1952 3032 pag„
1978 3000 2036 3031 pro
2060 2995 2117 3028 est,
2141 2991 2183 3021 sit
2205 2990 2282 3021 sz.

1469 3050 1484 3065 ι
1549 3048 1581 3068 11.
1605 3047 1658 3073 vn,
1682 3036 1704 3067 1.
1735 3046 1782 3076 19,
1804 3045 1863 3076 pro
1880 3035 2157 3075 correspondente,
2175 3033 2386 3075 respondente
2398 3043 2448 3064 An.

1469 3094 1484 3109 2
1580 3093 1595 3108 ι
1658 3081 1680 3112 1.
1707 3089 1759 3116 21,
1784 3089 1843 3120 pro
1865 3084 1907 3116 et,
1932 3081 1962 3109 ei
1982 3079 2060 3110 Pon.

1469 3137 1484 3152 ι
1581 3137 1596 3152 »
1659 3124 1679 3155 l.
1707 3125 1758 3160 23,
1783 3133 1842 3163 pro
1865 3123 1957 3160 Dixi,
1973 3123 2062 3153 Dicit
2083 3122 2160 3152 PDE.

1469 3181 1485 3197 ι
1581 3181 1596 3196 »
1659 3168 1680 3199 l.
1708 3169 1724 3199 3
1750 3177 1768 3197 a
1791 3166 1856 3203 fin„
1880 3177 1940 3207 pro
1964 3168 2071 3208 longe,
2096 3167 2215 3207 longae
2238 3166 2314 3197 ΡΜ.

1469 3226 1484 3241 ι
1548 3223 1578 3244 11.
1603 3223 1667 3249 vm,
1680 3212 1701 3243 1.
1727 3222 1756 3252 9,
1770 3221 1828 3251 pro
1841 3212 2106 3248 aestimationem,
2121 3210 2387 3242 existimationem
2398 3219 2449 3243 AB.

1469 3270 1484 3286 ι
1581 3269 1595 3284 »
1681 3257 1702 3287 1.
1726 3257 1784 3296 43,
1808 3265 1862 3295 44,
1887 3265 1946 3296 pro
1970 3256 2110 3286 iustitiae
2132 3260 2251 3293 actum,
2267 3259 2375 3286 actum
2400 3255 2448 3286 iu-

1752 3301 1877 3337 stitiae;
1900 3300 1920 3331 1.
1949 3301 1999 3336 51,
2024 3309 2082 3340 pro
2107 3300 2181 3330 talis
2204 3299 2269 3336 lex,
2290 3298 2345 3329 Iex
2373 3298 2450 3330 talis

1752 3345 1829 3375 Pnn.

1546 3399 1577 3420 n.
1602 3399 1643 3425 1x,
1667 3389 1689 3419 1.
1720 3399 1744 3425 1,
1770 3398 1828 3429 pro
1853 3389 1994 3425 tertium,
2018 3387 2192 3418 secundum
2217 3387 2291 3418 PAn.

1469 3445 1483 3460 ›
1581 3445 1594 3460 »
1665 3433 1685 3464 1.
1717 3443 1763 3469 11,
1795 3442 1842 3469 12,
1860 3433 1892 3463 in
1916 3433 1978 3463 hac
1995 3433 2132 3462 materia
2149 3438 2218 3468 etc„
2236 3438 2271 3462 ut
2289 3430 2322 3461 in
2337 3439 2448 3470 marg„

1751 3477 1826 3508 sz.

1661 3532 1693 3562 p.
1722 3522 1770 3563 57,
1795 3522 1815 3552 l.
1843 3531 1870 3557 2,
1890 3530 1953 3561 per
1975 3530 2041 3551 om.
2069 3519 2165 3552 Pana.

1794 3565 1815 3596 1.
1842 3567 1893 3601 25,
1917 3574 1975 3605 pro
2000 3565 2040 3602 ei,
2066 3565 2111 3594 eis
2133 3563 2167 3594 P.

1470 3535 1485 3550 D
1582 3534 1596 3549 ἱ

1470 3579 1485 3594 ὶ
1582 3579 1596 3593 t>
1693 3578 1707 3593 5>
