2860 4244
187 764 195 773 ¹
206 763 215 784 1
226 763 259 784 ad
273 763 336 790 Cor„
345 768 395 790 cap.

187 795 217 816 tx,
233 795 291 811 vers.
306 795 335 811 ια.

193 3004 203 3013 ·
218 3003 283 3024 Vers.
299 3009 330 3024 to.

199 3607 208 3617 ⁸
222 3606 257 3628 Cf.
273 3611 314 3629 art.
328 3613 348 3635 3.

430 312 504 348 228

481 391 539 426 Ar)
569 400 729 431 QuinruM
758 399 941 424 DICENDUM
970 385 1074 433 quod
1104 384 1260 421 ministri
1292 383 1485 420 Ecclesiae

428 442 616 479 maiorem
645 453 775 477 curam
805 440 944 477 debent
970 439 1111 474 habere
1141 436 1392 485 spiritualium
1419 437 1487 472 bo-

427 506 565 531 norum
586 494 624 530 in
642 494 786 542 populo
814 490 1170 540 promovendorum
1191 500 1308 537 quam
1338 496 1486 537 tempo-

427 547 559 583 ralium
589 545 900 592 colligendorum.
936 544 985 579 Et
1012 542 1099 579 ideo
1127 541 1336 590 Apostolus
1366 540 1487 578 noluit

426 599 479 636 uti
506 605 691 647 potestate
728 597 798 633 sibi
831 609 852 632 a
880 595 1051 633 Domino
1080 594 1236 642 tradita,
1266 601 1308 631 ut
1346 594 1486 631 scilicet

425 651 611 700 acciperet
649 649 834 698 stipendia
861 648 983 685 victus
1018 648 1065 684 ab
1094 647 1152 684 his
1181 647 1320 696 quibus
1358 648 1485 684 Evan-

424 704 562 751 gelium
590 702 850 752 praedicabat,
881 713 928 737 ne
959 700 1112 737 daretur
1140 700 1296 749 aliquod
1324 700 1485 749 impedi-

424 763 597 792 mentum
625 754 834 802 Evangelio
865 753 1002 790 Christi
1019 754 1049 791 ³¹³.
1079 754 1163 790 Nec
1191 761 1321 790 tamen
1349 765 1484 801 pecca-

424 809 514 845 bant
542 808 591 844 illi
617 807 682 855 qui
707 807 740 843 ei
760 819 838 843 non
867 806 1161 843 subveniebant:
1192 805 1361 855 alioquin
1381 807 1484 854 Apo-

1066 305 1330 353 QUAEsrlo
1361 305 1591 352 Lxxxvn,
1620 306 1915 343 AaricULus
1945 306 1958 341 1

1541 384 1659 420 stolus
1687 396 1754 421 eos
1788 385 1974 432 corrigere
2001 395 2081 420 non
2109 382 2309 420 omisisset.
2348 384 2398 420 Et
2428 383 2597 420 similiter

1539 436 1777 474 laudabiliter
1803 437 1961 474 ministri
1990 435 2182 473 Ecclesiae
2208 435 2376 473 decimas
2403 436 2595 473 Ecclesiae

1540 500 1620 525 non
1661 489 1873 538 requirunt,
1908 489 1974 526 ubi
2011 489 2091 526 sine
2128 489 2307 526 scandalo
2342 488 2484 536 requiri
2518 501 2597 526 non

1539 548 1715 590 possent,
1745 550 1901 591 propter
1928 541 2226 579 dissuetudinem
2254 541 2316 577 vel
2349 547 2506 590 propter
2533 541 2597 578 ali-

1540 605 1659 641 quam
1697 594 1810 632 aliam
1839 607 2006 632 causam.
2049 594 2133 630 Nec
2161 601 2292 631 tamen
2320 600 2407 630 sunt
2433 593 2473 630 in
2498 600 2597 631 statu

1539 647 1796 684 damnationis
1817 647 1880 696 qui
1899 660 1978 684 non
2002 648 2167 694 solvunt,
2188 646 2227 684 in
2245 646 2338 683 locis
2364 645 2434 683 illis
2458 646 2497 682 in
2515 646 2597 694 qui-

1539 700 1610 736 bus
1630 700 1800 736 Ecclesia
1818 712 1897 737 non
1917 700 2023 749 petit:
2047 699 2119 737 nisi
2137 700 2234 736 forte
2256 707 2412 748 propter
2433 699 2596 751 obstina—

1538 752 1680 788 tionem
1705 753 1832 799 animi,
1852 753 2037 790 habentes
2055 753 2293 790 voluntatem
2316 764 2395 790 non
2423 751 2597 789 solvendi

1539 804 1651 842 etiam
1680 804 1710 841 si
1738 805 1786 842 ab
1816 805 1869 842 eis
1897 813 2126 854 peterentur.

1097 901 1429 934 Commentaria
1453 900 1704 934 Cardinalis
1727 900 1928 933 Caietam

425 994 470 1056 IN
500 983 631 1014 articulo
663 982 767 1023 primo
794 981 987 1023 quaestionis
1019 981 1403 1022 octogesimaeseptimae,
1428 980 1482 1010 ad·
1506 980 1508 991 ¹

452 1033 536 1058 verte
559 1027 663 1067 primo
695 1026 882 1067 originalem
911 1026 1048 1057 radicem
1075 1026 1160 1056 unde
1183 1025 1402 1055 determinatio
1427 1024 1481 1054 de-

421 1071 519 1101 cimae
542 1071 638 1111 partis
661 1070 853 1101 exhibendae
876 1070 1026 1101 ministris
1049 1069 1146 1100 divini
1166 1069 1269 1100 cultus
1293 1068 1481 1109 provenerit,

420 1115 536 1146 scilicet
558 1125 595 1146 ex
611 1115 808 1146 duodenario
824 1124 958 1145 numero
975 1114 1118 1145 tribuum
1133 1113 1235 1143 Israel.
1260 1112 1375 1143 Statuit
1393 1122 1481 1142 nam-

420 1170 483 1200 que
503 1159 599 1196 Deus,
617 1169 691 1190 cum
707 1165 810 1189 essent
833 1158 1013 1194 duodecim,
1038 1164 1073 1189 ut
1096 1157 1295 1193 duodecima,
1320 1166 1401 1197 quae
1417 1163 1482 1187 erat

420 1203 479 1234 Dei
502 1203 660 1240 ministra,
685 1203 717 1233 in
745 1203 868 1233 duabus
896 1202 1036 1243 partibus
1061 1208 1176 1232 ceteras
1200 1201 1374 1231 excederet:
1406 1210 1479 1230 nam

421 1247 551 1286 singulis
579 1247 728 1278 undecim
755 1247 899 1277 tribubus
927 1245 1108 1286 singillatim
1137 1245 1175 1275 de
1201 1244 1311 1275 decem
1340 1244 1481 1284 parn‘bus

421 1301 538 1322 novem
553 1292 718 1328 restabant,
731 1297 762 1322 et
777 1291 898 1321 decima
914 1290 1046 1320 dabatur
1062 1289 1269 1319 duodecimae
1284 1287 1479 1324 Levitarum;

420 1342 451 1366 et
473 1335 516 1366 sic
539 1335 696 1376 quaelibet
718 1335 852 1365 habebat
874 1343 991 1364 novem
1014 1339 1132 1373 partes,
1158 1339 1188 1362 et
1211 1331 1401 1361 duodecima
1424 1331 1479 1362 ha-

420 1379 514 1409 bebat
536 1379 693 1415 undecim,
712 1379 787 1419 quia
810 1379 942 1408 habebat
966 1377 1122 1407 decimam
1138 1385 1300 1416 quamque
1315 1375 1482 1407 cuiuslibet

422 1422 579 1453 undecim.
610 1423 651 1453 Et
674 1433 748 1453 cum
777 1428 980 1462 praeceptum
1010 1420 1087 1456 hoc,
1113 1427 1148 1450 ut
1170 1419 1204 1449 in
1226 1419 1328 1450 littera
1351 1418 1479 1456 dicitur,

420 1473 499 1497 esset
521 1466 684 1503 iudiciale,
709 1466 890 1496 ordinatum
913 1465 953 1495 ad
976 1464 1196 1505 aequalitatem
1223 1463 1255 1493 in
1279 1463 1402 1503 populo
1425 1463 1480 1494 illo

419 1510 619 1546 servandam,
644 1510 761 1550 duplex
783 1510 862 1540 ratio
886 1509 981 1540 huius
1004 1508 1228 1539 excrescentiae
1252 1507 1426 1547 assignatur
1448 1507 1481 1538 in

419 1554 530 1584 littera.
562 1554 685 1590 Primo,
711 1561 746 1584 ut
775 1561 948 1584 servaretur
979 1552 1150 1593 aequalitas
1180 1551 1415 1592 proportionis:
1447 1558 1482 1582 ut

421 1598 537 1628 scilicet
560 1598 695 1629 ministri
719 1598 815 1628 divini
840 1598 953 1633 cultus,
977 1597 1033 1637 qui
1057 1603 1145 1627 erant
1167 1595 1337 1626 nobiliores
1361 1605 1398 1626 ex
1421 1596 1482 1627 hoc

420 1642 491 1682 ipso
522 1643 610 1682 quod
633 1643 673 1672 ad
696 1642 834 1672 nobilius
858 1640 1069 1672 ministerium
1091 1640 1206 1670 addicti
1230 1646 1319 1676 sunt,
1344 1639 1483 1670 honora-

421 1686 515 1716 bilius
538 1686 687 1717 viverent.
719 1686 885 1722 Secundo,
910 1692 945 1716 ut
967 1685 1018 1715 vel
1045 1684 1089 1715 sic
1112 1690 1285 1714 servaretur
1312 1684 1484 1724 aequalitas

422 1729 605 1769 simpliciter
620 1730 700 1761 inter
715 1730 841 1760 Levitas
858 1736 888 1760 et
903 1729 996 1759 alios:
1022 1728 1177 1768 quoniam
1193 1728 1272 1758 inter
1291 1734 1339 1758 tot
1362 1727 1483 1759 futuras

421 1774 692 1813 transgressiones,
717 1780 773 1804 aut
795 1784 861 1804 non
885 1773 990 1804 dando
1014 1779 1069 1803 aut
1092 1782 1157 1803 non
1182 1778 1296 1808 exacte,
1314 1771 1485 1803 salvaretur

422 1818 533 1848 saltem
556 1818 726 1858 aequalitas
742 1818 940 1858 simpliciter;
965 1827 1040 1847 cum
1062 1823 1168 1847 tamen
1191 1816 1408 1856 proportionis
1430 1817 1483 1847 de-

423 1863 508 1892 beret
531 1862 650 1893 salvari.

478 1906 515 1935 11.
540 1906 573 1935 In
598 1906 712 1936 eodem
735 1905 866 1936 articulo
891 1904 1026 1935 dubium
1050 1903 1184 1934 occurrit
1207 1903 1288 1934 circa
1310 1903 1372 1935 hoc
1395 1904 1485 1944 quod

423 1956 626 1990 praeceptum
642 1949 837 1979 decimarum
852 1949 964 1979 dicitur
979 1947 1134 1978 iudiciale.
1158 1948 1242 1978 Nam
1256 1947 1381 1978 videtur
1396 1948 1485 1988 quod

423 1993 462 2023 sit
493 1993 728 2024 caeremoniale.
763 1993 926 2030 Quoniam
957 1991 1129 2022 differentia
1157 1991 1237 2022 inter
1266 1991 1425 2023 iudicialia
1455 1999 1485 2023 et

423 2037 661 2067 caeremonialia
691 2037 767 2067 haec
795 2044 857 2072 est,
885 2036 973 2077 quod
1004 2035 1243 2066 caeremonialia
1270 2036 1310 2065 ad
1340 2036 1485 2066 divinum

423 2081 554 2117 cultum,
571 2081 728 2111 iudicialia
748 2081 786 2111 ad
806 2081 975 2121 populum,
999 2079 1220 2120 aequalitatem
1237 2085 1267 2110 et
1290 2090 1402 2120 pacem
1418 2090 1486 2120 spe-

423 2131 517 2155 ctant.
549 2124 681 2161 Constat
704 2132 811 2155 autem
837 2125 926 2165 quod
949 2124 1089 2155 decimae
1113 2124 1152 2153 ad
1176 2123 1320 2154 divinum
1343 2124 1483 2161 cultum,

421 2169 522 2199 immo
554 2170 592 2199 ad
622 2169 727 2199 Deum
757 2169 863 2209 ipsum
893 2168 1135 2204 ordinabantur,
1169 2167 1202 2197 in
1233 2168 1484 2208 recognitionem

423 2212 471 2243 sui
494 2213 677 2243 universalis
702 2213 853 2243 dominii:
879 2219 915 2243 ut
937 2219 1022 2252 patet
1045 2212 1149 2248 Extra,
1173 2211 1212 2242 de
1233 2211 1390 2250 Decimis,
1416 2223 1483 2254 cap.

428 2257 495 2287 Tua
520 2257 617 2288 nobis.
642 2257 726 2296 Ergo
750 2264 796 2287 est
819 2256 1056 2287 caeremoniale.

478 2300 527 2330 Ad
552 2301 612 2331 hoc
636 2301 748 2331 dicitur
776 2301 865 2342 quod
894 2299 1067 2331 differentia
1089 2299 1169 2330 inter
1192 2300 1431 2331 caeremonialia
1455 2308 1485 2332 et

423 2344 580 2374 iudicialia
602 2345 803 2385 intelligenda
822 2351 868 2375 est
891 2345 943 2375 sic.
969 2343 1220 2375 Caeremonialia
1243 2351 1317 2375 sunt
1340 2355 1422 2385 quae
1444 2346 1484 2376 ad

423 2389 528 2418 Deum
551 2389 601 2419 vel
624 2389 766 2419 divinum
785 2389 907 2420 cultum
930 2388 1110 2419 immediate
1134 2387 1327 2418 referuntur:
1352 2389 1405 2420 illa
1428 2400 1484 2420 au-

423 2439 488 2462 tem
511 2443 591 2473 quae
613 2433 768 2464 mediante
785 2433 971 2474 aequalitate
995 2432 1108 2472 populi
1132 2439 1162 2462 et
1185 2432 1414 2470 ministrorum,
1431 2441 1486 2465 aut

424 2476 640 2507 ministrorum
667 2477 747 2508 inter
770 2487 819 2514 se,
844 2478 883 2507 ad
906 2478 1011 2507 Deum
1042 2475 1237 2511 referuntur,
1262 2477 1302 2506 ad
1328 2477 1484 2508 iudicialia

424 2520 549 2561 proprie
573 2528 721 2561 spectant.
752 2521 1016 2561 Unumquodque
1039 2520 1125 2550 enim
1152 2530 1248 2559 penes
1271 2520 1303 2550 id
1327 2522 1415 2561 quod
1439 2522 1484 2552 di-

424 2571 506 2595 recte
529 2571 558 2594 et
582 2565 761 2595 immediate
786 2565 888 2602 habet,
913 2564 1118 2595 iudicandum
1135 2570 1190 2594 est.
1216 2564 1300 2601 Quia
1314 2565 1409 2605 igitur
1433 2566 1484 2596 de-

425 2608 551 2638 cimatio
575 2619 629 2649 per
653 2620 684 2639 se
709 2609 823 2640 directe
846 2615 876 2639 et
898 2608 1080 2638 immediate
1096 2608 1261 2638 ordinatur
1283 2609 1323 2638 ad
1347 2610 1484 2650 aequali—

424 2659 521 2683 tatem
539 2653 618 2683 inter
634 2653 794 2684 ministros
808 2653 868 2683 Dei
892 2659 922 2683 et
940 2652 1101 2693 populum
1120 2652 1320 2688 servandum,
1335 2663 1371 2683 ac
1390 2653 1484 2684 etiam

424 2696 504 2726 inter
516 2697 675 2727 ministros
691 2697 770 2728 inter
783 2707 825 2733 se,
839 2703 870 2727 et
885 2696 1043 2727 mediante
1059 2696 1117 2726 hac
1130 2695 1293 2726 ordinatur
1307 2697 1346 2726 ad
1362 2697 1483 2734 Deum;

425 2741 496 2770 ideo
520 2740 599 2771 inter
614 2741 781 2777 iudicialia,
798 2751 865 2771 non
881 2739 1130 2775 caeremonialia,
1149 2746 1194 2769 est
1217 2747 1382 2781 praecepta
1399 2752 1484 2772 com-

425 2786 612 2824 putandum.
644 2785 812 2815 Decretalis
840 2792 946 2815 autem
970 2784 1022 2814 illa
1051 2783 1253 2822 intelligenda
1277 2791 1322 2815 est
1351 2786 1485 2816 mediate

426 2835 456 2858 et
479 2827 577 2865 facto,
603 2839 668 2859 non
690 2829 871 2859 immediate
895 2835 925 2859 et
948 2827 1104 2859 instituto.
1134 2828 1209 2857 Non
1233 2828 1317 2858 enirn
1346 2829 1485 2860 decimae

426 2879 499 2902 sunt
530 2873 690 2904 institutae
723 2880 758 2903 ut
784 2873 965 2903 immediate
995 2872 1064 2902 Deo
1097 2870 1268 2902 offerantur
1295 2872 1329 2902 in
1359 2873 1486 2914 signum

426 2916 609 2947 universalis
633 2917 777 2953 dominii,
793 2917 874 2948 sicut
893 2915 1051 2952 sacrificia,
1068 2915 1245 2946 oblationes
1261 2923 1291 2946 et
1314 2917 1484 2956 primitiae:

428 2960 482 2990 sed
505 2967 578 2990 sunt
600 2961 760 2991 institutae
783 2966 819 2991 ut
840 2962 881 2991 sit
904 2962 936 2990 in
960 2960 1054 2990 domo
1076 2960 1139 2990 Dei
1162 2959 1249 2990 cibus
1271 2970 1329 3000 pro
1347 2961 1413 2992 eius
1429 2962 1486 2992 mi-

427 3003 546 3038 nistris,
571 3010 607 3034 ut
630 3004 742 3035 dicitur
765 3004 896 3035 Malach.
912 3015 946 3034 111
960 3003 986 3034 *.
1012 3004 1073 3034 Sed
1097 3013 1133 3033 ex
1157 3003 1218 3034 hoc
1241 3004 1311 3044 ipso
1335 3006 1423 3045 quod
1447 3007 1486 3036 ad

428 3047 646 3077 honorabilem
670 3048 886 3078 ministrorum
909 3047 967 3078 Dei
990 3047 1110 3078 victum
1133 3048 1171 3078 ab
1187 3047 1338 3078 universis
1362 3050 1485 3086 dantur,

429 3089 619 3129 significatur
649 3101 684 3121 ac
712 3091 867 3130 professio
897 3091 932 3121 fit
961 3091 1050 3131 quod
1077 3091 1235 3122 Dominus
1265 3092 1486 3124 universorum

430 3140 476 3164 est
498 3133 549 3163 ille
573 3134 661 3164 cuius
678 3134 825 3164 ministris
842 3135 917 3165 haec
933 3135 1060 3165 dantur:
1086 3135 1166 3165 sicut
1190 3135 1330 3175 populus
1346 3137 1486 3168 tribuens

431 3177 579 3208 ministris
602 3177 681 3217 regis
704 3177 869 3217 profitetur
892 3187 997 3217 regern
1021 3178 1190 3208 dominum
1212 3189 1308 3209 suum
1332 3189 1408 3211 esse.

485 3221 537 3252 111.
562 3221 598 3251 In
617 3221 731 3252 eodem
746 3221 876 3251 articulo
900 3221 1034 3251 dubium
1049 3221 1183 3251 occurrit
1199 3222 1278 3253 circa
1292 3223 1381 3260 illud,
1399 3225 1488 3264 quod

430 3265 649 3295 determinatio
671 3265 811 3296 decimae
828 3265 933 3304 partis
956 3265 1125 3295 solvendae
1147 3270 1194 3295 est
1215 3267 1405 3297 auctoritate
1427 3267 1487 3298 Ec-

432 3309 547 3339 clesiae
569 3314 707 3348 tempore
731 3318 831 3339 novae
854 3309 935 3348 legis
958 3309 1101 3338 instituta
1131 3309 1304 3339 secundum
1326 3310 1486 3350 quandam

432 3353 678 3389 humanitatem,
704 3358 739 3383 ut
761 3353 880 3383 scilicet
908 3362 970 3382 non
994 3353 1099 3382 minus
1120 3353 1261 3391 populus
1284 3362 1383 3384 novae
1407 3355 1488 3395 legis

433 3397 585 3426 ministris
609 3398 680 3427 novi
708 3397 900 3427 Testamenti
923 3396 1092 3426 exhiberet.
1117 3395 1249 3426 Videtur
1265 3396 1349 3426 enim
1368 3397 1487 3428 irratio-

434 3439 544 3469 nabilis
560 3446 653 3480 atque
669 3440 776 3481 iniqua
799 3439 984 3470 huiusmodi
1008 3439 1226 3470 determinatio
1251 3440 1405 3471 decimae:
1430 3451 1488 3473 nec

434 3483 582 3513 conclusa
611 3493 666 3522 per
692 3484 828 3514 rationes
855 3484 934 3513 duas
960 3483 993 3513 in
1016 3483 1116 3514 littera
1147 3483 1187 3513 ad
1213 3483 1275 3514 hoc
1297 3484 1414 3516 allatas.
1447 3486 1488 3516 Et

434 3526 563 3566 quidem
586 3527 674 3566 quod
690 3527 728 3559 sit
746 3527 973 3563 irrationabilis,
994 3527 1145 3567 probatur
1168 3537 1204 3557 ex
1227 3527 1288 3558 hoc
1310 3529 1399 3569 quod
1422 3539 1487 3559 non

435 3576 480 3600 est
503 3569 611 3600 similis
640 3571 804 3610 proportio
827 3571 925 3601 tribus
949 3571 1129 3601 Levitarum
1152 3571 1191 3601 ad
1213 3571 1348 3613 reliquas
1371 3573 1486 3610 tribus,

434 3619 465 3643 et
488 3613 672 3644 clericorum
696 3622 884 3651 curatorum,
902 3615 1017 3655 quibus
1039 3614 1113 3646 solis
1130 3615 1282 3646 debentur
1305 3616 1444 3647 decimae
1460 3617 1486 3654 *‚

1536 980 1575 1009 ad
1598 979 1758 1020 populum
1774 979 2001 1010 Christianum.
2027 979 2189 1016 Quoniam
2213 979 2312 1010 tribus
2335 981 2518 1012 Levitarum
2534 987 2599 1011 erat

1534 1023 1724 1054 duodecima
1746 1033 1817 1063 pars
1841 1023 1924 1054 illius
1948 1023 2076 1064 populi:
2102 1023 2204 1054 clerus
2222 1030 2330 1054 autem
2353 1024 2454 1055 dictus
2470 1035 2537 1055 non
2553 1031 2600 1055 est

1534 1067 1615 1098 forte
1645 1068 1815 1099 centesima
1844 1078 1916 1108 pars
1945 1067 2059 1108 populi
2089 1067 2269 1099 Chr1stiani.
2303 1067 2391 1099 Licet
2422 1069 2508 1099 enim
2536 1068 2599 1100 sint

1533 1111 1627 1142 multi
1641 1112 1739 1143 curati
1761 1122 1828 1142 non
1843 1112 2001 1150 ‚habentes
2018 1118 2147 1142 centum
2162 1111 2247 1142 viros
2263 1113 2322 1142 sub
2337 1122 2395 1143 sua
2410 1122 2493 1149 cura,
2511 1122 2598 1144 com-

1533 1156 1677 1196 putando
1700 1163 1807 1187 tamen
1830 1166 1941 1196 parvas
1964 1166 2039 1187 curn
2061 1155 2184 1196 magnis
2206 1155 2382 1197 parochiis,
2407 1157 2599 1197 computatis

1533 1199 1629 1230 etiam
1652 1209 1765 1230 eorum
1784 1199 2031 1236 coadiutoribus,
2056 1207 2092 1230 ut
2115 1207 2190 1231 sunt
2212 1200 2356 1231 canonici
2372 1200 2600 1231 cathedralium

1534 1250 1564 1273 et
1587 1243 1741 1274 similium
1764 1244 1965 1275 ecclesiarum
1988 1244 2105 1285 quibus
2126 1244 2280 1275 debentur
2301 1244 2451 1281 decimae,
2468 1244 2494 1275 si
2516 1252 2600 1276 tran-

1533 1287 1653 1318 scendit
1684 1288 1904 1324 centesimam,
1933 1298 1999 1318 non
2033 1288 2223 1319 transcendit
2252 1288 2333 1319 forte
2369 1289 2600 1329 octogesimam

1532 1337 1655 1370 partem
1678 1330 1850 1362 Christiani
1865 1332 1992 1372 populi:
2015 1332 2078 1363 hoc
2101 1332 2284 1372 praesertim
2306 1341 2362 1373 per
2378 1332 2523 1364 accidens
2537 1342 2599 1364 ser-

1532 1380 1606 1404 vato
1622 1381 1715 1411 statu,
1733 1375 1821 1415 quod
1844 1375 1961 1406 scilicet
1983 1386 2049 1406 non
2072 1375 2189 1407 habent
2211 1386 2324 1408 uxores
2347 1384 2378 1408 et
2399 1375 2493 1416 filios,
2516 1387 2599 1419 quae

1533 1425 1639 1448 tamen
1662 1428 1817 1458 personae
1839 1419 1872 1449 in
1895 1418 1978 1449 tribu
2003 1419 2185 1450 Levitarum
2209 1421 2477 1461 computabantur
2497 1421 2537 1452 ad
2552 1421 2599 1452 iu-

1533 1463 1717 1502 tegrandam
1736 1469 1859 1503 partem
1873 1462 2109 1494 duodecimam.
2134 1462 2220 1494 Cum
2235 1463 2331 1504 igitur
2345 1465 2494 1495 notabilis
2508 1464 2600 1496 valde

1534 1516 1677 1537 excessus
1700 1506 1740 1538 sit
1761 1506 1843 1538 inter
1865 1507 2026 1547 populum
2049 1506 2266 1538 Christianum
2289 1515 2321 1538 et
2342 1517 2439 1539 suum
2462 1509 2599 1546 clerum,

1533 1557 1628 1591 atque
1652 1551 1812 1591 populum
1836 1551 1929 1581 Israel
1953 1558 1983 1582 et
2005 1551 2139 1588 Levitas‚
2165 1561 2363 1592 consequens
2379 1559 2426 1583 est
2447 1553 2538 1594 quod
2554 1553 2602 1584 —ir-

1534 1595 1718 1626 rationabile
1735 1601 1782 1626 est
1803 1595 1836 1625 in
1852 1605 1937 1626 nova
1958 1595 2028 1635 lege
2043 1595 2133 1636 sequi
2148 1596 2445 1627 determinationem
2460 1597 2601 1632 decimae

1535 1639 1630 1679 partis
1653 1639 1686 1669 in
1709 1639 1778 1680 lege
1801 1639 1897 1670 veteri
1921 1646 2080 1671 statutam.

2584 1664 2586 1668 ,
2630 1662 2702 1675 ‚tw
2716 1662 2726 1674 2,

1592 1683 1690 1720 Quod
1713 1690 1820 1714 autem
1844 1683 1884 1713 sit
1906 1683 2025 1725 iniqua,
2042 1689 2129 1724 patet
2144 1693 2181 1714 ex
2196 1684 2258 1715 hoc
2281 1685 2380 1726 quod,
2401 1685 2477 1726 quia
2492 1678 2601 1721 secuti-
2707 1668 2710 1680 ι

1537 1727 1615 1757 dum
1637 1728 1710 1765 hoc,
1735 1727 1761 1757 si
1784 1727 1885 1758 clerus
1909 1733 1955 1758 est
1977 1727 2242 1768 quinquagesima
2264 1738 2336 1769 pars
2359 1729 2483 1770 populi,
2507 1734 2601 1772 quae-

1535 1771 1612 1802 libet
1634 1771 1960 1812 quadragintanovem
1987 1771 2127 1812 partium
2153 1770 2266 1812 populi
2294 1782 2361 1803 non
2387 1772 2515 1804 habebit
2540 1773 2602 1805 uhi

1538 1816 1576 1846 de
1605 1815 1714 1846 decem
1745 1815 1887 1856 partibus
1917 1825 2023 1846 rerum
2054 1825 2188 1852 novem,
2214 1816 2315 1847 clerus
2344 1823 2453 1848 autem
2474 1818 2602 1853 habebit

1538 1859 1864 1901 quadragintanovem
1886 1867 2001 1899 partes,
2017 1860 2163 1890 habendo
2180 1860 2337 1892 decimam
2352 1871 2515 1902 quamque
2531 1863 2602 1903 par-

1537 1911 1604 1935 tem
1619 1914 1726 1934 rerum
1742 1903 1910 1934 cuiuslibet
1925 1903 2251 1944 quadragintanovem
2270 1905 2409 1945 partium
2431 1906 2569 1946 populi2,
2581 1923 2600 1931 -

1538 1955 1569 1980 et
1592 1948 1636 1978 sic
1660 1958 1726 1978 non
1750 1947 1876 1978 excedet
1900 1947 2001 1978 clerus
2024 1948 2185 1988 populum
2207 1947 2240 1979 in
2259 1948 2382 1979 duabus
2397 1949 2549 1990 partibus,
2565 1957 2602 1983 ut

1537 1992 1666 2022 Levitae
1686 1992 1877 2023 excedebant
1898 1993 2069 2032 populum,
2090 1992 2145 2022 sed
2167 1991 2200 2022 in
2223 1992 2431 2033 quadraginta
2449 1994 2600 2034 partibus.

1537 2036 1636 2074 Quod
1660 2043 1706 2067 est
1729 2036 1887 2077 iniquum.

1593 2081 1692 2118 Quod
1714 2090 1790 2111 vero
1821 2086 1932 2110 neutra
1959 2079 2040 2110 ratio
2069 2079 2102 2110 in
2125 2079 2228 2110 littera
2250 2079 2343 2111 allata
2365 2081 2478 2120 probet
2500 2082 2601 2113 inten-

1537 2131 1616 2161 tum,
1641 2131 1727 2165 patet
1750 2135 1787 2155 ex
1809 2124 1871 2155 hoc
1895 2124 1984 2164 quod
2007 2131 2141 2164 utraque
2165 2123 2308 2164 procedit
2330 2134 2348 2154 a
2371 2125 2537 2157 communi
2560 2127 2618 2158 ad·

1535 2169 1719 2209 proprium,
1744 2178 1800 2199 seu
1823 2179 1842 2199 a
1864 2167 2019 2208 superiori
2049 2168 2088 2198 ad
2111 2167 2242 2199 inferius
2266 2168 2480 2205 determinate.
2514 2169 2603 2203 Licet

1537 2212 1623 2243 enim
1645 2212 1763 2243 iustitia
1786 2219 1894 2243 nostra
1922 2212 2033 2242 debeat
2059 2212 2218 2242 abundare
2248 2212 2321 2252 plus
2344 2223 2442 2255 quam
2469 2210 2602 2254 Iudaeo—

1536 2267 1624 2293 rum,
1648 2266 1714 2287 non
1738 2263 1844 2287 tamen
1873 2256 1981 2297 quoad
2004 2256 2085 2287 hanc
2108 2255 2431 2297 improportionatam
2455 2256 2600 2290 determi—

1537 2301 1710 2332 nationem.
1738 2318 1759 2323 —
1787 2301 1828 2331 Et
1858 2300 2016 2336 similiter,
2041 2300 2114 2331 licet
2141 2300 2275 2331 ministri
2305 2300 2382 2332 novi
2405 2300 2602 2335 Testamenti

1537 2345 1599 2376 sint
1622 2344 1888 2383 honorabiliores,
1912 2354 1979 2375 non
2002 2351 2109 2375 tamen
2133 2344 2264 2376 debetur
2286 2345 2331 2376 eis
2353 2345 2547 2386 stipendium
2569 2347 2602 2378 in

1537 2396 1625 2420 tanto
1649 2399 1787 2420 excessu.
2378 2400 2384 2404 ·

1594 2433 1635 2464 Et
1658 2439 1790 2473 augetur
1813 2433 1874 2463 hoc
1898 2432 2033 2463 dubium
2057 2432 2096 2463 de
2120 2432 2250 2463 decimis
2273 2432 2307 2462 in
2329 2443 2412 2464 nova
2434 2434 2504 2475 lege
2525 2445 2601 2476 pto—

1537 2484 1606 2517 pter
1629 2477 1766 2507 decimas
1789 2476 1987 2517 personales,
2012 2483 2043 2507 et
2065 2483 2196 2517 propter
2218 2476 2280 2506 hoc
2304 2477 2391 2518 quod
2415 2486 2452 2508 ex
2473 2478 2602 2520 integris

1537 2521 1690 2552 fructibus
1703 2521 1842 2551 decimae
1859 2520 2028 2551 solvendae
2041 2527 2115 2551 sunt
2122 2519 2148 2551 *.
2169 2520 2260 2557 Quae
2275 2519 2301 2550 si
2317 2520 2498 2561 diligentius
2514 2532 2601 2554 com-

1536 2572 1697 2605 putentur,
1722 2574 1788 2595 non
1804 2564 1936 2600 decima,
1960 2564 2015 2594 sed
2038 2564 2148 2604 quinta
2172 2563 2252 2595 forte
2276 2574 2348 2604 pars
2372 2565 2455 2596 clero
2478 2566 2602 2599 addicta

1537 2609 1705 2645 invenitur,
1721 2615 1757 2639 ut
1779 2608 1909 2639 inferius
1925 2607 1942 2627 '¹‘
1965 2608 2181 2639 declarabitur.
2205 2611 2253 2639 Ac
2275 2618 2331 2648 per
2354 2609 2416 2640 hoc
2441 2610 2552 2648 clerus,
2575 2611 2602 2643 ni
2628 2616 2639 2627 ⁸

1537 2653 1800 2694 quinquagesima
1816 2662 1888 2692 pars
1904 2659 1984 2683 esset
1998 2652 2121 2692 populi,
2139 2653 2299 2684 excederet
2317 2654 2492 2694 quamlibet
2507 2655 2602 2687 aliam

1538 2703 1660 2737 partem
1683 2696 1796 2737 populi
1814 2697 1872 2727 sibi
1888 2696 2054 2737 aequalem
2070 2707 2136 2727 non
2151 2696 2184 2726 in
2201 2697 2418 2738 quadraginta,
2443 2699 2498 2730 sed
2514 2705 2602 2731 octo-

1539 2741 1624 2781 ginta
1647 2741 1789 2781 partibus
1813 2740 1952 2772 decimis.

1594 2785 1646 2815 IV.
1667 2785 1717 2815 Ad
1733 2785 1795 2815 hoc
1815 2785 1928 2815 dicitur
1943 2784 2041 2826 quod,
2053 2784 2128 2826 quia
2142 2784 2298 2815 iudicium
2312 2786 2350 2815 de
2366 2785 2415 2816 his
2430 2796 2513 2828 quae
2528 2793 2603 2818 sunt

1540 2829 1579 2859 ad
1602 2828 1700 2859 finem
1723 2839 1759 2859 ex
1780 2828 1845 2859 fine
1868 2829 2062 2859 sumendum
2085 2835 2141 2865 est,
2162 2838 2228 2859 non
2255 2830 2433 2860 secundum
2455 2839 2492 2861 ea
2521 2840 2602 2872 quae

1540 2880 1614 2904 sunt
1636 2883 1692 2912 per
1714 2873 1856 2903 accidens
1880 2873 1935 2903 sed
1957 2873 2135 2904 secundum
2158 2873 2191 2903 id
2213 2873 2303 2914 quod
2324 2880 2371 2904 est
2393 2884 2449 2914 per
2462 2884 2507 2911 se,
2522 2875 2604 2907 inter

1540 2917 1677 2948 decimas
1699 2917 1732 2947 in
1755 2917 1851 2948 veteri
1875 2917 1943 2957 lege
1967 2924 1998 2948 et
2020 2927 2104 2947 nova
2127 2917 2204 2948 haec
2223 2924 2270 2948 est
2291 2927 2348 2958 per
2363 2928 2396 2949 se
2419 2918 2602 2956 differentia,

1540 2961 1628 3002 quod
1651 2967 1727 2991 tunc
1751 2961 1905 2992 dabantur
1928 2971 1986 3002 pro
2014 2961 2099 2992 victu
2123 2968 2248 2992 tantum
2272 2961 2500 3000 ministrorum,
2517 2973 2603 2996 nunc

1539 3015 1614 3035 vero
1638 3005 1753 3036 dantur
1774 3007 1833 3045 pro
1849 3005 1934 3036 victu
1957 3005 2176 3036 ministrorum
2200 3013 2230 3037 et
2252 3015 2312 3046 pro
2327 3016 2388 3037 usu
2412 3016 2601 3048 pauperum.

1540 3050 1581 3080 Et
1603 3049 1665 3079 hoc
1689 3055 1735 3080 est
1757 3049 1832 3089 quia
1855 3049 1989 3080 ministri
2010 3049 2122 3080 veteris
2146 3049 2343 3081 Testamenti
2367 3057 2455 3082 erant
2477 3057 2602 3082 tantum

1539 3092 1674 3124 ministri
1697 3093 1795 3123 divini
1818 3093 1939 3124 cultus:
1964 3093 2098 3125 ministri
2122 3101 2228 3125 autem
2252 3103 2353 3129 novae
2375 3094 2453 3134 legis
2475 3102 2550 3126 sunt
2572 3101 2603 3126 et

1541 3137 1674 3167 ministri
1701 3144 1972 3168 sacramentorum
2001 3147 2036 3168 ac
2064 3137 2161 3168 divini
2188 3138 2308 3175 cultus,
2338 3144 2369 3169 et
2395 3145 2470 3170 suut
2498 3145 2602 3179 patre·

1541 3189 1738 3221 pauperum;
1763 3181 1802 3211 ad
1824 3181 2035 3212 imitationem
2059 3181 2128 3212 Iesu
2153 3181 2285 3218 Christi,
2310 3182 2366 3223 qui
2387 3183 2512 3215 loculos
2541 3193 2601 3224 pro

1540 3224 1768 3255 sustentatione
1784 3231 1815 3254 et
1829 3235 1887 3264 pro
1904 3225 2097 3265 pauperibus
2111 3225 2225 3265 legitur
2239 3226 2396 3263 habuisse,
2414 3226 2500 3258 Ioan.
2510 3226 2600 3263 xm',

1542 3274 1572 3298 et
1595 3277 1702 3297 rursus
1725 3267 1869 3298 imitandi
1892 3267 2029 3299 formam
2053 3269 2153 3300 dedit:
2177 3269 2251 3311 Ego
2266 3279 2337 3301 sum
2353 3271 2467 3302 Pastor
2481 3270 2601 3302 bonus:

2627 2530 2781 2554 ‘ef-ama.

2665 2615 2725 2638 thid:
2767 2615 2839 2639 Com-

2628 2645 2700 2664 meat.
2714 2648 2738 2665 n.
2752 2648 2777 2665 ιι.

2626 3232 2637 3244 ·
2651 3231 2717 3255 Van.
2731 3237 2768 3260 ¹9·

1535 3316 1650 3351 pastor
1668 3311 1768 3341 bonus
1782 3312 1922 3342 animam
1938 3321 2030 3342 suam
2047 3313 2103 3344 dat
2112 3323 2176 3353 pro
2195 3314 2306 3346 ovibus
2319 3315 2388 3346 suis
2400 3313 2433 3351 ⁸¹,
2459 3320 2490 3345 et
2503 3323 2522 3345 a
2537 3313 2601 3346 for·
2627 3319 2638 3330 ⁴
2652 3319 2715 3342 lonn-
2740 3325 2792 3348 αι’·
2809 3325 2836 3346 ¹2
2852 3302 2860 3351 i

1540 3354 1612 3385 riori
1635 3355 1720 3385 bona
1742 3355 1903 3391 exteriora,
1927 3356 2081 3396 quoniam
2104 3357 2137 3387 in
2161 3357 2272 3388 maiori
2295 3357 2468 3389 includitur
2481 3357 2598 3389 minus.

1540 3399 1581 3429 Et
1603 3399 1780 3429 secundum
1802 3400 2006 3439 Apostolum,
2031 3401 2042 3430 1
2067 3401 2111 3432 ad
2137 3402 2215 3432 Tim.
2237 3412 2270 3432 111
2284 3401 2315 3438 *,
2339 3406 2461 3442 oportet
2483 3403 2599 3442 episco-

1535 3452 1615 3482 pum
1641 3452 1707 3473 esse
1729 3443 1925 3482 hospitalem.
1950 3444 1991 3474 Et
2013 3445 2190 3476 secundum
2205 3445 2451 3486 Hieronymum,
2466 3445 2510 3476 ad
2531 3446 2598 3476 Da-

1542 3496 1683 3523 masum,
1708 3487 1860 3527 quidquid
1885 3487 2000 3518 habent
2023 3489 2147 3527 clerici,
2166 3498 2349 3529 pauperum
2377 3494 2440 3526 est,
2466 3495 2501 3520 ut
2524 3489 2598 3520 dici-

1540 3537 1591 3560 tur
1612 3530 1703 3566 XVI,
1729 3540 1782 3570 qu.
1802 3541 1827 3567 1,
1852 3540 1920 3571 cap.
1939 3531 2110 3568 Quoniam.
2141 3533 2182 3564 Et
2203 3531 2433 3572 Augustinus*
2456 3542 2598 3573 expresse

1542 3573 1677 3604 decimas
1708 3574 1773 3604 dari
1802 3584 1860 3614 pro
1889 3585 1948 3606 usu
1979 3586 2157 3616 pauperum
2184 3577 2263 3606 adeo
2291 3582 2445 3607 asseverat
2472 3584 2508 3608 ut
2531 3587 2597 3608 non

1542 3618 1670 3649 dantem
1693 3617 1828 3649 decimas
1850 3629 1942 3650 reum
1964 3626 2012 3651 tot
2034 3619 2282 3651 homicidiorum
2305 3619 2386 3652 dicat
2415 3627 2496 3661 quot
2519 3632 2597 3662 pau-

2626 3351 2686 3368 vm.
2701 3352 2727 3368 n.

2626 3408 2637 3418 ⁸
2651 3407 2718 3430 Vm.
2733 3413 2755 3430 a.

2625 3519 2837 3570 aas*

2623 3545 2840 3596 §maffia

2627 3600 2765 3657 gffl'msg.
2776 3600 2838 3623 m

2853 3392 2860 3444 ἑ·
