2860 4244
153 409 162 417 ⁸
177 407 260 428 Psalm.
278 412 362 433 xxxix,

152 440 212 455 vers.
228 439 256 461 ¹3·

153 992 159 998 ·
176 990 203 1010 D.
218 989 267 1010 882.

149 1576 359 1630 ἑιῗὲἕοῶῗὲἑῆ

149 1629 230 1657 Regul.
248 1630 273 1651 S.
287 1630 359 1657 Aug„

150 1662 201 1683 cap.
216 1662 250 1677 ιη.

149 1780 158 1788 ·
172 1777 240 1799 Vers.
256 1783 288 1804 ¹4·

154 3028 161 3035 ·
175 3025 212 3047 Ad
226 3031 247 3047 2.

152 3076 161 3085 ⁸
172 3073 269 3095 Praefat.
284 3073 363 3095 Nativ.

152 3204 328 3235 *intelligatur,
341 3206 363 3224 et

152 3231 218 3279 {Zp-3,
231 3236 278 3252 non
293 3219 362 3251 dabi-

154 3293 163 3302 ⁸
190 3297 237 3313 non
270 3290 364 3312 dabitur

153 3318 209 3339 ΡΑΒ.

392 220 466 255 206

444 298 518 333 SED
539 307 683 332 CONTRA
699 307 764 331 asT
783 293 887 342 quod
908 292 1019 329 etiarn
1041 291 1158 327 sancti
1177 289 1248 327 viri
1272 289 1443 336 quando-

391 362 464 398 que
484 356 632 385 orantes
652 353 667 374 Υ
697 347 959 393 evagationem
985 343 1119 380 mentis
1147 342 1358 390 patiuntur:
1389 353 1445 377 se-

391 403 558 438 cundum
578 400 668 436 illud
689 401 828 436 Psalm.
849 398 885 433 ³¹⁶:
921 398 996 433 Cor
1014 407 1139 432 meum
1164 394 1359 442 dereliquit
1374 405 1444 430 me.

444 456 667 491 RESPONDEO
687 463 869 488 DICENDUM
892 450 996 498 quod
1024 447 1195 495 quaestio
1220 447 1315 483 haec
1338 458 1446 494 prae-

391 507 499 555 cipue
519 507 646 542 locum
666 503 807 540 habet
798 515 836 539 in
857 502 1026 539 oratione
1041 499 1177 537 vocali.
1200 499 1310 543 Circa
1330 511 1446 548 quam

390 559 585 595 sciendum
625 565 679 593 est
708 555 812 603 quod
849 553 1105 591 necessarium
1145 552 1278 589 dieitur
1306 552 1447 600 aliquid

391 611 596 659 dupliciter.
634 610 720 646 Uno
751 608 880 654 modo,
911 619 978 656 per
1006 605 1111 665 quod
1147 605 1282 642 melius
1314 617 1447 654 perve-

390 664 487 699 nitur
516 663 563 698 ad
592 662 721 698 finem.
752 662 800 697 Et
828 660 880 696 sic
910 659 1063 696 attentio
1093 659 1264 695 absolute
1287 657 1447 694 orationi

388 714 601 752 necessaria
631 722 696 750 est.

441 767 525 803 Alio
546 767 663 803 modo
685 765 819 803 dicitur
839 764 979 813 aliquid
999 764 1254 801 necessarium
1276 763 1355 800 sine
1372 775 1447 812 quo

390 832 448 856 res
464 832 541 856 non
555 826 680 867 potest
695 818 878 866 consequi
893 830 1005 854 suum
1022 817 1212 853 effectum.
1234 817 1303 853 Est
1319 824 1446 853 autern

388 873 519 921 triplex
549 872 705 908 effectus
734 871 926 908 orationis.
966 869 1117 907 Primus
1154 869 1310 918 quidem
1345 882 1448 906 com-

389 926 515 962 munis
540 925 718 961 omnibus
739 924 883 961 actibus
913 923 1062 971 caritate
1091 922 1314 968 informatis,
1345 923 1447 970 quod

389 986 444 1014 est
471 978 609 1015 mereri
629 978 659 1014 ²¹⁶.
690 979 739 1014 Et
758 977 806 1014 ad
825 978 928 1013 hunc
955 976 1135 1013 effectum
1156 988 1234 1012 non
1255 987 1299 1011 ex
1319 988 1448 1012 neces—

388 1031 494 1067 sitate
523 1031 723 1079 requiritur
751 1030 855 1078 quod
884 1029 1038 1066 attentio
1068 1029 1166 1066 adsit
1194 1028 1354 1065 orationi
1381 1041 1449 1077 per

387 1091 521 1131 totum,
552 1084 620 1120 sed
638 1084 696 1121 vis
725 1083 872 1131 primae
901 1082 1118 1119 intentionis
1138 1093 1214 1128 qua
1243 1081 1376 1129 aliquis
1400 1082 1447 1118 ad

388 1137 578 1174 orandum
607 1136 769 1182 accedit,
799 1135 922 1173 reddit
949 1142 1068 1172 totam
1097 1134 1309 1171 orationem
1337 1134 1447 1170 meri-

387 1190 545 1226 toriam:
576 1189 671 1226 sicut
689 1189 727 1225 in
748 1188 826 1225 aliis
853 1187 1052 1224 meritoriis
1085 1187 1227 1223 actibus
1256 1186 1402 1222 accidit.
1423 1207 1446 1214 -

389 1242 587 1279 Secundus
608 1249 734 1279 autem
756 1241 912 1278 effectus
932 1239 1112 1276 orationis
1132 1246 1187 1275 est
1207 1239 1240 1274 ei
1258 1238 1445 1287 proprius,

387 1297 492 1344 quod
521 1303 576 1331 est
603 1295 816 1343 impetrare.
847 1294 896 1329 Et
923 1293 972 1329 ad
1000 1293 1102 1328 hune
1123 1291 1237 1327 etiam
1267 1290 1445 1327 effectum

388 1348 525 1385 sufficit
551 1348 677 1396 prima
704 1345 881 1391 intentio,
913 1357 1029 1392 quarn
1058 1345 1164 1380 Deus
1191 1343 1448 1403 principaliter

388 1401 554 1438 attendit.
599 1400 639 1436 Si
671 1406 798 1436 autem
826 1398 951 1457 prima
985 1396 1141 1433 intentio
1171 1396 1286 1443 desit,
1326 1397 1446 1433 oratio

386 1466 457 1490 nec
485 1452 678 1490 meritoria
706 1459 762 1488 est
796 1463 866 1488 nec
902 1449 1162 1499 impetrativa:
1206 1449 1308 1494 illam
1345 1450 1445 1486 enirn

387 1507 594 1543 orationem
613 1507 717 1542 Deus
745 1516 819 1541 non
840 1503 945 1540 audit
971 1503 1033 1539 cui
1059 1502 1119 1539 ille
1138 1501 1150 1524 δ
1180 1503 1245 1550 qui
1262 1508 1348 1539 orat
1373 1515 1446 1539 non

387 1559 550 1605 intendit,
587 1566 628 1595 ut
655 1557 862 1605 Gregorius
902 1556 990 1593 dicit
1017 1555 1048 1592 ²¹⁴.
1078 1577 1102 1583 -
1131 1555 1284 1592 Tertius
1319 1563 1447 1592 autem

388 1612 544 1649 effectus
573 1610 752 1648 orationis
780 1617 835 1646 est
860 1621 978 1657 quem
1005 1608 1302 1657 praesentialiter
1322 1608 1446 1654 efficit,

388 1666 526 1702 scilicet
562 1664 753 1712 quaedam
789 1658 1171 1711 spiritualis'refectio
1208 1661 1356 1698 mentis.
1400 1662 1448 1698 Et

388 1719 436 1755 ad
463 1719 538 1754 hoc
567 1717 614 1754 de
643 1715 864 1753 necessitate
893 1714 1094 1762 requiritur
1127 1715 1165 1750 in
1194 1715 1367 1750 oratione
1396 1721 1448 1750 at-

387 1771 517 1808 tentio.
547 1770 658 1807 Unde
679 1769 812 1806 dicitur
831 1770 845 1804 I
871 1769 958 1804 Cor.
976 1779 1036 1803 xlv
1054 1767 1089 1803 *ε
1119 1768 1161 1803 Si
1178 1779 1281 1803 orem
1302 1767 1446 1816 lingua,

387 1836 492 1860 mens
519 1835 604 1859 mea
630 1823 709 1859 sine
730 1823 861 1868 fructu
890 1826 953 1857 est.

442 1875 648 1913 Sciendum
668 1883 796 1911 tamen
816 1873 921 1921 quod
942 1880 997 1908 est
1018 1872 1152 1920 triplex
1172 1872 1328 1909 attentio
1349 1885 1447 1920 quae

387 1929 548 1966 orationi
567 1928 690 1965 vocali
719 1934 843 1975 potest
863 1925 1046 1963 adhiberi.
1077 1925 1163 1962 Una
1190 1925 1346 1973 quidem
1373 1938 1448 1974 qua

438 2042 464 2075 γ)
484 2042 642 2074 quandoque
661 2044 777 2065 orantes.
791 2054 809 2059 —
828 2040 932 2065 orando
951 2039 1109 2072 quandoque
1128 2039 1174 2063 Pa.

439 2077 463 2109 δ)
485 2078 536 2102 ille.
548 2090 567 2096 -
585 2077 647 2102 Om.
662 2077 709 2101 Pa.

1004 212 1268 260 QUAESTIO
1299 212 1510 258 LXXXIII,
1539 211 1835 248 ARTICULUS
1865 211 1951 246 XIII

1500 289 1702 325 attenditur
1722 289 1769 326 ad
1787 289 1918 336 verba,
1939 300 1986 324 ne
2003 287 2087 335 quis
2107 287 2145 323 in
2167 287 2219 324 eis
2247 295 2354 324 erret.
2384 288 2561 326 Secunda

1501 353 1575 389 qua
1599 341 1801 378 attenditur
1820 341 1868 378 ad
1897 353 2052 377 sensum
2076 341 2298 377 verborum.
2328 341 2457 378 Tertia
2485 353 2561 389 qua

1500 394 1703 430 attenditur
1732 394 1780 431 ad
1808 394 1926 431 finem
1957 393 2156 439 orationis,
2186 393 2326 429 scilicet
2357 393 2406 430 ad
2433 395 2561 431 Deum

1502 453 1537 482 et
1565 446 1614 483 ad
1641 459 1723 483 rem
1743 459 1812 495 pro
1833 459 1909 495 qua
1930 454 2075 482 oratur:
2105 457 2203 493 quae
2223 445 2381 494 quidem
2406 454 2461 482 est
2481 458 2561 483 ma-

1500 499 1600 535 xime
1630 499 1854 536 necessaria.
1885 500 1933 535 Et
1961 500 2060 535 hanc
2089 498 2203 535 etiam
2231 505 2393 547 possunt
2418 499 2561 536 habere

1500 551 1651 588 idiotae.
1695 553 1743 588 Et
1778 553 2009 600 quandoque
2047 551 2232 588 intantum
2262 551 2432 588 abundat
2466 552 2562 588 haec

1501 604 1677 651 intentio,
1716 617 1793 652 qua
1825 617 1934 641 mens
1973 605 2089 641 fertur
2125 605 2164 641 in
2191 606 2341 652 Deum,
2371 612 2413 640 ut
2449 604 2561 641 etiam

1503 657 1676 694 omnium
1712 657 1874 694 aliorum
1913 669 2022 694 mens
2050 657 2311 704 obliviscatur,
2342 657 2439 706 sicut
2475 657 2563 694 dicit

1503 711 1616 757 Hugo
1646 709 1692 746 de
1723 711 1862 746 Sancto
1891 710 2044 746 Victore
2063 710 2095 747 ³¹⁶.

1554 765 1613 800 AD
1642 774 1779 799 PRIMUM
1815 774 1914 798 ERGO
1943 774 2133 800 DicENDUM
2156 763 2261 812 quod
2297 763 2337 799 in
2365 763 2497 812 spiritu
2527 771 2563 800 et

1501 817 1659 853 veritate
1680 822 1762 851 orat
1781 814 1847 862 qui
1867 827 1912 851 ex
1931 814 2109 852 instinctu
2130 815 2288 864 Spiritus
2303 815 2353 852 ad
2372 817 2561 854 orandum

1503 868 1658 916 accedit,
1689 867 1802 904 etiam
1822 867 1853 904 si
1874 879 1918 903 ex
1937 867 2063 915 aliqua
2091 868 2308 905 infirmitate
2331 880 2441 906 mens
2459 877 2562 939 post-

1503 922 1665 959 modum
1695 928 1887 968 evagetur.

1555 977 1613 1011 AD
1648 985 1838 1011 SECUNDUM
1866 984 2051 1009 D1CENDUM
2079 973 2186 1020 quod
2222 985 2332 1010 mens
2369 974 2560 1022 humana,

1501 1035 1657 1076 propter
1694 1026 1953 1063 infirmitatem
1986 1033 2164 1073 naturae,
2199 1026 2263 1063 diu
2290 1026 2330 1063 in
2358 1027 2432 1063 alto
2463 1034 2562 1064 stare

1502 1093 1580 1117 non
1608 1087 1749 1129 potest·
1789 1079 1958 1138 pondere
1989 1079 2090 1115 enim
2117 1055 2341 1124 in'firmitatis
2368 1080 2563 1117 humanae

1503 1132 1726 1181 deprimitur
1746 1133 1874 1169 anima
1902 1132 1950 1168 ad
1977 1131 2165 1168 inferiora.
2195 1133 2245 1168 Et
2271 1131 2359 1169 ideo
2383 1132 2564 1180 contingit

1502 1186 1606 1234 quod
1635 1185 1789 1234 quando
1829 1196 1938 1221 mens
1976 1185 2117 1221 orantis
2152 1185 2323 1222 ascendit
2360 1186 2397 1222 in
2435 1187 2563 1223 Deum

1500 1251 1569 1286 per
1589 1237 1962 1298 contemplationem,
1983 1237 2107 1274 subito
2129 1245 2312 1285 evagetur
2331 1250 2376 1275 ex
2395 1239 2562 1287 quadam

1500 1290 1728 1327 infirmitate.

1554 1345 1612 1379 AD
1628 1354 1788 1379 TERTmM
1808 1354 1993 1379 mCENDUM
2013 1342 2119 1390 quod
2139 1342 2169 1379 si
2188 1337 2271 1391 quis
2294 1355 2339 1379 ex
2364 1345 2562 1393 proposito

1501 1395 1540 1432 in
1566 1396 1738 1432 oratione
1767 1402 1894 1432 mente
1923 1402 2106 1442 evagetur
2124 1400 2148 1441 ὅ,
2178 1395 2253 1432 hoc
2273 1404 2474 1444 peccatum
2495 1405 2562 1445 est,

1503 1456 1538 1485 et
1557 1448 1716 1497 impedit
1736 1447 1915 1485 orationis
1935 1448 2111 1484 fructum.
2133 1448 2182 1484 Et
2197 1455 2327 1485 contra
2345 1449 2420 1486 hoc
2435 1451 2565 1498 Augu-

1501 1501 1619 1538 stinus
1649 1501 1747 1548 dicit,
1769 1501 1806 1537 in
1825 1501 2032 1550 Regula.
1994 1500 2032 1522 ²¹²·
2062 1500 2221 1537 Psalmis
2246 1507 2282 1537 et
2300 1503 2453 1550 hymnis
2478 1515 2564 1540 cum

1502 1555 1617 1591 oratis
1635 1556 1773 1600 Deum,
1793 1555 1864 1590 hoc
1878 1559 2047 1590 versetur
2065 1554 2102 1590 in
2123 1554 2235 1590 corde
2253 1555 2355 1602 quod
2368 1557 2566 1604 prqfertur

1502 1608 1539 1644 in
1560 1620 1636 1644 ore.
1667 1607 1861 1666 Evagatio
1867 1619 1961 1643 vero
1981 1606 2117 1643 mentis
2133 1619 2231 1655 quae
2250 1607 2294 1644 fit
2313 1611 2464 1656 praeter
2477 1621 2565 1658 pro-

1501 1661 1681 1709 positum,
1703 1659 1883 1696 orationis
1903 1660 2066 1696 fructum
2087 1671 2165 1696 non
2185 1660 2288 1696 tollit.
2318 1661 2430 1698 Unde
2459 1663 2564 1699 Basi-

1502 1713 1573 1750 lius
1593 1713 1682 1750 dicit
1699 1712 1738 1749 *ε
1768 1713 1810 1749 Si
1825 1724 1928 1758 vero,
1948 1713 2198 1758 debilitatus-,a
2211 1718 2380 1761 peccato,
2389 1715 2478 1762 fixe
2503 1727 2565 1752 ne-

1502 1767 1583 1814 quis
1598 1777 1722 1811 orare,
1738 1771 2081 1814 quantumcumque
2087 1771 2195 1814 potes
2209 1766 2365 1815 teipsum
2379 1768 2563 1815 cohibeas,

1502 1825 1538 1855 et
1554 1820 1658 1855 Deus
1677 1818 1853 1867 ignoscit.-
1873 1830 1916 1854 eo
1937 1818 2038 1866 quod
2065 1831 2140 1855 non
2163 1831 2213 1856 ex
2239 1819 2482 1869 negligentia,
2501 1822 2567 1859 sed

1502 1884 1552 1908 ex
1565 1871 1785 1921 fragilitate
1812 1883 1886 1907 non
1909 1877 2028 1919 potes,
2059 1877 2099 1907 ut
2123 1877 2278 1920 oportet,
2307 1873 2478 1910 assistere
2503 1886 2564 1911 co-

1503 1936 1588 1961 ram
1616 1936 1671 1961 e0.
2348 1933 2351 1936 ’

1554 2038 1576 2070 ε)
1596 2041 1734 2071 evagetur.
1747 2050 1766 2057 -
1784 2040 1917 2070 evagatur
1937 2037 1965 2062 P.

1060 2148 1393 2180 Oommentaria
1416 2145 1667 2179 cardinalis
1691 2146 1892 2178 Caietam

415 2239 435 2258 N
452 2227 583 2258 articulo
603 2225 820 2257 tertiodecimo
846 2224 988 2254 eiusdem
1010 2222 1332 2263 octogesimaetertiae
1349 2232 1445 2263 quae—

389 2241 536 2307 Isfionis,
561 2271 640 2301 circa
662 2269 790 2300 tertium
813 2278 913 2308 genus
929 2267 1111 2298 attentionis
1128 2267 1168 2297 ad
1184 2267 1371 2303 orationem,
1389 2267 1447 2297 du-

386 2317 475 2347 bium
491 2315 667 2346 multorum
684 2312 833 2344 occurrit:
859 2314 884 2342 si
908 2312 979 2352 quis
999 2321 1035 2341 ex
1053 2311 1221 2352 proposito
1237 2311 1270 2341 in
1289 2310 1445 2351 principio

386 2360 481 2391 officii
506 2359 612 2395 divini,
637 2358 676 2388 ad
691 2358 780 2398 quod
794 2363 926 2392 tenetur,
951 2356 1088 2396 applicet
1102 2365 1135 2386 se
1151 2356 1191 2386 ad
1207 2355 1445 2386 meditationem

386 2405 508 2435 divinae
531 2402 678 2433 bonitatis
702 2408 756 2432 aut
779 2400 932 2441 passionis
948 2399 1074 2436 Christi,
1100 2400 1140 2429 ad
1162 2399 1224 2430 hoc
1247 2405 1284 2429 ut
1306 2406 1445 2430 mentem

384 2448 509 2478 firmam
531 2454 634 2478 teneat
657 2457 731 2477 cum
754 2446 823 2476 Deo
847 2445 880 2475 in
903 2445 961 2474 hac
984 2444 1135 2475 continua
1159 2443 1373 2479 meditatione,
1397 2454 1445 2474 sa-

385 2492 516 2524 tisfaciat
540 2497 707 2531 praecepto
731 2487 908 2520 Ecclesiae?

439 2537 489 2567 Ad
512 2536 573 2566 hoc
596 2535 709 2565 dicitur
732 2534 821 2574 quod
846 2539 930 2563 certo
955 2532 1068 2563 certius
1088 2538 1210 2562 constat
1232 2531 1321 2571 quod
1343 2530 1445 2561 inten-

386 2581 462 2611 dens
486 2587 515 2610 et
538 2580 666 2610 studens
690 2578 729 2608 ad
753 2578 814 2608 hoc
838 2584 873 2608 ut
896 2587 986 2607 mens
1009 2586 1080 2612 sua,
1105 2582 1171 2606 tam
1193 2575 1226 2605 in
1250 2575 1445 2615 contempla-

385 2627 470 2655 tione
494 2634 592 2665 quam
614 2623 647 2653 in
671 2622 738 2652 eius
761 2621 867 2662 prole,
893 2621 954 2651 hoc
977 2627 1024 2651 est
1046 2619 1220 2655 affectione,
1238 2619 1318 2650 circa
1337 2619 1443 2649 Deum

385 2679 440 2699 seu
457 2679 492 2698 ea
515 2678 596 2709 quae
612 2666 781 2697 divinitatis
797 2672 871 2696 sunt
893 2671 1067 2705 occupetur
1087 2664 1119 2693 in
1136 2670 1205 2694 toto
1222 2662 1339 2699 officio,
1364 2663 1445 2703 opti-

386 2723 437 2743 me
460 2712 620 2742 satisfacit.
652 2711 807 2751 quoniam
836 2709 931 2740 habet
953 2708 1160 2739 attentionem
1183 2707 1354 2747 optimam,
1380 2717 1445 2737 ma-

385 2757 468 2787 xime
488 2755 704 2791 necessariam,
725 2761 755 2785 et
779 2763 994 2789 communem,
1011 2753 1097 2783 iuxta
1112 2751 1363 2792 uniuscuiusque
1379 2762 1446 2782 mo-

389 2801 511 2831 dulum.

443 2844 609 2875 Intendens
626 2849 732 2873 autem
756 2848 787 2872 et
810 2841 939 2872 studens
963 2847 998 2871 ut
1022 2840 1102 2871 circa
1125 2824 1315 2880 passionem
1331 2838 1446 2870 Christi

388 2888 549 2918 meditatio
573 2887 612 2917 sit
635 2893 665 2917 et
688 2886 814 2916 affectus
838 2885 987 2916 excitetur
1009 2884 1040 2914 in
1062 2891 1132 2914 toto
1149 2882 1264 2920 officio,
1290 2883 1446 2919 satisfacit,

389 2932 454 2962 sine
478 2931 592 2961 dubio:
617 2930 692 2971 quia
716 2930 746 2960 in
765 2929 878 2960 melius
897 2929 1040 2959 medium
1057 2929 1096 2958 ad
1115 2927 1309 2958 divinitatem
1329 2927 1447 2957 ducens

389 2972 486 3005 fertur
515 2985 612 3015 quam
639 2974 665 3004 si
695 2974 799 3004 sensui
822 2974 993 3004 verborum
1020 2972 1207 3007 attenderet;
1239 2981 1314 3001 nam
1341 2971 1446 3011 passio

390 3018 516 3054 Christi,
533 3025 568 3048 ut
584 3018 616 3048 in
632 3024 686 3048 art.
707 3018 722 3047 3
739 3017 756 3036 *
779 3027 832 3057 qu.
849 3017 990 3057 praeced.
1015 3016 1160 3047 habitum
1176 3021 1231 3051 est,
1256 3015 1379 3056 optima
1402 3023 1448 3046 est

390 3061 596 3092 manuductio
619 3061 659 3091 ad
682 3060 891 3097 divinitatem,
915 3060 1000 3091 iuxta
1024 3060 1103 3090 illud
1122 3060 1155 3089 *:
1181 3065 1216 3090 ut
1243 3059 1318 3090 dum
1344 3059 1448 3090 visibi-

391 3107 465 3137 liter
486 3107 590 3136 Deum
622 3105 860 3145 cognoscimus,
878 3114 942 3144 per
966 3105 1050 3134 hunc
1072 3105 1103 3134 in
1129 3103 1331 3134 invisibilium
1360 3113 1447 3134 amo-

390 3160 456 3181 rem
481 3151 659 3190 rapiamur.
685 3147 770 3178 Cum
793 3158 891 3188 grano
915 3154 1021 3177 tamen
1045 3147 1115 3177 salis
1139 3147 1215 3178 haec
1237 3146 1370 3177 intentio
1394 3147 1447 3177 ha-

390 3195 492 3225 benda
515 3201 560 3224 est
576 3203 632 3233 per
646 3198 766 3223 totum:
799 3198 834 3222 ut
857 3191 973 3221 scilicet
995 3190 1170 3230 negligatur
1184 3191 1202 3210 *
1217 3191 1293 3221 haec
1308 3200 1449 3230 perseve-

390 3239 489 3268 rantia
506 3238 530 3267 si
547 3237 712 3267 ascendere
735 3236 775 3266 ad
791 3245 827 3266 ea
847 3245 928 3275 quae
946 3234 1114 3264 divinitatis
1137 3241 1211 3264 sunt
1232 3234 1265 3264 in
1281 3244 1447 3274 progressu

392 3282 515 3313 dabitur
529 3281 557 3318 '¹‘,
580 3281 668 3321 quod
692 3280 784 3311 debet
806 3289 873 3310 esse
896 3278 1067 3319 principale
1091 3278 1259 3308 intentum.
1293 3278 1337 3308 Ita
1360 3278 1448 3318 quod

392 3326 461 3358 talis
490 3325 606 3356 orantis
634 3334 723 3354 mens
752 3324 844 3354 debet
872 3332 908 3353 ea
937 3332 1018 3363 quae
1046 3329 1120 3352 sunt
1149 3322 1303 3362 passionis
1334 3321 1450 3352 Christi

393 3370 504 3409 eligere
527 3377 563 3400 ut
578 3368 690 3405 media,
707 3378 773 3398 non
790 3373 825 3398 ut
840 3366 952 3397 finem:
978 3373 1013 3397 ut
1033 3365 1149 3396 scilicet
1171 3375 1227 3405 per
1242 3365 1304 3402 illa,
1321 3365 1347 3396 si
1363 3366 1449 3396 Deus

393 3414 520 3449 dederit,
545 3413 690 3443 ascendat
712 3413 751 3442 ad
774 3422 810 3442 ea
833 3421 914 3452 quae
938 3410 1107 3440 divinitatis
1130 3417 1213 3440 sunt.

448 3458 488 3488 Et
507 3464 542 3487 ut
556 3456 683 3487 satisfiat
697 3455 882 3486 huiusmodi
898 3454 1055 3495 quaesitis,
1076 3453 1154 3484 scito
1174 3453 1263 3494 quod
1281 3463 1449 3494 quaecum-

393 3511 454 3542 que
471 3501 680 3531 attentionum
699 3500 731 3529 in
747 3500 847 3530 littera
862 3505 1099 3529 numeratarum
1116 3497 1255 3537 eligatur,
1273 3497 1338 3527 sine
1352 3507 1448 3537 -prae—

1499 2222 1617 2252 cisione
1641 2228 1747 2252 tamen
1771 2221 1911 2252 melioris
1935 2221 2011 2264 (hoc
2034 2228 2095 2263 est,
2115 2223 2204 2263 quod
2219 2222 2273 2254 illa
2289 2222 2422 2263 eligatur
2445 2232 2480 2256 ut
2502 2235 2578 2257 ωε-

1500 2266 1590 2296 dium
1613 2266 1672 2296 sibi
1695 2265 1943 2297 accommodum
1970 2265 2174 2306 perveniendi
2198 2267 2238 2297 ad
2260 2267 2444 2305 meliorem,
2468 2276 2566 2309 prout

1498 2311 1586 2341 Deus
1602 2310 1781 2350 dignabitur
1797 2310 2039 2341 misericorditer
2055 2309 2251 2353 concedere),
2267 2311 2378 2343 satisfit
2395 2320 2564 2354 praecepto

1498 2354 1666 2385 Ecclesiae.
1690 2354 1785 2385 Verbi
1799 2354 1907 2394 gratia,
1933 2354 1959 2385 si
1975 2355 2047 2395 quis
2070 2361 2162 2395 putat
2183 2365 2259 2386 suae
2281 2356 2427 2397 parvitati
2441 2367 2567 2389 accom-

1499 2398 1659 2429 modatius
1682 2399 1825 2429 medium
1849 2399 2007 2429 attendere
2031 2408 2070 2428 ne
2093 2405 2181 2435 erret,
2206 2406 2237 2430 et
2259 2399 2292 2430 in
2314 2399 2373 2430 hac
2392 2401 2565 2433 attentione

1498 2443 1567 2474 vult
1586 2442 1758 2482 persistere,
1775 2443 1917 2473 intendat
1931 2442 1993 2473 hoc
2010 2450 2046 2473 ut
2061 2443 2218 2473 medium:
2242 2443 2268 2473 si
2284 2443 2365 2475 forte
2381 2444 2566 2476 misereatur

1500 2487 1543 2517 sic
1558 2487 1655 2522 Deus,
1673 2493 1703 2517 et
1723 2487 1775 2517 det
1793 2486 1958 2516 meliorem
1977 2487 2184 2517 attentionem
2201 2486 2245 2518 sic
2264 2487 2419 2528 disposito
2439 2489 2478 2519 ad
2498 2499 2564 2520 me-

1498 2531 1620 2566 liorem,
1646 2540 1743 2571 quam
1767 2530 1874 2570 potius
1889 2530 1992 2561 vellet.
2015 2531 2056 2561 Et
2075 2531 2176 2561 simile
2193 2537 2240 2562 est
2259 2531 2297 2562 de
2313 2532 2390 2564 aliis.

1552 2575 1674 2605 Verum
1690 2574 1770 2604 circa
1785 2574 1992 2605 attentionem
2009 2575 2048 2605 ad
2063 2585 2130 2605 rem
2142 2575 2282 2615 petitam,
2297 2586 2370 2606 cave
2385 2586 2425 2607 ne
2441 2586 2565 2616 perver-

1499 2628 1553 2649 sus
1569 2618 1623 2649 fiat
1636 2618 1764 2649 affectus
1783 2628 1857 2649 cum
1880 2619 1975 2649 oculo
2000 2625 2068 2650 tuo.
2091 2619 2176 2649 Nam
2191 2629 2255 2650 non
2279 2619 2351 2651 licet
2367 2620 2486 2660 petenti
2509 2630 2564 2652 ne-

1499 2662 1630 2693 cessaria
1644 2662 1741 2694 victui
1754 2662 1797 2693 sic
1809 2662 1923 2693 versari
1939 2663 2019 2693 circa
2035 2663 2275 2694 meditationem
2290 2664 2391 2695 victus
2407 2671 2444 2695 ut
2459 2664 2565 2696 divina

1500 2707 1539 2737 ad
1555 2706 1694 2737 humana
1719 2706 1856 2736 ordinari
1879 2706 2053 2744 videantur,
2075 2707 2166 2747 quasi
2189 2708 2291 2738 oratio
2313 2708 2353 2738 sit
2375 2708 2518 2740 medium
2534 2716 2565 2742 et

1499 2751 1600 2781 victus
1616 2750 1697 2782 finis.
1718 2750 1890 2781 Reminisci
1912 2751 2070 2791 siquidem
2086 2758 2213 2791 oportet
2233 2752 2394 2783 doctrinae
2419 2753 2564 2794 superius

1500 2795 1623 2826 habitae
1639 2795 1672 2825 in
1691 2794 1749 2825 hac
1770 2795 1881 2825 eadem
1904 2795 2100 2835 quaestione,
2121 2802 2176 2826 art.
2198 2805 2231 2835 4,
2257 2796 2346 2836 quod
2370 2797 2477 2838 quoad
2497 2807 2566 2828 rem

1500 2839 1632 2879 petitam
1641 2848 1750 2869 omnes
1762 2844 1891 2870 nostrae
1903 2840 2064 2870 orationes
2076 2839 2224 2870 ordinari
2235 2840 2349 2871 debent
2360 2841 2404 2871 ad
2415 2842 2562 2882 gratiam

1501 2889 1531 2914 et
1544 2884 1685 2924 gloriam
1703 2883 1965 2923 consequendam.
1993 2883 2034 2914 Et
2056 2883 2133 2914 haec
2149 2890 2195 2915 est
2217 2894 2265 2914 res
2282 2884 2381 2925 petita
2403 2885 2444 2915 ad
2465 2894 2566 2926 quam

1501 2927 1659 2958 attendere
1682 2929 1804 2957 Auctor
1822 2933 1947 2958 tantum
1971 2928 2175 2958 commendat
2197 2927 2230 2958 in
2253 2928 2364 2959 littera.
2394 2929 2565 2972 Attendere

1501 2971 1587 3002 enim
1603 2971 1643 3001 ad
1657 2971 1792 3011 gloriam
1815 2978 1984 3008 aeternam,
2001 2971 2050 3002 vel
2061 2971 2196 3012 gloriam
2217 2972 2399 3013 adoptionis
2424 2964 2565 3028 filiorum

1500 3016 1534 3046 in
1549 3015 1609 3052 via,
1627 3022 1682 3046 aut
1703 3015 1834 3046 virtutes
1850 3022 1885 3046 ut
1908 3015 2012 3046 media
2028 3016 2067 3046 ad
2091 3022 2249 3047 aeternam
2264 3017 2399 3057 patriam
2418 3024 2450 3050 et
2472 3007 2567 3059 orni:

1501 3066 1607 3090 menta
1624 3059 1742 3090 civium
1758 3059 1940 3090 caelestium
1959 3069 1994 3090 ac
2009 3059 2228 3090 inchoationes
2244 3060 2385 3092 caelestis
2401 3070 2564 3093 conversa-

1501 3103 1607 3140 tionis,
1624 3110 1654 3133 et
1669 3103 1865 3139 huiusmodi,
1878 3104 1960 3134 Inter
1974 3103 2111 3144 optimas
2127 3104 2315 3135 attentiones
2328 3111 2384 3137 est.
2400 3105 2450 3143 Et,
2463 3104 2563 3136 brevi-

1501 3154 1557 3184 ter,
1577 3146 1682 3177 omnis
1703 3157 1751 3177 res
1768 3147 1864 3187 petita
1887 3153 1942 3177 aut
1964 3147 2035 3177 finis
2050 3147 2118 3188 ipse
2134 3148 2274 3179 caelestis
2292 3149 2410 3189 gloriae
2426 3155 2480 3180 aut
2497 3158 2564 3180 me-

1502 3191 1590 3221 dium
1606 3191 1645 3220 ad
1660 3190 1748 3220 illam
1763 3197 1799 3221 ut
1814 3191 1910 3221 medii
1925 3191 2081 3222 rationem
2097 3192 2200 3229 habet,
2218 3193 2283 3223 sive
2301 3203 2360 3234 pro
2375 3203 2407 3224 se
2424 3193 2488 3224 sive
2503 3202 2564 3234 pro

1502 3234 1575 3270 alio,
1598 3234 1632 3264 in
1655 3234 1836 3265 attentionis
1859 3235 1983 3285 optimo
2007 3245 2119 3276 genere
2141 3236 2244 3267 locata
2267 3243 2313 3268 est
2335 3237 2368 3268 in
2390 3237 2507 3268 littera:
2532 3243 2565 3268 et

1503 3278 1590 3308 nulla
1613 3287 1661 3308 res
1685 3278 1744 3308 alia
1767 3285 1803 3308 ut
1825 3278 1931 3318 petita.

1556 3322 1656 3352 11.1n
1672 3322 1878 3372 responsione
1893 3323 1932 3353 ad
1953 3323 2090 3360 tertium,
2109 3330 2185 3355 nota
2201 3324 2366 3366 diligenter
2384 3324 2473 3365 quod
2487 3324 2564 3365 quia

1503 3375 1539 3396 ex
1554 3365 1720 3406 proposito
1735 3366 1839 3406 vagari
1854 3367 1887 3397 in
1903 3367 2045 3399 oratione
2065 3374 2231 3407 peccatum
2246 3375 2292 3400 est
2310 3379 2346 3400 ex
2361 3378 2474 3409 genere
2490 3378 2562 3405 suo,

1502 3409 1574 3440 ideo
1598 3420 1663 3440 non
1687 3410 1794 3440 solum
1817 3410 1849 3440 in
1874 3411 2015 3442 oratione
2039 3413 2211 3443 necessaria
2234 3422 2271 3443 ex
2293 3418 2483 3453 praecepto,
2508 3411 2563 3442 sed

1503 3453 1597 3484 etiam
1627 3454 1659 3484 in
1683 3454 1825 3485 oratione
1848 3462 2022 3495 spontanea
2051 3462 2175 3487 tenetur
2202 3465 2295 3487 orans
2319 3456 2490 3487 attendere:
2521 3456 2564 3487 ita

1503 3498 1592 3538 quod
1615 3497 1686 3529 licet
1709 3508 1774 3529 non
1797 3505 1939 3530 teneatur
1961 3509 2059 3537 orare,
2083 3507 2206 3531 tenetur
2229 3507 2344 3537 tamen,
2370 3499 2395 3530 si
2416 3506 2495 3536 orat,
2520 3507 2563 3531 at-

2589 706 2640 727 *De
2647 706 2719 728 Modo
2727 712 2801 728 oran-
2836 700 2842 704 ⁶

2589 732 2621 760 di,
2637 738 2687 761 esp.
2703 738 2726 755 n.

2591 1508 2695 1557 2113&
2715 1508 2788 1531 CCXI
2795 1525 2803 1536 ,

2591 1725 2602 1736 ¹
2608 1725 2666 1759 με.
2671 1724 2712 1747 eit.
2722 1725 2746 1747 in
2754 1730 2804 1752 arg.
