2860 4244
260 882 268 889 ⁴
278 879 314 902 Cf.
327 885 365 905 qu.
374 884 469 904 Lxxxrv,

259 905 346 927 inu-od.

258 2436 267 2445 '¹
279 2434 343 2456 Vei-s.
357 2441 390 2463 33.

258 2495 467 2522 ‘Serm.CLxxx,

257 2523 286 2544 al.
306 2522 336 2543 de
351 2522 416 2544 Verb.
434 2522 468 2543 A—

254 2551 317 2577 post.
351 2548 467 2574 XXVIII,

258 2581 307 2602 cap.
323 2581 354 2597 vr.

258 2706 268 2715 ⁸
280 2705 326 2732 Qu.
334 2710 404 2731 nvn,
415 2711 467 2726 cxx.

261 2810 268 2818 ⁸
279 2809 315 2829 Ps.
327 2814 367 2834 vn,
379 2814 437 2829 vers.
448 2814 467 2835 5.

259 3015 267 3023 ⁸
284 3013 337 3035 Loc.
354 3013 390 3034 cit.

257 3177 267 3186 ⁴
285 3175 348 3196 Vers.
364 3175 396 3197 16.

496 244 569 280 272

1139 230 1404 276 QUAESTIO
1435 230 1646 277 LXXXIX,
1675 230 1968 267 ART1CULUS
1999 231 2012 265 1

982 434 1389 511 QUAESTIO
1429 434 2172 491 OCTOGESIMANONA

1268 551 1893 594 DEIURAMENTO

1307 667 1341 692 IN
1370 667 1490 692 DECEM
1518 666 1719 691 ARTICULOS
1747 667 1864 692 DIVISA

497 774 686 855 DEiNDE
715 760 1035 798 considerandum
1066 768 1121 797 est
1146 760 1194 798 de
1222 760 1367 797 actibus
1397 760 1554 797 exterio·
1579 758 1582 810 Ι
1610 759 1720 796 Circa
1747 759 1852 807 quod
1881 767 2113 807 quaeruntur
2140 760 2286 798 decem.

580 815 681 852 ribus
709 814 837 851 latriae
874 813 1012 863 quibus
1041 813 1182 861 aliquid
1211 813 1383 851 divinum
1410 814 1458 850 ab
1485 813 1554 850 ho-

496 868 663 905 minibus
683 866 888 904 assumitur
908 868 948 903 *ε
977 867 1083 914 quod
1112 874 1167 902 est
1183 867 1247 902 vel
1275 873 1554 903 sacramentum

496 921 662 969 aliquod,
690 921 754 957 vel
781 919 907 968 ipsum
934 930 1077 956 nomen
1107 918 1290 955 divinum.
1322 918 1399 956 Sed
1428 918 1475 955 de
1498 930 1555 955 sa-

497 973 678 1011 cramenti
694 972 954 1021 assumptione
971 973 1077 1008 locus
1093 971 1161 1008 erit
1175 971 1356 1008 tractandi
1372 971 1410 1007 in
1425 971 1556 1008 Tertia

496 1027 607 1064 huius
627 1025 754 1075 operis
782 1026 893 1062 Parte
911 1024 943 1061 ³⁸.
973 1026 1032 1061 De
1052 1024 1313 1073 assumptione
1340 1031 1467 1061 autem
1488 1036 1556 1060 no-

497 1079 608 1117 minis
628 1079 746 1117 divini
765 1091 866 1115 nunc
885 1079 1076 1125 agendum
1097 1084 1163 1114 est.
1193 1077 1409 1114 Assumitur
1426 1084 1555 1113 autem

498 1132 670 1170 divinum
689 1144 833 1168 nomen
853 1127 900 1168 ab
919 1130 1075 1167 homine
1096 1129 1301 1178 tripliciter:
1323 1141 1401 1166 uno
1422 1129 1553 1176 modo,
1580 1151 1583 1156 ‚

496 1197 565 1234 per
591 1186 752 1222 modum
781 1183 995 1230 iuramenti,
1024 1183 1072 1219 ad
1101 1182 1255 1231 propria
1272 1182 1392 1218 verba
1419 1182 1556 1218 confir-

497 1238 660 1284 manda;
690 1237 760 1275 alio
790 1237 920 1282 modo,
949 1247 1018 1284 per
1039 1235 1200 1272 modum
1229 1234 1486 1280 adiurationis,
1507 1234 1555 1271 ad

497 1291 590 1328 alios
627 1289 887 1327 inducendum
906 1288 943 1334 *3
981 1287 1090 1324 tertio
1129 1287 1270 1333 modo,
1299 1299 1368 1335 per
1395 1286 1555 1323 modum

496 1343 758 1389 invocationis,
775 1341 824 1378 ad
840 1341 1029 1378 orandum
1044 1341 1106 1377 vel
1122 1339 1358 1377 laudandum
1371 1339 1402 1376 ²⁸.
1424 1339 1555 1376 Primo

497 1409 584 1444 ergo
614 1396 661 1433 de
690 1395 902 1432 iuramento
932 1393 1122 1441 agendum
1152 1400 1219 1429 est.

1661 812 1814 849 Primo:
1844 812 1935 860 quid
1963 812 2009 849 sit
2036 810 2302 850 iuramentum.

1662 865 1863 902 Secundo:
1893 872 2021 902 utrum
2049 864 2095 901 sit
2121 865 2276 902 licitum.

1662 917 1816 954 Tertio:
1845 917 1911 966 qui
1939 917 2013 954 sint
2040 917 2200 954 comites
2228 917 2441 956 iuramenti.

1662 971 1830 1018 Quarto:
1861 970 1968 1006 cuius
1995 969 2143 1007 virtutis
2172 970 2218 1006 sit
2245 978 2362 1008 actus.

1664 1023 1827 1070 Quinto:
1857 1030 1983 1060 utrum
2013 1022 2058 1059 sit
2085 1023 2344 1071 appetendum
2365 1031 2400 1060 et
2427 1023 2668 1072 frequentan-

1717 1076 1822 1123 dum,
1851 1083 2032 1124 tanquam
2061 1075 2150 1112 utile
2180 1082 2216 1112 et
2235 1081 2252 1097 ‘²
2279 1077 2440 1113 bonum.

1663 1129 1799 1165 Sexto:
1828 1136 1955 1165 utrum
1985 1128 2093 1165 liceat
2120 1128 2245 1165 iurare
2272 1141 2340 1177 per
2368 1136 2595 1168 creaturam.

1663 1181 1856 1230 Septimo:
1885 1188 2014 1218 utrum
2042 1181 2299 1218 iuramentum
2324 1181 2370 1219 sit
2388 1181 2668 1230 obligatorium.

1663 1234 1831 1270 Octavo:
1871 1246 1968 1282 quae
1997 1233 2042 1270 sit
2078 1234 2201 1271 maior
2228 1234 2428 1283 obligatio,
2458 1241 2585 1272 utrum
2614 1235 2670 1273 iu-

1716 1286 1877 1323 ramenti
1904 1287 1967 1323 vel
1993 1286 2086 1323 voti.
2294 1295 2300 1302 “
2474 1290 2476 1293 ’

1663 1339 1801 1375 Nono:
1830 1346 1959 1375 utrum
1986 1338 2025 1375 in
2053 1338 2265 1376 iuramento
2298 1340 2419 1388 possit
2447 1339 2667 1389 dispensari.

1663 1391 1845 1429 Decimo:
1874 1391 2013 1440 quibus
2042 1399 2077 1428 et
2105 1393 2260 1439 quando
2281 1390 2296 1421 β
2322 1392 2432 1430 liceat
2459 1393 2596 1431 iurare.

1306 1508 1623 1550 ARTICULUS
1653 1508 1858 1550 PRIMUS

1070 1610 1227 1641 UTRUM
1251 1609 1410 1641 IURARE
1435 1609 1501 1640 SIT
1524 1609 1699 1640 TESTEM
1721 1609 1846 1640 DEUM
1873 1608 2095 1640 1NvocARE

1370 1706 1403 1730 111
1421 1706 1506 1736 Sent„
1526 1705 1584 1730 d1st.
1603 1712 1684 1735 xxm,
1703 1710 1749 1730 art.
1774 1713 1795 1730 x.

618 1825 669 1844 st.
710 1808 732 1832 D
761 1807 897 1832 PRIMUM
924 1806 978 1831 SIC
1006 1805 1244 1830 PROCEDlTUR.
1264 1793 1424 1830 Videtur
1451 1792 1558 1840 quod

525 1840 581 1882 (Ἦ
628 1839 688 1899 {25⁴0
710 1849 832 1885 iurare
861 1859 939 1884 non
968 1847 1014 1883 sit
1041 1854 1175 1883 testem
1203 1847 1330 1882 Deum
1363 1845 1555 1882 invocare.

516 1882 954 1949 WQuicumque
985 1899 1085 1935 enim
1121 1898 1264 1935 inducit
1292 1897 1556 1935 auctoritatem

519 1948 531 1959 ”
556 1947 839 1992 &sacrae
869 1952 1083 2000 Scripturae
1111 1951 1255 1988 inducit
1283 1952 1411 1988 Deum
1437 1951 1476 1987 in
1503 1958 1556 1987 te—

496 2007 741 2054 stimonium,
771 2006 877 2043 cuius
912 2005 1032 2042 verba
1070 2011 1339 2053 proponuntur
1374 2003 1412 2040 in
1450 2015 1557 2040 sacra

497 2060 699 2107 Scriptura.
740 2059 780 2096 Si
808 2070 897 2106 ergo
926 2058 1050 2094 iurare
1089 2065 1145 2094 est
1177 2065 1311 2094 testem
1347 2057 1475 2093 Deum
1502 2056 1557 2093 in-

494 2124 655 2158 vocare,
685 2112 917 2160 quicumque
954 2110 1096 2147 inducit
1131 2110 1392 2147 auctoritatem
1426 2121 1557 2146 sacrae

495 2165 709 2213 Scripturae
737 2164 885 2201 iuraret.
917 2164 1003 2200 Hoc
1030 2170 1158 2199 autem
1192 2170 1248 2199 est
1271 2163 1422 2199 falsum.
1452 2163 1555 2210 Ergo

496 2226 532 2255 et
560 2217 741 2266 primurn.

549 2282 584 2307 2.
605 2271 837 2317 PRAETEREA,
864 2281 909 2306 ex
937 2269 1013 2305 hoc
1032 2268 1137 2317 quod
1167 2268 1302 2317 aliquis
1330 2268 1475 2305 inducit
1493 2267 1557 2305 ali—

496 2335 611 2372 quem
648 2322 686 2360 in
715 2330 870 2370 testem,
907 2321 999 2358 nihil
1037 2322 1070 2358 ei
1097 2321 1232 2359 reddit.
1281 2321 1357 2358 Sed
1394 2320 1454 2358 ille
1492 2321 1557 2369 qui

494 2388 563 2425 per
581 2377 707 2412 Deum
735 2375 831 2412 iurat
858 2374 998 2423 aliquid
1026 2375 1111 2411 Deo
1131 2373 1269 2412 reddit:
1299 2373 1435 2411 dicitur
1454 2374 1556 2410 enim

496 2429 629 2466 Matth.
650 2428 730 2464 v*:
769 2428 916 2465 Reddes
947 2428 1112 2464 Domino
1148 2428 1360 2464 iuramenta
1396 2432 1483 2472 tua;
1522 2434 1557 2464 et

494 2481 728 2529 Augustinus
761 2480 849 2518 dicit
875 2481 895 2503 '¹‘
923 2480 1027 2529 quod
1063 2480 1187 2517 iurare
1217 2487 1273 2517 est
1309 2480 1366 2516 ius
1392 2480 1558 2517 veritatis

495 2535 576 2571 Deo
605 2534 769 2570 reddere.
800 2534 901 2581 Ergo
930 2534 1054 2570 iurare
1083 2545 1162 2570 non
1192 2540 1246 2570 est
1265 2534 1392 2569 Deum
1420 2541 1556 2570 testem

495 2599 689 2623 invocare.

550 2640 583 2676 3.
597 2640 830 2686 PRAETEREA,
852 2638 953 2675 aliud
973 2645 1029 2675 est
1049 2638 1220 2675 officium
1239 2637 1384 2686 iudicis,
1402 2646 1438 2675 et
1456 2638 1557 2675 aliud

494 2692 609 2739 testis,
638 2699 680 2728 ut
709 2703 753 2728 ex
781 2690 1005 2740 supradictis
1024 2690 1044 2712 '¹‘
1070 2698 1184 2740 patet.
1220 2692 1296 2729 Sed
1325 2691 1556 2740 quandoque

494 2744 654 2781 iurando
674 2744 851 2793 implorat
868 2744 988 2781 homo
1009 2743 1180 2781 divinum
1199 2744 1398 2781 iudicium:
1423 2757 1556 2782 secun-

496 2797 588 2835 dum
607 2797 699 2834 illud
719 2798 859 2834 Psalm.
875 2796 913 2834 *τ
942 2797 985 2833 Si
1001 2797 1147 2834 reddidi
1163 2797 1448 2835 retribuentibus
1466 2798 1559 2835 mihi

494 2850 608 2896 mala,
624 2851 792 2887 decidam
808 2850 941 2887 merito
956 2851 1004 2887 ab
1019 2850 1178 2887 inimicis
1192 2850 1283 2887 meis
1298 2851 1431 2888 inanis.
1453 2851 1555 2899 Ergo

494 2903 618 2940 iurare
646 2915 725 2940 non
753 2911 809 2940 est
836 2910 971 2940 testem
994 2904 1122 2940 Deum
1150 2903 1342 2940 invocare.

549 2956 622 2992 SED
643 2967 789 2993 CONTRA
813 2968 879 2992 EST
898 2955 1002 3004 quod
1025 2955 1259 3004 Augustinus
1280 2956 1378 3004 dicit,
1403 2955 1441 2993 in
1462 2968 1556 3005 quo-

496 3008 584 3046 dam
622 3020 799 3045 sermone
828 3009 874 3045 de
903 3008 1073 3046 Periurio
1095 3010 1135 3045 *ε
1178 3009 1277 3051 Quid
1302 3015 1370 3055 est,
1407 3024 1427 3042 «
1448 3010 1522 3046 Per
1539 3014 1555 3037 Υ

494 3063 619 3098 Deum
642 3077 675 3107 »,
705 3061 793 3106 nisi,
825 3076 844 3093 «
867 3062 981 3098 Testis
1009 3067 1062 3097 est
1087 3063 1191 3098 Deus
1213 3061 1264 3098 »P

548 3115 773 3151 RESPONDEO
789 3125 973 3150 DICENDUM
992 3114 1110 3161 quod,
1126 3114 1219 3150 sicut
1233 3114 1440 3162 Apostolus
1455 3114 1554 3161 dicit,

494 3167 546 3204 ad
561 3168 661 3204 Heh.
681 3179 716 3203 Vl
735 3167 766 3213 ²¹⁸,
788 3166 1045 3203 iuramentum
1072 3167 1123 3203 ad
1149 3167 1471 3214 confirmationem
1496 3179 1555 3203 or-

496 3219 657 3256 dinatur.
688 3219 940 3257 Confirmatio
969 3226 1099 3255 autern
1127 3218 1165 3255 in
1192 3218 1383 3255 scibilibus
1410 3231 1480 3266 per
1499 3231 1555 3255 ra-

493 3272 638 3310 tionem
667 3273 721 3320 fit,
751 3285 850 3321 quae
878 3271 1049 3320 procedit
1068 3284 1114 3308 ex
1133 3271 1319 3320 aliquibus
1342 3271 1557 3308 naturaliter

495 3326 604 3373 notis,
621 3338 718 3375 quae
740 3333 827 3362 sunt
844 3325 1082 3362 infallibiliter
1095 3336 1198 3362 vera.
1221 3324 1297 3360 Sed
1317 3324 1554 3372 particularia

549 3455 575 3522 gg
593 3454 878 3522 {ngug’ff'qffissdoffi
892 3489 999 3521 quando
1014 3491 1040 3514 et
1052 3488 1146 3521 quibus
1159 3488 1208 3518 Da,
1223 3488 1330 3521 quando
1343 3491 1368 3513 et
1383 3488 1408 3512 in
1422 3488 1515 3520 quibus
1525 3488 1554 3513 P.

547 3526 573 3558 γ)
593 3525 654 3550 Per.
667 3539 685 3543 -
703 3525 794 3550 iurare
809 3532 860 3556 per
879 3524 931 3548 PD.

1610 1792 1707 1828 facta
1727 1791 1979 1839 contingentia
2006 1792 2208 1829 hominum
2237 1805 2316 1829 non
2343 1800 2503 1841 possunt
2525 1805 2596 1842 per
2612 1804 2671 1831 ra·

1609 1845 1755 1881 tionem
1784 1844 2038 1881 necessariam
2065 1845 2296 1882 confirmari.
2326 1846 2376 1882 Et
2398 1845 2486 1882 ideo
2506 1857 2552 1883 ea
2570 1856 2670 1895 quae

1611 1897 1658 1934 de
1682 1897 1741 1934 his
1761 1897 1938 1934 dicuntur
1956 1897 2079 1934 solent
2107 1897 2325 1935 confirmari
2351 1910 2421 1947 per
2437 1905 2563 1936 testes.
2592 1898 2671 1941 Sed

1609 1950 1824 1987 humanum
1851 1950 2114 1987 testimonium
2142 1962 2221 1987 non
2245 1957 2300 1987 est
2323 1950 2515 1989 sufficiens
2533 1950 2583 1991 ad
2599 1950 2671 1991 hu-

1609 2002 1776 2040 iusmodi
1802 2003 2124 2050 confirmandum,
2144 2010 2300 2052 propter
2320 2003 2409 2051 duo.
2439 2003 2570 2044 Primo
2589 2004 2672 2054 qui-

1610 2055 1710 2103 dem,
1739 2063 1895 2105 propter
1922 2056 2113 2093 defectum
2140 2056 2308 2093 veritatis
2333 2057 2550 2094 humanae:
2581 2057 2672 2106 quia

1609 2109 1762 2157 plurimi
1790 2109 1829 2146 in
1852 2109 2098 2146 mendacium
2125 2109 2315 2157 labuntur,
2337 2109 2550 2147 secundum
2578 2110 2672 2148 illud

1610 2162 1751 2199 Psalm.
1771 2161 1810 2198 *ε
1845 2162 1894 2199 Os
1913 2174 2044 2199 eorum
2072 2162 2235 2199 locutum
2254 2168 2309 2199 est
2325 2162 2575 2200 mendacium.
2605 2162 2674 2200 Se·
2699 2175 2860 2203 mmm

1611 2215 1760 2263 eundo,
1789 2222 1945 2264 propter
1973 2214 2164 2252 defectum
2202 2214 2445 2263 cognitionis:
2483 2215 2574 2265 quia
2597 2217 2673 2256 ho-

1610 2268 1734 2306 mines
1775 2280 1854 2305 non
1894 2275 2056 2316 possunt
2093 2280 2324 2316 cognoscere
2361 2280 2488 2317 neque
2527 2268 2672 2319 futura,

1610 2333 1736 2369 neque
1765 2321 1938 2358 cordium
1968 2321 2137 2369 occulta,
2165 2322 2229 2359 vel
2257 2321 2371 2358 etiam
2401 2321 2594 2367 absentia;
2622 2322 2672 2360 de

1610 2374 1749 2423 quibus
1776 2381 1906 2411 tamen
1933 2374 2110 2411 homines
2137 2374 2355 2424 loquuntur,
2386 2382 2423 2411 et
2446 2373 2599 2424 expedit
2614 2386 2672 2412 re·

1610 2428 1682 2465 bus
1700 2427 1876 2464 humanis
1905 2436 1945 2463 ut
1969 2426 2154 2464 certitudo
2183 2426 2310 2476 aliqua
2329 2426 2376 2464 de
2395 2426 2453 2464 his
2472 2427 2670 2474 habeatur.

1610 2481 1660 2518 Et
1685 2480 1774 2518 ideo
1804 2479 2062 2517 necessarium
2095 2479 2164 2516 fuit
2191 2491 2384 2517 recurrere
2419 2480 2468 2517 ad
2497 2479 2671 2519 divinum

1610 2532 1892 2570 testimonium:
1931 2533 2019 2580 quia
2047 2533 2153 2569 Deus
2190 2545 2316 2581 neque
2349 2532 2500 2570 mentiri
2534 2540 2671 2582 potest,

1610 2598 1737 2635 neque
1761 2598 1850 2622 eum
1873 2585 2014 2634 aliquid
2032 2586 2133 2623 latet.
2162 2587 2370 2622 Assumere
2395 2593 2524 2623 autem
2542 2587 2671 2624 Deum

1610 2639 1648 2676 in
1675 2645 1810 2676 testem
1839 2637 1975 2676 dicitur
2001 2638 2146 2675 iurare:
2175 2639 2264 2688 quia
2283 2637 2391 2687 quasi
2415 2650 2486 2688 pro
2515 2638 2598 2676 iure
2616 2638 2671 2677 in-

1609 2693 1827 2730 troductum
1866 2699 1922 2728 est
1957 2698 1999 2728 ut
2033 2691 2138 2739 quod
2174 2691 2246 2728 sub
2283 2691 2526 2728 invocatione
2553 2691 2671 2738 divini

1609 2744 1815 2783 testimonii
1845 2744 2075 2793 diciturpro
2103 2756 2198 2781 vero
2225 2745 2422 2782 habeatur.

1663 2797 1848 2835 Divinum
1877 2805 2006 2834 autem
2026 2796 2288 2835 testimonium
2308 2796 2542 2846 quandoque
2562 2796 2671 2835 indu-

1611 2851 1706 2888 citur
1724 2851 1773 2888 ad
1794 2850 2042 2887 asserendum
2067 2849 2280 2900 praesentia
2297 2851 2359 2887 vel
2387 2849 2607 2898 praeterita:
2634 2857 2671 2887 et

1609 2905 1684 2941 hoc
1699 2903 1833 2941 dicitur
1848 2903 2104 2940 iuramentum
2123 2903 2376 2940 assertorium.
2388 2924 2412 2931 -
2426 2902 2669 2952 Quandoque

1609 2965 1739 2994 autem
1767 2956 1956 2994 inducitur
1979 2955 2152 2994 divinum
2181 2955 2441 2993 testimonium
2459 2953 2474 2977 ὅ
2501 2955 2552 2993 ad
2580 2967 2670 2993 con-

1608 3009 1843 3047 firmandum
1881 3008 2022 3058 aliquid
2050 3009 2238 3046 futurum:
2278 3016 2314 3046 et
2346 3009 2422 3046 hoc
2453 3007 2589 3046 dicitur
2614 3007 2670 3045 iu·
2694 3040 2696 3043 .

1610 3070 1826 3099 ramentum
1842 3062 2140 3110 promissorium.
2161 3082 2184 3089 —
2203 3061 2266 3099 Ad
2285 3074 2331 3098 ea
2348 3073 2444 3099 vero
2463 3073 2563 3110 quae
2582 3067 2670 3100 sunt

1609 3115 1820 3151 necessaria
1849 3122 1885 3151 et
1911 3127 1980 3163 per
1998 3115 2184 3152 rationem
2212 3114 2473 3162 investiganda
2506 3125 2586 3151 non
2612 3113 2667 3151 in—

1610 3167 1756 3204 ducitur
1792 3167 2067 3204 iuramentum:
2111 3167 2298 3205 derisibile
2336 3167 2436 3204 enim
2474 3166 2668 3204 videretur

1609 3219 1639 3255 si
1668 3219 1751 3268 quis
1788 3219 1826 3255 in
1864 3219 2117 3268 disputatione
2155 3220 2312 3257 alicuius
2348 3219 2525 3256 scientiae
2553 3218 2668 3256 vellet

1608 3271 1847 3320 propositum
1874 3284 1944 3320 per
1970 3272 2228 3310 iuramentum
2257 3273 2433 3321 probare.

1659 3325 1718 3361 AD
1739 3336 1875 3361 PthJM
1903 3336 2001 3361 ERGO
2020 3337 2205 3363 DICENDUM
2232 3325 2338 3373 quod
2361 3324 2463 3361 aliud
2492 3331 2547 3361 est
2567 3324 2667 3361 testi-

1660 3451 1685 3484 ὃ)
1706 3452 1825 3477 divinum
1845 3452 2032 3478 testimonium.
2046 3467 2063 3472 -
2081 3453 2201 3478 divinum
2225 3453 2404 3478 iuramentum
2430 3452 2667 3483 PBOEFGHIan,

1608 3488 1785 3512 iuramentum
1805 3487 1835 3518 Κ,
1854 3495 1907 3512 om.
1927 3488 1958 3513 D.
