2860 4244
195 1865 289 1890 m

67 1847 108 1887 ¹ei·
142 1866 143 1869 ¹
171 1881 180 1890 .

74 1892 148 1930 mbr

98 3391 308 3460 :gb-*mmm
332 3395 412 3433 iure,
436 3395 491 3426 sed
513 3394 546 3424 in
570 3393 743 3424 moralibus
765 3391 931 3423 scribendi.

30 3443 40 3457 ‘¹¹
143 3443 155 3467 5

1008 230 1274 276 QUAESTIO
1308 230 1428 276 Lxx,

1459 193 1753 266 ARTiCULUS
1784 229 1831 264 111
2434 236 2444 260 1
2460 236 2502 271 19

956 361 963 365 ¹
1007 351 1340 384 Commentario.
1362 351 1612 384 cardinalis
1633 351 1834 384 Caietani

361 444 381 464 N
405 433 538 464 articulo
563 432 703 463 secundo
727 432 869 462 eiusdem
891 430 1104 471 quaestioniS,
1128 430 1161 459 in
1184 429 1391 470 responsione

335 445 402 507 Iad
425 477 612 513 secundum,
637 477 762 506 adverte
778 475 867 516 quod
882 473 1039 505 distinctio
1056 473 1110 504 illa
1129 474 1167 503 de
1186 473 1316 504 testibus
1336 473 1392 514 qui

331 528 406 552 sunt
428 521 600 561 singulares
628 520 679 550 vel
702 525 867 554 contestes,
890 517 1070 559 regulariter
1092 517 1186 547 habet
1207 517 1331 548 locum:
1357 523 1393 548 ut

329 575 387 606 per
409 564 582 606 singulares
605 563 713 594 nullus
736 563 913 593 damnetur.
939 561 1023 599 Quia
1045 568 1151 592 tamen
1174 561 1267 592 multi
1286 561 1393 600 singu-

328 609 409 639 lares
431 614 525 640 testes
548 607 582 638 in
605 607 693 638 factis
715 606 908 637 iterabilibus
923 605 1096 636 violentam
1113 605 1328 645 suspicionem
1346 604 1393 634 in-

331 655 462 689 ducunt,
486 659 522 683 ut
544 651 571 682 si
585 661 669 682 unus
683 650 763 680 vidit
783 650 924 690 aliquem
939 649 1137 680 committere
1153 659 1255 679 unum
1271 648 1393 679 furtum

331 703 362 727 et
391 696 472 726 alius
500 694 579 726 vidit
610 694 747 725 eundem
777 693 974 724 committere
1001 693 1087 724 aliud
1113 693 1253 729 furtum,
1278 700 1309 723 et
1331 691 1394 723 sint

330 746 425 771 testes
447 739 538 770 omni
561 738 745 779 exceptione
768 737 922 774 maiores;
953 738 1034 768 inter
1057 736 1238 776 religiosos,
1263 735 1392 777 quando

330 783 402 825 quis
433 782 627 814 existimatur
658 781 734 812 alias
764 782 818 812 tali
841 781 917 813 vitio
947 781 1128 817 involutus,
1157 788 1212 811 aut
1242 789 1394 811 numerus

330 827 451 858 multus
474 826 585 858 talium
600 826 797 862 ‘contestiurn
820 832 996 864 concurrat,
1020 825 1046 855 si
1070 831 1205 856 arctatus
1229 833 1295 854 non
1319 833 1394 853 con—

329 870 445 907 fitetur,
467 869 599 901 inveniri
619 869 742 901 videtur
765 870 959 910 quandoque
975 869 1141 900 subsecuta
1158 865 1392 902 condemnatio,

330 915 509 946 multorum
531 921 658 955 patrum
682 913 816 944 consilio
840 913 930 944 fulta.
955 913 996 943 Et
1018 912 1091 943 licet
1113 912 1175 942 hoc
1198 921 1265 941 non
1285 910 1324 941 sit
1346 920 1393 940 se-

300 975 302 977 ·
330 959 473 990 cundum
496 958 574 989 iuris
597 958 753 998 rigorem,
778 957 833 988 ubi
856 965 964 988 tamen
987 957 1107 997 absque
1129 954 1296 986 tormentis
1319 963 1394 993 pro-

288 1021 296 1027 ·
331 1003 460 1040 ceditur,
485 1012 551 1034 non
574 1009 641 1034 tam
663 1002 704 1032 ad
727 1001 928 1042 puniendum
951 1010 1050 1042 quam
1065 1000 1105 1030 ad
1120 999 1255 1029 salutem
1270 997 1395 1028 animae
1419 997 1421 1014 ¹

330 1054 361 1079 et
375 1046 526 1087 regularis
541 1045 758 1077 observantiae
773 1045 925 1081 favorem,
942 1043 1103 1075 tolerabile
1118 1042 1242 1073 videtur
1264 1048 1300 1072 ut
1318 1041 1394 1072 haec

1444 429 1647 470 probabilitas
1671 429 1804 460 sufficiat
1827 429 1867 459 ad
1891 427 2119 463 certitudinem,
2136 427 2216 457 inter
2233 436 2287 456 eos
2310 425 2366 466 qui
2388 425 2504 455 mortui

1445 480 1520 503 sunt
1542 473 1676 503 mundo.
1708 472 1792 510 Quia
1815 480 1920 503 tamen
1945 482 2015 502 reus
2040 481 2106 502 non
2130 477 2234 512 potest
2257 470 2296 500 ad
2319 469 2505 499 huiusmodi

1445 517 1632 547 sententiam
1661 517 1857 547 tolerandam
1881 515 1962 556 cogi,
1980 516 2105 546 deberet
2120 525 2158 545 ex
2181 513 2364 545 huiusmodi
2383 513 2506 544 indiciis

1445 570 1501 600 per
1523 566 1691 596 tormenta,
1715 560 1860 600 religiosa
1881 566 1997 595 tamen,
2014 559 2126 590 veritas
2142 557 2278 600 exquiri:
2303 564 2339 588 ut
2353 557 2506 588 sententia

1446 613 1512 634 non
1542 603 1659 634 feratur
1686 603 1746 634 nisi
1777 610 1887 634 contra
1915 603 2097 634 confessum
2124 602 2174 633 vel
2197 601 2397 639 convictum,
2419 601 2506 632 iuxta

1446 657 1551 678 sacros
1574 656 1722 683 canones,
1748 647 1787 686 11,
1802 657 1856 687 qu.
1874 657 1894 684 1,
1918 648 1987 678 Nos
2010 648 2042 677 in
2066 656 2266 687 quemquam.

1501 691 1536 720 ln
1559 691 1766 730 responsione
1793 691 1833 720 ad
1857 690 1984 721 tertium
2017 697 2092 721 nota
2122 691 2198 721 duo.
2230 689 2375 721 Primum
2398 696 2445 720 est
2467 689 2506 719 de

1445 734 1607 765 sanctitate
1639 735 1743 765 debita
1771 735 1935 764 Romanae
1964 735 2121 765 Ecclesiae
2153 733 2391 766 Cardinalibus:
2424 743 2505 774 quae

1446 778 1569 809 utinam
1592 785 1676 809 tanta
1701 785 1781 808 esset
1804 785 1839 808 ut
1861 778 1968 809 nullus
1993 789 2135 820 unquam
2159 785 2239 809 esset
2261 778 2294 808 in
2322 778 2506 808 scandalum

1446 821 1613 852 Ecclesiae.
1645 839 1662 844 -—
1695 821 1878 852 Secundum
1902 828 1948 852 est
1979 829 2088 852 contra
2110 822 2257 853 latrantes
2288 822 2376 862 quod
2403 822 2506 852 malus

1447 865 1621 896 Cardinalis
1645 875 1711 895 non
1735 865 1883 905 punitur:
1917 866 1991 905 quia
2015 866 2131 896 scilicet
2154 865 2362 906 periculosius
2386 873 2432 896 est
2455 866 2507 895 de-

1446 919 1556 949 rogare
1579 909 1612 938 in
1636 908 1789 948 opinione
1813 909 1984 940 hominum
2015 909 2158 949 dignitati
2182 916 2212 940 et
2238 909 2415 941 auctoritati
2443 910 2507 939 Ro—

1446 963 1559 983 manae
1577 953 1735 983 Ecclesiae
1759 953 2003 983 condemnando
2020 953 2230 989 Cardinalem,
2256 964 2353 994 quam
2376 953 2508 984 tolerare

1447 996 1541 1027 illum
1564 996 1631 1027 sine
1654 996 1814 1028 scandalo.

1137 1188 1456 1245 ART'lcuius
1484 1201 1713 1244 Ti-:erus

606 1297 764 1329 UTRUM
786 1295 989 1327 ALICUIUS
1011 1294 1317 1326 TESTIMONIUM
1340 1293 1407 1325 SIT
1431 1293 1754 1324 REPELLENDUM
1777 1292 1946 1330 ABSQUE
1970 1292 2066 1323 EIUS
2091 1291 2232 1323 CULPA

370 1403 454 1439 ‘nah‘
467 1411 527 1446 'a'
540 1397 564 1423 n
583 1394 745 1422 Titurium
773 1395 826 1421 SIC
851 1394 1092 1420 paocunrrun.
1113 1382 1271 1419 Videtur
1290 1382 1394 1430 quod
1419 1423 1421 1432 ‹

400 1433 700 1477 alicuius
730 1436 991 1474 testimonium
1020 1448 1099 1472 non
1137 1435 1183 1471 sit
1212 1435 1392 1483 repellen—
1420 1480 1421 1489 ἵ

490 1496 509 1530 ἢ
543 1491 636 1528 dum
664 1490 735 1527 nisi
761 1496 919 1539 propter
946 1489 1111 1536 culpam.
1151 1487 1392 1533 Quibusdam
1420 1525 1421 1539 ἢ

518 1544 646 1582 enim
673 1543 713 1580 in
739 1553 907 1592 poenam
934 1541 1112 1588 infligitur
1139 1539 1244 1589 quod
1273 1540 1322 1577 ad
1342 1546 1395 1576 te·

388 1536 482 1569 ἕιὺίὶνῖ,
499 1535 509 1556 l

330 1595 554 1634 stimonium
591 1608 670 1634 non
705 1595 970 1633 admittantur:
1001 1593 1096 1630 sicut
1127 1599 1231 1641 patet
1267 1592 1305 1629 in
1338 1592 1395 1629 his
1421 1617 1422 1634 2

330 1649 397 1698 qui
424 1649 580 1687 infamia
614 1655 804 1686 notantur.
845 1647 921 1695 Sed
948 1644 1076 1695 poena
1104 1658 1183 1682 non
1212 1652 1268 1682 est
1304 1644 1395 1682 infe-

330 1701 450 1740 reuda
474 1698 547 1739 nisi
573 1714 644 1752 pro
669 1702 792 1750 culpa.
823 1701 925 1749 Ergo
943 1699 1095 1736 videtur
1122 1698 1228 1747 quod
1256 1698 1396 1735 nullius
1421 1717 1423 1736 ι

329 1754 589 1793 testimonium
619 1754 757 1792 debeat
784 1753 914 1802 repelli
942 1752 1013 1790 nisi
1039 1759 1196 1801 propter
1229 1751 1394 1800 culpam.
1421 1773 1423 1791 =

385 1819 421 1845 2.
449 1807 693 1855 Pium-nam,
723 1807 769 1844 de
796 1806 960 1856 quolibet
985 1804 1308 1854 praesumendum
1343 1809 1398 1840 est
1421 1846 1423 1851 f

293 1882 304 1896 1
329 1861 480 1907 honum,
502 1861 576 1899 nisi
592 1865 776 1910 appareat
797 1859 1030 1897 contrarium
1047 1858 1080 1895 ²¹².
1111 1857 1187 1895 Sed
1215 1857 1263 1894 ad
1287 1856 1396 1894 boni·
1421 1853 1423 1905 ἶ

329 1920 447 1952 tatem
465 1913 632 1952 hominis
649 1913 812 1963 pertinet
839 1913 943 1961 quod
967 1923 1105 1949 verum
1134 1909 1395 1947 testimonium
1421 1940 1423 1944 Α

331 1966 442 2005 dicat.
471 1966 573 2004 Cum
602 1976 693 2015 ergo
721 1977 801 2003 non
829 1965 949 2015 possit
972 1971 1143 2002 constare
1173 1964 1219 2000 de
1249 1969 1396 1999 contra-

330 2019 388 2058 rio
415 2018 488 2057 nisi
515 2027 671 2069 propter
707 2019 875 2068 aliquam
905 2018 1077 2068 culpam,
1105 2016 1257 2054 videtur
1272 2064 1275 2066 Ι
1290 2015 1395 2063 quod
1421 2052 1422 2059 χ

331 2072 469 2110 nullius
505 2072 767 2110 testimonium
805 2072 941 2109 debeat
975 2070 1112 2119 repelli.
1137 2068 1208 2106 nisi
1240 2073 1397 2117 propter
1421 2062 1423 2111 ἶ

333 2126 496 2174 culpam.

387 2180 422 2216 3.
442 2179 676 2225 Pam-snm,
697 2177 747 2214 ad
775 2189 820 2214 ea
848 2188 945 2225 quae
983 2183 1070 2212 sunt
1098 2175 1145 2212 de
1173 2174 1395 2211 necessitate

333 2230 461 2268 salutis
489 2231 614 2268 nullus
642 2230 811 2268 redditur
838 2241 917 2266 non
945 2228 1106 2266 idoneus
1142 2227 1213 2264 nisi
1240 2234 1396 2276 propter
1421 2227 1423 2274 ξ

331 2291 544 2333 peccatum.
576 2283 654 2321 Sed
671 2282 862 2320 testificari
888 2281 1085 2319 veritatem
1107 2288 1162 2317 est
1189 2280 1236 2316 de
1265 2292 1393 2317 neces·
1421 2285 1422 2326 ξ

333 2337 440 2375 sitate
468 2338 609 2384 salutis,
629 2344 670 2374 ut
698 2348 813 2384 supra
830 2335 850 2357 ’¹‘
879 2334 1021 2372 dictum
1051 2341 1116 2371 est.
1147 2334 1250 2382 Ergo
1270 2333 1395 2370 nullus
1421 2334 1422 2337 ’

333 2390 447 2428 debet
476 2389 622 2427 excludi
650 2402 672 2426 a
699 2387 935 2426 testificando
958 2387 1029 2424 nisi
1051 2393 1207 2435 propter
1229 2387 1393 2434 culpam.

386 2443 461 2480 SED
481 2454 628 2481 CONTRA
646 2454 712 2480 EST
727 2441 832 2491 quod
853 2440 1058 2488 Gregorius
1074 2439 1162 2476 dicit
1178 2440 1209 2486 *,
1227 2446 1263 2475 et
1280 2439 1395 2475 habe-

245 2482 252 2504 *
299 2490 306 2525 ἶ
331 2503 392 2534 tur
419 2496 475 2542 11,
504 2495 657 2544 qu.1*:
691 2495 789 2537 Quia
816 2505 840 2530 a
867 2493 984 2530 servis
1010 2492 1087 2529 suis
1120 2497 1317 2528 accusatus
1344 2497 1398 2528 est
1420 2477 1423 2539 Ι

299 2545 306 2552 “
333 2549 536 2598 episcopus,
561 2548 752 2586 sciendum
789 2552 843 2583 est
868 2546 970 2594 quod
1000 2545 1155 2582 minime
1182 2544 1309 2581 audiri
1334 2545 1395 2581 de·
1421 2544 1423 2590 Ι

333 2603 503 2639 buerunt.
1421 2595 1423 2644 ἰ

385 2655 611 2692 Rssponnno
639 2664 824 2690 DICENDUM
852 2651 958 2700 quod
992 2649 1273 2697 testimonium,
1302 2649 1396 2687 sicut

333 2707 477 2745 dictum
506 2714 562 2744 est
579 2706 710 2753 *,-non
728 2705 844 2742 habet
862 2702 1095 2740 infallibilem
1117 2702 1394 2750 certitudinem,
1421 2745 1422 2752 ἵ

333 2760 402 2798 sed
429 2758 680 2809 probabilem.
709 2759 759 2795 Et
776 2757 863 2794 ideo
892 2756 1076 2805 quidquid
1099 2763 1155 2792 est
1182 2756 1287 2804 quod
1307 2767 1396 2804 pro·
1421 2758 1423 2797 μ

332 2813 565 2851 habilitatem
595 2811 727 2849 afferat
746 2811 784 2847 in
813 2809 1057 2856 contrarium,
1078 2808 1202 2845 reddit
1228 2807 1396 2845 testimo·
1421 2805 1423 2850 ξ

332 2866 438 2904 nium
466 2865 652 2903 inefficax.
696 2862 882 2900 Redditur
909 2869 1037 2899 autem
1064 2860 1261 2909 probabile
1290 2860 1396 2908 quod
1421 2858 1423 2887 i

385 2995 413 3027 α)
433 2995 555 3028 infames.
569 3007 588 3012 -
605 2996 632 3018 et
651 2993 763 3026 infames
782 2991 836 3017 PG.

387 3029 412 3063 β)
433 3031 482 3055 vel.
494 3043 514 3049 -
530 3033 571 3055 est
589 3029 630 3054 vel
649 3028 697 3054 Pa.

333 3065 520 3127 ὓΗῘγέΙΑζιῗεὶΙε.
532 3078 551 3084 -
568 3064 602 3089 de
611 3063 698 3097 facile
715 3063 750 3093 D,
770 3062 803 3088 de
815 3061 896 3096 sacili
914 3061 943 3086 P.
957 3075 975 3081 -
993 3061 1045 3086 Pro
1058 3061 1172 3094 possint,
1188 3063 1304 3093 possunt
1328 3060 1394 3086 PCD

1447 1381 1580 1430 aliquis
1617 1380 1655 1417 in
1688 1379 1847 1417 veritate
1882 1380 2118 1417 testificanda
2155 1392 2233 1417 non
2275 1380 2321 1416 sit
2356 1380 2509 1427 firmus,

1420 1464 1421 1467 ,
1447 1434 1682 1482 quandoque
1711 1433 1867 1482 quidem
1887 1440 2042 1482 propter
2069 1433 2234 1482 culpam,
2256 1433 2351 1470 sicut
2378 1425 2510 1470 infide-

1447 1487 1513 1533 les,
1542 1486 1704 1523 infames
1724 1491 1759 1533 α,
1789 1485 1879 1522 item
1914 1486 1964 1522 illi
1993 1485 2057 1534 qui
2084 1485 2238 1534 publico
2267 1485 2422 1522 crimine
2459 1486 2511 1523 rei

1449 1546 1546 1586 sunt,
1571 1538 1637 1586 qui
1665 1550 1736 1575 nec
1764 1550 1941 1575 accusare
1975 1546 2154 1586 possunt:
2185 1539 2416 1588 quandoque
2445 1552 2510 1576 au-

1448 1599 1526 1628 tem
1555 1592 1699 1640 absque
1728 1591 1851 1639 culpa.
1888 1592 1937 1627 Et
1969 1591 2045 1627 hoc
2070 1592 2133 1628 vel
2153 1590 2168 1620 β
2196 1603 2242 1628 ex
2271 1592 2420 1629 defectu
2454 1604 2511 1628 ra-

1421 1642 1422 1664 *
1448 1644 1572 1692 tionis,
1593 1644 1689 1680 sicut
1715 1651 1818 1692 patet
1845 1643 1883 1680 in
1909 1644 2049 1692 pueris,
2075 1644 2289 1681 amentibus
2316 1652 2352 1681 et
2379 1645 2511 1681 mulie-

1449 1697 1570 1743 ribus;
1599 1697 1662 1734 vel
1691 1708 1735 1733 ex
1769 1696 1925 1744 affectu,
1954 1696 2050 1734 sicut
2075 1704 2179 1746 patet
2212 1698 2259 1734 de
2288 1697 2447 1734 inimicis
2476 1705 2511 1734 et

1449 1749 1497 1787 de
1524 1749 1696 1799 personis
1733 1749 1942 1786 coniunctis
1971 1756 2007 1786 et
2043 1749 2280 1793 domesticis;
2307 1751 2370 1787 vel
2400 1749 2511 1787 etiam

1450 1815 1495 1840 ex
1515 1802 1688 1839 exteriori
1709 1802 1940 1849 conditione,
1962 1802 2056 1839 sicut
2083 1811 2170 1840 sunt
2195 1815 2395 1852 pauperes,
2413 1802 2512 1839 servi

1450 1863 1487 1893 et
1513 1855 1562 1893 illi
1589 1855 1727 1905 quibus
1755 1855 1934 1904 imperari
1961 1863 2102 1904 potest,
2130 1856 2178 1893 de
2207 1855 2346 1904 quibus
2373 1857 2511 1905 proba-

1449 1908 1523 1946 bile
1553 1916 1607 1945 est
1634 1908 1740 1958 quod
1767 1908 1874 1945 facile
1892 1913 1909 1936 Υ
1935 1908 2082 1957 possint
2112 1908 2239 1946 induci
2267 1909 2317 1946 ad
2344 1909 2512 1946 testimo—

1421 1960 1423 1993 Ξ
1450 1962 1555 1999 nium
1592 1961 1791 1998 ferendum
1833 1968 1963 1998 contra
1996 1962 2206 1999 veritatem.
2243 1962 2292 1998 Et
2326 1961 2378 1999 sic
2410 1969 2513 2010 patet

1449 2015 1553 2063 quod
1589 2014 1846 2051 testimonium
1881 2014 2037 2051 alicuius
2071 2015 2260 2063 repellitur
2288 2022 2324 2051 et
2355 2023 2513 2064 propter

1450 2067 1614 2116 culpam,
1636 2075 1673 2104 et
1701 2067 1846 2115 absque
1875 2068 1997 2115 culpa.

1502 2122 1561 2158 Ab
1590 2132 1727 2157 ptumum
1756 2131 1854 2157 ERGO
1883 2132 2067 2157 DICENDUM
2095 2120 2201 2169 quod
2236 2120 2419 2168 repellere
2448 2120 2511 2157 ali-

1450 2186 1567 2222 quem
1596 2185 1618 2210 a
1649 2173 1866 2210 testimonio
1896 2173 2016 2221 magis
2052 2172 2214 2221 pertinet
2242 2173 2291 2210 ad
2324 2173 2511 2210 cautelam

1450 2227 1531 2264 falsi
1559 2226 1764 2263 testimonii
1792 2226 1936 2263 vitandi
1962 2238 2078 2274 quam
2115 2226 2163 2263 ad
2189 2237 2370 2275 poenam.
2400 2226 2511 2263 Unde

1450 2279 1544 2317 ratio
1573 2291 1652 2316 non
1679 2279 1857 2327 sequitur.

1502 2335 1561 2369 An
1571 2344 1780 2378 ,st-:cunnum
1799 2343 1984 2368 morannum
2008 2331 2113 2379 quod
2134 2331 2180 2368 de
2210 2330 2381 2379 quolibet
2403 2343 2512 2379 prae-

1450 2385 1682 2422 sumendum
1712 2392 1767 2422 est
1793 2385 1939 2421 bonum
1969 2384 2039 2420 nisi
2058 2391 2239 2433 appareat
2267 2384 2510 2431 contrarium,

1450 2438 1662 2475 dummodo
1683 2450 1763 2474 non
1781 2445 1912 2485 vergat
1931 2437 1969 2474 in
1988 2437 2199 2485 periculum
2221 2436 2383 2474 alterius.
2410 2437 2511 2484 Quia

1448 2498 1538 2528 tunc
1562 2498 1617 2527 est
1645 2490 1864 2528 adhibenda
1884 2491 2042 2537 cautela,
2062 2497 2104 2527 ut
2125 2502 2203 2527 non
2233 2490 2279 2526 de
2303 2489 2401 2526 facili
2429 2491 2511 2527 uni-

1450 2543 1586 2592 cuique
1607 2543 1800 2580 credatur:
1825 2543 2037 2580 secundum
2056 2542 2144 2580 illud
2166 2544 2178 2579 I
2197 2544 2299 2580 Ioan.
2318 2554 2353 2579 1v
2371 2542 2409 2578 *z
2429 2543 2511 2580 No-

1448 2597 1510 2633 lite
1537 2596 1689 2633 credere
1717 2596 1822 2633 omni
1846 2596 2001 2644 spiritui.

1502 2651 1560 2686 AD
1593 2661 1753 2686 TERTmM
1788 2660 1972 2686 DICENDUM
2007 2649 2112 2697 quod
2149 2647 2338 2684 testificari
2372 2655 2428 2684 est
2463 2647 2509 2685 de

1449 2702 1672 2739 necessitate
1701 2701 1847 2748 salutis,
1875 2701 2070 2750 supposita
2104 2700 2207 2737 testis
2241 2700 2444 2737 idoneitate
2474 2708 2511 2737 et

1449 2755 1583 2792 ordine
1604 2754 1706 2792 iuris.
1734 2754 1846 2792 Unde
1874 2754 1965 2791 nihil
1987 2753 2164 2802 prohibet
2192 2752 2338 2801 aliquos
2356 2751 2370 2774 δ
2399 2765 2509 2789 excu-

1449 2808 1522 2844 sari
1550 2820 1573 2844 a
1599 2807 1818 2844 testimonio
1838 2806 2008 2853 ferendo,
2028 2806 2058 2843 si
2087 2818 2166 2843 non
2185 2812 2405 2854 reputentur
2428 2806 2509 2842 ido-

1449 2860 1509 2896 nei
1537 2860 1748 2897 secundum
1778 2859 1871 2896 iura.

1499 2989 1524 3022 ὃ)
1543 2990 1655 3023 aliquos.
1666 3004 1685 3010 -
1703 2991 1817 3022 aliquem
1830 2997 1876 3019 sx;
1895 2997 1943 3021 pro
1959 2992 2118 3020 reputentur
2132 2989 2229 3018 idonei,
2245 2991 2385 3020 reputetur
2399 2988 2510 3014 idoneus

1447 3026 1549 3050 codices
1567 3030 1592 3050 et
1610 3033 1636 3050 a.

1007 3175 1340 3209 Commentariis
1361 3174 1612 3208 cardinalis
1633 3175 1834 3208 Caret-,ani

336 3273 382 3335 IN
407 3262 539 3294 articulo
562 3261 654 3292 tertio
678 3260 779 3292 multa
802 3261 840 3290 de
864 3259 1100 3291 conditionibus
1123 3258 1252 3290 testium
1281 3258 1313 3288 in
1337 3257 1391 3288 ali-

364 3308 480 3348 quibus
511 3305 612 3337 causis
639 3305 689 3335 vel
720 3304 842 3335 casibus
873 3310 976 3335 essent
1006 3303 1154 3340 dicenda,
1185 3301 1245 3332 nisi
1274 3302 1392 3332 iuristis

332 3351 410 3382 haec
437 3349 643 3391 relinquenda
670 3355 774 3379 essent
796 3358 814 3378 a
837 3357 899 3384 me,
919 3348 994 3389 quia
1017 3357 1083 3379 non
1107 3346 1232 3387 suscepi
1256 3356 1339 3376 onus
1359 3346 1391 3376 in

392 3439 427 3469 ln
451 3438 656 3480 responsione
686 3437 726 3467 ad
750 3436 926 3467 secundum
953 3434 1049 3466 habes
1079 3435 1168 3476 quod
1195 3433 1322 3474 supra*
1346 3433 1391 3463 di-

1446 3261 1533 3285 ctum
1557 3261 1603 3286 est
1632 3255 1670 3285 de
1695 3254 1882 3286 declinando
1906 3254 1939 3284 in
1962 3255 2080 3284 bonam
2103 3253 2153 3283 vel
2177 3253 2295 3283 malam
2318 3252 2506 3293 opinionem

1445 3299 1581 3339 proximi
1605 3300 1713 3340 quoad
1737 3306 1843 3330 actum
1866 3298 1989 3334 iudicii,
2014 3298 2065 3327 vel
2095 3298 2202 3338 quoad
2226 3303 2332 3327 actum
2356 3297 2506 3327 cautelae.

1445 3343 1569 3383 Pauper
1592 3343 1677 3374 enim
1701 3353 1767 3374 non
1790 3342 1946 3374 iudicatur
1969 3342 2089 3372 malus:
2115 3341 2169 3371 sed
2192 3347 2319 3371 cavetur
2333 3341 2371 3371 ab
2387 3341 2444 3371 illo
2467 3350 2506 3371 ne

1445 3387 1485 3418 sit
1507 3388 1621 3424 malus,
1646 3387 1830 3418 mentiendo
1854 3393 1984 3426 propter
2006 3391 2233 3426 paupertatem,
2251 3391 2308 3416 etc.

2537 2550 2547 2560 ⁸
2562 2549 2630 2572 Vers.
2645 2556 2661 2571 1.
