2860 4244
182 371 191 379 ⁸
200 370 247 397 Qu.
256 375 312 396 Lxu,
322 373 364 391 art.
372 375 393 397 2,

181 397 208 417 ad
224 402 244 417 2.

181 632 191 642 ⁸
207 631 230 652 ln
246 637 352 659 corpore.

177 2514 186 2523 ⁸
201 2512 268 2534 Vers.
282 2518 305 2538 4.

179 2558 186 2565 ¹
197 2555 257 2577 Vide
272 2555 387 2583 Haymon.

178 2583 200 2604 in
216 2583 277 2604 hunc
291 2582 336 2604 loc.

181 2817 190 2825 ⁴
199 2815 245 2841 Qu.
258 2820 302 2838 mx,
314 2817 355 2836 art.
364 2821 390 2841 4.

427 229 498 275 134

421 314 482 343 cut
502 307 550 343 ad
571 306 844 342 restitutionem
876 304 1071 340 cuiuslibet
1096 303 1148 338 rei
1168 303 1399 338 subtractae:
1430 312 1476 337 eo

420 359 539 395 modo
569 371 645 406 quo
676 370 789 406 supra
815 359 834 378 ’¹‘
863 357 1004 393 dictum
1035 362 1109 401 est,
1137 366 1223 390 curn
1259 354 1305 390 de
1335 353 1479 389 restitu-

419 412 521 448 tione
550 418 734 458 ageretur.

472 466 530 500 An
551 475 686 500 ramum
706 473 803 498 ERGO
823 471 1007 497 DtCENDUM
1027 459 1133 507 quod
1158 459 1327 495 revelare
1346 470 1480 507 pecca-

418 524 499 552 tum
521 517 711 552 occultum
727 514 881 551 alicuius
901 519 1056 561 propter
1072 511 1151 548 eius
1172 511 1479 548 emendationem

420 568 690 614 denuntiando,
706 567 768 603 vel
786 573 942 615 propter
961 565 1107 602 bonurn
1125 563 1300 614 publicae
1319 564 1480 601 iustitiae
1506 590 1508 603 s

419 620 647 666 accusando,
669 632 747 656 non
775 626 831 655 est
854 618 1062 664 detrahere,
1083 625 1124 654 ut
1149 617 1292 654 dictum
1322 625 1376 654 est
1394 616 1424 654 ’¹2

471 676 529 710 AD
567 684 756 709 SECUNDUM
794 682 977 708 DmENDUM
1011 671 1116 719 quod
1150 671 1276 718 glossa
1310 669 1371 707 illa
1402 682 1481 707 non

418 726 506 763 dicit
532 726 637 773 quod
666 724 845 761 detractio
874 723 912 760 in
940 730 1020 760 toto
1056 735 1194 771 genere
1226 723 1397 760 humano
1426 723 1481 759 in-

1506 607 1508 628 l

416 778 601 824 veniatur,
620 778 687 814 sed
707 776 821 822 addit,
831 787 966 824 paene.
989 777 1092 812 Tum
1109 775 1198 824 quia
1211 776 1407 812 stultorum
1422 776 1483 812 'in-

469 912 490 943 ε)
509 911 656 935 ambulant.
669 923 688 929 -
706 910 841 935 ambulent
860 909 894 940 P;
913 909 1005 934 eadem
1025 916 1085 934 mox
1103 909 1197 934 dicant
1214 915 1241 934 et
1258 909 1416 934 minoretur.

1064 224 1329 272 QUAESTIO
1359 224 1533 270 LXXIII,
1562 225 1858 262 ARTICULUS
1889 226 1919 262 11

1521 302 1657 349 finitus
1675 308 1730 339 est
1746 315 1925 339 numerus
1943 303 1974 349 ³¹⁶,
1992 310 2028 339 et
2047 302 2159 350 pauci
2180 310 2266 339 sunt
2285 303 2348 352 qui
2368 304 2565 340 ambulant
2582 308 2594 324 ²

1532 366 1602 402 per
1619 354 1723 391 viam
1751 355 1890 392 salutis.
1921 356 2024 391 Tum
2046 355 2159 392 etiarn
2181 355 2267 403 quia
2291 356 2403 404 pauci
2420 357 2484 393 vel
2503 355 2595 393 nulli

1533 413 1620 443 sunt
1648 407 1713 455 qui
1741 419 1820 445 non
1848 407 2052 455 aliquando
2073 419 2119 444 ex
2138 407 2256 444 animi
2282 408 2435 446 levitate
2455 408 2594 457 aliquid

1535 458 1664 495 dicunt
1690 461 1791 497 unde
1820 461 1859 498 in
1882 460 2022 508 aliquo,
2051 461 2113 496 vel
2140 460 2286 507 leviter,
2315 460 2465 497 alterius
2492 461 2596 500 fama

1535 511 1765 549 minoratur:
1795 513 1903 561 quia,
1932 521 1975 550 ut
2003 512 2137 550 dicitur
2165 514 2295 550 Iac.111
2320 513 2359 561 ²¹¹,
2386 513 2420 550 si
2446 513 2528 561 quis
2555 515 2593 552 in

1534 565 1649 601 verbo
1678 576 1752 601 non
1781 565 1952 615 offendit,
1981 566 2042 602 hic
2062 567 2253 614 perfectus
2285 571 2340 603 est
2364 566 2434 603 vir.

1588 618 1646 654 AD
1667 628 1827 655 TERTmM
1847 629 2031 657 menmium
2051 619 2156 668 quod
2179 619 2412 667 Augustinus
2431 619 2597 668 loquitur

1535 669 1573 706 in
1593 682 1683 706 casu
1703 668 1767 707 illo
1788 682 1865 719 quo
1892 671 2026 720 aliquis
2055 671 2143 709 dicit
2162 670 2318 721 aliquod
2345 673 2430 710 leve
2451 673 2596 710 malum

1537 722 1583 759 de
1612 722 1685 759 alio
1714 735 1792 759 non
1813 735 1858 759 ex
1876 723 2084 761 intentione
2112 725 2288 773 nocendi,
2319 728 2385 762 sed
2413 737 2459 762 ex
2478 725 2596 763 animi

1535 775 1686 812 levitate
1714 775 1777 811 vel
1806 786 1851 812 ex
1879 777 1988 824 lapsu
2016 776 2179 824 linguae.

1085 1005 1418 1038 commentaria
1440 1003 1691 1037 Oardjnalis
1713 1004 1914 1037 Caietam

445 1103 465 1123 x
489 1093 621 1124 artic‘ulo
650 1093 790 1123 secundo
821 1091 964 1122 eiusdem
992 1091 1350 1132 septuagesimaetertiae
1383 1099 1479 1131 quae-

419 1106 567 1172 Istionis,
591 1143 667 1167 nota
683 1136 910 1167 detractionem
926 1134 1137 1171 materialiter,
1155 1134 1272 1165 scilicet
1288 1144 1354 1165 non
1371 1134 1479 1165 animo

415 1181 607 1216 detrahendi,
628 1190 694 1211 non
711 1190 778 1211 esse
793 1179 974 1220 regulariter
996 1179 1130 1210 mortale
1154 1185 1333 1219 peccatum:
1358 1188 1415 1218 per
1430 1188 1480 1208 ac-

415 1226 521 1257 cidens
545 1231 650 1256 tamen
674 1234 768 1265 posse
792 1234 858 1254 esse
882 1223 1032 1259 mortale,
1057 1223 1083 1252 si
1107 1222 1287 1253 notabiliter
1309 1222 1413 1252 laedat
1435 1221 1479 1252 fa-

414 1280 502 1300 mam
525 1269 671 1309 proximi.
702 1269 764 1299 Sed
786 1268 912 1299 adverte
940 1267 1028 1307 quod
1052 1276 1117 1297 non
1141 1266 1275 1296 laeditur
1298 1265 1383 1295 fama
1406 1275 1479 1306 pro-

413 1314 501 1351 ximi,
526 1313 637 1344 saltem
660 1312 848 1348 notabiliter,
873 1321 910 1341 ex
933 1311 996 1341 hoc
1019 1310 1108 1351 quod
1131 1316 1274 1340 narratur
1288 1315 1409 1340 secreto
1425 1309 1480 1340 cri-

414 1367 488 1388 men
513 1357 580 1387 eius
603 1356 656 1387 tali
680 1365 833 1396 personae
856 1355 942 1395 apud
965 1363 1063 1395 quam
1087 1354 1217 1394 perinde
1232 1353 1290 1384 erit
1312 1363 1348 1384 ac
1363 1353 1388 1383 si
1413 1363 1478 1384 non

414 1408 495 1432 esset
518 1401 653 1431 dictum:
678 1406 715 1430 ut
734 1398 889 1439 contingit
904 1399 937 1428 in
954 1397 1122 1439 colloquiis
1137 1398 1220 1428 inter
1234 1397 1338 1428 virum
1354 1403 1386 1428 et
1400 1407 1479 1428 uxo-

413 1455 480 1476 rem
505 1445 542 1475 de
567 1443 751 1475 criminibus
774 1443 924 1479 filiorum,
950 1448 981 1473 et
1003 1441 1258 1473 confessionibus
1278 1451 1391 1472 eorum
1412 1442 1477 1482 qui,

414 1488 598 1520 confitentes
623 1494 750 1528 peccata
773 1487 912 1528 propria,
938 1486 1047 1517 dicunt
1070 1486 1288 1527 imprudenter
1305 1485 1479 1516 confessori

413 1533 446 1563 in
470 1543 536 1574 quo
561 1531 728 1563 confidunt
751 1541 921 1572 personam
945 1541 1019 1561 cum
1043 1541 1107 1571 qua
1129 1530 1312 1570 gravissime
1331 1540 1479 1570 peccave-

413 1584 504 1614 runt,
530 1583 559 1607 et
582 1576 748 1607 similibus.
780 1576 827 1606 Ex
854 1575 903 1605 his
934 1575 1020 1605 enirn
1050 1581 1105 1605 aut
1137 1584 1202 1605 non
1231 1574 1365 1605 laeditur
1393 1574 1479 1611 fama

413 1621 564 1662 proximi,
595 1621 670 1661 quia
701 1626 858 1661 quaerunt
885 1619 985 1659 magis
1017 1626 1120 1659 tegere
1150 1618 1282 1649 scientes
1313 1628 1411 1659 quam
1443 1624 1479 1649 ut

413 1666 509 1696 etiam
528 1665 600 1705 quis
623 1665 699 1695 haec
720 1664 910 1704 suspicetur:
934 1663 985 1693 vel
1008 1673 1122 1703 parum
1145 1663 1289 1698 laeditur,
1306 1663 1383 1704 quia
1405 1673 1478 1703 pro-

413 1717 519 1750 pterea
535 1719 601 1739 non
616 1708 788 1749 impeditur
811 1718 829 1738 a
853 1707 943 1738 bonis
967 1707 1048 1738 iuste
1072 1706 1313 1748 consequendiS,
1330 1714 1360 1738 et
1383 1706 1478 1738 unius

414 1753 525 1784 notitia
548 1752 713 1783 infamiam
738 1762 804 1782 non
827 1751 886 1782 nisi
910 1751 1088 1782 secundum
1111 1751 1189 1791 quid
1217 1757 1338 1782 remote
1361 1751 1478 1782 consti-

413 1798 491 1835 tuit,
516 1797 542 1827 si
565 1797 597 1827 in
621 1797 677 1827 illo
702 1797 834 1832 sistitur,
860 1802 890 1826 et
911 1806 1033 1831 verum,
1057 1796 1130 1826 licet
1153 1795 1333 1831 occultum,
1359 1796 1478 1826 dictum

414 1848 471 1873 est.
495 1842 536 1872 Et
558 1841 598 1872 ad
621 1841 706 1872 hunc
730 1850 838 1872 casum
862 1840 1030 1875 reducitur,
1056 1839 1135 1870 circa
1159 1846 1276 1871 secreta
1298 1838 1371 1871 fidei
1392 1850 1479 1871 com-

414 1886 525 1921 missa,
550 1884 661 1926 petitio
686 1884 809 1916 consilii
833 1894 851 1914 a
874 1890 991 1914 secreta
1013 1893 1166 1924 persona,
1191 1889 1226 1914 ut
1249 1882 1350 1925 possit
1373 1884 1479 1925 provi-

415 1931 487 1961 dere
510 1929 568 1960 sibi
591 1929 641 1959 vel
664 1929 762 1965 alteri,
787 1936 817 1959 et
839 1927 1035 1964 huiusmodi,
1059 1927 1189 1969 quando
1208 1927 1285 1958 haec
1303 1927 1386 1959 fiunt
1405 1938 1479 1959 cum

414 1973 581 2004 indiscreta
610 1973 800 2004 revelatione
830 1972 948 2003 occulti
976 1971 1125 2002 criminis.
1153 1972 1228 2002 Non
1258 1978 1305 2002 est
1332 1972 1418 2003 enim
1446 1972 1478 2003 in

415 2017 600 2049 huiusmodi
623 2017 757 2048 mortale
774 2023 952 2056 peccatum:
977 2016 1052 2057 quia
1068 2026 1134 2046 non
1151 2016 1330 2047 notabiliter
1344 2017 1480 2048 laeditur

414 2062 498 2093 fama
521 2061 658 2103 proximi
681 2061 714 2091 in
739 2060 860 2097 effectu,
885 2070 990 2102 neque
1013 2060 1047 2091 in
1069 2060 1257 2092 intentione.
1463 2093 1467 2096 ,

469 2106 507 2137 II.
531 2106 567 2137 In
597 2106 712 2136 eodem
742 2105 875 2136 articulo
902 2104 1043 2136 secundo
1072 2104 1206 2136 dubium
1234 2103 1371 2137 occurrit
1396 2105 1480 2143 circa

413 2150 468 2180 illa
491 2150 600 2180 verba:
631 2151 707 2190 quia
730 2149 789 2180 hoc
811 2159 853 2180 ex
876 2149 943 2189 ipso
965 2158 1086 2189 genere
1110 2149 1277 2179 verborum
1308 2148 1402 2180 habet
1424 2158 1478 2179 ra-

413 2195 529 2225 tionem
554 2195 683 2235 peccati
708 2193 864 2224 mortalis.
894 2193 935 2224 Et
963 2199 1010 2223 est
1037 2192 1116 2224 ratio
1145 2192 1233 2223 dubii
1264 2191 1339 2233 quia
1365 2193 1399 2234 ly
1420 2193 1479 2224 hoc

415 2239 610 2269 demonstrat
629 2238 730 2268 dicere
745 2238 839 2268 verba
862 2247 918 2278 per
937 2246 1019 2278 quae
1041 2236 1230 2268 diminuitur
1251 2235 1336 2267 fama
1352 2237 1479 2268 alterius
1505 2257 1506 2262 ,

413 2283 447 2313 in
470 2283 518 2313 his
542 2290 624 2322 quae
642 2288 785 2322 spectant
803 2281 843 2312 ad
861 2281 1060 2312 honestatem
1076 2281 1167 2317 vitae,
1191 2287 1228 2312 ut
1250 2286 1336 2321 patet
1351 2291 1389 2312 ex
1404 2291 1479 2312 con-

414 2333 500 2358 textu
523 2325 653 2357 litterae.
678 2326 719 2356 Et
741 2326 784 2356 sic
806 2325 991 2365 intelligitur
1012 2332 1068 2356 aut
1089 2325 1188 2365 gratia
1202 2325 1351 2356 materiae
1367 2325 1478 2367 turpis.

415 2371 455 2402 Et
477 2370 539 2402 hoc
561 2380 638 2401 non.
663 2369 748 2408 Quia
771 2375 893 2400 constat
915 2369 1004 2410 quod
1028 2379 1065 2400 ex
1083 2369 1153 2410 ipso
1174 2379 1288 2409 genere
1307 2370 1478 2405 verborum

415 2425 481 2445 non
497 2414 699 2445 constituitur
714 2413 817 2444 maius
836 2420 1002 2455 peccatum
1018 2423 1116 2455 quam
1131 2413 1375 2454 turpiloquium,
1393 2424 1479 2444 scur-

415 2459 528 2495 tilitas,
553 2465 584 2489 et
611 2458 636 2488 si
664 2457 742 2498 quid
772 2457 958 2488 huiusmodi
982 2463 1042 2493 est;
1073 2466 1154 2498 quae
1177 2467 1244 2487 non
1267 2466 1334 2488 esse
1357 2467 1395 2488 ex
1418 2467 1478 2488 suo

415 2512 529 2544 genere
556 2510 683 2543 peccata
706 2501 854 2532 mortalia
875 2501 1072 2541 Apostolus,
1097 2501 1141 2532 ad
1162 2501 1297 2541 Ephe-su,
1321 2511 1341 2531 v
1362 2511 1430 2542 cap.
1446 2502 1477 2538 *,

415 2547 564 2583 insinuat,
581 2553 612 2578 et
626 2546 740 2578 Glossa
756 2545 891 2585 Remigii
906 2545 925 2565 *
946 2545 1066 2576 ibidem
1081 2552 1179 2576 notat.
1205 2545 1388 2582 Quomodo
1401 2556 1477 2586 ergo

414 2590 624 2622 verificabitur
653 2590 742 2630 quod
766 2599 803 2620 ex
825 2589 896 2629 ipso
919 2599 1032 2629 genere
1055 2590 1227 2620 verborum
1249 2589 1289 2620 sit
1311 2596 1478 2630 peccatum

415 2633 565 2666 mortale?
589 2652 610 2658 —
633 2637 699 2665 Aut
720 2634 819 2674 gratia
842 2633 961 2674 peccati
976 2632 1118 2664 mortalis
1141 2631 1304 2673 significati
1326 2643 1384 2675 per
1401 2633 1478 2666 haec

415 2680 509 2710 verba
539 2678 570 2708 in
599 2678 697 2710 altero
727 2678 766 2708 de
794 2687 859 2719 quo
884 2684 930 2708 est
958 2686 1076 2708 sermo:
1109 2683 1186 2718 puta
1214 2677 1288 2718 quia
1319 2688 1375 2719 per
1401 2677 1478 2709 haec

415 2724 509 2754 verba
531 2721 645 2753 dicitur
660 2721 782 2752 adulter
797 2728 852 2752 aut
866 2720 1047 2757 fornicator,
1065 2727 1123 2751 etc.
1146 2721 1188 2752 Et
1210 2721 1271 2752 hoc
1295 2731 1370 2753 non.
1395 2722 1478 2759 Quia

416 2777 490 2799 cum
518 2766 669 2797 iniustitia
698 2766 738 2796 sit
764 2775 802 2796 ex
835 2775 895 2796 suo
924 2775 1038 2806 genere
1067 2772 1234 2805 peccatum
1268 2765 1418 2803 mortale,
1443 2773 1479 2797 ut

415 2811 560 2852 superius
575 2810 593 2830 *
616 2810 860 2842 determinatum
875 2816 931 2846 est,
947 2810 1033 2841 idem
1049 2816 1130 2840 esset
1148 2809 1303 2841 iudicium
1323 2810 1360 2841 de
1376 2811 1479 2842 verbis

415 2857 447 2887 in
472 2855 601 2887 materia
623 2854 803 2891 iniustitiae,
827 2864 864 2885 ex
888 2864 948 2884 suo
971 2863 1085 2895 genere
1107 2854 1288 2885 verborum.

471 2899 523 2930 III.
546 2899 596 2937 Ad
616 2899 678 2929 hoc
701 2897 814 2929 dieitur
837 2898 926 2940 quod
947 2908 1057 2928 sensus
1081 2897 1199 2929 litterae
1216 2904 1327 2929 neuter
1341 2898 1479 2939 assigna-

416 2951 525 2974 torum
548 2953 614 2975 esse
636 2942 769 2973 videtur.
795 2941 856 2973 Sed
878 2952 952 2973 cum
969 2941 1158 2973 distinxisset
1176 2943 1299 2972 Auctor
1322 2943 1410 2984 quod
1434 2942 1478 2974 di-

417 2993 485 3018 cere
507 2983 602 3018 verba
625 2985 810 3017 detractoria
834 2986 989 3026 contingit
1011 2985 1193 3026 dupliciter,
1218 2986 1335 3017 scilicet
1361 2983 1478 3017 forma-

416 3031 486 3062 liter
509 3038 539 3062 et
562 3030 780 3066 materialiter,
805 3036 835 3060 et
863 3030 951 3070 quod
979 3029 1138 3061 detrahere
1166 3029 1339 3061 formaliter
1365 3036 1413 3061 est
1441 3041 1479 3062 ex

417 3085 476 3106 suo
496 3084 609 3115 genere
632 3080 798 3114 peccatum
813 3074 946 3104 mortale
965 3074 1041 3115 quia
1059 3074 1143 3105 tollit
1164 3074 1293 3111 famam,
1317 3074 1479 3106 detrahere

408 3121 525 3150 ‘autem
539 3118 738 3150 materialiter
761 3126 843 3154 non;
868 3117 982 3158 excipit
1005 3128 1023 3148 a
1046 3118 1198 3150 materiali
1221 3118 1414 3150 detractione
1429 3128 1478 3150 ca-

417 3173 490 3194 sum
513 3162 660 3194 notabilis
682 3161 829 3192 laesionis
857 3160 976 3198 famae,
1001 3168 1032 3192 et
1058 3161 1143 3192 hunc
1172 3171 1281 3192 casum
1309 3162 1478 3204 praecipue

418 3207 556 3238 accidere
584 3216 678 3247 posse
710 3205 783 3236 dicit
805 3204 838 3235 in
860 3204 963 3236 verbis
986 3205 1179 3236 detractoriis
1203 3205 1310 3246 quoad
1332 3205 1480 3238 honesta-

417 3259 482 3282 tem
505 3251 601 3287 vitae,
627 3250 701 3291 quia
724 3249 911 3280 huiusmodi
933 3249 1027 3279 verba
1050 3259 1087 3280 ex
1109 3258 1169 3280 suo
1192 3258 1306 3290 genere
1329 3257 1403 3280 sunt
1425 3249 1478 3280 ad-

419 3295 556 3335 emptiva
579 3294 690 3325 famae.
722 3293 822 3331 Quasi
846 3293 960 3324 diceret
981 3293 1071 3334 quod
1094 3293 1174 3324 inter
1196 3293 1358 3324 detrahere
1380 3298 1478 3324 mate—

418 3339 533 3370 rialiter
555 3339 588 3369 in
611 3339 679 3369 aliis
702 3337 850 3374 materiis,
875 3344 906 3368 et
927 3337 959 3367 in
983 3337 1114 3368 materia
1132 3337 1315 3373 honestatis,
1339 3338 1416 3368 haec
1432 3345 1478 3368 est

419 3383 599 3418 differentia,
624 3383 712 3422 quod
736 3382 768 3412 in
785 3381 852 3412 aliis
869 3381 1006 3412 materiis
1029 3391 1099 3411 raro
1115 3381 1227 3412 accidit
1245 3381 1392 3412 notabilis
1415 3382 1478 3412 lae-

419 3427 466 3457 sio
490 3427 605 3463 famae;
630 3427 662 3456 in
686 3426 814 3456 materia
831 3432 937 3456 autem
956 3425 1128 3456 honestatis
1144 3435 1247 3466 saepe,
1272 3425 1347 3466 quia
1369 3425 1477 3456 huius-

420 3471 508 3501 modi
533 3470 681 3501 detractio
712 3470 805 3500 habet
829 3479 864 3500 ex
888 3480 947 3500 suo
971 3479 1083 3509 genere
1110 3469 1265 3500 rationem
1287 3469 1476 3506 infamativi,

1530 1091 1701 1122 tractionis.
1735 1092 1776 1122 Et
1805 1091 1867 1122 hoc
1897 1092 1972 1133 quia
2000 1099 2127 1132 peccata
2157 1092 2258 1123 carnis
2289 1099 2364 1123 sunt
2391 1092 2522 1131 *maioris
2549 1093 2595 1124 in-

1532 1134 1658 1166 famiae.

1586 1178 1672 1209 Scito
1696 1185 1802 1210 tamen
1827 1179 2001 1210 discernere
2025 1189 2234 1220 personarum
2250 1179 2467 1218 differentiam,
2483 1187 2514 1212 et
2529 1181 2599 1212 mo·

1532 1222 1611 1252 dum
1633 1221 1768 1253 dicendi.
1794 1223 1876 1254 Sunt
1898 1224 1984 1254 enim
2007 1225 2166 1265 quaedam
2189 1233 2344 1265 personae
2366 1234 2448 1266 quae
2472 1234 2509 1255 ex
2525 1225 2597 1267 qui-

1531 1265 1667 1296 buslibet
1682 1266 1857 1298 inhonestis
1872 1267 2006 1299 infames
2021 1269 2211 1300 redduntur:
2235 1275 2272 1299 ut
2290 1263 2598 1310 monialem-‘puellae

1531 1309 1674 1346 nubiles,
1698 1317 1816 1350 nuptae
1839 1311 1990 1351 pudicae,
2013 1311 2151 1352 religiosi
2174 1312 2224 1343 sui
2247 1313 2387 1344 nominis
2411 1316 2520 1347 curam
2542 1314 2597 1345 ha-

1529 1353 1649 1389 bentes,
1670 1359 1700 1384 et
1722 1354 1919 1386 huiusmodi.
1943 1355 1985 1386 Et
2007 1355 2046 1386 de
2062 1355 2110 1386 his
2134 1355 2316 1397 accipienda
2331 1363 2407 1388 sunt
2427 1351 2522 1395 ve‘rba
2544 1357 2598 1389 lit-

1530 1403 1623 1428 terae.
1648 1397 1730 1429 Sunt
1744 1405 1852 1429 autem
1865 1408 2021 1439 personae
2037 1399 2156 1430 multae
2175 1400 2448 1442 quarumfffamam
2463 1402 2598 1443 simplex

1531 1440 1697 1472 fornicatio
1720 1442 1753 1472 in
1777 1443 1867 1474 nullo
1890 1443 1995 1480 laedit,
2020 1450 2056 1474 ut
2077 1443 2208 1475 iuvenes
2231 1440 2426 1482 saeculares,
2439 1445 2497 1486 qui
2519 1445 2598 1477 tanti

1530 1485 1651 1516 faciunt
1673 1487 1762 1526 quod
1784 1487 1847 1518 hoc
1866 1487 1981 1518 dicitur
1996 1488 2034 1518 de
2050 1488 2094 1518 eis
2108 1495 2267 1529 quantum
2289 1489 2379 1530 quod
2395 1497 2596 1521 cenaverunt.

1530 1530 1571 1560 Et
1586 1530 1687 1560 simile
1704 1537 1751 1561 est
1771 1532 1809 1562 de
1832 1531 1986 1562 adulterio
2002 1533 2089 1572 apud
2105 1532 2234 1563 multos.
2258 1533 2309 1569 Et,
2325 1533 2468 1570 breviter,
2485 1543 2599 1565 eorum

1530 1574 1618 1617 nulla
1640 1575 1765 1607 videtur
1794 1585 1831 1606 ex
1858 1576 1966 1606 alienis
1990 1576 2092 1607 verbis
2121 1587 2177 1616 per
2204 1576 2349 1608 accidens
2379 1577 2512 1608 infamia
2541 1577 2598 1620 qui

1530 1618 1661 1659 proprio
1690 1628 1744 1649 ore
1772 1619 1834 1650 hoc
1858 1630 1891 1650 se
1914 1627 2052 1660 patrasse
2083 1620 2178 1651 libere
2212 1621 2323 1652 dicunt
2349 1621 2400 1652 vel
2421 1620 2548 1653 iactant.
2576 1639 2598 1645 -

1529 1663 1647 1695 Modus
1671 1670 1779 1694 autem
1801 1663 1936 1700 dicendi,
1956 1664 2073 1695 scilicet
2097 1665 2255 1701 assertive,
2271 1665 2322 1695 vel
2345 1675 2382 1696 ex
2397 1665 2519 1710 auditu,
2543 1672 2600 1697 aut

1504 1719 1506 1730 r
1531 1706 1712 1744 dubitative,
1738 1707 1874 1738 multam
1897 1708 2080 1739 varietatem
2103 1709 2136 1739 in
2155 1709 2217 1740 hoc
2241 1709 2325 1741 facit.
2346 1709 2430 1740 Nam
2446 1710 2535 1741 solus
2550 1719 2599 1740 as-

1504 1773 1506 1783 ,
1530 1758 1631 1782 sertor
1652 1751 1782 1792 proprie
1804 1751 1888 1783 tollit
1909 1752 2038 1783 famam.
2062 1753 2196 1793 Propter
2219 1754 2308 1794 quod
2331 1753 2444 1794 reliqui
2467 1763 2534 1784 non
2551 1761 2598 1785 te-

1504 1818 1506 1827 ,
1531 1803 1646 1826 nentur
1669 1796 1709 1826 ad
1732 1795 1964 1827 restitutionem
1987 1796 2100 1833 famae,
2124 1797 2150 1827 si
2173 1796 2290 1828 falsum
2305 1798 2345 1829 sit
2367 1798 2457 1838 quod
2481 1798 2596 1829 retule-

1530 1846 1605 1871 runt
1627 1846 1682 1871 aut
1705 1839 1801 1871 dubia
1823 1840 2041 1872 aestimatione
2064 1848 2241 1872 narrarunt.
2272 1842 2319 1872 Ex
2344 1841 2405 1873 lev‘
2432 1879 2442 1885 κ

1531 1884 1606 1915 dem
1628 1883 1795 1920 audientis,
1812 1894 1877 1915 non
1894 1894 1931 1915 ex
1945 1884 1976 1915 vi
1993 1884 2124 1916 dicentis
2146 1885 2282 1916 laeditur
2297 1885 2392 1923 fama,
2415 1905 2427 1911 --
2439 1892 2441 1895 “
2471 1900 2473 1902 >

1531 1929 1564 1959 in
1588 1927 1655 1959 istis
1679 1928 1812 1960 casibus.
2352 1961 2378 1972 ·„
2419 1954 2438 1962 ,,

1586 1972 1639 2004 1V.
1664 1973 1705 2003 Et
1727 1972 1799 2003 licet
1821 1971 1898 2002 haec
1921 1972 2003 2003 dicta
2025 1972 2057 2003 in
2081 1983 2114 2003 se
2138 1972 2200 2004 sint
2222 1975 2305 2008 vera,
2327 1973 2370 2003 'ad
2412 1978 2473 2000 sm·
2499 1970 2549 2002 Ἄ(
2573 2004 2576 2007 ⁴

1531 2026 1606 2047 men
1629 2016 1719 2048 aliter
1736 2017 1923 2056 exponenda
1947 2023 1994 2048 est
2014 2016 2127 2053 littera,
2151 2023 2188 2048 ut
2208 2016 2386 2048 formalium
2397 2000 2545 2047 affy&
2584 2035 2592 2042 ·

2623 315 2633 325 ⁸
2646 314 2724 336 Eccle.
2744 320 2795 343 cap.
2810 321 2818 337 ι
2828 331 2834 342 ,

2622 346 2683 363 vers.
2699 346 2730 369 ¹5·

2621 527 2631 538 ⁸
2647 523 2715 545 Vera.
2729 528 2751 544 2.

1531 2069 1590 2092 nec
1610 2061 1652 2091 ad
1675 2059 1830 2101 maiorem
1852 2060 2034 2098 infamiam,
2058 2061 2113 2092 sed
2137 2061 2177 2093 ad
2197 2060 2302 2101 ipsam
2316 2060 2599 2103 ,infamimiwe
2648 2075 2650 2082 ⁸

1531 2112 1697 2146 peccatum
1709 2105 1844 2137 mortale
1860 2105 2034 2142 constituit,
2046 2111 2231 2139 recurratur.
2245 2105 2489 2153 Dicendumest
2501 2105 2512 2136 i
2534 2105 2542 2113 '

1531 2145 1621 2190 quod
1642 2149 1675 2190 ly
1698 2149 1757 2179 hoc
1779 2159 1845 2189 non
1861 2148 2056 2180 demonstrat
2080 2149 2291 2192 dicerelverba
2306 2140 2545 2194 it'rltont‘.‚stat¹is,'>
2595 2187 2598 2191 ἱ

1532 2193 1728 2231 demonstrat
1746 2192 1876 2224 verbum
1893 2191 2075 2229 notabiliter
2082 2192 2216 2234 famam
2232 2188 2372 2224 'alicuius
2386 2183 2565 2227 laeder'e'sJ'l

1531 2238 1635 2278 quod,
1661 2246 1735 2268 cum
1759 2236 1886 2267 doceret
1911 2239 2035 2268 Auctor
2057 2235 2600 2271 detractionem⁴‹matefialitewffifl

1531 2291 1599 2314 esse
1621 2287 1788 2322 peccatum
1810 2281 1959 2318 mortale,
1985 2281 2107 2322 excepit
2126 2282 2172 2312 ab
2191 2279 2599 2323 ‹huimmodi1regutnffl2

1530 2325 1718 2357 tractionem
1732 2325 1928 2356 materialem
1947 2326 2077 2366 quando
2093 2324 2128 2356 fit
2138 2325 2241 2367 ¹verbo
2257 2325 2437 2365 notabiliter
2451 2327 2600 2367 laudm

1530 2370 1650 2402 famam
1672 2369 1818 2411 proximi,
1843 2369 1919 2410 quia
1939 2370 2010 2408 hoc,
2027 2370 2108 2403 idest
2123 2370 2257 2415 verbum
2273 2369 2454 2410 notabiliter
2462 2370 2597 2411 ,laedens

1530 2414 1651 2445 famam
1666 2411 1813 2454 proximi,
1826 2422 1863 2444 ex
1878 2423 1938 2444 suo
1954 2423 2067 2454 genere
2083 2420 2130 2444 est
2146 2420 2315 2456 peccatum
2330 2413 2482 2456 mortale,⁴
2527 2413 2596 2454 “od

1531 2455 1578 2489 est
1599 2467 1656 2498 per
1679 2467 1712 2488 se
1735 2464 1868 2488 notum:
1901 2457 1976 2498 quia
2000 2466 2037 2488 ex
2059 2466 2119 2488 suo
2142 2454 2256 2498 genere
2282 2450 2443 2499 importat>
2457 2451 2504 2489 ri*
2555 2448 2597 2490 nie

1531 2506 1763 2532 nocumentum
1785 2500 1890 2531 famae
1912 2500 2058 2542 proximi.
2090 2500 2132 2532 Et
2153 2501 2204 2532 hic
2227 2504 2274 2534 est
2299 2501 2413 2542 planus
2437 2509 2471 2534 et
2491 2502 2595 2536 dariis

1531 2545 1787 2576 sensuslitterae.
1803 2545 1968 2582 Quoniam
1980 2545 2024 2576 sic
2035 2545 2177 2577 redditur
2187 2545 2268 2578 ratio
2279 2546 2476 2586 exceptionis
2486 2544 2598 2588 quoad

1531 2589 1753 2626 substantiam,
1778 2596 1809 2620 et
1830 2599 1897 2620 non
1920 2590 2028 2630 quoad
2051 2589 2234 2631 quantitatis
2256 2590 2596 2631 magnitudinemjm-

1531 2640 1690 2675 portatam
1713 2643 1768 2674 per
1784 2633 1816 2674 ly
1834 2635 2010 2675 praecipue
2025 2635 2057 2664 in
2074 2634 2124 2665 his
2145 2643 2228 2676 quae
2244 2636 2410 2675 pertinent
2432 2635 2476 2669 ad
2492 2625 2597 2683 hona}

1531 2683 1644 2709 statem
1663 2678 1764 2709 vitae:
1787 2683 1833 2708 est
1853 2677 1938 2708 enirn
1961 2678 1994 2720 ly
2017 2678 2076 2709 hoc
2092 2677 2376 2722 demonstrativum
2392 2678 2594 2724 substantie.

1531 2723 1572 2753 Et
1594 2731 1711 2758 rursus,
1736 2720 1889 2762 quoniam
1915 2722 1958 2752 sic
1981 2728 2027 2753 est
2051 2721 2165 2753 directe
2187 2719 2227 2753 ad
2250 2723 2456 2764 propositum
2472 2719 2518 2755 'de
2580 2715 2596 2748 ‘-

1530 2766 1682 2797 tractione
1706 2765 1929 2802 universaliter,
1954 2773 1984 2796 et
2007 2766 2134 2796 nullum
2157 2766 2251 2797 habet
2273 2767 2494 2808 scrupulum(
2520 2764 2597 2789 'fl-¹⁸*

1586 2810 1627 2841 Et
1649 2811 1729 2843 bene
1751 2815 1829 2840 nota
1857 2810 1933 2850 quia
1958 2810 1992 2841 in
2015 2810 2117 2842 littera
2147 2810 2262 2842 dicitur
2290 2812 2380 2852 quod
2403 2811 2596 2844 ‘huiusmodi

1531 2854 1682 2886 detractio
1697 2853 1898 2886 materialiter
1915 2854 2023 2887 laedat
2041 2853 2160 2887 famam
2174 2855 2368 2888 notabiliter:
2393 2862 2424 2887 et
2439 2855 2599 2895 nendi*

1531 2898 1620 2940 quod
1643 2897 1683 2929 sit
1705 2897 1830 2934 laeswe,
1853 2898 1915 2934 hoc
1932 2905 1978 2931 est
1994 2903 2113 2939 potens.
2134 2899 2273 2933 laedere.
2298 2900 2393 2938 Quia,
2416 2906 2455 2939 ut
2475 2891 2597 2975 diw

1531 2949 1578 2973 est
1592 2941 1619 2979 ⁸³,
1644 2942 1670 2972 si
1693 2941 1747 2973 tali
1770 2941 1870 2973 modo
1894 2941 2016 2974 dicatur
2038 2942 2127 2984 quod
2150 2943 2339 2987 nonulaedat
2354 2939 2522 2990 notab'ilite
2563 2954 2597 2976 ι-

1531 2996 1619 3017 mam
1641 2986 1789 3027 proximi,
1813 2985 1959 3027 quamvis
1983 2995 2020 3017 ex
2043 2996 2103 3017 suo
2126 2989 2240 3027 genere
2253 2982 2387 3019 verbum
2410 2988 2451 3020 sit
2464 2954 2601 3020 &illis-l

1530 3030 1600 3061 liter
1622 3030 1786 3067 laesivum,
1811 3041 1877 3061 non
1900 3038 1946 3062 est
1969 3037 2134 3071 peccatum
2158 3032 2301 3068 mortale,
2324 3033 2457 3074 propter
2477 3027 2598 3079 ἱίϋβθθ

1531 3074 1703 3106 sectionem
1726 3081 1824 3111 actus,
1848 3081 1885 3106 ut
1908 3074 2138 3107 declaravimus
2149 3075 2180 3106 ⁴.
2434 3103 2436 3105 ,
2476 3084 2545 3106 2¹11(

1587 3118 1626 3150 V.
1652 3118 1746 3150 Circa
1777 3118 2004 3151 detractionem
2028 3118 2234 3151 *materialiter
2263 3121 2372 3161 quoad
2395 3119 2598 3161 «finemqm

1532 3162 1639 3204 quoad
1662 3162 1808 3200 modum,
1832 3162 1894 3195 hoc
1913 3170 1960 3195 est
1982 3162 2062 3195 circa
2084 3163 2325 3197 infamationem
2345 3164 2394 3196 sui
2409 3164 2598 3215 ³PQ›‹Q

1531 3205 1622 3236 bium
1638 3206 1784 3243 occurrit,
1797 3216 1837 3236 an
1853 3206 1905 3236 ille
1921 3206 1986 3247 qui,
2000 3206 2166 3238 tormentis
2186 3207 2288 3239 victus
2304 3215 2359 3247 aut
2375 3215 2474 3253 metu-
2579 3219 2594 3240 s

1532 3256 1562 3280 et
1586 3250 1751 3286 cruciatus,
1773 3249 1905 3280 infamat
1920 3250 2060 3291 seipsum
2077 3251 2270 3289 mentiendo,
2287 3215 2594 3299 peccet'molrffiiiiiss

1532 3299 1563 3324 et
1585 3299 1729 3324 teneatur
1751 3293 1791 3323 ad
1813 3293 2045 3325 restitutionem
2061 3294 2163 3326 famae
2182 3305 2268 3327 suae.
2290 3297 2333 3327 Et
2348 3298 2394 3327 est
2407 3295 2488 3327 ratio
2501 3287 2594 3327 ‘dubii

1530 3337 1607 3378 quia
1619 3337 1701 3370 sicut
1711 3338 1812 3368 homo
1827 3345 1873 3369 est
1888 3338 2039 3370 dominus
2051 3339 2184 3371 aliarum
2200 3349 2331 3371 suarum
2342 3347 2449 3371 rernm
2462 3340 2597 3372 exterio-m

1531 3391 1613 3418 rum,
1628 3381 1671 3412 ita
1687 3389 1717 3412 et
1735 3392 1810 3412 suae
1830 3382 1947 3413 famae:
1972 3390 2019 3414 est
2042 3383 2128 3414 enim
2143 3383 2227 3414 fama
2243 3384 2324 3415 inter
2344 3383 2494 3414 exteriora
2509 3385 2594 3414 bona

1531 3425 1680 3462 hominis,
1698 3436 1779 3466 quae
1796 3435 1931 3465 possunt
1955 3428 1993 3457 ab
2017 3427 2117 3458 invito
2139 3427 2261 3459 auferri.
2287 3428 2375 3460 Sicut
2397 3437 2471 3468 ergo
2488 3434 2594 3468 potest

1531 3470 1641 3506 homo,
1662 3477 1697 3500 ut
1713 3480 1745 3500 se
1761 3480 1779 3500 a
1795 3478 1897 3501 morte
1913 3478 1968 3501 aut
1987 3471 2152 3503 tormentis
2175 3471 2293 3508 liberet,
2314 3471 2477 3503 miscendo
2497 3470 2594 3503 etiarn

421 3525 455 3545 ac
479 3524 534 3554 per
558 3515 618 3544 hoc
642 3514 758 3554 peccati
777 3514 917 3544 mortalis
941 3514 978 3544 de
994 3523 1059 3554 quo
1076 3520 1121 3544 est
1145 3524 1258 3549 sermo,
1279 3514 1341 3544 hoc
1357 3521 1402 3544 est
1426 3514 1477 3544 de·
1503 3499 1505 3533 l
1531 3514 1631 3544 multa
1659 3514 1836 3550 mendacia,
1869 3515 1935 3545 sine
1964 3515 2156 3555 praeiudicio
2186 3515 2338 3555 proximi,
2368 3515 2490 3546 divitias
2521 3526 2593 3547 suas

2855 2600 2860 2610 ,
2847 2302 2860 2565 an-*cn-Ji—-ss-h..
2858 2271 2860 2275 .
2857 2236 2860 2247 .-

2622 2956 2633 2967 ·
2646 2955 2718 2979 Num.
2729 2955 2746 2983 ι’,
2755 2959 2794 2978 tn.
2834 2947 2837 2953 ²

2621 3081 2684 3104 *ct
2735 3096 2742 3104 .
2761 3072 2836 3104 ux'n'

2621 3111 2663 3131 art.
2669 3114 2690 3136 ι,
2735 3097 2834 3130 minent:

2823 2888 2841 2913 l,
2853 2911 2855 2917 Ι
