2860 4244
931 251 1197 296 QUAESTIO
1226 251 1401 298 XCVIII,
1430 252 1727 289 ARTICULUS
1758 254 1770 288 1

683 476 1096 549 QUAESTIO
1141 478 2011 535 NONAGESIMAOCTAVA

1099 596 1140 635 D
1154 597 1192 636 E
1240 597 1273 636 Ρ
1288 597 1326 636 Ε
1338 597 1377 636 R
1390 597 1408 636 1
1419 597 1461 637 U
1473 597 1511 636 R
1523 598 1540 636 1
1556 597 1594 637 o

1039 710 1072 735 IN
1103 710 1276 741 QUATUOR
1304 710 1507 741 ARTICULOS
1535 712 1652 736 DIVISA

154 807 225 830 *Μ’
255 811 444 896 Demos
472 802 793 840 considerandum
824 812 878 840 est
907 804 953 840 de
982 803 1146 852 periurio
1175 803 1206 840 *.

337 856 385 893 Et
412 855 511 892 circa
539 856 613 893 hoc
641 864 874 905 quaeruntur
902 865 1077 905 quatuor.

306 909 458 946 Primo:
487 917 614 946 utrum
636 910 776 947 falsitas
795 910 1006 959 requiratur
1028 909 1077 946 ad
1096 909 1316 958 periurium.

307 962 506 1000 Secundo:
544 971 672 1000 utrum
706 963 913 1012 periurium
948 975 1102 1011 semper
1140 962 1186 999 sit
1230 974 1318 1010 pec-

361 1023 502 1052 catum.

1426 804 1582 840 Tertio:
1621 813 1748 841 utrum
1789 818 1940 854 semper
1965 811 1982 828 α
2018 807 2063 843 sit
2095 815 2295 855 peccatum
2334 820 2436 845 mor-

1479 875 1563 910 tale.

1427 945 1591 991 Quarto:
1630 953 1756 982 utrum
1795 956 1926 994 peccet
1955 948 2013 984 ille
2043 949 2106 997 qui
2143 949 2302 997 iniungit
2338 950 2435 987 iura-

1481 1023 1652 1052 mentum
1683 1017 1835 1064 periuro
1865 1015 1890 1053 β.

1064 1133 1382 1175 ARTICULUS
1413 1133 1619 1175 PRIMUS

387 1226 543 1258 UTRUM
566 1225 770 1256 FAL81TAs
793 1225 888 1256 E1US
911 1225 1034 1263 QUOD
1060 1225 1318 1257 1URAMENT0
1342 1225 1660 1258 CONF1RMATUR
1678 1227 1964 1264 REQU1RATUR
1984 1228 2043 1258 AD
2067 1229 2303 1261 PERIURIUM

366 1421 373 1429 ,
463 1405 487 1432 D
507 1405 645 1431 ramum
664 1405 718 1430 su:
737 1404 967 1430 PROCEDITUR
980 1392 1012 1430 ³¹².
1033 1393 1192 1430 Videtur
1211 1393 1316 1441 quod

343 1461 365 1489 ἑ,
385 1448 431 1489 {sid
464 1447 605 1484 falsitas
639 1446 720 1484 eius
754 1447 860 1506 quod
892 1446 1106 1483 iuramento
1134 1451 1149 1474 Υ
1179 1446 1318 1483 confir-

333 1494 421 1544 ’ξ
411 1508 429 1542 f
450 1544 452 1546 ,
464 1507 592 1538 matur
610 1511 689 1537 non
708 1499 921 1549 requiratur
948 1499 998 1536 ad
1026 1499 1246 1548 periurium.
1267 1499 1318 1537 Ut

397 1552 568 1590 enim
597 1564 712 1612 supra
738 1552 759 1574 ’¹‘
787 1552 930 1590 dictum
959 1559 1026 1599 est,
1056 1552 1152 1588 sicut
1178 1551 1317 1589 veritas

88 1609 91 1611 '
140 1591 162 1626 J..
252 1607 368 1647 dehet
385 1606 634 1644 concomitari
653 1606 922 1652 iuramentum,
938 1605 988 1642 ita
1004 1605 1118 1642 etiam
1134 1605 1316 1643 iudicium

252 1667 291 1698 et
316 1659 481 1698 iustitia..
507 1659 613 1697 Sicut
645 1671 736 1707 ergo
773 1658 973 1696 incurritur
1007 1658 1215 1707 periurium
1249 1671 1318 1707 per

253 1713 446 1751 defectum
473 1712 652 1760 veritatis,
674 1712 723 1749 ita
744 1712 857 1749 etiam
876 1724 945 1760 per
966 1712 1157 1749 defectum
1178 1711 1315 1759 iudicii,

250 1773 343 1816 puta
370 1778 458 1803 cum
488 1765 622 1815 aliquis
660 1764 860 1802 indiscrete
896 1765 1010 1810 iurat;
1050 1773 1086 1802 et
1113 1777 1183 1814 per
1216 1765 1316 1802 defe-

252 1827 357 1857 ctum
385 1818 559 1867 iustitiae,
589 1827 681 1868 puta
710 1831 797 1855 cum
828 1817 963 1867 aliquis
992 1817 1089 1855 iurat
1116 1818 1259 1867 aliquid
1278 1818 1317 1855 il-

249 1872 428 1911 licitum!

306 1937 342 1963 2.
362 1926 608 1972 PRAETEREA,
638 1924 730 1962 illud
758 1936 828 1973 per
855 1924 961 1973 quod
997 1924 1140 1972 aliquid
1178 1925 1317 1962 confir-

250 1986 378 2017 matur
404 1978 532 2028 potius
560 1990 644 2016 esse
671 1978 824 2014 videtur
851 1990 898 2014 eo
928 1977 1034 2025 quod
1068 1978 1317 2015 confirmatur

250 2044 320 2082 per
347 2033 461 2070 illud:
491 2035 587 2069 sicut
614 2031 652 2068 in
681 2030 902 2079 syllogismo
922 2030 1106 2080 principia
1134 2039 1221 2068 sunt
1248 2044 1317 2080 po-

249 2085 348 2123 tiora
375 2085 634 2123 conclusione.
665 2084 743 2121 Sed
770 2084 808 2121 in
828 2084 1042 2120 iuramento
1068 2084 1318 2122 confirmatur

251 2138 394 2177 ‹fietmn
421 2138 588 2176 hominis
616 2149 685 2187 per
714 2136 1018 2186 assumptionem
1046 2137 1163 2174 divini
1190 2138 1314 2175 nomi-

250 2192 322 2229 nis.
355 2193 458 2240 Ergo
487 2192 608 2241 magis
634 2191 787 2229 videtur
800 2199 898 2227 2esse
930 2190 1139 2239 periurium
1168 2190 1199 2227 si
1218 2189 1231 2212 δ
1250 2191 1315 2228 ali—

250 2244 336 2295 quis
364 2246 460 2282 iuret
486 2257 556 2294 per
582 2245 698 2282 falsos
723 2244 829 2290 deos,
850 2255 965 2292 quam
994 2243 1025 2280 si
1052 2243 1192 2280 veritas
1221 2244 1317 2281 desit

251 2298 353 2336 dicto
381 2298 550 2336 hominis
577 2298 683 2347 quod
711 2297 926 2334 iuramento
957 2297 1216 2334 confirmatur.

307 2352 342 2389 3.
362 2352 598 2397 PRAETEREA,
627 2351 860 2399 Augustinus
889 2350 989 2396 dicit,
1009 2354 1048 2386 in
1069 2362 1248 2387 sermone
1271 2351 1316 2387 de

216 2449 223 2455 ,
257 2405 386 2443 Verbis
418 2406 547 2454 Apost.
576 2405 709 2442 Iacobi
724 2403 762 2440 *τ
790 2404 978 2441 Homines
1003 2403 1152 2451 falsum
1189 2404 1318 2440 iurant

248 2458 309 2495 vel
335 2469 422 2495 cum
437 2459 596 2507 fallunt,
616 2458 677 2495 vel
694 2468 780 2494 cum
802 2457 1003 2503 falluntur.
1034 2457 1083 2493 Et
1109 2456 1218 2505 ponit
1244 2457 1315 2493 tria

249 2513 436 2560 exempla.
466 2513 644 2560 Quorum
664 2511 832 2560 primum
859 2519 934 2547 est:
963 2511 1044 2546 Fac
1062 2510 1166 2546 illum
1187 2510 1316 2547 iurare

248 2565 316 2614 qm·
338 2576 471 2602 verum
495 2571 605 2615 putat
627 2577 706 2602 esse
732 2576 806 2614 pro
835 2575 908 2612 quo
936 2563 1047 2599 iurat.
1092 2564 1313 2600 Secundum

146 2590 160 2610 s
200 2636 203 2637 ⁷
249 2626 324 2656 est:
355 2619 419 2656 Da
446 2619 586 2656 alium.-
613 2618 710 2656 scit*
727 2618 876 2667 falsum
905 2628 994 2662 esse,
1015 2621 1052 2653 et
1077 2617 1189 2653 iurat.
1220 2619 1315 2654 Ter-

247 2671 344 2709 tium
369 2679 441 2708 est:
470 2673 551 2709 Fac
577 2672 714 2709 alium.-
737 2677 848 2720 putat
872 2681 950 2707 esse
964 2670 1129 2719 falsum,
1154 2675 1188 2706 et
1215 2671 1318 2707 iurat

247 2729 428 2774 tanquam
464 2725 512 2762 sit
544 2737 699 2771 verum,
728 2725 829 2774 quod
850 2725 960 2772 sorte
994 2735 1127 2760 verum
1163 2729 1237 2760 est.-
1266 2724 1313 2760 de

247 2789 327 2827 quo
359 2785 493 2827 postea
521 2779 647 2816 subdit
679 2779 783 2826 quod
806 2777 984 2826 periurus
1015 2782 1078 2813 est.
1117 2777 1220 2824 Ergo
1250 2777 1315 2813 ali-

249 2830 334 2880 quis
360 2831 560 2869 veritatem
589 2832 717 2869 iurans
744 2838 870 2880 potest
895 2842 977 2866 esse
1005 2830 1191 2878 periurus.
1222 2830 1314 2866 Non

249 2895 340 2932 ergo
373 2884 512 2921 falsitas
540 2885 588 2922 ad
616 2884 826 2933 periurium
855 2882 1065 2932 requiritur.

304 2937 378 2974 SED
411 2948 558 2974 coum
595 2949 661 2974 EST
697 2937 802 2986 quod
838 2936 1047 2985 periurium
1086 2935 1264 2972 definitur
1291 2935 1312 2956 ‘

133 2985 190 3051 ‘'3'.
250 3002 333 3027 esse
361 2990 598 3027 mendacium
627 2991 838 3027 iuramento
853 2991 1070 3038 firmatum.

302 3044 531 3080 Rx-:spounno
565 3051 752 3081 mCENDUM
779 3043 906 3092 quod,
936 3043 1032 3080 sicut
1068 3053 1182 3090 supra
1209 3040 1230 3062 *
1258 3041 1312 3078 di-

137 3118 144 3129 ·
187 3109 220 3129 1
250 3104 354 3133 ctum
383 3104 449 3144 est,
478 3097 644 3134 morales
669 3104 773 3133 actus
793 3108 839 3133 ex
857 3096 935 3133 fine
954 3094 1121 3144 speciem
1150 3093 1310 3131 sortiun-

248 3155 319 3186 tur.
350 3149 452 3187 Finis
480 3157 611 3187 amem.
636 3149 833 3187 iuramenti
862 3157 918 3187 est
946 3147 1186 3186 confirmatio
1224 3147 1310 3185 dicti

247 3203 419 3239 humani.
458 3203 530 3240 Cui
566 3203 723 3252 quidem
761 3202 1042 3240 confirmationi
1075 3201 1214 3238 falsitas
1243 3213 1310 3250 op-

247 3256 417 3304 ponitur:
457 3268 525 3304 per
553 3257 628 3292 hoc
655 3256 758 3293 enim
787 3256 1036 3294 confirmatur
1068 3254 1223 3303 aliquod
1256 3254 1311 3292 di-

302 3387 329 3419 α)
348 3393 460 3418 semper.
472 3400 491 3405 -
509 3386 572 3411 Om.
590 3386 686 3411 PAGa.

302 3420 328 3454 β)
343 3422 464 3454 periuro.
476 3435 495 3440 -
508 3421 631 3453 periurio
650 3421 826 3454 PDHILpCK.

301 3457 329 3490 γ)
346 3457 505 3483 {manento-
518 3471 536 3476 -
553 3456 580 3481 ιἰι
600 3456 750 3482 iuramento
767 3457 829 3490 PpC
845 3462 871 3482 et
889 3464 917 3483 a.

301 3490 327 3524 8)
345 3493 377 3517 si.
389 3506 408 3512 ·—
425 3500 484 3518 cum
504 3492 557 3521 Ρα;
575 3500 623 3524 pro
643 3492 719 3522 iuret,
740 3492 813 3517 iurat
832 3492 907 3517 PHL.

302 3527 324 3560 ε)
342 3528 401 3553 scit.
413 3541 432 3547 -
450 3528 496 3560 qui
514 3527 564 3552 scit
582 3527 671 3557 PG1a;
690 3535 737 3560 pro
751 3528 806 3552 Fac
817 3527 909 3557 alium,
926 3528 982 3553 Fac
994 3528 1076 3553 alium
1090 3529 1136 3561 qui
1154 3528 1207 3559 DL,
1226 3528 1309 3553 alium

249 3563 295 3593 qm·
312 3563 362 3592 Ga,
383 3563 428 3588 Da
445 3563 528 3588 alium
547 3563 592 3595 qui
611 3563 640 3588 P.

1133 1304 1164 1328 111
1184 1304 1267 1334 Sent„
1287 1304 1346 1329 dist.
1365 1312 1446 1334 xxxix.
1465 1310 1511 1329 art.
1530 1313 1557 1336 4.

1373 1401 1488 1440 ctum,
1508 1395 1615 1442 quod
1635 1394 1845 1432 ostenditur
1863 1395 2023 1433 firmiter
2042 1408 2125 1433 esse
2143 1409 2303 1443 verum;
2331 1400 2436 1447 quod

1373 1446 1527 1495 quidem
1558 1460 1636 1484 non
1669 1455 1795 1496 potest
1833 1449 2049 1496 contingere
2085 1450 2132 1486 de
2170 1462 2216 1487 eo
2246 1453 2351 1500 quod
2381 1461 2436 1490 est

1372 1500 1521 1543 falsum.
1550 1501 1662 1537 Unde
1691 1501 1829 1537 falsitas
1857 1502 1997 1539 directe
2026 1512 2188 1539 evacuat
2223 1504 2341 1542 finem
2381 1506 2435 1542 iu-

1371 1553 1543 1590 ramenti.
1588 1554 1636 1590 Et
1670 1561 1827 1613 propter
1866 1555 1941 1592 hoc
1978 1568 2000 1592 a
2038 1556 2195 1593 falsitate
2230 1558 2435 1607 praecipue

1372 1606 1611 1655 specificatur
1629 1607 1856 1655 perversitas
1877 1608 2090 1656 iuramenti,
2104 1622 2209 1669 ’quae
2225 1611 2435 1658 periurium

1372 1659 1518 1697 dicitur.
1548 1660 1597 1696 Et
1616 1659 1704 1697 ideo
1733 1661 1873 1697 falsitas
1894 1669 1949 1698 est
1978 1662 2025 1699 de
2045 1662 2189 1700 ratione
2216 1664 2381 1712 periurii.

1424 1716 1483 1749 AD
1517 1725 1654 1750 PR1MUM
1691 1725 1790 1750 ERGO
1826 1725 2010 1752 DICENDUM
2037 1717 2155 1764 quod,
2185 1715 2280 1754 sicut
2300 1718 2436 1755 Hiero-

1372 1778 1512 1814 nymus
1541 1765 1677 1813 dicit‘,
1713 1768 1848 1804 Ierem.
1878 1780 1914 1804 1v
1931 1767 1952 1790 ³¹³
1961 1769 2258 1818 ,quodcumque
2284 1771 2434 1808 illorum

1371 1819 1483 1856 trium
1512 1795 1682 1868 defuerit’,
1698 1821 1911 1868 periurium
1940 1827 2003 1858 est.
2034 1823 2126 1859 Non
2145 1831 2274 1860 tamen
2295 1825 2432 1862 eodem

1371 1873 1516 1910 ordine.
1557 1873 1633 1911 Sed
1662 1873 1788 1922 primo
1817 1875 1974 1923 quidem
2005 1883 2041 1912 et
2067 1876 2323 1937 principaliter
2350 1890 2435 1927 per—

1371 1926 1508 1964 iurium
1539 1935 1595 1964 est
1622 1928 1778 1974 quando
1814 1929 1919 1965 deest
1945 1928 2107 1976 veritas,
2137 1930 2282 1967 ratione
2310 1931 2387 1968 iam
2415 1931 2436 1954 '¹‘

1372 1979 1481 2016 dicta.
1512 1980 1748 2017 Secundario
1777 1989 1926 2028 autem,
1957 1982 2113 2028 quando
2143 1984 2248 2020 deest
2277 1983 2432 2022 iustitia:

1371 2033 1603 2082 quicumque
1641 2033 1742 2070 enim
1769 2039 1787 2061 η
1816 2034 1912 2071 iurat
1948 2034 2139 2082 illicitum,
2171 2048 2215 2072 ex
2242 2037 2317 2073 hoc
2352 2038 2434 2086 ipso

1371 2086 1570 2123 falsitatem
1590 2086 1755 2134 incurrit,
1776 2087 1864 2136 quia
1884 2088 2069 2135 obligatus
2089 2096 2145 2125 est
2163 2089 2212 2126 ad
2231 2090 2306 2126 hoc
2330 2092 2435 2151 quod

1372 2140 1603 2177 contrarium
1632 2139 1754 2177 faciat.
1785 2141 1916 2177 Tertio
1936 2153 2043 2188 vero,
2064 2142 2220 2190 quando
2245 2144 2352 2180 deest
2380 2145 2434 2182 iu-

1371 2193 1535 2231 dicium:
1563 2193 1651 2242 quia
1680 2206 1768 2230 curn
1797 2194 1996 2231 indiscrete
2025 2195 2142 2242 iurat,
2173 2207 2218 2232 ex
2246 2196 2322 2233 hoc
2350 2197 2434 2246 ipso

1370 2246 1540 2295 periculo
1567 2258 1610 2289 se
1638 2246 1839 2284 committit
1866 2247 2066 2285 falsitatem
2099 2248 2328 2287 incurrendi.

1423 2301 1483 2336 AD
1511 2311 1702 2337 SECUNDUM
1730 2312 1915 2338 mOENDUM
1943 2302 2049 2349 quod
2085 2302 2269 2351 principia
2296 2302 2334 2340 in
2361 2304 2435 2352 syl—

1370 2353 1538 2400 logismis
1567 2361 1654 2390 sunt
1673 2354 1820 2402 potiora
1838 2362 2021 2403 tanquam
2041 2355 2220 2392 habentia
2246 2355 2433 2394 rationem

1370 2406 1481 2442 activi
1508 2406 1696 2455 principii,
1727 2414 1767 2443 ut
1796 2407 1930 2444 dicitur
1956 2408 1994 2444 in
2024 2409 2055 2444 ΙΙ
2076 2409 2225 2457 Physic.
2245 2409 2266 2431 '¹‘
2294 2410 2371 2447 Sed
2395 2410 2434 2447 in

1371 2459 1577 2496 moralibus
1597 2460 1743 2496 actibus
1762 2460 2006 2509 principalior
2025 2469 2080 2498 est
2094 2462 2181 2498 finis
2201 2475 2316 2511 quam
2331 2463 2434 2512 prin-

1371 2512 1510 2561 cipium
1538 2513 1715 2550 activum.
1747 2514 1795 2550 Et
1822 2513 1921 2560 ideo,
1952 2515 2037 2551 licet
2060 2515 2107 2551 sit
2125 2528 2350 2564 perversum
2379 2516 2433 2553 iu-

1371 2574 1585 2602 ramentum
1610 2566 1766 2615 quando
1786 2567 1920 2615 aliquis
1948 2580 2084 2604 verum
2113 2568 2210 2605 iurat
2231 2582 2299 2618 per
2318 2570 2432 2606 falsos

1370 2619 1475 2666 deos,
1505 2627 1635 2656 tamen
1663 2620 1712 2656 ab
1740 2620 1800 2657 illa
1819 2621 2066 2669 perversitate
2095 2622 2296 2659 iuramenti
2315 2622 2328 2644 ⁰
2348 2635 2430 2671 per·

1369 2672 1506 2709 iurium
1546 2672 1764 2710 nominatur
1798 2686 1896 2723 quae
1924 2674 2018 2711 tollit
2054 2674 2256 2712 iuramenti
2293 2676 2430 2723 finem,

1369 2726 1505 2762 falsum
1533 2726 1704 2775 iurando.

1420 2780 1480 2815 AD
1507 2790 1668 2816 TERTmM
1695 2790 1879 2816 mcENDUM
1899 2779 2005 2827 quod
2025 2787 2130 2816 actus
2150 2782 2316 2817 morales
2344 2794 2431 2830 pro·

1369 2832 1509 2868 cedunt
1537 2844 1559 2867 a
1585 2833 1801 2877 voluntate,
1838 2832 1943 2869 cuius
1977 2832 2168 2870 obiectum
2199 2842 2255 2870 est
2283 2834 2429 2871 bonum

1368 2885 1663 2932 apprehensum.
1707 2885 1756 2921 Et
1783 2884 1871 2921 ideo
1900 2885 1930 2921 si
1957 2886 2092 2922 falsum
2126 2887 2432 2935 apprehendatur

1367 2944 1407 2973 ut
1434 2949 1584 2984 verum,
1615 2937 1683 2974 erit
1710 2937 1879 2986 quidem,
1910 2939 2070 2975 relatum
2100 2940 2148 2976 ad
2176 2940 2428 2986 voluntatem,

1367 2990 1608 3027 materialiter
1626 2996 1634 3011 ⁸
1661 2991 1811 3037 falsum,
1832 2991 2040 3028 formaliter
2059 3000 2187 3029 autem
2210 3005 2359 3030 verum.
2390 2994 2429 3031 Si

1367 3050 1495 3079 autem
1523 3043 1562 3080 id
1591 3043 1695 3092 quod
1725 3052 1780 3081 est
1806 3044 1943 3081 falsum
1970 3045 2175 3094 accipiatur
2201 3054 2243 3083 ut
2271 3047 2427 3095 falsum,

1367 3096 1435 3132 erit
1453 3096 1589 3133 falsum
1610 3103 1647 3133 et
1665 3097 1906 3134 materialiter
1925 3105 1962 3134 et
1985 3099 2202 3136 formaliter.
2233 3099 2271 3136 Si
2300 3108 2428 3137 autem

1367 3149 1404 3186 id
1433 3150 1539 3198 quod
1563 3157 1619 3186 est
1635 3162 1772 3187 verum
1801 3151 2110 3200 apprehendatur
2131 3160 2173 3188 ut
2191 3153 2339 3199 falsum,
2362 3153 2430 3190 erit

1365 3214 1501 3239 verum
1530 3202 1781 3250 materialiter,
1811 3204 1946 3241 falsum
1975 3210 1992 3227 ²
2020 3205 2237 3242 formaliter.
2269 3207 2317 3242 Et
2341 3206 2426 3243 ideo

1366 3255 1402 3292 in
1423 3255 1593 3304 quolibet
1611 3256 1771 3293 istorum
1792 3269 1951 3294 casuum
1972 3258 2138 3295 salvatur
2161 3258 2287 3306 aliquo
2308 3259 2426 3296 modo

1416 3387 1442 3420 ζ)
1461 3388 1535 3413 dicit.
1547 3402 1566 3407 —
1582 3395 1663 3420 super
1681 3389 1748 3413 illud
1766 3388 1835 3413 addit
1854 3388 1888 3418 D;
1908 3388 2001 3413 Ierem.
2017 3388 2059 3412 IV
2067 3396 2120 3413 om.
2140 3389 2174 3414 H.

1415 3422 1444 3454 η)
1463 3423 1620 3455 quicumque
1637 3423 1715 3448 enim.
1727 3437 1746 3442 -
1763 3430 1926 3455 quocumque
1944 3423 2012 3448 enim
2033 3423 2111 3448 modo
2130 3423 2188 3455 quis
2207 3424 2254 3449 Pa.

1417 3457 1441 3490 0)
1461 3458 1612 3483 iuramenti.
1626 3472 1646 3479 -
1664 3459 1841 3484 iuramentum
1861 3458 1892 3489 G,
1912 3466 1965 3482 om.
1984 3459 2023 3488 H;
2042 3466 2091 3491 pro
2110 3459 2266 3484 nominatur
2283 3467 2359 3492 quae,
2379 3467 2427 3485 nt>-

1365 3493 1484 3518 minatur
1502 3494 1573 3525 quod
1590 3494 1623 3523 D.
1641 3501 1692 3519 non
1713 3494 1868 3518 nominatur·
1885 3494 1957 3526 quod
1975 3493 2022 3518 Pa.

1419 3529 1436 3560 ι)
1456 3529 1642 3554 materialiter.
1653 3542 1672 3549 -·
1689 3529 1794 3561 quidem
1814 3529 1911 3553 addunt
1929 3529 2031 3554 codices
2051 3534 2076 3553 et
2094 3536 2120 3554 α.

1415 3564 1441 3596 κ)
1453 3565 1568 3597 salsum.
1581 3565 1713 3597 -falsum
1733 3568 1821 3589 autem
1842 3564 2021 3597 A1L‚sa1sum
2042 3572 2104 3590 νει-ο
2122 3564 2157 3596 D,
2177 3568 2203 3590 et
2213 3566 2318 3598 falsum
2338 3566 2368 3591 P.

2559 1772 2575 1802 t

2462 1805 2547 1828 'Va-s.
2554 1812 2576 1828 2.
2587 1818 2596 1822 -
2608 1806 2675 1828 Com-

2461 1834 2531 1880 'vaeni-
2549 1833 2574 1854 in
2593 1833 2673 1854 Ierem.

2462 1934 2512 1956 ‘ln
2526 1940 2633 1963 corpore.

2561 2049 2577 2073 η

2460 2409 2538 2458 {ciii
2549 2416 2652 2458 ¹l2’01¹¹·v⁵·
2662 2422 2672 2426 “

2553 3211 2568 3227 χ
