<?xml version="1.0" encoding="UTF-8"?>
<!DOCTYPE html PUBLIC "-//W3C//DTD XHTML 1.0 Transitional//EN"
    "http://www.w3.org/TR/xhtml1/DTD/xhtml1-transitional.dtd">
<html xmlns="http://www.w3.org/1999/xhtml" xml:lang="en" lang="en">
 <head>
  <title>
</title>
<meta http-equiv="Content-Type" content="text/html;charset=utf-8" />
  <meta name='ocr-system' content='tesseract 3.04.00' />
  <meta name='ocr-capabilities' content='ocr_page ocr_carea ocr_par ocr_line ocrx_word'/>
</head>
<body>
  <div class='ocr_page' id='page_1' title='image "./operaomniaiussui09thom/operaomniaiussui09thom_0164.png"; bbox 0 0 2860 4244; ppageno 0'>
   <div class='ocr_carea' id='block_1_1' title="bbox 128 725 1429 818">
    <p class='ocr_par' dir='ltr' id='par_1_1' title="bbox 128 725 1429 818">
     <span class='ocr_line' id='line_1_1' title="bbox 128 725 1429 818; baseline 0.003 -57"><span class='ocrx_word' id='word_1_1' title='bbox 128 730 194 778; x_wconf 50' lang='lat' dir='ltr'>{01²}ss</span> <span class='ocrx_word' id='word_1_2' title='bbox 197 737 245 778; x_wconf 50' lang='grc' dir='ltr'>ἀξια·</span> <span class='ocrx_word' id='word_1_3' title='bbox 261 736 338 756; x_wconf 57' lang='lat'>“¹¹¹³</span> <span class='ocrx_word' id='word_1_4' title='bbox 368 736 556 818; x_wconf 65' lang='lat' dir='ltr'>Damna</span> <span class='ocrx_word' id='word_1_5' title='bbox 595 725 916 763; x_wconf 90' lang='lat' dir='ltr'>considerandum</span> <span class='ocrx_word' id='word_1_6' title='bbox 958 733 1013 763; x_wconf 90' lang='lat' dir='ltr'>est</span> <span class='ocrx_word' id='word_1_7' title='bbox 1053 726 1101 764; x_wconf 90' lang='lat' dir='ltr'>de</span> <span class='ocrx_word' id='word_1_8' title='bbox 1139 726 1429 775; x_wconf 44' lang='lat' dir='ltr'>detractione&amp;</span> 
     </span>
    </p>
   </div>
   <div class='ocr_carea' id='block_1_2' title="bbox 124 1362 371 1441">
    <p class='ocr_par' dir='ltr' id='par_1_2' title="bbox 124 1362 371 1441">
     <span class='ocr_line' id='line_1_2' title="bbox 125 1362 335 1410; baseline -0.005 -26"><span class='ocrx_word' id='word_1_9' title='bbox 125 1363 135 1373; x_wconf 71' lang='lat'><em>‘</em></span> <span class='ocrx_word' id='word_1_10' title='bbox 149 1363 239 1384; x_wconf 83' lang='lat' dir='ltr'>Albert.</span> <span class='ocrx_word' id='word_1_11' title='bbox 259 1362 335 1410; x_wconf 62' lang='lat' dir='ltr'>Magln.</span> 
     </span>
     <span class='ocr_line' id='line_1_3' title="bbox 124 1389 335 1416; baseline 0 -6"><span class='ocrx_word' id='word_1_12' title='bbox 124 1389 271 1410; x_wconf 75' lang='lat' dir='ltr'>Sum.Theol.</span> <span class='ocrx_word' id='word_1_13' title='bbox 279 1395 301 1416; x_wconf 88' lang='lat' dir='ltr'>p.</span> <span class='ocrx_word' id='word_1_14' title='bbox 317 1389 335 1416; x_wconf 88' lang='lat'>1,</span> 
     </span>
     <span class='ocr_line' id='line_1_4' title="bbox 141 1416 371 1441; baseline -0.004 -4"><span class='ocrx_word' id='word_1_15' title='bbox 141 1416 334 1441; x_wconf 83' lang='lat' dir='ltr'>u.cxv11,memb.</span> <span class='ocrx_word' id='word_1_16' title='bbox 369 1424 371 1428; x_wconf 60' lang='lat'><strong>⁴</strong></span> 
     </span>
    </p>
   </div>
   <div class='ocr_carea' id='block_1_3' title="bbox 303 2892 1427 2942">
    <p class='ocr_par' dir='ltr' id='par_1_3' title="bbox 303 2892 1427 2942">
     <span class='ocr_line' id='line_1_5' title="bbox 303 2892 1427 2942; baseline -0.001 -12"><span class='ocrx_word' id='word_1_17' title='bbox 303 2905 314 2920; x_wconf 78' lang='lat' dir='ltr'>r</span> <span class='ocrx_word' id='word_1_18' title='bbox 359 2900 400 2929; x_wconf 92' lang='lat' dir='ltr'>ut</span> <span class='ocrx_word' id='word_1_19' title='bbox 435 2905 549 2942; x_wconf 89' lang='lat' dir='ltr'>supra</span> <span class='ocrx_word' id='word_1_20' title='bbox 576 2893 597 2915; x_wconf 64' lang='lat'>&#39;¹‘</span> <span class='ocrx_word' id='word_1_21' title='bbox 625 2893 769 2930; x_wconf 90' lang='lat' dir='ltr'>dictum</span> <span class='ocrx_word' id='word_1_22' title='bbox 800 2900 874 2938; x_wconf 88' lang='lat' dir='ltr'>est;</span> <span class='ocrx_word' id='word_1_23' title='bbox 919 2892 991 2929; x_wconf 87' lang='lat' dir='ltr'>alio</span> <span class='ocrx_word' id='word_1_24' title='bbox 1020 2892 1161 2939; x_wconf 85' lang='lat' dir='ltr'>modo,</span> <span class='ocrx_word' id='word_1_25' title='bbox 1191 2893 1359 2940; x_wconf 79' lang='lat' dir='ltr'>occulte,</span> <span class='ocrx_word' id='word_1_26' title='bbox 1390 2900 1427 2930; x_wconf 90' lang='lat' dir='ltr'>et</span> 
     </span>
    </p>
   </div>
   <div class='ocr_carea' id='block_1_4' title="bbox 170 2905 331 2954">
    <p class='ocr_par' dir='ltr' id='par_1_4' title="bbox 170 2905 331 2954">
     <span class='ocr_line' id='line_1_6' title="bbox 184 2905 331 2924; baseline -0.007 -4"><span class='ocrx_word' id='word_1_27' title='bbox 184 2914 190 2920; x_wconf 84' lang='lat'>.</span> <span class='ocrx_word' id='word_1_28' title='bbox 201 2905 272 2924; x_wconf 69' lang='lat' dir='ltr'>Lxxn,</span> <span class='ocrx_word' id='word_1_29' title='bbox 288 2905 301 2920; x_wconf 83' lang='lat' dir='ltr'>a</span> <span class='ocrx_word' id='word_1_30' title='bbox 326 2914 331 2919; x_wconf 93' lang='lat'>.</span> 
     </span>
     <span class='ocr_line' id='line_1_7' title="bbox 170 2926 304 2954; baseline 0 -7"><span class='ocrx_word' id='word_1_31' title='bbox 170 2930 199 2947; x_wconf 87' lang='lat' dir='ltr'>rt.</span> <span class='ocrx_word' id='word_1_32' title='bbox 208 2932 231 2952; x_wconf 80' lang='lat'>4,</span> <span class='ocrx_word' id='word_1_33' title='bbox 243 2926 271 2947; x_wconf 82' lang='lat' dir='ltr'>ad</span> <span class='ocrx_word' id='word_1_34' title='bbox 284 2931 304 2954; x_wconf 87' lang='lat'>3.</span> 
     </span>
    </p>
   </div>
   <div class='ocr_carea' id='block_1_5' title="bbox 383 192 449 228">
    <p class='ocr_par' dir='ltr' id='par_1_5' title="bbox 383 192 449 228">
     <span class='ocr_line' id='line_1_8' title="bbox 383 192 449 228; baseline 0.015 -1"><span class='ocrx_word' id='word_1_35' title='bbox 383 192 449 228; x_wconf 86' lang='lat'>132</span> 
     </span>
    </p>
   </div>
   <div class='ocr_carea' id='block_1_6' title="bbox 1042 192 1884 242">
    <p class='ocr_par' dir='ltr' id='par_1_6' title="bbox 1042 192 1884 242">
     <span class='ocr_line' id='line_1_9' title="bbox 1042 192 1884 242; baseline 0.008 -14"><span class='ocrx_word' id='word_1_36' title='bbox 1042 192 1308 238; x_wconf 82' lang='lat' dir='ltr'>QUAESTIO</span> <span class='ocrx_word' id='word_1_37' title='bbox 1338 193 1515 242; x_wconf 81' lang='lat' dir='ltr'>Lxxm,</span> <span class='ocrx_word' id='word_1_38' title='bbox 1545 195 1841 234; x_wconf 85' lang='lat' dir='ltr'><strong>ARTICULUS</strong></span> <span class='ocrx_word' id='word_1_39' title='bbox 1871 199 1884 234; x_wconf 92' lang='lat'>1</span> 
     </span>
    </p>
   </div>
   <div class='ocr_carea' id='block_1_7' title="bbox 753 407 2175 573">
    <p class='ocr_par' dir='ltr' id='par_1_7' title="bbox 753 407 2175 573">
     <span class='ocr_line' id='line_1_10' title="bbox 753 407 2175 483; baseline 0.007 -22"><span class='ocrx_word' id='word_1_40' title='bbox 753 407 1167 483; x_wconf 81' lang='lat' dir='ltr'><strong>QUAESTIO</strong></span> <span class='ocrx_word' id='word_1_41' title='bbox 1213 408 2175 471; x_wconf 87' lang='lat' dir='ltr'>SEPTUAGESIMATERTIA</span> 
     </span>
     <span class='ocr_line' id='line_1_11' title="bbox 1125 527 1800 573; baseline 0.009 -6"><span class='ocrx_word' id='word_1_42' title='bbox 1125 527 1218 568; x_wconf 85' lang='lat' dir='ltr'>DE</span> <span class='ocrx_word' id='word_1_43' title='bbox 1267 528 1800 573; x_wconf 85' lang='lat' dir='ltr'><strong>DETRACTIONE</strong></span> 
     </span>
    </p>
   </div>
   <div class='ocr_carea' id='block_1_8' title="bbox 1151 643 1768 674">
    <p class='ocr_par' dir='ltr' id='par_1_8' title="bbox 1151 643 1768 674">
     <span class='ocr_line' id='line_1_12' title="bbox 1151 643 1768 674; baseline 0.008 -7"><span class='ocrx_word' id='word_1_44' title='bbox 1151 643 1187 668; x_wconf 90' lang='lat' dir='ltr'>IN</span> <span class='ocrx_word' id='word_1_45' title='bbox 1217 643 1390 674; x_wconf 80' lang='lat' dir='ltr'><strong>QUATUOR</strong></span> <span class='ocrx_word' id='word_1_46' title='bbox 1418 644 1621 670; x_wconf 85' lang='lat' dir='ltr'>ARTICULOS</span> <span class='ocrx_word' id='word_1_47' title='bbox 1650 646 1768 672; x_wconf 85' lang='lat' dir='ltr'>DIVISA</span> 
     </span>
    </p>
   </div>
   <div class='ocr_carea' id='block_1_9' title="bbox 419 778 1287 934">
    <p class='ocr_par' dir='ltr' id='par_1_9' title="bbox 419 778 1287 934">
     <span class='ocr_line' id='line_1_13' title="bbox 450 778 1197 828; baseline 0.004 -13"><span class='ocrx_word' id='word_1_48' title='bbox 450 779 498 815; x_wconf 89' lang='lat' dir='ltr'>Et</span> <span class='ocrx_word' id='word_1_49' title='bbox 526 779 624 816; x_wconf 90' lang='lat' dir='ltr'>circa</span> <span class='ocrx_word' id='word_1_50' title='bbox 652 778 727 815; x_wconf 90' lang='lat' dir='ltr'>hoc</span> <span class='ocrx_word' id='word_1_51' title='bbox 757 787 993 826; x_wconf 88' lang='lat' dir='ltr'>quaeruntur</span> <span class='ocrx_word' id='word_1_52' title='bbox 1020 786 1197 828; x_wconf 87' lang='lat' dir='ltr'>quatuor.</span> 
     </span>
     <span class='ocr_line' id='line_1_14' title="bbox 419 831 991 879; baseline 0.002 -11"><span class='ocrx_word' id='word_1_53' title='bbox 419 831 571 868; x_wconf 89' lang='lat' dir='ltr'>Primo:</span> <span class='ocrx_word' id='word_1_54' title='bbox 602 831 694 879; x_wconf 90' lang='lat' dir='ltr'>quid</span> <span class='ocrx_word' id='word_1_55' title='bbox 723 831 769 869; x_wconf 90' lang='lat' dir='ltr'>sit</span> <span class='ocrx_word' id='word_1_56' title='bbox 798 831 991 869; x_wconf 84' lang='lat' dir='ltr'>detractio.</span> 
     </span>
     <span class='ocr_line' id='line_1_15' title="bbox 420 884 1287 934; baseline 0.001 -13"><span class='ocrx_word' id='word_1_57' title='bbox 420 884 621 922; x_wconf 90' lang='lat' dir='ltr'>Secundo:</span> <span class='ocrx_word' id='word_1_58' title='bbox 652 893 781 922; x_wconf 87' lang='lat' dir='ltr'>utrum</span> <span class='ocrx_word' id='word_1_59' title='bbox 810 885 857 922; x_wconf 89' lang='lat' dir='ltr'>sit</span> <span class='ocrx_word' id='word_1_60' title='bbox 883 892 1086 934; x_wconf 85' lang='lat' dir='ltr'>peccatum</span> <span class='ocrx_word' id='word_1_61' title='bbox 1116 886 1287 923; x_wconf 83' lang='lat' dir='ltr'>mortale.</span> 
     </span>
    </p>
   </div>
   <div class='ocr_carea' id='block_1_10' title="bbox 1539 730 2549 785">
    <p class='ocr_par' dir='ltr' id='par_1_10' title="bbox 1539 730 2549 785">
     <span class='ocr_line' id='line_1_16' title="bbox 1539 730 2549 785; baseline 0.008 -19"><span class='ocrx_word' id='word_1_62' title='bbox 1539 730 1691 768; x_wconf 90' lang='lat' dir='ltr'>Tertio:</span> <span class='ocrx_word' id='word_1_63' title='bbox 1722 731 1768 768; x_wconf 93' lang='lat' dir='ltr'>de</span> <span class='ocrx_word' id='word_1_64' title='bbox 1794 733 2079 782; x_wconf 88' lang='lat' dir='ltr'>comparatione</span> <span class='ocrx_word' id='word_1_65' title='bbox 2100 734 2179 773; x_wconf 88' lang='lat' dir='ltr'>eius</span> <span class='ocrx_word' id='word_1_66' title='bbox 2203 736 2252 774; x_wconf 91' lang='lat' dir='ltr'>ad</span> <span class='ocrx_word' id='word_1_67' title='bbox 2281 735 2353 773; x_wconf 85' lang='lat' dir='ltr'>alia</span> <span class='ocrx_word' id='word_1_68' title='bbox 2380 743 2549 785; x_wconf 88' lang='lat' dir='ltr'>peccata.</span> 
     </span>
    </p>
   </div>
   <div class='ocr_carea' id='block_1_11' title="bbox 1541 810 2551 923">
    <p class='ocr_par' dir='ltr' id='par_1_11' title="bbox 1541 810 2551 923">
     <span class='ocr_line' id='line_1_17' title="bbox 1541 810 2551 861; baseline 0.007 -15"><span class='ocrx_word' id='word_1_69' title='bbox 1541 810 1706 857; x_wconf 90' lang='lat' dir='ltr'>Quarto:</span> <span class='ocrx_word' id='word_1_70' title='bbox 1735 818 1864 848; x_wconf 91' lang='lat' dir='ltr'>utrum</span> <span class='ocrx_word' id='word_1_71' title='bbox 1893 820 2026 860; x_wconf 91' lang='lat' dir='ltr'>peccet</span> <span class='ocrx_word' id='word_1_72' title='bbox 2053 812 2187 861; x_wconf 89' lang='lat' dir='ltr'>aliquis</span> <span class='ocrx_word' id='word_1_73' title='bbox 2215 814 2407 852; x_wconf 90' lang='lat' dir='ltr'>audiendo</span> <span class='ocrx_word' id='word_1_74' title='bbox 2429 811 2551 853; x_wconf 82' lang='lat' dir='ltr'>detra-</span> 
     </span>
     <span class='ocr_line' id='line_1_18' title="bbox 1594 885 1774 923; baseline 0 -1"><span class='ocrx_word' id='word_1_75' title='bbox 1594 885 1774 923; x_wconf 89' lang='lat' dir='ltr'>ctionem.</span> 
     </span>
    </p>
   </div>
   <div class='ocr_carea' id='block_1_12' title="bbox 586 994 2327 1120">
    <p class='ocr_par' dir='ltr' id='par_1_12' title="bbox 586 994 2327 1120">
     <span class='ocr_line' id='line_1_19' title="bbox 1179 994 1738 1037; baseline 0.002 -1"><span class='ocrx_word' id='word_1_76' title='bbox 1179 994 1500 1037; x_wconf 88' lang='lat' dir='ltr'>ARTICULUS</span> <span class='ocrx_word' id='word_1_77' title='bbox 1531 994 1738 1037; x_wconf 89' lang='lat' dir='ltr'><strong>PRIMUS</strong></span> 
     </span>
     <span class='ocr_line' id='line_1_20' title="bbox 586 1086 2327 1120; baseline 0.001 -3"><span class='ocrx_word' id='word_1_78' title='bbox 586 1086 742 1117; x_wconf 85' lang='lat' dir='ltr'><strong>UTRUM</strong></span> <span class='ocrx_word' id='word_1_79' title='bbox 766 1087 1020 1119; x_wconf 84' lang='lat' dir='ltr'><strong>DETRACTIO</strong></span> <span class='ocrx_word' id='word_1_80' title='bbox 1045 1088 1111 1119; x_wconf 87' lang='lat' dir='ltr'>SIT</span> <span class='ocrx_word' id='word_1_81' title='bbox 1134 1088 1336 1119; x_wconf 81' lang='lat' dir='ltr'><em>DENJGRA</em></span> <span class='ocrx_word' id='word_1_82' title='bbox 1344 1087 1420 1118; x_wconf 75' lang='lat' dir='ltr'>Tro</span> <span class='ocrx_word' id='word_1_83' title='bbox 1442 1087 1645 1119; x_wconf 79' lang='lat' dir='ltr'><em>ALJENAE</em></span> <span class='ocrx_word' id='word_1_84' title='bbox 1663 1088 1821 1118; x_wconf 83' lang='lat' dir='ltr'><em>FAMAE</em></span> <span class='ocrx_word' id='word_1_85' title='bbox 1838 1088 1925 1119; x_wconf 82' lang='lat' dir='ltr'>PER</span> <span class='ocrx_word' id='word_1_86' title='bbox 1950 1087 2157 1119; x_wconf 86' lang='lat' dir='ltr'><strong><em>OCCULTA</em></strong></span> <span class='ocrx_word' id='word_1_87' title='bbox 2187 1089 2327 1120; x_wconf 80' lang='lat' dir='ltr'><em>VERBA</em></span> 
     </span>
    </p>
   </div>
   <div class='ocr_carea' id='block_1_13' title="bbox 1063 1166 1369 1199">
    <p class='ocr_par' dir='ltr' id='par_1_13' title="bbox 1063 1166 1369 1199">
     <span class='ocr_line' id='line_1_21' title="bbox 1063 1166 1369 1199; baseline 0 -9"><span class='ocrx_word' id='word_1_88' title='bbox 1063 1166 1137 1198; x_wconf 82' lang='lat' dir='ltr'>Infra,</span> <span class='ocrx_word' id='word_1_89' title='bbox 1157 1174 1204 1199; x_wconf 91' lang='lat' dir='ltr'>qu.</span> <span class='ocrx_word' id='word_1_90' title='bbox 1221 1173 1303 1197; x_wconf 76' lang='lat' dir='ltr'>Lxxrv,</span> <span class='ocrx_word' id='word_1_91' title='bbox 1323 1171 1369 1191; x_wconf 82' lang='lat' dir='ltr'>art.</span> 
     </span>
    </p>
   </div>
   <div class='ocr_carea' id='block_1_14' title="bbox 379 1256 566 1445">
    <p class='ocr_par' dir='ltr' id='par_1_14' title="bbox 379 1256 566 1445">
     <span class='ocr_line' id='line_1_22' title="bbox 379 1256 566 1445; baseline 0 -118"><span class='ocrx_word' id='word_1_92' title='bbox 379 1256 566 1445; x_wconf 95' lang='lat' dir='ltr'>   </span> 
     </span>
    </p>
   </div>
   <div class='ocr_carea' id='block_1_15' title="bbox 404 1266 556 1311">
    <p class='ocr_par' dir='ltr' id='par_1_15' title="bbox 404 1266 556 1311">
     <span class='ocr_line' id='line_1_23' title="bbox 404 1266 556 1311; baseline 0.013 -10"><span class='ocrx_word' id='word_1_93' title='bbox 404 1271 445 1302; x_wconf 57' lang='lat' dir='ltr'>:C</span> <span class='ocrx_word' id='word_1_94' title='bbox 487 1266 556 1311; x_wconf 46' lang='grc' dir='ltr'>ἥδ(</span> 
     </span>
    </p>
   </div>
   <div class='ocr_carea' id='block_1_16' title="bbox 359 1245 1453 2888">
    <p class='ocr_par' dir='ltr' id='par_1_16' title="bbox 382 1245 1429 1431">
     <span class='ocr_line' id='line_1_24' title="bbox 578 1245 1429 1293; baseline 0.002 -12"><span class='ocrx_word' id='word_1_95' title='bbox 578 1257 600 1282; x_wconf 89' lang='lat' dir='ltr'>D</span> <span class='ocrx_word' id='word_1_96' title='bbox 630 1257 766 1282; x_wconf 77' lang='lat' dir='ltr'>PRIMUM</span> <span class='ocrx_word' id='word_1_97' title='bbox 790 1257 843 1283; x_wconf 76' lang='lat' dir='ltr'>sm</span> <span class='ocrx_word' id='word_1_98' title='bbox 868 1257 1109 1283; x_wconf 82' lang='lat' dir='ltr'>PROCEDITUR.</span> <span class='ocrx_word' id='word_1_99' title='bbox 1130 1245 1291 1282; x_wconf 87' lang='lat' dir='ltr'>Videtur</span> <span class='ocrx_word' id='word_1_100' title='bbox 1323 1246 1429 1293; x_wconf 94' lang='lat' dir='ltr'>quod</span> 
     </span>
     <span class='ocr_line' id='line_1_25' title="bbox 398 1298 1428 1358; baseline 0.001 -24"><span class='ocrx_word' id='word_1_101' title='bbox 398 1327 404 1342; x_wconf 22' lang='grc' dir='ltr'>,Ξ</span> <span class='ocrx_word' id='word_1_102' title='bbox 506 1305 550 1358; x_wconf 40' lang='lat'>,3330</span> <span class='ocrx_word' id='word_1_103' title='bbox 579 1298 760 1335; x_wconf 86' lang='lat' dir='ltr'>detractio</span> <span class='ocrx_word' id='word_1_104' title='bbox 789 1311 868 1335; x_wconf 93' lang='lat' dir='ltr'>non</span> <span class='ocrx_word' id='word_1_105' title='bbox 897 1299 943 1335; x_wconf 92' lang='lat' dir='ltr'>sit</span> <span class='ocrx_word' id='word_1_106' title='bbox 970 1299 1181 1348; x_wconf 86' lang='lat' dir='ltr'>denigratio</span> <span class='ocrx_word' id='word_1_107' title='bbox 1201 1298 1349 1335; x_wconf 84' lang='lat' dir='ltr'>alienae</span> <span class='ocrx_word' id='word_1_108' title='bbox 1357 1301 1428 1347; x_wconf 85' lang='lat' dir='ltr'>fa—</span> 
     </span>
     <span class='ocr_line' id='line_1_26' title="bbox 382 1348 1429 1431; baseline 0.001 -44"><span class='ocrx_word' id='word_1_109' title='bbox 382 1348 505 1431; x_wconf 37' lang='lat' dir='ltr'>&#39;dg-⁷³</span> <span class='ocrx_word' id='word_1_110' title='bbox 521 1356 548 1393; x_wconf 48' lang='grc' dir='ltr'>’ἦ</span> <span class='ocrx_word' id='word_1_111' title='bbox 577 1363 664 1388; x_wconf 87' lang='lat' dir='ltr'>mae</span> <span class='ocrx_word' id='word_1_112' title='bbox 676 1363 749 1410; x_wconf 65' lang='lat' dir='ltr'>per</span> <span class='ocrx_word' id='word_1_113' title='bbox 767 1351 912 1388; x_wconf 89' lang='lat' dir='ltr'>occulta</span> <span class='ocrx_word' id='word_1_114' title='bbox 930 1353 1116 1411; x_wconf 34' lang='lat' dir='ltr'>verbazut</span> <span class='ocrx_word' id='word_1_115' title='bbox 1131 1364 1153 1388; x_wconf 92' lang='lat' dir='ltr'>a</span> <span class='ocrx_word' id='word_1_116' title='bbox 1167 1351 1429 1412; x_wconf 75' lang='lat' dir='ltr'>quibusdam*</span> 
     </span>
    </p>

    <p class='ocr_par' dir='ltr' id='par_1_17' title="bbox 361 1396 1453 1819">
     <span class='ocr_line' id='line_1_27' title="bbox 423 1396 1426 1442; baseline 0.002 -2"><span class='ocrx_word' id='word_1_117' title='bbox 423 1418 434 1431; x_wconf 48' lang='grc' dir='ltr'>κ</span> <span class='ocrx_word' id='word_1_118' title='bbox 454 1426 463 1428; x_wconf 30' lang='grc' dir='ltr'><em>κ</em></span> <span class='ocrx_word' id='word_1_119' title='bbox 536 1396 767 1441; x_wconf 47' lang='lat' dir='ltr'>&amp;defimtun</span> <span class='ocrx_word' id='word_1_120' title='bbox 790 1405 994 1442; x_wconf 90' lang='lat' dir='ltr'>Occultum</span> <span class='ocrx_word' id='word_1_121' title='bbox 1011 1417 1113 1442; x_wconf 83' lang='lat' dir='ltr'>enim</span> <span class='ocrx_word' id='word_1_122' title='bbox 1132 1412 1167 1441; x_wconf 91' lang='lat' dir='ltr'>et</span> <span class='ocrx_word' id='word_1_123' title='bbox 1183 1406 1426 1442; x_wconf 86' lang='lat' dir='ltr'>manifestum</span> 
     </span>
     <span class='ocr_line' id='line_1_28' title="bbox 363 1454 1427 1508; baseline 0.005 -16"><span class='ocrx_word' id='word_1_124' title='bbox 363 1462 449 1493; x_wconf 91' lang='lat' dir='ltr'>sunt</span> <span class='ocrx_word' id='word_1_125' title='bbox 487 1454 790 1495; x_wconf 85' lang='lat' dir='ltr'>circumstantiae</span> <span class='ocrx_word' id='word_1_126' title='bbox 828 1470 907 1495; x_wconf 93' lang='lat' dir='ltr'>non</span> <span class='ocrx_word' id='word_1_127' title='bbox 945 1458 1216 1496; x_wconf 88' lang='lat' dir='ltr'>constituentes</span> <span class='ocrx_word' id='word_1_128' title='bbox 1258 1459 1427 1508; x_wconf 88' lang='lat' dir='ltr'>speciem</span> 
     </span>
     <span class='ocr_line' id='line_1_29' title="bbox 362 1508 1427 1561; baseline 0.004 -15"><span class='ocrx_word' id='word_1_129' title='bbox 362 1508 523 1558; x_wconf 88' lang='lat' dir='ltr'>peceati:</span> <span class='ocrx_word' id='word_1_130' title='bbox 553 1510 688 1548; x_wconf 88' lang='lat' dir='ltr'>accidit</span> <span class='ocrx_word' id='word_1_131' title='bbox 707 1512 809 1549; x_wconf 91' lang='lat' dir='ltr'>enim</span> <span class='ocrx_word' id='word_1_132' title='bbox 833 1519 993 1560; x_wconf 89' lang='lat' dir='ltr'>peccato</span> <span class='ocrx_word' id='word_1_133' title='bbox 1011 1512 1118 1561; x_wconf 90' lang='lat' dir='ltr'>quod</span> <span class='ocrx_word' id='word_1_134' title='bbox 1141 1524 1164 1548; x_wconf 92' lang='lat' dir='ltr'>a</span> <span class='ocrx_word' id='word_1_135' title='bbox 1182 1512 1310 1549; x_wconf 90' lang='lat' dir='ltr'>multis</span> <span class='ocrx_word' id='word_1_136' title='bbox 1333 1512 1427 1551; x_wconf 89' lang='lat' dir='ltr'>scia-</span> 
     </span>
     <span class='ocr_line' id='line_1_30' title="bbox 362 1563 1428 1614; baseline 0.005 -16"><span class='ocrx_word' id='word_1_137' title='bbox 362 1571 422 1599; x_wconf 91' lang='lat' dir='ltr'>tur</span> <span class='ocrx_word' id='word_1_138' title='bbox 447 1563 510 1599; x_wconf 87' lang='lat' dir='ltr'>vel</span> <span class='ocrx_word' id='word_1_139' title='bbox 540 1576 561 1600; x_wconf 92' lang='lat' dir='ltr'>a</span> <span class='ocrx_word' id='word_1_140' title='bbox 588 1565 732 1613; x_wconf 86' lang='lat' dir='ltr'>paucis.</span> <span class='ocrx_word' id='word_1_141' title='bbox 772 1565 849 1602; x_wconf 89' lang='lat' dir='ltr'>Sed</span> <span class='ocrx_word' id='word_1_142' title='bbox 877 1565 969 1603; x_wconf 93' lang='lat' dir='ltr'>illud</span> <span class='ocrx_word' id='word_1_143' title='bbox 996 1565 1103 1614; x_wconf 92' lang='lat' dir='ltr'>quod</span> <span class='ocrx_word' id='word_1_144' title='bbox 1130 1577 1210 1602; x_wconf 93' lang='lat' dir='ltr'>non</span> <span class='ocrx_word' id='word_1_145' title='bbox 1238 1565 1428 1604; x_wconf 91' lang='lat' dir='ltr'>constituit</span> 
     </span>
     <span class='ocr_line' id='line_1_31' title="bbox 362 1615 1425 1667; baseline 0.004 -15"><span class='ocrx_word' id='word_1_146' title='bbox 362 1615 530 1665; x_wconf 91' lang='lat' dir='ltr'>speciem</span> <span class='ocrx_word' id='word_1_147' title='bbox 556 1618 702 1666; x_wconf 89' lang='lat' dir='ltr'>peccati</span> <span class='ocrx_word' id='word_1_148' title='bbox 731 1630 811 1656; x_wconf 92' lang='lat' dir='ltr'>non</span> <span class='ocrx_word' id='word_1_149' title='bbox 837 1619 1002 1667; x_wconf 88' lang='lat' dir='ltr'>pertinet</span> <span class='ocrx_word' id='word_1_150' title='bbox 1019 1619 1069 1657; x_wconf 89' lang='lat' dir='ltr'>ad</span> <span class='ocrx_word' id='word_1_151' title='bbox 1089 1618 1276 1656; x_wconf 84' lang='lat' dir='ltr'>rationem</span> <span class='ocrx_word' id='word_1_152' title='bbox 1295 1618 1425 1667; x_wconf 88' lang='lat' dir='ltr'>ipsius,</span> 
     </span>
     <span class='ocr_line' id='line_1_32' title="bbox 362 1665 1453 1720; baseline 0.003 -14"><span class='ocrx_word' id='word_1_153' title='bbox 362 1682 433 1706; x_wconf 91' lang='lat' dir='ltr'>nec</span> <span class='ocrx_word' id='word_1_154' title='bbox 462 1669 576 1707; x_wconf 90' lang='lat' dir='ltr'>debet</span> <span class='ocrx_word' id='word_1_155' title='bbox 602 1671 696 1720; x_wconf 92' lang='lat' dir='ltr'>poni</span> <span class='ocrx_word' id='word_1_156' title='bbox 725 1672 763 1709; x_wconf 93' lang='lat' dir='ltr'>in</span> <span class='ocrx_word' id='word_1_157' title='bbox 793 1672 872 1710; x_wconf 91' lang='lat' dir='ltr'>eius</span> <span class='ocrx_word' id='word_1_158' title='bbox 901 1671 1134 1710; x_wconf 88' lang='lat' dir='ltr'>definitione.</span> <span class='ocrx_word' id='word_1_159' title='bbox 1163 1672 1266 1720; x_wconf 88' lang='lat' dir='ltr'>Ergo</span> <span class='ocrx_word' id='word_1_160' title='bbox 1295 1673 1345 1709; x_wconf 88' lang='lat' dir='ltr'>ad</span> <span class='ocrx_word' id='word_1_161' title='bbox 1369 1684 1426 1710; x_wconf 89' lang='lat' dir='ltr'>ra·</span> <span class='ocrx_word' id='word_1_162' title='bbox 1451 1665 1453 1715; x_wconf 78' lang='grc' dir='ltr'>Ι</span> 
     </span>
     <span class='ocr_line' id='line_1_33' title="bbox 361 1722 1453 1774; baseline 0.003 -15"><span class='ocrx_word' id='word_1_163' title='bbox 361 1722 506 1760; x_wconf 90' lang='lat' dir='ltr'>tionem</span> <span class='ocrx_word' id='word_1_164' title='bbox 546 1724 788 1763; x_wconf 89' lang='lat' dir='ltr'>detractionis</span> <span class='ocrx_word' id='word_1_165' title='bbox 826 1738 905 1763; x_wconf 92' lang='lat' dir='ltr'>non</span> <span class='ocrx_word' id='word_1_166' title='bbox 932 1725 1095 1774; x_wconf 88' lang='lat' dir='ltr'>pertinet</span> <span class='ocrx_word' id='word_1_167' title='bbox 1122 1725 1228 1774; x_wconf 88' lang='lat' dir='ltr'>quod</span> <span class='ocrx_word' id='word_1_168' title='bbox 1264 1725 1331 1762; x_wconf 92' lang='lat' dir='ltr'>fiat</span> <span class='ocrx_word' id='word_1_169' title='bbox 1356 1738 1427 1774; x_wconf 90' lang='lat' dir='ltr'>per</span> <span class='ocrx_word' id='word_1_170' title='bbox 1451 1726 1453 1735; x_wconf 60' lang='lat'>⁸</span> 
     </span>
     <span class='ocr_line' id='line_1_34' title="bbox 363 1776 669 1819; baseline 0.007 -6"><span class='ocrx_word' id='word_1_171' title='bbox 363 1776 511 1819; x_wconf 89' lang='lat' dir='ltr'>occulta</span> <span class='ocrx_word' id='word_1_172' title='bbox 538 1778 669 1815; x_wconf 85' lang='lat' dir='ltr'>verba.</span> 
     </span>
    </p>

    <p class='ocr_par' dir='ltr' id='par_1_18' title="bbox 361 1830 1452 2039">
     <span class='ocr_line' id='line_1_35' title="bbox 416 1830 1452 1882; baseline 0.003 -17"><span class='ocrx_word' id='word_1_173' title='bbox 416 1841 450 1866; x_wconf 92' lang='lat'>2.</span> <span class='ocrx_word' id='word_1_174' title='bbox 473 1830 708 1878; x_wconf 63' lang='lat' dir='ltr'>PRAETER-EA,</span> <span class='ocrx_word' id='word_1_175' title='bbox 737 1833 786 1869; x_wconf 91' lang='lat' dir='ltr'>ad</span> <span class='ocrx_word' id='word_1_176' title='bbox 806 1831 993 1869; x_wconf 90' lang='lat' dir='ltr'>rationem</span> <span class='ocrx_word' id='word_1_177' title='bbox 1021 1831 1147 1868; x_wconf 85' lang='lat' dir='ltr'>famae</span> <span class='ocrx_word' id='word_1_178' title='bbox 1173 1830 1336 1879; x_wconf 88' lang='lat' dir='ltr'>pertinet</span> <span class='ocrx_word' id='word_1_179' title='bbox 1356 1843 1426 1882; x_wconf 89' lang='lat' dir='ltr'>pu·-</span> <span class='ocrx_word' id='word_1_180' title='bbox 1450 1833 1452 1873; x_wconf 60' lang='grc' dir='ltr'>ξ</span> 
     </span>
     <span class='ocr_line' id='line_1_36' title="bbox 362 1882 1452 1936; baseline 0.003 -18"><span class='ocrx_word' id='word_1_181' title='bbox 362 1882 458 1919; x_wconf 89' lang='lat' dir='ltr'>blica</span> <span class='ocrx_word' id='word_1_182' title='bbox 478 1883 619 1921; x_wconf 89' lang='lat' dir='ltr'>notitia.</span> <span class='ocrx_word' id='word_1_183' title='bbox 643 1884 683 1922; x_wconf 92' lang='lat' dir='ltr'>Si</span> <span class='ocrx_word' id='word_1_184' title='bbox 701 1884 812 1932; x_wconf 89' lang='lat' dir='ltr'>igitur</span> <span class='ocrx_word' id='word_1_185' title='bbox 830 1897 898 1933; x_wconf 92' lang='lat' dir='ltr'>per</span> <span class='ocrx_word' id='word_1_186' title='bbox 914 1883 1189 1922; x_wconf 86' lang='lat' dir='ltr'>detractionem</span> <span class='ocrx_word' id='word_1_187' title='bbox 1210 1884 1425 1932; x_wconf 88' lang='lat' dir='ltr'>denigretur</span> <span class='ocrx_word' id='word_1_188' title='bbox 1450 1905 1452 1936; x_wconf 33' lang='grc' dir='ltr'>ἲ</span> 
     </span>
     <span class='ocr_line' id='line_1_37' title="bbox 361 1935 1452 1986; baseline 0.004 -15"><span class='ocrx_word' id='word_1_189' title='bbox 361 1935 463 1972; x_wconf 87' lang='lat' dir='ltr'>fama</span> <span class='ocrx_word' id='word_1_190' title='bbox 487 1936 654 1985; x_wconf 89' lang='lat' dir='ltr'>alicuius,</span> <span class='ocrx_word' id='word_1_191' title='bbox 675 1950 754 1974; x_wconf 93' lang='lat' dir='ltr'>non</span> <span class='ocrx_word' id='word_1_192' title='bbox 780 1937 918 1986; x_wconf 90' lang='lat' dir='ltr'>poterit</span> <span class='ocrx_word' id='word_1_193' title='bbox 934 1938 1010 1974; x_wconf 92' lang='lat' dir='ltr'>hoc</span> <span class='ocrx_word' id='word_1_194' title='bbox 1029 1937 1111 1974; x_wconf 91' lang='lat' dir='ltr'>fieri</span> <span class='ocrx_word' id='word_1_195' title='bbox 1135 1949 1206 1986; x_wconf 88' lang='lat' dir='ltr'>per</span> <span class='ocrx_word' id='word_1_196' title='bbox 1222 1938 1343 1975; x_wconf 80' lang='lat' dir='ltr'>verba</span> <span class='ocrx_word' id='word_1_197' title='bbox 1362 1950 1425 1974; x_wconf 93' lang='lat' dir='ltr'>oc·</span> <span class='ocrx_word' id='word_1_198' title='bbox 1450 1937 1452 1975; x_wconf 62' lang='grc' dir='ltr'>ὲ</span> 
     </span>
     <span class='ocr_line' id='line_1_38' title="bbox 362 1989 1251 2039; baseline 0.004 -15"><span class='ocrx_word' id='word_1_199' title='bbox 362 1989 472 2036; x_wconf 90' lang='lat' dir='ltr'>culta,</span> <span class='ocrx_word' id='word_1_200' title='bbox 503 1989 570 2026; x_wconf 91' lang='lat' dir='ltr'>sed</span> <span class='ocrx_word' id='word_1_201' title='bbox 597 2003 668 2039; x_wconf 89' lang='lat' dir='ltr'>per</span> <span class='ocrx_word' id='word_1_202' title='bbox 693 1991 814 2027; x_wconf 91' lang='lat' dir='ltr'>verba</span> <span class='ocrx_word' id='word_1_203' title='bbox 841 1990 881 2028; x_wconf 87' lang='lat' dir='ltr'>in</span> <span class='ocrx_word' id='word_1_204' title='bbox 909 1989 1111 2027; x_wconf 90' lang='lat' dir='ltr'>manifesto</span> <span class='ocrx_word' id='word_1_205' title='bbox 1140 1989 1251 2028; x_wconf 88' lang='lat' dir='ltr'>dicta.</span> 
     </span>
    </p>

    <p class='ocr_par' dir='ltr' id='par_1_19' title="bbox 359 2042 1453 2345">
     <span class='ocr_line' id='line_1_39' title="bbox 416 2042 1452 2092; baseline -0.001 -14"><span class='ocrx_word' id='word_1_206' title='bbox 416 2043 449 2078; x_wconf 90' lang='lat'>3.</span> <span class='ocrx_word' id='word_1_207' title='bbox 466 2042 701 2091; x_wconf 81' lang='lat' dir='ltr'>PRAETEREA,</span> <span class='ocrx_word' id='word_1_208' title='bbox 728 2044 788 2080; x_wconf 90' lang='lat' dir='ltr'>ille</span> <span class='ocrx_word' id='word_1_209' title='bbox 810 2043 970 2080; x_wconf 90' lang='lat' dir='ltr'>detrahit</span> <span class='ocrx_word' id='word_1_210' title='bbox 989 2043 1054 2092; x_wconf 92' lang='lat' dir='ltr'>qui</span> <span class='ocrx_word' id='word_1_211' title='bbox 1080 2042 1221 2091; x_wconf 92' lang='lat' dir='ltr'>aliquid</span> <span class='ocrx_word' id='word_1_212' title='bbox 1241 2042 1426 2081; x_wconf 82' lang='lat' dir='ltr'>subtrahit</span> <span class='ocrx_word' id='word_1_213' title='bbox 1451 2065 1452 2077; x_wconf 35' lang='lat' dir='ltr'>i</span> 
     </span>
     <span class='ocr_line' id='line_1_40' title="bbox 359 2094 1425 2146; baseline 0.002 -15"><span class='ocrx_word' id='word_1_214' title='bbox 359 2095 421 2131; x_wconf 88' lang='lat' dir='ltr'>vel</span> <span class='ocrx_word' id='word_1_215' title='bbox 441 2094 616 2133; x_wconf 87' lang='lat' dir='ltr'>diminuit</span> <span class='ocrx_word' id='word_1_216' title='bbox 644 2097 692 2134; x_wconf 89' lang='lat' dir='ltr'>de</span> <span class='ocrx_word' id='word_1_217' title='bbox 714 2109 762 2133; x_wconf 92' lang='lat' dir='ltr'>eo</span> <span class='ocrx_word' id='word_1_218' title='bbox 781 2097 887 2144; x_wconf 92' lang='lat' dir='ltr'>quod</span> <span class='ocrx_word' id='word_1_219' title='bbox 907 2103 977 2134; x_wconf 83' lang='lat' dir='ltr'>est.</span> <span class='ocrx_word' id='word_1_220' title='bbox 1005 2096 1083 2134; x_wconf 86' lang='lat' dir='ltr'>Sed</span> <span class='ocrx_word' id='word_1_221' title='bbox 1107 2096 1341 2146; x_wconf 85' lang='lat' dir='ltr'>quandoque</span> <span class='ocrx_word' id='word_1_222' title='bbox 1361 2097 1425 2133; x_wconf 93' lang='lat' dir='ltr'>de-</span> 
     </span>
     <span class='ocr_line' id='line_1_41' title="bbox 361 2147 1453 2202; baseline 0.003 -18"><span class='ocrx_word' id='word_1_223' title='bbox 361 2147 528 2195; x_wconf 88' lang='lat' dir='ltr'>nigratur</span> <span class='ocrx_word' id='word_1_224' title='bbox 555 2149 657 2186; x_wconf 86' lang='lat' dir='ltr'>fama</span> <span class='ocrx_word' id='word_1_225' title='bbox 687 2149 845 2188; x_wconf 84' lang='lat' dir='ltr'>alicuius</span> <span class='ocrx_word' id='word_1_226' title='bbox 875 2149 989 2188; x_wconf 84' lang='lat' dir='ltr'>etiam</span> <span class='ocrx_word' id='word_1_227' title='bbox 1015 2149 1045 2187; x_wconf 83' lang='lat' dir='ltr'>si</span> <span class='ocrx_word' id='word_1_228' title='bbox 1065 2149 1157 2187; x_wconf 83' lang='lat' dir='ltr'>nihil</span> <span class='ocrx_word' id='word_1_229' title='bbox 1184 2150 1427 2188; x_wconf 84' lang='lat' dir='ltr'>subtrahatur</span> <span class='ocrx_word' id='word_1_230' title='bbox 1451 2175 1453 2202; x_wconf 70' lang='lat'>3</span> 
     </span>
     <span class='ocr_line' id='line_1_42' title="bbox 361 2201 1453 2254; baseline 0.002 -16"><span class='ocrx_word' id='word_1_231' title='bbox 361 2202 408 2238; x_wconf 92' lang='lat' dir='ltr'>de</span> <span class='ocrx_word' id='word_1_232' title='bbox 436 2201 615 2239; x_wconf 90' lang='lat' dir='ltr'>veritate:</span> <span class='ocrx_word' id='word_1_233' title='bbox 645 2211 738 2251; x_wconf 91' lang='lat' dir='ltr'>puta</span> <span class='ocrx_word' id='word_1_234' title='bbox 767 2215 857 2240; x_wconf 88' lang='lat' dir='ltr'>cum</span> <span class='ocrx_word' id='word_1_235' title='bbox 886 2202 1021 2251; x_wconf 87' lang='lat' dir='ltr'>aliquis</span> <span class='ocrx_word' id='word_1_236' title='bbox 1047 2215 1140 2241; x_wconf 88' lang='lat' dir='ltr'>vera</span> <span class='ocrx_word' id='word_1_237' title='bbox 1174 2203 1333 2241; x_wconf 87' lang='lat' dir='ltr'>crimina</span> <span class='ocrx_word' id='word_1_238' title='bbox 1361 2203 1425 2240; x_wconf 88' lang='lat' dir='ltr'>ali-</span> <span class='ocrx_word' id='word_1_239' title='bbox 1451 2237 1453 2254; x_wconf 30' lang='grc' dir='ltr'>ἰ</span> 
     </span>
     <span class='ocr_line' id='line_1_43' title="bbox 361 2253 1453 2304; baseline 0.005 -14"><span class='ocrx_word' id='word_1_240' title='bbox 361 2253 467 2291; x_wconf 89' lang='lat' dir='ltr'>cuius</span> <span class='ocrx_word' id='word_1_241' title='bbox 485 2255 628 2303; x_wconf 87' lang='lat' dir='ltr'>pandit.</span> <span class='ocrx_word' id='word_1_242' title='bbox 668 2257 770 2304; x_wconf 88' lang='lat' dir='ltr'>Ergo</span> <span class='ocrx_word' id='word_1_243' title='bbox 800 2269 878 2293; x_wconf 91' lang='lat' dir='ltr'>non</span> <span class='ocrx_word' id='word_1_244' title='bbox 909 2256 1034 2294; x_wconf 87' lang='lat' dir='ltr'>omnis</span> <span class='ocrx_word' id='word_1_245' title='bbox 1063 2255 1270 2303; x_wconf 87' lang='lat' dir='ltr'>denigratio</span> <span class='ocrx_word' id='word_1_246' title='bbox 1300 2257 1426 2294; x_wconf 83' lang='lat' dir='ltr'>famae</span> <span class='ocrx_word' id='word_1_247' title='bbox 1451 2263 1453 2297; x_wconf 79' lang='grc' dir='ltr'>ἶ</span> 
     </span>
     <span class='ocr_line' id='line_1_44' title="bbox 361 2307 638 2345; baseline 0.004 -1"><span class='ocrx_word' id='word_1_248' title='bbox 361 2314 417 2344; x_wconf 92' lang='lat' dir='ltr'>est</span> <span class='ocrx_word' id='word_1_249' title='bbox 445 2307 638 2345; x_wconf 89' lang='lat' dir='ltr'>detractio.</span> 
     </span>
    </p>

    <p class='ocr_par' dir='ltr' id='par_1_20' title="bbox 360 2361 1430 2558">
     <span class='ocr_line' id='line_1_45' title="bbox 415 2361 1429 2410; baseline 0.003 -13"><span class='ocrx_word' id='word_1_250' title='bbox 415 2361 490 2398; x_wconf 86' lang='lat' dir='ltr'>SED</span> <span class='ocrx_word' id='word_1_251' title='bbox 523 2373 669 2398; x_wconf 81' lang='lat' dir='ltr'>CONTRA</span> <span class='ocrx_word' id='word_1_252' title='bbox 706 2373 771 2398; x_wconf 82' lang='lat' dir='ltr'>EST</span> <span class='ocrx_word' id='word_1_253' title='bbox 804 2361 910 2410; x_wconf 92' lang='lat' dir='ltr'>quod</span> <span class='ocrx_word' id='word_1_254' title='bbox 949 2361 1081 2399; x_wconf 90' lang='lat' dir='ltr'>dicitur</span> <span class='ocrx_word' id='word_1_255' title='bbox 1107 2362 1230 2400; x_wconf 89' lang='lat' dir='ltr'>Eccle.</span> <span class='ocrx_word' id='word_1_256' title='bbox 1260 2375 1284 2399; x_wconf 86' lang='lat' dir='ltr'><strong>x</strong></span> <span class='ocrx_word' id='word_1_257' title='bbox 1302 2362 1343 2399; x_wconf 71' lang='grc' dir='ltr'>*ε</span> <span class='ocrx_word' id='word_1_258' title='bbox 1386 2363 1429 2399; x_wconf 89' lang='lat' dir='ltr'>Si</span> 
     </span>
     <span class='ocr_line' id='line_1_46' title="bbox 360 2414 1430 2463; baseline 0.002 -13"><span class='ocrx_word' id='word_1_259' title='bbox 360 2414 533 2451; x_wconf 89' lang='lat' dir='ltr'>mordeat</span> <span class='ocrx_word' id='word_1_260' title='bbox 556 2427 708 2463; x_wconf 84' lang='lat' dir='ltr'>serpens</span> <span class='ocrx_word' id='word_1_261' title='bbox 732 2415 769 2451; x_wconf 90' lang='lat' dir='ltr'>in</span> <span class='ocrx_word' id='word_1_262' title='bbox 789 2414 946 2461; x_wconf 83' lang='lat' dir='ltr'>silentio,</span> <span class='ocrx_word' id='word_1_263' title='bbox 975 2415 1066 2452; x_wconf 86' lang='lat' dir='ltr'>nihil</span> <span class='ocrx_word' id='word_1_264' title='bbox 1093 2427 1136 2452; x_wconf 89' lang='lat' dir='ltr'>eo</span> <span class='ocrx_word' id='word_1_265' title='bbox 1165 2416 1290 2452; x_wconf 84' lang='lat' dir='ltr'>minus</span> <span class='ocrx_word' id='word_1_266' title='bbox 1316 2416 1430 2453; x_wconf 85' lang='lat' dir='ltr'>hahet</span> 
     </span>
     <span class='ocr_line' id='line_1_47' title="bbox 360 2467 1426 2515; baseline 0.001 -11"><span class='ocrx_word' id='word_1_267' title='bbox 360 2467 426 2515; x_wconf 84' lang='lat' dir='ltr'>qui</span> <span class='ocrx_word' id='word_1_268' title='bbox 452 2467 595 2504; x_wconf 87' lang='lat' dir='ltr'>occulte</span> <span class='ocrx_word' id='word_1_269' title='bbox 622 2468 792 2505; x_wconf 83' lang='lat' dir='ltr'>detrahit.</span> <span class='ocrx_word' id='word_1_270' title='bbox 835 2468 938 2515; x_wconf 90' lang='lat' dir='ltr'>Ergo</span> <span class='ocrx_word' id='word_1_271' title='bbox 977 2468 1123 2505; x_wconf 88' lang='lat' dir='ltr'>occulte</span> <span class='ocrx_word' id='word_1_272' title='bbox 1161 2468 1341 2506; x_wconf 91' lang='lat' dir='ltr'>mordere</span> <span class='ocrx_word' id='word_1_273' title='bbox 1373 2469 1426 2505; x_wconf 83' lang='lat' dir='ltr'>fa-</span> 
     </span>
     <span class='ocr_line' id='line_1_48' title="bbox 360 2521 975 2558; baseline 0 -1"><span class='ocrx_word' id='word_1_274' title='bbox 360 2532 466 2557; x_wconf 88' lang='lat' dir='ltr'>mam</span> <span class='ocrx_word' id='word_1_275' title='bbox 495 2521 652 2558; x_wconf 88' lang='lat' dir='ltr'>alicuius</span> <span class='ocrx_word' id='word_1_276' title='bbox 683 2528 737 2558; x_wconf 92' lang='lat' dir='ltr'>est</span> <span class='ocrx_word' id='word_1_277' title='bbox 766 2521 975 2558; x_wconf 88' lang='lat' dir='ltr'>detrahere.</span> 
     </span>
    </p>

    <p class='ocr_par' dir='ltr' id='par_1_21' title="bbox 359 2573 1452 2888">
     <span class='ocr_line' id='line_1_49' title="bbox 414 2573 1426 2623; baseline 0.002 -13"><span class='ocrx_word' id='word_1_278' title='bbox 414 2574 641 2612; x_wconf 66' lang='lat' dir='ltr'>REsponnno</span> <span class='ocrx_word' id='word_1_279' title='bbox 676 2585 863 2611; x_wconf 80' lang='lat' dir='ltr'>DiCENDuM</span> <span class='ocrx_word' id='word_1_280' title='bbox 895 2573 1002 2623; x_wconf 93' lang='lat' dir='ltr'>quod</span> <span class='ocrx_word' id='word_1_281' title='bbox 1037 2573 1132 2610; x_wconf 91' lang='lat' dir='ltr'>sicut</span> <span class='ocrx_word' id='word_1_282' title='bbox 1160 2574 1259 2611; x_wconf 85' lang='lat' dir='ltr'>facto</span> <span class='ocrx_word' id='word_1_283' title='bbox 1292 2573 1426 2623; x_wconf 89' lang='lat' dir='ltr'>aliquis</span> 
     </span>
     <span class='ocr_line' id='line_1_50' title="bbox 360 2626 1425 2676; baseline 0.002 -14"><span class='ocrx_word' id='word_1_284' title='bbox 360 2627 464 2663; x_wconf 92' lang='lat' dir='ltr'>alteri</span> <span class='ocrx_word' id='word_1_285' title='bbox 492 2635 606 2665; x_wconf 87' lang='lat' dir='ltr'>nocet</span> <span class='ocrx_word' id='word_1_286' title='bbox 634 2627 844 2676; x_wconf 84' lang='lat' dir='ltr'>dupliciter,</span> <span class='ocrx_word' id='word_1_287' title='bbox 875 2626 1074 2664; x_wconf 80' lang='lat' dir='ltr'>manifeste</span> <span class='ocrx_word' id='word_1_288' title='bbox 1094 2626 1251 2676; x_wconf 84' lang='lat' dir='ltr'>quidem</span> <span class='ocrx_word' id='word_1_289' title='bbox 1273 2627 1369 2664; x_wconf 91' lang='lat' dir='ltr'>sicut</span> <span class='ocrx_word' id='word_1_290' title='bbox 1386 2627 1425 2664; x_wconf 94' lang='lat' dir='ltr'>in</span> 
     </span>
     <span class='ocr_line' id='line_1_51' title="bbox 360 2679 1426 2729; baseline 0.001 -13"><span class='ocrx_word' id='word_1_291' title='bbox 360 2680 491 2729; x_wconf 91' lang='lat' dir='ltr'>rapina</span> <span class='ocrx_word' id='word_1_292' title='bbox 527 2681 590 2718; x_wconf 88' lang='lat' dir='ltr'>vel</span> <span class='ocrx_word' id='word_1_293' title='bbox 626 2692 870 2729; x_wconf 93' lang='lat' dir='ltr'>quacumque</span> <span class='ocrx_word' id='word_1_294' title='bbox 906 2679 1087 2716; x_wconf 88' lang='lat' dir='ltr'>violentia</span> <span class='ocrx_word' id='word_1_295' title='bbox 1123 2679 1240 2727; x_wconf 78' lang='lat' dir='ltr'>illata,</span> <span class='ocrx_word' id='word_1_296' title='bbox 1280 2681 1426 2717; x_wconf 86' lang='lat' dir='ltr'>occulte</span> 
     </span>
     <span class='ocr_line' id='line_1_52' title="bbox 359 2732 1426 2781; baseline 0 -11"><span class='ocrx_word' id='word_1_297' title='bbox 359 2741 487 2770; x_wconf 90' lang='lat' dir='ltr'>autem</span> <span class='ocrx_word' id='word_1_298' title='bbox 517 2733 613 2770; x_wconf 92' lang='lat' dir='ltr'>sicut</span> <span class='ocrx_word' id='word_1_299' title='bbox 647 2733 685 2770; x_wconf 92' lang='lat' dir='ltr'>in</span> <span class='ocrx_word' id='word_1_300' title='bbox 713 2734 812 2770; x_wconf 84' lang='lat' dir='ltr'>furto</span> <span class='ocrx_word' id='word_1_301' title='bbox 842 2740 878 2769; x_wconf 92' lang='lat' dir='ltr'>et</span> <span class='ocrx_word' id='word_1_302' title='bbox 907 2733 1041 2770; x_wconf 92' lang='lat' dir='ltr'>dolosa</span> <span class='ocrx_word' id='word_1_303' title='bbox 1069 2732 1337 2781; x_wconf 89' lang='lat' dir='ltr'>percussione;</span> <span class='ocrx_word' id='word_1_304' title='bbox 1375 2733 1426 2771; x_wconf 89' lang='lat' dir='ltr'>ita</span> 
     </span>
     <span class='ocr_line' id='line_1_53' title="bbox 360 2785 1424 2835; baseline 0.001 -13"><span class='ocrx_word' id='word_1_305' title='bbox 360 2786 472 2823; x_wconf 89' lang='lat' dir='ltr'>etiam</span> <span class='ocrx_word' id='word_1_306' title='bbox 492 2787 614 2824; x_wconf 86' lang='lat' dir='ltr'>verbo</span> <span class='ocrx_word' id='word_1_307' title='bbox 635 2786 768 2835; x_wconf 89' lang='lat' dir='ltr'>aliquis</span> <span class='ocrx_word' id='word_1_308' title='bbox 788 2785 984 2835; x_wconf 88' lang='lat' dir='ltr'>dupliciter</span> <span class='ocrx_word' id='word_1_309' title='bbox 1003 2785 1168 2834; x_wconf 90' lang='lat' dir='ltr'>aliquem</span> <span class='ocrx_word' id='word_1_310' title='bbox 1187 2786 1316 2824; x_wconf 90' lang='lat' dir='ltr'>laedit:</span> <span class='ocrx_word' id='word_1_311' title='bbox 1345 2799 1424 2824; x_wconf 94' lang='lat' dir='ltr'>uno</span> 
     </span>
     <span class='ocr_line' id='line_1_54' title="bbox 359 2839 1452 2888; baseline 0.001 -12"><span class='ocrx_word' id='word_1_312' title='bbox 359 2840 491 2887; x_wconf 88' lang='lat' dir='ltr'>modo,</span> <span class='ocrx_word' id='word_1_313' title='bbox 521 2840 559 2878; x_wconf 93' lang='lat' dir='ltr'>in</span> <span class='ocrx_word' id='word_1_314' title='bbox 584 2840 798 2887; x_wconf 87' lang='lat' dir='ltr'>manifesto,</span> <span class='ocrx_word' id='word_1_315' title='bbox 821 2847 857 2876; x_wconf 92' lang='lat' dir='ltr'>et</span> <span class='ocrx_word' id='word_1_316' title='bbox 879 2839 955 2876; x_wconf 92' lang='lat' dir='ltr'>hoc</span> <span class='ocrx_word' id='word_1_317' title='bbox 974 2839 1017 2876; x_wconf 90' lang='lat' dir='ltr'>fit</span> <span class='ocrx_word' id='word_1_318' title='bbox 1043 2851 1113 2888; x_wconf 92' lang='lat' dir='ltr'>per</span> <span class='ocrx_word' id='word_1_319' title='bbox 1137 2839 1424 2888; x_wconf 89' lang='lat' dir='ltr'>contumeliam,</span> <span class='ocrx_word' id='word_1_320' title='bbox 1451 2878 1452 2883; x_wconf 61' lang='grc'>,</span> 
     </span>
    </p>
   </div>
   <div class='ocr_carea' id='block_1_17' title="bbox 360 2945 1452 3312">
    <p class='ocr_par' dir='ltr' id='par_1_22' title="bbox 360 2945 1452 3312">
     <span class='ocr_line' id='line_1_55' title="bbox 360 2945 1452 2995; baseline 0 -12"><span class='ocrx_word' id='word_1_321' title='bbox 360 2946 435 2982; x_wconf 91' lang='lat' dir='ltr'>hoc</span> <span class='ocrx_word' id='word_1_322' title='bbox 462 2947 505 2983; x_wconf 91' lang='lat' dir='ltr'>fit</span> <span class='ocrx_word' id='word_1_323' title='bbox 537 2959 606 2995; x_wconf 91' lang='lat' dir='ltr'>per</span> <span class='ocrx_word' id='word_1_324' title='bbox 635 2945 921 2983; x_wconf 87' lang='lat' dir='ltr'>detractionem.</span> <span class='ocrx_word' id='word_1_325' title='bbox 965 2946 1023 2981; x_wconf 89' lang='lat' dir='ltr'>Ex</span> <span class='ocrx_word' id='word_1_326' title='bbox 1052 2945 1127 2982; x_wconf 90' lang='lat' dir='ltr'>hoc</span> <span class='ocrx_word' id='word_1_327' title='bbox 1161 2953 1290 2982; x_wconf 90' lang='lat' dir='ltr'>autem</span> <span class='ocrx_word' id='word_1_328' title='bbox 1319 2946 1425 2994; x_wconf 93' lang='lat' dir='ltr'>quod</span> <span class='ocrx_word' id='word_1_329' title='bbox 1451 2957 1452 2965; x_wconf 61' lang='lat'>¹</span> 
     </span>
     <span class='ocr_line' id='line_1_56' title="bbox 360 2998 1425 3048; baseline -0.001 -12"><span class='ocrx_word' id='word_1_330' title='bbox 360 2998 495 3048; x_wconf 88' lang='lat' dir='ltr'>aliquis</span> <span class='ocrx_word' id='word_1_331' title='bbox 524 2999 721 3036; x_wconf 90' lang='lat' dir='ltr'>manifeste</span> <span class='ocrx_word' id='word_1_332' title='bbox 740 2999 861 3035; x_wconf 89' lang='lat' dir='ltr'>verba</span> <span class='ocrx_word' id='word_1_333' title='bbox 886 3005 1017 3035; x_wconf 90' lang='lat' dir='ltr'>contra</span> <span class='ocrx_word' id='word_1_334' title='bbox 1045 2998 1161 3034; x_wconf 91' lang='lat' dir='ltr'>alium</span> <span class='ocrx_word' id='word_1_335' title='bbox 1190 2998 1344 3046; x_wconf 84' lang='lat' dir='ltr'>profert,</span> <span class='ocrx_word' id='word_1_336' title='bbox 1369 2998 1425 3035; x_wconf 88' lang='lat' dir='ltr'>vi—</span> 
     </span>
     <span class='ocr_line' id='line_1_57' title="bbox 361 3050 1426 3101; baseline 0 -12"><span class='ocrx_word' id='word_1_337' title='bbox 361 3052 471 3089; x_wconf 90' lang='lat' dir='ltr'>detur</span> <span class='ocrx_word' id='word_1_338' title='bbox 499 3065 588 3089; x_wconf 92' lang='lat' dir='ltr'>eum</span> <span class='ocrx_word' id='word_1_339' title='bbox 617 3051 912 3101; x_wconf 81' lang='lat' dir='ltr'>parvipendere,</span> <span class='ocrx_word' id='word_1_340' title='bbox 942 3050 1045 3087; x_wconf 93' lang='lat' dir='ltr'>unde</span> <span class='ocrx_word' id='word_1_341' title='bbox 1076 3063 1119 3088; x_wconf 87' lang='lat' dir='ltr'>ex</span> <span class='ocrx_word' id='word_1_342' title='bbox 1147 3051 1222 3088; x_wconf 91' lang='lat' dir='ltr'>hoc</span> <span class='ocrx_word' id='word_1_343' title='bbox 1250 3051 1334 3100; x_wconf 92' lang='lat' dir='ltr'>ipso</span> <span class='ocrx_word' id='word_1_344' title='bbox 1364 3063 1426 3089; x_wconf 85' lang='lat' dir='ltr'>ex·</span> 
     </span>
     <span class='ocr_line' id='line_1_58' title="bbox 361 3104 1425 3142; baseline 0 0"><span class='ocrx_word' id='word_1_345' title='bbox 361 3106 571 3142; x_wconf 88' lang='lat' dir='ltr'>honoratur</span> <span class='ocrx_word' id='word_1_346' title='bbox 602 3111 644 3142; x_wconf 61' lang='grc' dir='ltr'>ατ</span> <span class='ocrx_word' id='word_1_347' title='bbox 688 3112 724 3141; x_wconf 90' lang='lat' dir='ltr'>et</span> <span class='ocrx_word' id='word_1_348' title='bbox 753 3104 848 3141; x_wconf 85' lang='lat' dir='ltr'>ideo</span> <span class='ocrx_word' id='word_1_349' title='bbox 886 3104 1117 3140; x_wconf 87' lang='lat' dir='ltr'>contumelia</span> <span class='ocrx_word' id='word_1_350' title='bbox 1155 3104 1425 3142; x_wconf 85' lang='lat' dir='ltr'>detrimentum</span> 
     </span>
     <span class='ocr_line' id='line_1_59' title="bbox 362 3156 1426 3205; baseline -0.002 -9"><span class='ocrx_word' id='word_1_351' title='bbox 362 3158 471 3195; x_wconf 88' lang='lat' dir='ltr'>affert</span> <span class='ocrx_word' id='word_1_352' title='bbox 499 3158 635 3196; x_wconf 91' lang='lat' dir='ltr'>honori</span> <span class='ocrx_word' id='word_1_353' title='bbox 674 3158 755 3194; x_wconf 91' lang='lat' dir='ltr'>eius</span> <span class='ocrx_word' id='word_1_354' title='bbox 792 3157 831 3193; x_wconf 92' lang='lat' dir='ltr'>in</span> <span class='ocrx_word' id='word_1_355' title='bbox 859 3168 976 3204; x_wconf 91' lang='lat' dir='ltr'>quem</span> <span class='ocrx_word' id='word_1_356' title='bbox 1005 3157 1205 3204; x_wconf 86' lang='lat' dir='ltr'>profertur.</span> <span class='ocrx_word' id='word_1_357' title='bbox 1250 3156 1328 3194; x_wconf 90' lang='lat' dir='ltr'>Sed</span> <span class='ocrx_word' id='word_1_358' title='bbox 1360 3157 1426 3205; x_wconf 93' lang='lat' dir='ltr'>qui</span> 
     </span>
     <span class='ocr_line' id='line_1_60' title="bbox 361 3209 1427 3259; baseline -0.002 -10"><span class='ocrx_word' id='word_1_359' title='bbox 361 3213 480 3249; x_wconf 88' lang='lat' dir='ltr'>verba</span> <span class='ocrx_word' id='word_1_360' title='bbox 509 3219 640 3249; x_wconf 91' lang='lat' dir='ltr'>contra</span> <span class='ocrx_word' id='word_1_361' title='bbox 669 3211 834 3259; x_wconf 92' lang='lat' dir='ltr'>aliquem</span> <span class='ocrx_word' id='word_1_362' title='bbox 863 3210 1006 3258; x_wconf 89' lang='lat' dir='ltr'>profert</span> <span class='ocrx_word' id='word_1_363' title='bbox 1029 3209 1067 3246; x_wconf 91' lang='lat' dir='ltr'>in</span> <span class='ocrx_word' id='word_1_364' title='bbox 1092 3210 1254 3256; x_wconf 91' lang='lat' dir='ltr'>occulto,</span> <span class='ocrx_word' id='word_1_365' title='bbox 1275 3209 1427 3247; x_wconf 84' lang='lat' dir='ltr'>videtur</span> 
     </span>
     <span class='ocr_line' id='line_1_61' title="bbox 363 3262 1426 3312; baseline 0 -12"><span class='ocrx_word' id='word_1_366' title='bbox 363 3276 450 3301; x_wconf 91' lang='lat' dir='ltr'>eum</span> <span class='ocrx_word' id='word_1_367' title='bbox 470 3265 594 3302; x_wconf 91' lang='lat' dir='ltr'>vereri</span> <span class='ocrx_word' id='word_1_368' title='bbox 618 3264 738 3312; x_wconf 88' lang='lat' dir='ltr'>magis</span> <span class='ocrx_word' id='word_1_369' title='bbox 758 3274 875 3312; x_wconf 91' lang='lat' dir='ltr'>quam</span> <span class='ocrx_word' id='word_1_370' title='bbox 894 3262 1190 3311; x_wconf 88' lang='lat' dir='ltr'>parvipendere:</span> <span class='ocrx_word' id='word_1_371' title='bbox 1219 3262 1322 3299; x_wconf 90' lang='lat' dir='ltr'>unde</span> <span class='ocrx_word' id='word_1_372' title='bbox 1347 3275 1426 3300; x_wconf 89' lang='lat' dir='ltr'>non</span> 
     </span>
    </p>
   </div>
   <div class='ocr_carea' id='block_1_18' title="bbox 1451 1252 1457 3067">
    <p class='ocr_par' dir='ltr' id='par_1_23' title="bbox 1451 1252 1457 3067">
     <span class='ocr_line' id='line_1_62' title="bbox 1451 1252 1457 3067; baseline 0 0"><span class='ocrx_word' id='word_1_373' title='bbox 1451 1252 1457 3067; x_wconf 95' lang='lat' dir='ltr'> </span> 
     </span>
    </p>
   </div>
   <div class='ocr_carea' id='block_1_19' title="bbox 415 3377 1272 3483">
    <p class='ocr_par' dir='ltr' id='par_1_24' title="bbox 415 3377 1272 3483">
     <span class='ocr_line' id='line_1_63' title="bbox 416 3377 1231 3412; baseline -0.002 -9"><span class='ocrx_word' id='word_1_374' title='bbox 416 3379 442 3412; x_wconf 89' lang='grc' dir='ltr'>α)</span> <span class='ocrx_word' id='word_1_375' title='bbox 462 3379 655 3403; x_wconf 79' lang='lat' dir='ltr'>exhonoratur.</span> <span class='ocrx_word' id='word_1_376' title='bbox 667 3392 686 3396; x_wconf 98' lang='lat'><em>-</em></span> <span class='ocrx_word' id='word_1_377' title='bbox 705 3377 889 3402; x_wconf 81' lang='lat' dir='ltr'>dehonoratur</span> <span class='ocrx_word' id='word_1_378' title='bbox 908 3377 982 3408; x_wconf 83' lang='lat' dir='ltr'>PDL,</span> <span class='ocrx_word' id='word_1_379' title='bbox 1003 3377 1181 3402; x_wconf 79' lang='lat' dir='ltr'>inhonoratur</span> <span class='ocrx_word' id='word_1_380' title='bbox 1199 3377 1231 3401; x_wconf 90' lang='lat' dir='ltr'>G.</span> 
     </span>
     <span class='ocr_line' id='line_1_64' title="bbox 417 3413 923 3447; baseline -0.004 -8"><span class='ocrx_word' id='word_1_381' title='bbox 417 3414 441 3447; x_wconf 78' lang='grc' dir='ltr'>β)</span> <span class='ocrx_word' id='word_1_382' title='bbox 460 3414 566 3439; x_wconf 79' lang='lat' dir='ltr'>scilicet.</span> <span class='ocrx_word' id='word_1_383' title='bbox 578 3427 597 3432; x_wconf 97' lang='lat'>—</span> <span class='ocrx_word' id='word_1_384' title='bbox 615 3414 638 3438; x_wconf 83' lang='lat' dir='ltr'>si</span> <span class='ocrx_word' id='word_1_385' title='bbox 655 3413 754 3438; x_wconf 84' lang='lat' dir='ltr'>scilicet</span> <span class='ocrx_word' id='word_1_386' title='bbox 771 3413 845 3444; x_wconf 79' lang='lat' dir='ltr'>ABF’,</span> <span class='ocrx_word' id='word_1_387' title='bbox 865 3413 888 3437; x_wconf 84' lang='lat' dir='ltr'>si</span> <span class='ocrx_word' id='word_1_388' title='bbox 906 3413 923 3437; x_wconf 95' lang='lat' dir='ltr'>I.</span> 
     </span>
     <span class='ocr_line' id='line_1_65' title="bbox 415 3448 1272 3483; baseline -0.002 -9"><span class='ocrx_word' id='word_1_389' title='bbox 415 3450 442 3483; x_wconf 79' lang='grc' dir='ltr'>γ)</span> <span class='ocrx_word' id='word_1_390' title='bbox 462 3449 656 3474; x_wconf 81' lang='lat' dir='ltr'>involuntariis.</span> <span class='ocrx_word' id='word_1_391' title='bbox 668 3461 686 3467; x_wconf 87' lang='lat'>—</span> <span class='ocrx_word' id='word_1_392' title='bbox 705 3448 863 3473; x_wconf 80' lang='lat' dir='ltr'>voluntariis</span> <span class='ocrx_word' id='word_1_393' title='bbox 882 3448 920 3472; x_wconf 84' lang='lat' dir='ltr'>Pa</span> <span class='ocrx_word' id='word_1_394' title='bbox 939 3452 965 3472; x_wconf 91' lang='lat' dir='ltr'>et</span> <span class='ocrx_word' id='word_1_395' title='bbox 984 3448 1084 3472; x_wconf 88' lang='lat' dir='ltr'>codices</span> <span class='ocrx_word' id='word_1_396' title='bbox 1105 3452 1208 3480; x_wconf 82' lang='lat' dir='ltr'>excepta</span> <span class='ocrx_word' id='word_1_397' title='bbox 1228 3448 1272 3472; x_wconf 88' lang='lat' dir='ltr'>sC.</span> 
     </span>
    </p>
   </div>
   <div class='ocr_carea' id='block_1_20' title="bbox 1450 1252 1457 3481">
    <p class='ocr_par' dir='ltr' id='par_1_25' title="bbox 1450 1252 1457 3481">
     <span class='ocr_line' id='line_1_66' title="bbox 1450 1252 1457 3481; baseline 0 0"><span class='ocrx_word' id='word_1_398' title='bbox 1450 1252 1457 3481; x_wconf 95' lang='lat' dir='ltr'> </span> 
     </span>
    </p>
   </div>
   <div class='ocr_carea' id='block_1_21' title="bbox 1393 1166 1850 1199">
    <p class='ocr_par' dir='ltr' id='par_1_26' title="bbox 1393 1166 1850 1199">
     <span class='ocr_line' id='line_1_67' title="bbox 1393 1166 1850 1199; baseline 0.004 -10"><span class='ocrx_word' id='word_1_399' title='bbox 1393 1173 1419 1195; x_wconf 82' lang='lat'>1;</span> <span class='ocrx_word' id='word_1_400' title='bbox 1438 1166 1483 1190; x_wconf 83' lang='lat' dir='ltr'>Ad</span> <span class='ocrx_word' id='word_1_401' title='bbox 1500 1166 1587 1195; x_wconf 72' lang='lat' dir='ltr'>Rom„</span> <span class='ocrx_word' id='word_1_402' title='bbox 1607 1173 1663 1199; x_wconf 81' lang='lat' dir='ltr'>cap.</span> <span class='ocrx_word' id='word_1_403' title='bbox 1681 1173 1699 1197; x_wconf 86' lang='lat'>1,</span> <span class='ocrx_word' id='word_1_404' title='bbox 1719 1166 1777 1191; x_wconf 89' lang='lat' dir='ltr'>lect.</span> <span class='ocrx_word' id='word_1_405' title='bbox 1795 1171 1850 1191; x_wconf 83' lang='lat' dir='ltr'>vm.</span> 
     </span>
    </p>
   </div>
   <div class='ocr_carea' id='block_1_22' title="bbox 1477 1244 2582 2303">
    <p class='ocr_par' dir='ltr' id='par_1_27' title="bbox 1481 1244 2550 1559">
     <span class='ocr_line' id='line_1_68' title="bbox 1483 1244 2550 1295; baseline 0.004 -14"><span class='ocrx_word' id='word_1_406' title='bbox 1483 1244 1623 1282; x_wconf 89' lang='lat' dir='ltr'>directe</span> <span class='ocrx_word' id='word_1_407' title='bbox 1642 1245 1753 1282; x_wconf 90' lang='lat' dir='ltr'>infert</span> <span class='ocrx_word' id='word_1_408' title='bbox 1772 1245 2040 1285; x_wconf 89' lang='lat' dir='ltr'>detrimentum</span> <span class='ocrx_word' id='word_1_409' title='bbox 2065 1247 2216 1295; x_wconf 89' lang='lat' dir='ltr'>honori,</span> <span class='ocrx_word' id='word_1_410' title='bbox 2236 1248 2304 1285; x_wconf 89' lang='lat' dir='ltr'>sed</span> <span class='ocrx_word' id='word_1_411' title='bbox 2323 1248 2465 1294; x_wconf 88' lang='lat' dir='ltr'>famae;</span> <span class='ocrx_word' id='word_1_412' title='bbox 2495 1248 2550 1285; x_wconf 92' lang='lat' dir='ltr'>in-</span> 
     </span>
     <span class='ocr_line' id='line_1_69' title="bbox 1483 1297 2547 1349; baseline 0.004 -15"><span class='ocrx_word' id='word_1_413' title='bbox 1483 1305 1691 1347; x_wconf 80' lang='lat' dir='ltr'>quantum,</span> <span class='ocrx_word' id='word_1_414' title='bbox 1728 1297 1950 1335; x_wconf 87' lang='lat' dir='ltr'>huiusmodi</span> <span class='ocrx_word' id='word_1_415' title='bbox 1986 1299 2107 1336; x_wconf 91' lang='lat' dir='ltr'>verba</span> <span class='ocrx_word' id='word_1_416' title='bbox 2143 1300 2290 1336; x_wconf 93' lang='lat' dir='ltr'>occulte</span> <span class='ocrx_word' id='word_1_417' title='bbox 2328 1301 2547 1349; x_wconf 87' lang='lat' dir='ltr'>proferens,</span> 
     </span>
     <span class='ocr_line' id='line_1_70' title="bbox 1481 1350 2550 1400; baseline 0.004 -13"><span class='ocrx_word' id='word_1_418' title='bbox 1481 1358 1668 1400; x_wconf 88' lang='lat' dir='ltr'>quantum</span> <span class='ocrx_word' id='word_1_419' title='bbox 1697 1350 1736 1387; x_wconf 94' lang='lat' dir='ltr'>in</span> <span class='ocrx_word' id='word_1_420' title='bbox 1765 1351 1849 1400; x_wconf 93' lang='lat' dir='ltr'>ipso</span> <span class='ocrx_word' id='word_1_421' title='bbox 1880 1359 1946 1398; x_wconf 88' lang='lat' dir='ltr'>est,</span> <span class='ocrx_word' id='word_1_422' title='bbox 1976 1363 2043 1388; x_wconf 92' lang='lat' dir='ltr'>eos</span> <span class='ocrx_word' id='word_1_423' title='bbox 2072 1352 2138 1399; x_wconf 94' lang='lat' dir='ltr'>qui</span> <span class='ocrx_word' id='word_1_424' title='bbox 2167 1352 2327 1389; x_wconf 89' lang='lat' dir='ltr'>audiunt</span> <span class='ocrx_word' id='word_1_425' title='bbox 2353 1353 2442 1390; x_wconf 88' lang='lat' dir='ltr'>facit</span> <span class='ocrx_word' id='word_1_426' title='bbox 2469 1366 2550 1392; x_wconf 89' lang='lat' dir='ltr'>ma-</span> 
     </span>
     <span class='ocr_line' id='line_1_71' title="bbox 1481 1403 2549 1455; baseline 0.003 -14"><span class='ocrx_word' id='word_1_427' title='bbox 1481 1404 1558 1441; x_wconf 91' lang='lat' dir='ltr'>lam</span> <span class='ocrx_word' id='word_1_428' title='bbox 1593 1403 1818 1453; x_wconf 89' lang='lat' dir='ltr'>opinionem</span> <span class='ocrx_word' id='word_1_429' title='bbox 1855 1404 1998 1441; x_wconf 91' lang='lat' dir='ltr'>habere</span> <span class='ocrx_word' id='word_1_430' title='bbox 2027 1404 2074 1441; x_wconf 94' lang='lat' dir='ltr'>de</span> <span class='ocrx_word' id='word_1_431' title='bbox 2104 1417 2151 1441; x_wconf 93' lang='lat' dir='ltr'>eo</span> <span class='ocrx_word' id='word_1_432' title='bbox 2181 1413 2312 1442; x_wconf 92' lang='lat' dir='ltr'>contra</span> <span class='ocrx_word' id='word_1_433' title='bbox 2339 1418 2457 1455; x_wconf 89' lang='lat' dir='ltr'>quem</span> <span class='ocrx_word' id='word_1_434' title='bbox 2494 1408 2549 1444; x_wconf 93' lang='lat' dir='ltr'>lo-</span> 
     </span>
     <span class='ocr_line' id='line_1_72' title="bbox 1481 1457 2549 1507; baseline 0.003 -12"><span class='ocrx_word' id='word_1_435' title='bbox 1481 1457 1619 1507; x_wconf 90' lang='lat' dir='ltr'>quitur.</span> <span class='ocrx_word' id='word_1_436' title='bbox 1662 1458 1753 1496; x_wconf 73' lang='lat' dir='ltr'>Hoc,</span> <span class='ocrx_word' id='word_1_437' title='bbox 1778 1457 1879 1495; x_wconf 90' lang='lat' dir='ltr'>enim</span> <span class='ocrx_word' id='word_1_438' title='bbox 1906 1457 2103 1495; x_wconf 89' lang='lat' dir='ltr'>intendere</span> <span class='ocrx_word' id='word_1_439' title='bbox 2131 1457 2303 1506; x_wconf 87' lang='lat' dir='ltr'>videtur,</span> <span class='ocrx_word' id='word_1_440' title='bbox 2334 1466 2372 1496; x_wconf 88' lang='lat' dir='ltr'>et</span> <span class='ocrx_word' id='word_1_441' title='bbox 2396 1459 2448 1501; x_wconf 73' lang='lat' dir='ltr'>ad</span> <span class='ocrx_word' id='word_1_442' title='bbox 2473 1460 2549 1499; x_wconf 81' lang='lat' dir='ltr'>hoc</span> 
     </span>
     <span class='ocr_line' id='line_1_73' title="bbox 1481 1510 2527 1559; baseline 0.001 -11"><span class='ocrx_word' id='word_1_443' title='bbox 1481 1518 1641 1548; x_wconf 86' lang='lat' dir='ltr'>conatur</span> <span class='ocrx_word' id='word_1_444' title='bbox 1660 1511 1875 1559; x_wconf 89' lang='lat' dir='ltr'>detrahens,</span> <span class='ocrx_word' id='word_1_445' title='bbox 1895 1518 1938 1547; x_wconf 91' lang='lat' dir='ltr'>ut</span> <span class='ocrx_word' id='word_1_446' title='bbox 1964 1510 2045 1548; x_wconf 88' lang='lat' dir='ltr'>eius</span> <span class='ocrx_word' id='word_1_447' title='bbox 2062 1511 2192 1549; x_wconf 89' lang='lat' dir='ltr'>verbis</span> <span class='ocrx_word' id='word_1_448' title='bbox 2220 1512 2407 1550; x_wconf 78' lang='lat' dir='ltr'>credatur.</span> <span class='ocrx_word' id='word_1_449' title='bbox 2526 1512 2527 1515; x_wconf 73' lang='grc'>’</span> 
     </span>
    </p>

    <p class='ocr_par' dir='ltr' id='par_1_28' title="bbox 1477 1563 2550 1931">
     <span class='ocr_line' id='line_1_74' title="bbox 1533 1563 2550 1613; baseline 0.001 -11"><span class='ocrx_word' id='word_1_450' title='bbox 1533 1564 1645 1602; x_wconf 89' lang='lat' dir='ltr'>Unde</span> <span class='ocrx_word' id='word_1_451' title='bbox 1664 1571 1768 1613; x_wconf 85' lang='lat' dir='ltr'>patet</span> <span class='ocrx_word' id='word_1_452' title='bbox 1791 1563 1898 1613; x_wconf 94' lang='lat' dir='ltr'>quod</span> <span class='ocrx_word' id='word_1_453' title='bbox 1917 1563 2098 1601; x_wconf 83' lang='lat' dir='ltr'>detractio</span> <span class='ocrx_word' id='word_1_454' title='bbox 2129 1563 2255 1602; x_wconf 86' lang='lat' dir='ltr'>differt</span> <span class='ocrx_word' id='word_1_455' title='bbox 2273 1577 2296 1602; x_wconf 91' lang='lat' dir='ltr'>a</span> <span class='ocrx_word' id='word_1_456' title='bbox 2316 1564 2550 1605; x_wconf 74' lang='lat' dir='ltr'>contumelia</span> 
     </span>
     <span class='ocr_line' id='line_1_75' title="bbox 1481 1617 2549 1668; baseline 0.004 -14"><span class='ocrx_word' id='word_1_457' title='bbox 1481 1617 1691 1666; x_wconf 90' lang='lat' dir='ltr'>dupliciter.</span> <span class='ocrx_word' id='word_1_458' title='bbox 1725 1618 1813 1655; x_wconf 92' lang='lat' dir='ltr'>Uno</span> <span class='ocrx_word' id='word_1_459' title='bbox 1837 1617 1970 1665; x_wconf 87' lang='lat' dir='ltr'>modo,</span> <span class='ocrx_word' id='word_1_460' title='bbox 1994 1624 2183 1666; x_wconf 88' lang='lat' dir='ltr'>quantum</span> <span class='ocrx_word' id='word_1_461' title='bbox 2203 1619 2253 1656; x_wconf 84' lang='lat' dir='ltr'>ad</span> <span class='ocrx_word' id='word_1_462' title='bbox 2273 1618 2439 1658; x_wconf 84' lang='lat' dir='ltr'>modum</span> <span class='ocrx_word' id='word_1_463' title='bbox 2458 1623 2549 1668; x_wconf 74' lang='lat' dir='ltr'>pro-</span> 
     </span>
     <span class='ocr_line' id='line_1_76' title="bbox 1479 1670 2549 1720; baseline 0.002 -12"><span class='ocrx_word' id='word_1_464' title='bbox 1479 1670 1649 1719; x_wconf 87' lang='lat' dir='ltr'>ponendi</span> <span class='ocrx_word' id='word_1_465' title='bbox 1664 1671 1806 1708; x_wconf 89' lang='lat' dir='ltr'>verba:</span> <span class='ocrx_word' id='word_1_466' title='bbox 1835 1670 1925 1720; x_wconf 89' lang='lat' dir='ltr'>quia</span> <span class='ocrx_word' id='word_1_467' title='bbox 1947 1670 2090 1708; x_wconf 88' lang='lat' dir='ltr'>scilicet</span> <span class='ocrx_word' id='word_1_468' title='bbox 2105 1671 2407 1710; x_wconf 88' lang='lat' dir='ltr'>contumeliosus</span> <span class='ocrx_word' id='word_1_469' title='bbox 2426 1670 2549 1711; x_wconf 73' lang='lat' dir='ltr'>mani-</span> 
     </span>
     <span class='ocr_line' id='line_1_77' title="bbox 1479 1723 2547 1773; baseline 0.003 -13"><span class='ocrx_word' id='word_1_470' title='bbox 1479 1724 1572 1761; x_wconf 85' lang='lat' dir='ltr'>feste</span> <span class='ocrx_word' id='word_1_471' title='bbox 1593 1730 1725 1761; x_wconf 84' lang='lat' dir='ltr'>contra</span> <span class='ocrx_word' id='word_1_472' title='bbox 1744 1723 1909 1773; x_wconf 88' lang='lat' dir='ltr'>aliquem</span> <span class='ocrx_word' id='word_1_473' title='bbox 1930 1723 2109 1772; x_wconf 85' lang='lat' dir='ltr'>loquitur,</span> <span class='ocrx_word' id='word_1_474' title='bbox 2125 1724 2316 1762; x_wconf 90' lang='lat' dir='ltr'>detractor</span> <span class='ocrx_word' id='word_1_475' title='bbox 2334 1731 2464 1763; x_wconf 90' lang='lat' dir='ltr'>autern</span> <span class='ocrx_word' id='word_1_476' title='bbox 2483 1738 2547 1763; x_wconf 90' lang='lat' dir='ltr'>oc-</span> 
     </span>
     <span class='ocr_line' id='line_1_78' title="bbox 1480 1775 2547 1827; baseline 0.003 -13"><span class='ocrx_word' id='word_1_477' title='bbox 1480 1777 1589 1814; x_wconf 89' lang='lat' dir='ltr'>culte.</span> <span class='ocrx_word' id='word_1_478' title='bbox 1605 1776 1692 1814; x_wconf 93' lang='lat' dir='ltr'>Alio</span> <span class='ocrx_word' id='word_1_479' title='bbox 1708 1775 1841 1824; x_wconf 89' lang='lat' dir='ltr'>modo,</span> <span class='ocrx_word' id='word_1_480' title='bbox 1853 1784 2041 1825; x_wconf 86' lang='lat' dir='ltr'>quantum</span> <span class='ocrx_word' id='word_1_481' title='bbox 2057 1777 2106 1814; x_wconf 89' lang='lat' dir='ltr'>ad</span> <span class='ocrx_word' id='word_1_482' title='bbox 2119 1777 2240 1815; x_wconf 88' lang='lat' dir='ltr'>finem</span> <span class='ocrx_word' id='word_1_483' title='bbox 2254 1777 2455 1827; x_wconf 87' lang='lat' dir='ltr'>intentum,</span> <span class='ocrx_word' id='word_1_484' title='bbox 2466 1778 2547 1822; x_wconf 80' lang='lat' dir='ltr'>sive</span> 
     </span>
     <span class='ocr_line' id='line_1_79' title="bbox 1478 1829 2547 1879; baseline 0.004 -13"><span class='ocrx_word' id='word_1_485' title='bbox 1478 1836 1665 1879; x_wconf 90' lang='lat' dir='ltr'>quantum</span> <span class='ocrx_word' id='word_1_486' title='bbox 1689 1829 1738 1868; x_wconf 83' lang='lat' dir='ltr'>ad</span> <span class='ocrx_word' id='word_1_487' title='bbox 1758 1836 2036 1867; x_wconf 90' lang='lat' dir='ltr'>nocumentum</span> <span class='ocrx_word' id='word_1_488' title='bbox 2060 1829 2228 1868; x_wconf 89' lang='lat' dir='ltr'>illatum:</span> <span class='ocrx_word' id='word_1_489' title='bbox 2258 1830 2349 1879; x_wconf 78' lang='lat' dir='ltr'>quia</span> <span class='ocrx_word' id='word_1_490' title='bbox 2373 1830 2517 1870; x_wconf 81' lang='lat' dir='ltr'>scilicet</span> <span class='ocrx_word' id='word_1_491' title='bbox 2531 1829 2547 1862; x_wconf 67' lang='grc' dir='ltr'><strong>β</strong></span> 
     </span>
     <span class='ocr_line' id='line_1_80' title="bbox 1477 1882 2546 1931; baseline 0.003 -11"><span class='ocrx_word' id='word_1_492' title='bbox 1477 1882 1780 1920; x_wconf 83' lang='lat' dir='ltr'>contumeliosus</span> <span class='ocrx_word' id='word_1_493' title='bbox 1815 1882 1972 1931; x_wconf 84' lang='lat' dir='ltr'>derogat</span> <span class='ocrx_word' id='word_1_494' title='bbox 2003 1882 2160 1931; x_wconf 90' lang='lat' dir='ltr'>honori,</span> <span class='ocrx_word' id='word_1_495' title='bbox 2191 1883 2382 1922; x_wconf 86' lang='lat' dir='ltr'>detractor</span> <span class='ocrx_word' id='word_1_496' title='bbox 2407 1884 2546 1923; x_wconf 74' lang='lat' dir='ltr'>famae.</span> 
     </span>
    </p>

    <p class='ocr_par' dir='ltr' id='par_1_29' title="bbox 1479 1936 2582 2251">
     <span class='ocr_line' id='line_1_81' title="bbox 1531 1936 2548 1985; baseline 0.003 -13"><span class='ocrx_word' id='word_1_497' title='bbox 1531 1938 1590 1973; x_wconf 85' lang='lat' dir='ltr'>An</span> <span class='ocrx_word' id='word_1_498' title='bbox 1617 1947 1755 1973; x_wconf 69' lang='lat' dir='ltr'>Palmum</span> <span class='ocrx_word' id='word_1_499' title='bbox 1781 1947 1880 1973; x_wconf 85' lang='lat' dir='ltr'>ERGO</span> <span class='ocrx_word' id='word_1_500' title='bbox 1913 1947 2102 1973; x_wconf 83' lang='lat' dir='ltr'><strong>DICENDUM</strong></span> <span class='ocrx_word' id='word_1_501' title='bbox 2133 1936 2239 1985; x_wconf 93' lang='lat' dir='ltr'>quod</span> <span class='ocrx_word' id='word_1_502' title='bbox 2265 1936 2305 1974; x_wconf 90' lang='lat' dir='ltr'>in</span> <span class='ocrx_word' id='word_1_503' title='bbox 2332 1936 2548 1980; x_wconf 69' lang='lat' dir='ltr'>involunta-v</span> 
     </span>
     <span class='ocr_line' id='line_1_82' title="bbox 1479 1987 2582 2037; baseline 0.002 -11"><span class='ocrx_word' id='word_1_504' title='bbox 1479 1988 1541 2026; x_wconf 87' lang='lat' dir='ltr'>riis</span> <span class='ocrx_word' id='word_1_505' title='bbox 1553 1994 1569 2018; x_wconf 75' lang='grc' dir='ltr'><strong>Υ</strong></span> <span class='ocrx_word' id='word_1_506' title='bbox 1588 1988 1967 2036; x_wconf 87' lang='lat' dir='ltr'>commutationibus,</span> <span class='ocrx_word' id='word_1_507' title='bbox 1982 1988 2032 2027; x_wconf 89' lang='lat' dir='ltr'>ad</span> <span class='ocrx_word' id='word_1_508' title='bbox 2051 2001 2147 2037; x_wconf 83' lang='lat' dir='ltr'>quas</span> <span class='ocrx_word' id='word_1_509' title='bbox 2166 1989 2403 2029; x_wconf 83' lang='lat' dir='ltr'>reducuntur</span> <span class='ocrx_word' id='word_1_510' title='bbox 2417 1990 2549 2029; x_wconf 83' lang='lat' dir='ltr'>omnia</span> <span class='ocrx_word' id='word_1_511' title='bbox 2579 1987 2582 1991; x_wconf 84' lang='grc'><strong>’</strong></span> 
     </span>
     <span class='ocr_line' id='line_1_83' title="bbox 1479 2041 2548 2091; baseline 0.001 -11"><span class='ocrx_word' id='word_1_512' title='bbox 1479 2049 1712 2081; x_wconf 82' lang='lat' dir='ltr'>nocumenta</span> <span class='ocrx_word' id='word_1_513' title='bbox 1731 2041 1908 2091; x_wconf 84' lang='lat' dir='ltr'>proximo</span> <span class='ocrx_word' id='word_1_514' title='bbox 1937 2042 2039 2080; x_wconf 81' lang='lat' dir='ltr'>illata</span> <span class='ocrx_word' id='word_1_515' title='bbox 2056 2042 2178 2079; x_wconf 88' lang='lat' dir='ltr'>verbo</span> <span class='ocrx_word' id='word_1_516' title='bbox 2198 2043 2262 2080; x_wconf 89' lang='lat' dir='ltr'>vel</span> <span class='ocrx_word' id='word_1_517' title='bbox 2289 2042 2402 2091; x_wconf 86' lang='lat' dir='ltr'>facto,</span> <span class='ocrx_word' id='word_1_518' title='bbox 2423 2043 2548 2086; x_wconf 84' lang='lat' dir='ltr'>diver-</span> 
     </span>
     <span class='ocr_line' id='line_1_84' title="bbox 1480 2093 2548 2145; baseline 0.004 -12"><span class='ocrx_word' id='word_1_519' title='bbox 1480 2096 1601 2134; x_wconf 86' lang='lat' dir='ltr'>sificat</span> <span class='ocrx_word' id='word_1_520' title='bbox 1630 2093 1643 2117; x_wconf 60' lang='grc' dir='ltr'><em>Β</em></span> <span class='ocrx_word' id='word_1_521' title='bbox 1679 2095 1868 2133; x_wconf 87' lang='lat' dir='ltr'>rationem</span> <span class='ocrx_word' id='word_1_522' title='bbox 1899 2095 2047 2145; x_wconf 82' lang='lat' dir='ltr'>peccati</span> <span class='ocrx_word' id='word_1_523' title='bbox 2081 2095 2278 2133; x_wconf 85' lang='lat' dir='ltr'>occultum</span> <span class='ocrx_word' id='word_1_524' title='bbox 2316 2103 2354 2133; x_wconf 85' lang='lat' dir='ltr'>et</span> <span class='ocrx_word' id='word_1_525' title='bbox 2388 2095 2548 2138; x_wconf 43' lang='lat' dir='ltr'>manif&amp;</span> 
     </span>
     <span class='ocr_line' id='line_1_85' title="bbox 1480 2148 2549 2198; baseline 0.002 -12"><span class='ocrx_word' id='word_1_526' title='bbox 1480 2157 1602 2187; x_wconf 87' lang='lat' dir='ltr'>stum:</span> <span class='ocrx_word' id='word_1_527' title='bbox 1633 2148 1723 2197; x_wconf 87' lang='lat' dir='ltr'>quia</span> <span class='ocrx_word' id='word_1_528' title='bbox 1746 2148 1818 2186; x_wconf 85' lang='lat' dir='ltr'>alia</span> <span class='ocrx_word' id='word_1_529' title='bbox 1838 2155 1895 2186; x_wconf 83' lang='lat' dir='ltr'>est</span> <span class='ocrx_word' id='word_1_530' title='bbox 1921 2148 2016 2186; x_wconf 90' lang='lat' dir='ltr'>ratio</span> <span class='ocrx_word' id='word_1_531' title='bbox 2040 2148 2287 2186; x_wconf 79' lang='lat' dir='ltr'>involuntarii</span> <span class='ocrx_word' id='word_1_532' title='bbox 2303 2161 2375 2198; x_wconf 86' lang='lat' dir='ltr'>per</span> <span class='ocrx_word' id='word_1_533' title='bbox 2401 2149 2549 2197; x_wconf 68' lang='lat' dir='ltr'>violen-</span> 
     </span>
     <span class='ocr_line' id='line_1_86' title="bbox 1479 2201 2546 2251; baseline 0.001 -12"><span class='ocrx_word' id='word_1_534' title='bbox 1479 2202 1583 2249; x_wconf 86' lang='lat' dir='ltr'>tiam,</span> <span class='ocrx_word' id='word_1_535' title='bbox 1606 2209 1642 2238; x_wconf 91' lang='lat' dir='ltr'>et</span> <span class='ocrx_word' id='word_1_536' title='bbox 1668 2214 1737 2251; x_wconf 91' lang='lat' dir='ltr'>per</span> <span class='ocrx_word' id='word_1_537' title='bbox 1766 2201 2030 2250; x_wconf 80' lang='lat' dir='ltr'>ignorantiam,</span> <span class='ocrx_word' id='word_1_538' title='bbox 2054 2209 2096 2238; x_wconf 92' lang='lat' dir='ltr'>ut</span> <span class='ocrx_word' id='word_1_539' title='bbox 2124 2214 2240 2251; x_wconf 88' lang='lat' dir='ltr'>supra</span> <span class='ocrx_word' id='word_1_540' title='bbox 2261 2201 2282 2223; x_wconf 85' lang='lat'>*</span> <span class='ocrx_word' id='word_1_541' title='bbox 2307 2201 2546 2250; x_wconf 51' lang='lat' dir='ltr'>dictumest,</span> 
     </span>
    </p>

    <p class='ocr_par' dir='ltr' id='par_1_30' title="bbox 1533 2254 2548 2303">
     <span class='ocr_line' id='line_1_87' title="bbox 1533 2254 2548 2303; baseline 0 -10"><span class='ocrx_word' id='word_1_542' title='bbox 1533 2258 1594 2293; x_wconf 78' lang='lat' dir='ltr'>An</span> <span class='ocrx_word' id='word_1_543' title='bbox 1611 2267 1804 2293; x_wconf 76' lang='lat' dir='ltr'>SECUNDUM</span> <span class='ocrx_word' id='word_1_544' title='bbox 1824 2266 2009 2293; x_wconf 60' lang='lat' dir='ltr'>morannum</span> <span class='ocrx_word' id='word_1_545' title='bbox 2029 2254 2136 2303; x_wconf 87' lang='lat' dir='ltr'>quod</span> <span class='ocrx_word' id='word_1_546' title='bbox 2160 2255 2283 2294; x_wconf 88' lang='lat' dir='ltr'>verba</span> <span class='ocrx_word' id='word_1_547' title='bbox 2304 2254 2548 2295; x_wconf 81' lang='lat' dir='ltr'>detractionis</span> 
     </span>
    </p>
   </div>
   <div class='ocr_carea' id='block_1_23' title="bbox 1451 2307 2548 2358">
    <p class='ocr_par' dir='ltr' id='par_1_31' title="bbox 1451 2307 2548 2358">
     <span class='ocr_line' id='line_1_88' title="bbox 1451 2307 2548 2358; baseline 0.001 -12"><span class='ocrx_word' id='word_1_548' title='bbox 1451 2308 1453 2313; x_wconf 83' lang='grc'><strong>’</strong></span> <span class='ocrx_word' id='word_1_549' title='bbox 1481 2309 1656 2346; x_wconf 90' lang='lat' dir='ltr'>dicuntur</span> <span class='ocrx_word' id='word_1_550' title='bbox 1683 2309 1844 2353; x_wconf 50' lang='lat' dir='ltr'>occulta,</span> <span class='ocrx_word' id='word_1_551' title='bbox 1869 2320 1950 2346; x_wconf 91' lang='lat' dir='ltr'>non</span> <span class='ocrx_word' id='word_1_552' title='bbox 1977 2307 2215 2357; x_wconf 88' lang='lat' dir='ltr'>simpliciter,</span> <span class='ocrx_word' id='word_1_553' title='bbox 2243 2308 2313 2347; x_wconf 85' lang='lat' dir='ltr'>sed</span> <span class='ocrx_word' id='word_1_554' title='bbox 2344 2320 2415 2358; x_wconf 87' lang='lat' dir='ltr'>per</span> <span class='ocrx_word' id='word_1_555' title='bbox 2442 2320 2548 2357; x_wconf 55' lang='lat' dir='ltr'>com,-</span> 
     </span>
    </p>
   </div>
   <div class='ocr_carea' id='block_1_24' title="bbox 1479 2361 2548 2888">
    <p class='ocr_par' dir='ltr' id='par_1_32' title="bbox 1480 2361 2548 2782">
     <span class='ocr_line' id='line_1_89' title="bbox 1480 2361 2547 2411; baseline 0 -12"><span class='ocrx_word' id='word_1_556' title='bbox 1480 2361 1719 2411; x_wconf 86' lang='lat' dir='ltr'>parationem</span> <span class='ocrx_word' id='word_1_557' title='bbox 1754 2361 1803 2398; x_wconf 91' lang='lat' dir='ltr'>ad</span> <span class='ocrx_word' id='word_1_558' title='bbox 1833 2373 1922 2398; x_wconf 92' lang='lat' dir='ltr'>eum</span> <span class='ocrx_word' id='word_1_559' title='bbox 1953 2361 2000 2399; x_wconf 90' lang='lat' dir='ltr'>de</span> <span class='ocrx_word' id='word_1_560' title='bbox 2030 2373 2109 2410; x_wconf 92' lang='lat' dir='ltr'>quo</span> <span class='ocrx_word' id='word_1_561' title='bbox 2137 2361 2334 2401; x_wconf 80' lang='lat' dir='ltr'>dicuntur:</span> <span class='ocrx_word' id='word_1_562' title='bbox 2373 2361 2462 2410; x_wconf 77' lang='lat' dir='ltr'>quia</span> <span class='ocrx_word' id='word_1_563' title='bbox 2500 2374 2547 2399; x_wconf 93' lang='lat' dir='ltr'>eo</span> 
     </span>
     <span class='ocr_line' id='line_1_90' title="bbox 1480 2413 2548 2462; baseline 0.001 -10"><span class='ocrx_word' id='word_1_564' title='bbox 1480 2415 1636 2452; x_wconf 90' lang='lat' dir='ltr'>absente</span> <span class='ocrx_word' id='word_1_565' title='bbox 1665 2423 1703 2452; x_wconf 91' lang='lat' dir='ltr'>et</span> <span class='ocrx_word' id='word_1_566' title='bbox 1729 2414 1939 2462; x_wconf 86' lang='lat' dir='ltr'>ignorante,</span> <span class='ocrx_word' id='word_1_567' title='bbox 1970 2413 2158 2452; x_wconf 90' lang='lat' dir='ltr'>dicuntur.</span> <span class='ocrx_word' id='word_1_568' title='bbox 2189 2413 2267 2452; x_wconf 92' lang='lat' dir='ltr'>Sed</span> <span class='ocrx_word' id='word_1_569' title='bbox 2295 2414 2548 2453; x_wconf 78' lang='lat' dir='ltr'>contumelio-</span> 
     </span>
     <span class='ocr_line' id='line_1_91' title="bbox 1481 2466 2547 2516; baseline 0.003 -11"><span class='ocrx_word' id='word_1_570' title='bbox 1481 2481 1545 2505; x_wconf 89' lang='lat' dir='ltr'>sus</span> <span class='ocrx_word' id='word_1_571' title='bbox 1581 2468 1619 2506; x_wconf 90' lang='lat' dir='ltr'>in</span> <span class='ocrx_word' id='word_1_572' title='bbox 1649 2467 1786 2505; x_wconf 81' lang='lat' dir='ltr'>faciem</span> <span class='ocrx_word' id='word_1_573' title='bbox 1819 2475 1952 2506; x_wconf 89' lang='lat' dir='ltr'>contra</span> <span class='ocrx_word' id='word_1_574' title='bbox 1979 2466 2180 2504; x_wconf 87' lang='lat' dir='ltr'>hominem</span> <span class='ocrx_word' id='word_1_575' title='bbox 2212 2466 2392 2516; x_wconf 85' lang='lat' dir='ltr'>loquitur.</span> <span class='ocrx_word' id='word_1_576' title='bbox 2434 2467 2547 2511; x_wconf 80' lang='lat' dir='ltr'>Unde</span> 
     </span>
     <span class='ocr_line' id='line_1_92' title="bbox 1481 2520 2546 2570; baseline 0.002 -12"><span class='ocrx_word' id='word_1_577' title='bbox 1481 2521 1511 2558; x_wconf 89' lang='lat' dir='ltr'>si</span> <span class='ocrx_word' id='word_1_578' title='bbox 1549 2520 1683 2569; x_wconf 85' lang='lat' dir='ltr'>aliquis</span> <span class='ocrx_word' id='word_1_579' title='bbox 1712 2520 1760 2558; x_wconf 92' lang='lat' dir='ltr'>de</span> <span class='ocrx_word' id='word_1_580' title='bbox 1788 2520 1865 2558; x_wconf 86' lang='lat' dir='ltr'>alio</span> <span class='ocrx_word' id='word_1_581' title='bbox 1897 2520 1997 2558; x_wconf 89' lang='lat' dir='ltr'>male</span> <span class='ocrx_word' id='word_1_582' title='bbox 2030 2520 2207 2569; x_wconf 89' lang='lat' dir='ltr'>loquatur</span> <span class='ocrx_word' id='word_1_583' title='bbox 2235 2532 2368 2558; x_wconf 89' lang='lat' dir='ltr'>coram</span> <span class='ocrx_word' id='word_1_584' title='bbox 2405 2521 2546 2570; x_wconf 81' lang='lat' dir='ltr'>multis,</span> 
     </span>
     <span class='ocr_line' id='line_1_93' title="bbox 1481 2573 2548 2623; baseline 0.001 -11"><span class='ocrx_word' id='word_1_585' title='bbox 1481 2586 1529 2612; x_wconf 90' lang='lat' dir='ltr'>eo</span> <span class='ocrx_word' id='word_1_586' title='bbox 1548 2575 1718 2621; x_wconf 84' lang='lat' dir='ltr'>absente,</span> <span class='ocrx_word' id='word_1_587' title='bbox 1747 2573 1930 2612; x_wconf 83' lang='lat' dir='ltr'>detractio</span> <span class='ocrx_word' id='word_1_588' title='bbox 1950 2580 2025 2611; x_wconf 89' lang='lat' dir='ltr'>est:</span> <span class='ocrx_word' id='word_1_589' title='bbox 2054 2573 2086 2611; x_wconf 93' lang='lat' dir='ltr'>si</span> <span class='ocrx_word' id='word_1_590' title='bbox 2105 2580 2234 2611; x_wconf 86' lang='lat' dir='ltr'>autem</span> <span class='ocrx_word' id='word_1_591' title='bbox 2259 2585 2307 2610; x_wconf 90' lang='lat' dir='ltr'>eo</span> <span class='ocrx_word' id='word_1_592' title='bbox 2327 2574 2411 2611; x_wconf 93' lang='lat' dir='ltr'>solo</span> <span class='ocrx_word' id='word_1_593' title='bbox 2439 2586 2548 2623; x_wconf 79' lang='lat' dir='ltr'>prae-</span> 
     </span>
     <span class='ocr_line' id='line_1_94' title="bbox 1480 2626 2547 2674; baseline 0.002 -10"><span class='ocrx_word' id='word_1_594' title='bbox 1480 2634 1599 2674; x_wconf 89' lang='lat' dir='ltr'>sente,</span> <span class='ocrx_word' id='word_1_595' title='bbox 1629 2626 1863 2664; x_wconf 86' lang='lat' dir='ltr'>contumelia</span> <span class='ocrx_word' id='word_1_596' title='bbox 1883 2633 1949 2664; x_wconf 91' lang='lat' dir='ltr'>est.</span> <span class='ocrx_word' id='word_1_597' title='bbox 1979 2626 2168 2674; x_wconf 87' lang='lat' dir='ltr'>Quamvis</span> <span class='ocrx_word' id='word_1_598' title='bbox 2198 2626 2313 2664; x_wconf 82' lang='lat' dir='ltr'>etiam</span> <span class='ocrx_word' id='word_1_599' title='bbox 2340 2626 2371 2664; x_wconf 90' lang='lat' dir='ltr'>si</span> <span class='ocrx_word' id='word_1_600' title='bbox 2390 2627 2457 2665; x_wconf 83' lang='lat' dir='ltr'>uni</span> <span class='ocrx_word' id='word_1_601' title='bbox 2475 2627 2547 2666; x_wconf 83' lang='lat' dir='ltr'>soli</span> 
     </span>
     <span class='ocr_line' id='line_1_95' title="bbox 1481 2679 2547 2730; baseline 0.001 -13"><span class='ocrx_word' id='word_1_602' title='bbox 1481 2680 1616 2730; x_wconf 90' lang='lat' dir='ltr'>aliquis</span> <span class='ocrx_word' id='word_1_603' title='bbox 1646 2680 1693 2717; x_wconf 94' lang='lat' dir='ltr'>de</span> <span class='ocrx_word' id='word_1_604' title='bbox 1722 2680 1879 2717; x_wconf 91' lang='lat' dir='ltr'>absente</span> <span class='ocrx_word' id='word_1_605' title='bbox 1899 2680 2063 2718; x_wconf 65' lang='lat' dir='ltr'>&#39;malum</span> <span class='ocrx_word' id='word_1_606' title='bbox 2102 2679 2221 2726; x_wconf 92' lang='lat' dir='ltr'>dicat,</span> <span class='ocrx_word' id='word_1_607' title='bbox 2253 2680 2463 2729; x_wconf 87' lang='lat' dir='ltr'>corrumpit</span> <span class='ocrx_word' id='word_1_608' title='bbox 2494 2681 2547 2718; x_wconf 86' lang='lat' dir='ltr'>fa-</span> 
     </span>
     <span class='ocr_line' id='line_1_96' title="bbox 1480 2732 2316 2782; baseline -0.001 -12"><span class='ocrx_word' id='word_1_609' title='bbox 1480 2745 1586 2771; x_wconf 91' lang='lat' dir='ltr'>mam</span> <span class='ocrx_word' id='word_1_610' title='bbox 1617 2733 1707 2780; x_wconf 91' lang='lat' dir='ltr'>eius,</span> <span class='ocrx_word' id='word_1_611' title='bbox 1738 2745 1816 2770; x_wconf 91' lang='lat' dir='ltr'>non</span> <span class='ocrx_word' id='word_1_612' title='bbox 1844 2732 1883 2769; x_wconf 94' lang='lat' dir='ltr'>in</span> <span class='ocrx_word' id='word_1_613' title='bbox 1910 2740 2003 2780; x_wconf 93' lang='lat' dir='ltr'>toto,</span> <span class='ocrx_word' id='word_1_614' title='bbox 2034 2733 2103 2770; x_wconf 91' lang='lat' dir='ltr'>sed</span> <span class='ocrx_word' id='word_1_615' title='bbox 2131 2732 2170 2770; x_wconf 93' lang='lat' dir='ltr'>in</span> <span class='ocrx_word' id='word_1_616' title='bbox 2196 2739 2316 2782; x_wconf 88' lang='lat' dir='ltr'>parte.</span> 
     </span>
    </p>

    <p class='ocr_par' dir='ltr' id='par_1_33' title="bbox 1479 2784 2547 2888">
     <span class='ocr_line' id='line_1_97' title="bbox 1532 2784 2547 2835; baseline 0 -12"><span class='ocrx_word' id='word_1_617' title='bbox 1532 2787 1592 2823; x_wconf 79' lang='lat' dir='ltr'>An</span> <span class='ocrx_word' id='word_1_618' title='bbox 1620 2798 1781 2823; x_wconf 66' lang='lat' dir='ltr'>TER-rum</span> <span class='ocrx_word' id='word_1_619' title='bbox 1809 2797 1996 2823; x_wconf 81' lang='lat' dir='ltr'>mCENDUM</span> <span class='ocrx_word' id='word_1_620' title='bbox 2024 2786 2129 2835; x_wconf 92' lang='lat' dir='ltr'>quod</span> <span class='ocrx_word' id='word_1_621' title='bbox 2158 2784 2291 2834; x_wconf 89' lang='lat' dir='ltr'>aliquis</span> <span class='ocrx_word' id='word_1_622' title='bbox 2320 2785 2455 2823; x_wconf 91' lang='lat' dir='ltr'>dicitur</span> <span class='ocrx_word' id='word_1_623' title='bbox 2483 2786 2547 2824; x_wconf 88' lang='lat' dir='ltr'>de-</span> 
     </span>
     <span class='ocr_line' id='line_1_98' title="bbox 1479 2838 2546 2888; baseline 0 -12"><span class='ocrx_word' id='word_1_624' title='bbox 1479 2840 1628 2876; x_wconf 86' lang='lat' dir='ltr'>trahere</span> <span class='ocrx_word' id='word_1_625' title='bbox 1657 2851 1736 2876; x_wconf 92' lang='lat' dir='ltr'>non</span> <span class='ocrx_word' id='word_1_626' title='bbox 1764 2839 1853 2887; x_wconf 87' lang='lat' dir='ltr'>quia</span> <span class='ocrx_word' id='word_1_627' title='bbox 1882 2838 2067 2876; x_wconf 90' lang='lat' dir='ltr'>diminuat</span> <span class='ocrx_word' id='word_1_628' title='bbox 2098 2838 2146 2876; x_wconf 92' lang='lat' dir='ltr'>de</span> <span class='ocrx_word' id='word_1_629' title='bbox 2169 2838 2339 2886; x_wconf 87' lang='lat' dir='ltr'>veritate,</span> <span class='ocrx_word' id='word_1_630' title='bbox 2361 2839 2427 2876; x_wconf 88' lang='lat' dir='ltr'>sed</span> <span class='ocrx_word' id='word_1_631' title='bbox 2456 2838 2546 2888; x_wconf 78' lang='lat' dir='ltr'>quia</span> 
     </span>
    </p>
   </div>
   <div class='ocr_carea' id='block_1_25' title="bbox 1451 2887 2546 2942">
    <p class='ocr_par' dir='ltr' id='par_1_34' title="bbox 1451 2887 2546 2942">
     <span class='ocr_line' id='line_1_99' title="bbox 1451 2887 2546 2942; baseline 0 -12"><span class='ocrx_word' id='word_1_632' title='bbox 1451 2887 1452 2901; x_wconf 63' lang='lat'>¹</span> <span class='ocrx_word' id='word_1_633' title='bbox 1480 2892 1656 2930; x_wconf 88' lang='lat' dir='ltr'>diminuit</span> <span class='ocrx_word' id='word_1_634' title='bbox 1683 2893 1825 2929; x_wconf 89' lang='lat' dir='ltr'>famam</span> <span class='ocrx_word' id='word_1_635' title='bbox 1856 2891 1948 2929; x_wconf 87' lang='lat' dir='ltr'>eius.</span> <span class='ocrx_word' id='word_1_636' title='bbox 1978 2891 2095 2938; x_wconf 90' lang='lat' dir='ltr'>Quod</span> <span class='ocrx_word' id='word_1_637' title='bbox 2124 2891 2282 2940; x_wconf 92' lang='lat' dir='ltr'>quidem</span> <span class='ocrx_word' id='word_1_638' title='bbox 2311 2891 2546 2942; x_wconf 87' lang='lat' dir='ltr'>quandoque</span> 
     </span>
    </p>
   </div>
   <div class='ocr_carea' id='block_1_26' title="bbox 1475 2944 2546 3308">
    <p class='ocr_par' dir='ltr' id='par_1_35' title="bbox 1475 2944 2546 3308">
     <span class='ocr_line' id='line_1_100' title="bbox 1479 2944 2544 2994; baseline -0.001 -11"><span class='ocrx_word' id='word_1_639' title='bbox 1479 2947 1522 2983; x_wconf 92' lang='lat' dir='ltr'>fit</span> <span class='ocrx_word' id='word_1_640' title='bbox 1550 2945 1702 2993; x_wconf 91' lang='lat' dir='ltr'>directe,</span> <span class='ocrx_word' id='word_1_641' title='bbox 1724 2944 1959 2994; x_wconf 89' lang='lat' dir='ltr'>quandoque</span> <span class='ocrx_word' id='word_1_642' title='bbox 1978 2944 2172 2982; x_wconf 90' lang='lat' dir='ltr'>indirecte.</span> <span class='ocrx_word' id='word_1_643' title='bbox 2202 2944 2354 2982; x_wconf 90' lang='lat' dir='ltr'>Directe</span> <span class='ocrx_word' id='word_1_644' title='bbox 2373 2945 2544 2994; x_wconf 90' lang='lat' dir='ltr'>quidem,</span> 
     </span>
     <span class='ocr_line' id='line_1_101' title="bbox 1480 2997 2546 3049; baseline 0 -13"><span class='ocrx_word' id='word_1_645' title='bbox 1480 2998 1796 3049; x_wconf 85' lang='lat' dir='ltr'>quadrupliciter:</span> <span class='ocrx_word' id='word_1_646' title='bbox 1825 3010 1904 3035; x_wconf 92' lang='lat' dir='ltr'>uno</span> <span class='ocrx_word' id='word_1_647' title='bbox 1942 2998 2084 3046; x_wconf 85' lang='lat' dir='ltr'>modo,</span> <span class='ocrx_word' id='word_1_648' title='bbox 2118 2997 2274 3047; x_wconf 89' lang='lat' dir='ltr'>quando</span> <span class='ocrx_word' id='word_1_649' title='bbox 2309 2998 2447 3035; x_wconf 88' lang='lat' dir='ltr'>falsum</span> <span class='ocrx_word' id='word_1_650' title='bbox 2475 2998 2546 3036; x_wconf 88' lang='lat' dir='ltr'>im-</span> 
     </span>
     <span class='ocr_line' id='line_1_102' title="bbox 1478 3051 2545 3102; baseline -0.002 -12"><span class='ocrx_word' id='word_1_651' title='bbox 1478 3051 1587 3102; x_wconf 91' lang='lat' dir='ltr'>ponit</span> <span class='ocrx_word' id='word_1_652' title='bbox 1606 3051 1728 3097; x_wconf 89' lang='lat' dir='ltr'>alteri;</span> <span class='ocrx_word' id='word_1_653' title='bbox 1758 3051 1940 3098; x_wconf 90' lang='lat' dir='ltr'>secundo,</span> <span class='ocrx_word' id='word_1_654' title='bbox 1971 3051 2128 3099; x_wconf 91' lang='lat' dir='ltr'>quando</span> <span class='ocrx_word' id='word_1_655' title='bbox 2153 3058 2354 3100; x_wconf 89' lang='lat' dir='ltr'>peccatum</span> <span class='ocrx_word' id='word_1_656' title='bbox 2382 3051 2545 3100; x_wconf 84' lang='lat' dir='ltr'>adauget</span> 
     </span>
     <span class='ocr_line' id='line_1_103' title="bbox 1475 3103 2543 3153; baseline 0 -11"><span class='ocrx_word' id='word_1_657' title='bbox 1475 3104 1557 3143; x_wconf 81' lang='lat' dir='ltr'>&#39;suis</span> <span class='ocrx_word' id='word_1_658' title='bbox 1594 3104 1743 3150; x_wconf 87' lang='lat' dir='ltr'>verbis;</span> <span class='ocrx_word' id='word_1_659' title='bbox 1782 3104 1912 3152; x_wconf 91' lang='lat' dir='ltr'>tertio,</span> <span class='ocrx_word' id='word_1_660' title='bbox 1951 3103 2107 3153; x_wconf 91' lang='lat' dir='ltr'>quando</span> <span class='ocrx_word' id='word_1_661' title='bbox 2145 3104 2339 3141; x_wconf 93' lang='lat' dir='ltr'>occultum</span> <span class='ocrx_word' id='word_1_662' title='bbox 2377 3105 2543 3150; x_wconf 86' lang='lat' dir='ltr'>revelat;</span> 
     </span>
     <span class='ocr_line' id='line_1_104' title="bbox 1479 3157 2544 3207; baseline 0 -13"><span class='ocrx_word' id='word_1_663' title='bbox 1479 3165 1637 3207; x_wconf 93' lang='lat' dir='ltr'>quarto,</span> <span class='ocrx_word' id='word_1_664' title='bbox 1667 3157 1823 3206; x_wconf 90' lang='lat' dir='ltr'>quando</span> <span class='ocrx_word' id='word_1_665' title='bbox 1851 3157 1890 3194; x_wconf 92' lang='lat' dir='ltr'>id</span> <span class='ocrx_word' id='word_1_666' title='bbox 1919 3157 2026 3204; x_wconf 93' lang='lat' dir='ltr'>quod</span> <span class='ocrx_word' id='word_1_667' title='bbox 2058 3163 2114 3193; x_wconf 92' lang='lat' dir='ltr'>est</span> <span class='ocrx_word' id='word_1_668' title='bbox 2141 3157 2288 3194; x_wconf 90' lang='lat' dir='ltr'>bonum</span> <span class='ocrx_word' id='word_1_669' title='bbox 2319 3157 2408 3195; x_wconf 91' lang='lat' dir='ltr'>dicit</span> <span class='ocrx_word' id='word_1_670' title='bbox 2442 3157 2544 3194; x_wconf 84' lang='lat' dir='ltr'>mala</span> 
     </span>
     <span class='ocr_line' id='line_1_105' title="bbox 1478 3209 2542 3258; baseline 0.001 -12"><span class='ocrx_word' id='word_1_671' title='bbox 1478 3210 1686 3247; x_wconf 90' lang='lat' dir='ltr'>intentione</span> <span class='ocrx_word' id='word_1_672' title='bbox 1714 3210 1867 3246; x_wconf 90' lang='lat' dir='ltr'>facturn.</span> <span class='ocrx_word' id='word_1_673' title='bbox 1898 3209 2081 3246; x_wconf 90' lang='lat' dir='ltr'>Indirecte</span> <span class='ocrx_word' id='word_1_674' title='bbox 2102 3218 2247 3247; x_wconf 90' lang='lat' dir='ltr'>autem:</span> <span class='ocrx_word' id='word_1_675' title='bbox 2276 3211 2338 3247; x_wconf 89' lang='lat' dir='ltr'>vel</span> <span class='ocrx_word' id='word_1_676' title='bbox 2366 3209 2542 3258; x_wconf 85' lang='lat' dir='ltr'>negando</span> 
     </span>
     <span class='ocr_line' id='line_1_106' title="bbox 1479 3262 2404 3308; baseline 0.001 -8"><span class='ocrx_word' id='word_1_677' title='bbox 1479 3263 1627 3300; x_wconf 91' lang='lat' dir='ltr'>bonum</span> <span class='ocrx_word' id='word_1_678' title='bbox 1656 3262 1829 3308; x_wconf 83' lang='lat' dir='ltr'>alterius;</span> <span class='ocrx_word' id='word_1_679' title='bbox 1858 3263 1920 3300; x_wconf 90' lang='lat' dir='ltr'>vel</span> <span class='ocrx_word' id='word_1_680' title='bbox 1950 3262 2136 3300; x_wconf 84' lang='lat' dir='ltr'>malitiose</span> <span class='ocrx_word' id='word_1_681' title='bbox 2166 3263 2359 3301; x_wconf 90' lang='lat' dir='ltr'>reticendo</span> <span class='ocrx_word' id='word_1_682' title='bbox 2380 3268 2404 3301; x_wconf 77' lang='lat'>⁸.</span> 
     </span>
    </p>
   </div>
   <div class='ocr_carea' id='block_1_27' title="bbox 1695 3343 1840 3347">
    <p class='ocr_par' dir='ltr' id='par_1_36' title="bbox 1695 3343 1840 3347">
     <span class='ocr_line' id='line_1_107' title="bbox 1695 3343 1840 3347; baseline 0 0"><span class='ocrx_word' id='word_1_683' title='bbox 1695 3343 1840 3347; x_wconf 95' lang='lat' dir='ltr'> </span> 
     </span>
    </p>
   </div>
   <div class='ocr_carea' id='block_1_28' title="bbox 1531 3376 2152 3446">
    <p class='ocr_par' dir='ltr' id='par_1_37' title="bbox 1531 3376 2152 3446">
     <span class='ocr_line' id='line_1_108' title="bbox 1531 3376 2120 3411; baseline 0 -9"><span class='ocrx_word' id='word_1_684' title='bbox 1531 3377 1556 3409; x_wconf 86' lang='grc' dir='ltr'>δ)</span> <span class='ocrx_word' id='word_1_685' title='bbox 1577 3377 1746 3411; x_wconf 74' lang='lat' dir='ltr'>diversificat.</span> <span class='ocrx_word' id='word_1_686' title='bbox 1758 3391 1777 3396; x_wconf 96' lang='lat'>—</span> <span class='ocrx_word' id='word_1_687' title='bbox 1795 3377 1979 3410; x_wconf 73' lang='lat' dir='ltr'>diversificant</span> <span class='ocrx_word' id='word_1_688' title='bbox 1996 3376 2120 3402; x_wconf 84' lang='lat' dir='ltr'>PDGKL.</span> 
     </span>
     <span class='ocr_line' id='line_1_109' title="bbox 1531 3412 2152 3446; baseline 0 -9"><span class='ocrx_word' id='word_1_689' title='bbox 1531 3414 1553 3446; x_wconf 88' lang='grc' dir='ltr'>ε)</span> <span class='ocrx_word' id='word_1_690' title='bbox 1573 3413 1717 3438; x_wconf 84' lang='lat' dir='ltr'>reticendo.</span> <span class='ocrx_word' id='word_1_691' title='bbox 1730 3425 1749 3432; x_wconf 91' lang='lat'><em>-</em></span> <span class='ocrx_word' id='word_1_692' title='bbox 1767 3413 1808 3438; x_wconf 86' lang='lat' dir='ltr'>vel</span> <span class='ocrx_word' id='word_1_693' title='bbox 1827 3412 1970 3437; x_wconf 84' lang='lat' dir='ltr'>minuendo</span> <span class='ocrx_word' id='word_1_694' title='bbox 1989 3413 2086 3437; x_wconf 82' lang='lat' dir='ltr'>addunt</span> <span class='ocrx_word' id='word_1_695' title='bbox 2105 3412 2152 3438; x_wconf 86' lang='lat' dir='ltr'>Pa.</span> 
     </span>
    </p>
   </div>
   <div class='ocr_carea' id='block_1_29' title="bbox 2570 0 2860 4244">
    <p class='ocr_par' dir='ltr' id='par_1_38' title="bbox 2570 0 2860 4244">
     <span class='ocr_line' id='line_1_110' title="bbox 2570 0 2860 4244; baseline 0 0"><span class='ocrx_word' id='word_1_696' title='bbox 2570 0 2860 4244; x_wconf 95' lang='lat' dir='ltr'> </span> 
     </span>
    </p>
   </div>
  </div>
 </body>
</html>
