2860 4244
172 995 181 1005 ·
200 994 272 1021 Epist.
295 993 381 1020 CLIII,

172 1021 199 1042 al.
212 1020 271 1045 LIV,
286 1026 337 1048 cap.
350 1026 381 1041 vi.

417 272 486 307 126

410 348 662 399 patrocinium
701 361 836 386 causae
874 348 1029 385 alicuius
1066 348 1227 396 pertinet
1265 348 1313 384 ad
1350 359 1467 396 opera

411 401 710 448 misericordiae,
739 410 780 437 ut
818 401 958 438 dictum
989 408 1043 437 est
1070 400 1100 436 ²³².
1136 401 1236 447 Ergo
1272 412 1350 436 non
1384 399 1469 436 licet

411 455 597 491 advocato
636 453 806 502 accipere
849 453 1134 490 retributionem
1176 452 1359 500 pecuniae
1396 464 1466 501 pro

410 506 618 556 patrocinio
646 506 835 555 praestito.

464 571 498 596 2.
529 561 769 605 PRAETEREA,
799 557 988 606 spirituale
1024 569 1103 594 non
1132 564 1187 594 est
1213 569 1283 606 pro
1319 565 1468 607 tempo·
1494 557 1495 565 ¹

411 612 475 649 rali
504 612 829 648 commutandum.
860 610 936 647 Sed
964 609 1216 659 patrocinium
1245 610 1466 659 praestitum

409 665 557 702 videtur
594 675 675 700 esse
714 663 898 711 quiddam
936 662 1148 712 spirituale:
1178 674 1265 700 cum
1294 663 1339 700 sit
1375 676 1467 700 usus

409 716 583 754 scientiae
612 715 713 752 iuris.
743 716 845 764 Ergo
875 727 953 752 non
981 715 1066 752 licet
1093 716 1281 753 advocato
1305 728 1374 765 pro
1403 728 1468 765 pa·
1493 732 1495 737 ,

1493 811 1495 817 ¹
1523 768 1685 805 corditer
1711 768 1916 817 impendit,
1945 781 2023 806 non
2050 770 2282 816 humanam,
2309 769 2377 806 sed
2413 768 2583 806 divinam

1494 820 1495 871 J
1523 821 1871 858 remunerationem
1900 832 2082 870 quaerere
2110 821 2234 859 debet.
2264 822 2314 859 Et
2332 821 2499 861 similiter
2517 821 2584 859 ad-

409 769 568 806 trocinio
596 768 775 817 praestito
803 768 1007 817 pecuniam
1036 768 1219 818 accipere.

463 823 497 858 3.
518 822 750 868 PRAETEREA,
771 820 866 858 sicut
885 821 933 858 ad
962 821 1143 858 iudicium
1169 821 1358 858 concurrit
1383 833 1468 870 per-

409 886 503 911 sona
531 873 718 921 advocati,
739 875 789 911 ita
819 874 931 911 etiarn
960 886 1126 924 persona
1161 873 1293 911 iudicis
1323 882 1358 911 et
1384 886 1468 923 per-

408 939 502 964 sona
530 926 643 964 testis.
674 927 751 964 Sed
780 927 992 964 secundum
1013 927 1281 976 Augustinum,
1301 928 1353 964 ad
1378 928 1467 964 Ma-

407 980 602 1016 cedonium
621 979 652 1027 ²⁸⁴,
682 992 756 1016 non
785 980 891 1016 debet
915 980 1029 1017 iudex
1061 980 1222 1017 vendere
1249 980 1385 1017 iustum
1414 980 1468 1017 iu-

408 1033 556 1079 dicium,
583 1044 651 1069 nec
677 1033 775 1069 testis
801 1044 934 1069 verum
971 1032 1230 1070 testimonium.
1267 1033 1369 1081 Ergo
1398 1045 1469 1070 nec

408 1084 616 1122 advocatus
636 1085 773 1135 poterit
798 1086 967 1123 vendere
987 1085 1126 1123 iustum
1145 1085 1413 1134 patrocinium.

463 1139 537 1175 SED
566 1149 711 1175 CONTRA
738 1150 804 1175 EST
823 1139 928 1187 quod
955 1138 1186 1186 Augustinus
1207 1138 1294 1175 dicit
1312 1138 1467 1185 ibidem,
1494 1141 1496 1195 {

409 1192 513 1240 quod
541 1192 745 1228 advocatus
772 1191 868 1228 licite
894 1191 1019 1228 vendit
1042 1191 1177 1228 iustum
1200 1191 1466 1239 patrocinium,

408 1250 444 1280 et
470 1244 701 1293 iurisperitus
732 1255 863 1280 verum
892 1244 1098 1281 consilium.
1456 1290 1459 1291 ⁷

462 1297 687 1334 RESPONDEO
715 1308 900 1334 montinum
928 1297 1034 1344 quod
1069 1308 1114 1332 ea
1141 1307 1238 1344 quae
1276 1295 1361 1342 quis
1390 1307 1468 1332 non

408 1357 555 1386 tenetur
592 1349 696 1386 alteri
725 1349 918 1396 exhibere,
946 1349 1041 1385 iuste
1068 1354 1194 1398 potest
1229 1359 1298 1396 pro
1335 1359 1469 1384 eorum

410 1402 636 1439 exhibitione
665 1401 1062 1450 recompensationem
1091 1400 1274 1450 accipere.
1310 1400 1469 1437 Manife-

409 1462 507 1491 stum
538 1462 592 1491 est
619 1455 747 1491 autem
767 1454 872 1502 quod
901 1454 1109 1492 advocatus
1133 1465 1212 1490 non
1241 1465 1393 1502 semper
1416 1460 1469 1490 te-

408 1515 516 1544 netur
544 1506 794 1556 patrocinium
821 1514 1013 1556 praestare
1051 1514 1115 1544 aut
1143 1505 1342 1544 consilium
1379 1506 1469 1544 dare

409 1560 530 1597 causis
559 1560 729 1597 aliorum.
760 1560 809 1596 Et
827 1560 914 1597 ideo
945 1560 974 1597 si
1000 1561 1144 1598 vendat
1166 1571 1280 1597 suum
1308 1560 1469 1609 patroci-

408 1613 512 1650 nium
541 1613 621 1650 sive
657 1612 875 1660 consilium,
905 1625 984 1650 non
1011 1613 1087 1662 agit
1119 1620 1249 1650 contra
1277 1611 1467 1650 iustitiam.

408 1667 457 1703 Et
485 1666 620 1703 eadem
650 1666 743 1703 ratio
774 1673 829 1703 est
857 1667 904 1703 de
932 1666 1083 1704 medico
1113 1678 1230 1715 opem
1257 1666 1399 1703 ferente
1420 1666 1468 1703 ad

408 1719 634 1766 sanandum,
656 1726 692 1755 et
711 1719 757 1756 de
787 1718 966 1756 omnibus
986 1719 1064 1756 aliis
1091 1718 1312 1756 huiusmodi
1338 1731 1469 1768 perso-
1495 1741 1497 1752 ·

409 1773 486 1809 nis:
517 1772 610 1809 dum
638 1780 765 1810 tamen
793 1771 990 1810 moderate
1013 1771 1208 1821 accipiant,
1234 1771 1470 1809 considerata

409 1825 623 1862 conditione
653 1837 904 1874 personarum
934 1833 970 1862 et
988 1825 1228 1873 negotiorum
1257 1831 1294 1861 et
1315 1825 1467 1871 laboris,

409 1886 444 1915 et
474 1878 746 1916 consuetudine
774 1877 928 1927 patriae.
965 1878 1003 1915 Si
1033 1885 1162 1915 autem
1193 1889 1262 1927 per
1289 1877 1469 1927 improbi-

408 1937 522 1968 tatem
560 1931 701 1980 aliquid
739 1931 991 1968 immoderate
1027 1938 1267 1980 extorqueat,
1300 1939 1432 1980 peccat
1453 1937 1469 1952 ‘²

408 1991 538 2021 contra
566 1984 755 2021 iustitiam.
785 1984 895 2021 Unde
923 1984 1156 2032 Augustinus
1184 1983 1282 2031 dicit,
1302 1984 1354 2021 ad
1379 1984 1468 2021 Μα-

460 2097 487 2129 α)
506 2100 674 2129 extorqueat,
690 2098 825 2129 peccat.'-
843 2099 1023 2129 extorqueant
1037 2099 1152 2128 peccant
1171 2097 1217 2122 Pa.

1078 2175 1412 2208 Commenta-ia
1433 2176 1686 2209 Cardinalis
1707 2175 1909 2209 Caietam

673 2234 682 2244 .

437 2264 457 2284 N
477 2254 609 2285 articulo
633 2261 746 2295 quarto
770 2254 903 2284 dubium
920 2255 1064 2291 occurrit,
1082 2255 1114 2285 in
1131 2255 1337 2296 responsione
1353 2256 1391 2286 ad
1406 2262 1464 2286 ter·
1492 2256 1493 2294 ζ

438 2298 531 2336 tium,
549 2298 629 2328 circa
644 2298 799 2329 rationem
816 2298 970 2329 redditam
994 2309 1091 2339 quare
1114 2299 1208 2330 iudex
1231 2306 1261 2330 et
1283 2306 1376 2330 testes
1393 2306 1466 2330 sunt

408 2352 606 2378 communes,
623 2342 697 2382 quia
713 2342 829 2374 scilicet
852 2344 972 2374 iustitia
996 2348 1026 2373 et
1042 2345 1162 2374 veritas
1177 2345 1208 2374 in
1226 2349 1374 2374 neutram
1386 2353 1465 2384 par-

408 2392 469 2416 tem
497 2386 667 2417 declinant.
697 2387 829 2417 Videtur
852 2387 936 2417 enim
967 2388 1054 2427 quod
1082 2387 1164 2418 dicta
1193 2388 1272 2419 ratio
1300 2398 1367 2418 non
1391 2398 1465 2419 con-

408 2430 513 2461 cludat
536 2430 742 2460 differentiam
764 2430 917 2462 intentam
939 2430 1020 2461 inter
1035 2432 1224 2462 advocatum
1248 2439 1279 2463 et
1302 2432 1390 2468 alios,
1408 2432 1466 2462 sci-

408 2474 479 2504 licet
502 2473 641 2504 iudicem
665 2481 694 2504 et
718 2481 820 2505 testes.
851 2475 935 2505 Nam
961 2476 1133 2506 advocatus
1160 2486 1226 2506 non
1252 2482 1358 2516 potest
1383 2475 1466 2506 licite

409 2518 467 2548 nisi
491 2517 611 2549 iustum
634 2518 846 2558 patrocinium
869 2526 1036 2558 praestare:
1062 2519 1142 2550 sicut
1157 2520 1251 2550 iudex
1266 2520 1381 2550 iustam
1398 2530 1465 2550 sen-

408 2561 547 2593 tentiam.
573 2562 604 2592 Si
629 2572 702 2601 ergo
727 2572 763 2592 ex
787 2562 907 2593 ratione
930 2563 1065 2593 iustitiae
1089 2563 1274 2604 prohibetur
1296 2564 1392 2594 iudici
1415 2574 1468 2604 pe—

410 2607 537 2636 cuniam
558 2606 706 2646 accipere,
729 2616 766 2636 ex
782 2606 924 2637 eiusdem
938 2607 1059 2637 ratione
1083 2607 1240 2648 prohiberi
1265 2608 1391 2638 deberet
1413 2608 1467 2638 ad-

409 2658 538 2681 vocato:
564 2657 594 2680 et
617 2651 642 2680 si
658 2651 812 2681 advocato
836 2660 872 2681 ex
891 2651 950 2682 hac
973 2658 1060 2692 parte
1083 2661 1149 2682 non
1172 2651 1367 2692 prohibetur,
1391 2662 1466 2691 ergo

410 2704 466 2725 nec
484 2693 592 2725 iudici.
613 2712 633 2716 —
652 2695 783 2731 Rursus,
803 2694 828 2724 si
843 2694 923 2725 ratio
939 2695 1074 2726 iustitiae
1097 2694 1171 2726 facit
1193 2705 1363 2736 personam
1381 2696 1467 2726 testis

409 2783 511 2813 vocati
528 2791 749 2813 communem:
775 2783 849 2824 quia
863 2789 986 2814 tenetur
1009 2784 1048 2814 ad
1071 2784 1192 2814 iustum
1214 2790 1339 2815 tantum
1362 2791 1466 2825 patro-

411 2837 540 2857 elnlum.

466 2872 514 2901 Ad
537 2871 598 2900 hoc
625 2869 738 2900 dicitur
766 2871 855 2912 quod
886 2881 960 2902 cum
987 2872 1244 2912 unumquodque
1278 2871 1421 2902 officium
1449 2882 1466 2902 a

410 2915 538 2955 proprio
556 2914 627 2950 fine,
644 2924 711 2944 non
725 2925 743 2945 a
759 2915 922 2946 communi
929 2924 936 2951 ;
962 2922 992 2946 et
1015 2925 1032 2946 a
1055 2916 1212 2956 proximo,
1228 2926 1294 2947 non
1311 2926 1328 2946 a
1342 2922 1466 2947 remoto
1493 2913 1495 2926 ³

410 2958 471 2989 fine
495 2958 693 2999 pensandum
717 2959 773 2989 sit:
802 2959 883 2990 inter
905 2969 1056 2999 personas
1080 2967 1300 2991 concurrentes
1324 2960 1363 2991 ad
1386 2960 1466 2991 iudi—

411 3003 495 3033 cium
519 3003 760 3033 discernendum
777 3011 822 3034 est
842 3005 931 3044 quod
949 3005 1152 3044 quorundam
1171 3004 1318 3045 proprius
1334 3003 1405 3035 finis
1422 3012 1467 3035 est

411 3047 591 3077 communis
618 3047 742 3087 utrique
766 3048 861 3087 parti,
893 3048 1096 3088 quorundam
1120 3059 1193 3079 vero
1222 3048 1369 3089 proprius
1397 3048 1467 3078 finis

411 3141 457 3164 est
480 3134 596 3164 iustitia
620 3144 685 3164 non
709 3145 779 3164 mea
803 3142 857 3165 aut
880 3143 943 3171 tua,
969 3136 1022 3166 sed
1046 3136 1242 3176 simpliciter:
1267 3136 1337 3167 finis
1361 3143 1468 3167 autem

411 3178 556 3218 proprius
580 3178 635 3209 uni
659 3179 738 3218 parti
763 3186 808 3209 est
831 3179 950 3210 iustum
974 3190 1038 3209 non
1064 3180 1254 3220 simpliciter,
1278 3181 1333 3211 sed
1348 3181 1468 3211 iustum

1076 269 1342 316 QUAESTIO
1374 269 1512 315 LXXI,
1541 270 1837 307 ARTICULUS
1868 269 1918 306 IV

1521 347 1717 384 cedonium
1736 348 1768 394 ²¹²,
1789 348 1892 397 quod
1920 349 1968 384 ab
1996 347 2052 384 his
2080 353 2226 383 extorta
2258 358 2331 395 per
2358 347 2582 385 immodera-

1521 405 1598 436 tam
1627 400 1898 448 improbitatem
1918 401 2034 448 repeti
2059 399 2187 446 solent,
2206 400 2294 436 data
2311 411 2384 448 per
2410 400 2582 437 tolerabi-

1494 453 1496 489 ὲ
1523 452 1594 489 lem
1622 453 1924 490 consuetudinem
1953 464 2027 490 non
2055 452 2183 489 solent.

1575 506 1633 541 AD
1661 517 1798 543 prunum
1830 517 1928 543 ERGO
1958 516 2141 542 DlCENDUM
2178 504 2284 553 quod
2318 517 2397 542 non
2431 517 2583 554 semper

1523 569 1622 605 quae
1649 557 1768 595 horno
1797 566 1922 608 potest
1951 557 2244 595 misericorditer
2270 550 2584 618 facere53ssqgessur

1522 610 1646 647 facere
1674 610 1806 658 gratis:
1835 610 2004 659 alioquin
2032 610 2123 648 nulli
2151 610 2279 647 liceret
2306 599 2583 662 aliquamaibem

1520 662 1701 710 vendere,
1723 663 1812 714 quia
1831 663 2040 715 quamlibet
2066 675 2148 700 rem
2173 670 2299 712 potest
2324 653 2583 706 hornossfflk'e-

1523 714 1717 752 ricorditer
1752 715 1986 765 impendere.
2027 717 2103 754 Sed
2132 716 2286 764 quando
2324 728 2410 754 eam
2441 715 2584 753 miseri-

1521 881 1691 920 vocatus,
1712 874 1866 923 quando
1888 885 2024 911 causae
2046 885 2263 923 pauperum
2291 874 2585 912 misericorditer

1521 927 1788 976 patrocinatur,
1806 938 1884 963 non
1900 926 2014 964 debet
2027 926 2221 964 intendere
2237 927 2583 965 remunerationem

1494 1013 1496 1026 ,
1522 981 1744 1028 humanam,
1765 980 1834 1016 sed
1863 979 2053 1016 divinam:
2083 991 2162 1016 non
2187 987 2318 1017 tamen
2350 990 2502 1031 semper
2529 988 2582 1017 te-

1494 1035 1496 1074 }
1523 1040 1634 1070 netur
1659 1033 1771 1082 gratis
1798 1032 2050 1081 patrocinium
2078 1032 2313 1083 impendere.

1575 1087 1634 1122 An
1662 1097 1852 1123 SECUNDUM
1879 1096 2063 1124 mci-:NDUM
2091 1085 2195 1136 quod
2222 1084 2290 1122 etsi
2317 1085 2472 1123 scientia
2494 1085 2584 1124 iuris

1523 1138 1570 1175 sit
1596 1137 1780 1187 quiddam
1809 1137 2010 1187 spirituale,
2031 1145 2160 1175 tamen
2187 1150 2279 1175 usus
2299 1138 2381 1175 eius
2406 1138 2449 1175 fit
2468 1150 2584 1188 opere

1524 1191 1728 1239 corporali.
1751 1192 1800 1227 Et
1819 1190 1906 1228 ideo
1935 1203 2005 1240 pro
2027 1191 2107 1228 eius
2125 1190 2480 1241 recompensatione
2499 1188 2585 1229 licet

1495 1246 1496 1251 ’
1522 1243 1724 1292 pecuniam
1754 1243 1944 1292 accipere:
1969 1244 2141 1294 ,alioquin
2166 1244 2259 1281 nulli
2292 1243 2424 1281 artifici
2459 1244 2586 1282 liceret

1524 1296 1570 1332 de
1600 1303 1678 1332 arte
1706 1307 1776 1332 sua
1803 1295 1950 1333 lucrari.

1576 1349 1635 1384 An
1663 1358 1822 1386 TER'rIUM
1841 1359 2026 1386 montinum
2046 1349 2151 1398 quod
2169 1349 2282 1387 iudex
2302 1357 2340 1387 et
2357 1349 2459 1387 testis
2479 1361 2584 1387 com-

1523 1412 1660 1437 munes
1697 1408 1785 1439 sunt
1824 1400 1972 1450 utrique
1988 1401 2122 1450 parti:
2157 1401 2247 1451 quia
2288 1401 2400 1440 iudex
2437 1399 2585 1440 tenetur

1523 1453 1661 1491 iustam
1690 1453 1914 1491 sententiam
1945 1454 2046 1501 dare,
2076 1462 2113 1491 et
2139 1455 2242 1492 testis
2274 1456 2423 1492 tenetur
2442 1464 2585 1495 verum

1523 1506 1780 1546 testimonium
1801 1507 1947 1553 dicere3
1976 1506 2114 1544 iustitia
2133 1514 2266 1545 autem>
2290 1515 2327 1544 et
2348 1506 2488 1545 veritas
2506 1518 2587 1547 nan

1524 1559 1714 1597 declinant
1730 1559 1769 1596 in
1795 1572 1914 1598 unam
1933 1567 2082 1609 partem
2111 1561 2232 1608 magis
2252 1572 2370 1609 quam
2397 1560 2436 1598 in
2459 1559 2584 1600 alim.

1524 1612 1574 1650 Et
1600 1612 1686 1650 ideo
1715 1610 1903 1650 iudicibus
1932 1612 1979 1650 de
2014 1613 2168 1662 publico
2198 1621 2285 1651 sunt
2319 1611 2508 1663 stipendia·
2531 1612 2585 1652 Η-

1524 1665 1626 1702 boris
1655 1673 1810 1712 statuta;
1842 1674 1877 1703 et
1899 1673 2012 1703 testes
2041 1665 2240 1715 accipiunt,
2261 1678 2340 1704 non
2368 1665 2476 1716 quasi
2501 1671 2587 1717 pre-

1523 1719 1616 1756 tium
1639 1719 1856 1767 testimonii,
1878 1719 1945 1756 sed
1965 1719 2072 1768 quasi
2097 1719 2327 1769 stipendium
2353 1718 2505 1767 laboris,
2524 1719 2586 1757 ex-

1522 1784 1660 1820 pensas
1688 1771 1751 1808 vel
1786 1772 1833 1809 ab
1862 1779 2021 1821 utraque
2048 1779 2175 1821 parte,
2203 1773 2267 1809 vel
2300 1773 2348 1810 ab
2378 1784 2423 1810 ea
2460 1783 2483 1809 a
2511 1784 2587 1822 qua

1523 1825 1772 1862 inducuntur:
1801 1824 1891 1874 quia
1914 1837 2024 1862 nemo
2052 1825 2188 1863 militat
2205 1825 2395 1875 stipendiis
2418 1824 2501 1863 suis
2516 1822 2586 1863 wt-

1523 1889 1654 1927 quam,
1683 1885 1726 1914 ut
1753 1877 1886 1914 dicitur
1914 1878 2001 1916 lad
2031 1878 2118 1916 Cor.
2147 1890 2183 1915 1x
2201 1878 2232 1915 *.
2270 1878 2348 1916 Sed
2375 1876 2586 1916 advocatas
2612 1886 2626 1900 ·

1523 1931 1680 1967 alteram
1708 1937 1856 1980 partem
1884 1938 2031 1968 tantum
2069 1930 2247 1969 defendit.
2285 1931 2335 1968 Et
2365 1930 2455 1971 ideo
2487 1928 2585 1971 freae

1522 1991 1648 2032 potest
1674 1983 1838 2032 pretium
1876 1984 2046 2034 accipere
2076 1996 2098 2021 a
2125 1991 2232 2034 parte
2269 1994 2386 2032 quam
2419 1982 2585 2035 adiuvat.

2503 2226 2506 2230 .
2537 2212 2563 2230 ‘¹1

1517 2255 1589 2294 tale,
1607 2262 1684 2296 puta
1699 2255 1821 2286 iustum
1837 2255 2061 2296 patrocinium,
2079 2255 2200 2286 iustum
2215 2247 2396 2287 consilium.
2416 2249 2545 2293 Quoci'fi
2563 2244 2590 2293 ³,

1518 2299 1593 2340 quia
1616 2306 1682 2330 tam
1698 2298 1791 2330 iudex
1815 2309 1913 2340 quam
1936 2299 2022 2331 testis
2046 2300 2086 2330 ad
2108 2299 2141 2330 id
2164 2299 2253 2341 quod
2268 2307 2443 2331 commune
2457 2299 2543 2343 utiq

1492 2377 1493 2382 ¹
1519 2344 1599 2383 parti
1628 2351 1675 2374 est
1697 2342 1789 2386 (non
1818 2344 1970 2384 positive,
1999 2344 2055 2374 sed
2086 2343 2245 2384 negative,
2274 2343 2336 2375 hoe
2362 2351 2408 2376 est
2435 2342 2527 2385 quod
2543 2344 2587 2376 ‘in

1520 2395 1664 2419 neutram
1685 2395 1808 2428 partem
1829 2386 1977 2430 declinet)
1997 2388 2168 2419 assumitur
2187 2388 2220 2418 in
2235 2388 2363 2425 iudicio,
2387 2397 2586 2429 consequens

1520 2439 1566 2463 est
1588 2432 1677 2473 quod
1701 2433 1740 2462 ad
1763 2432 1884 2463 iustum
1908 2439 1939 2463 et
1960 2442 2073 2462 verum
2095 2431 2278 2472 simpliciter
2293 2439 2324 2464 et
2339 2432 2494 2475 absolute,
2509 2439 2584 2477 ‚tan-

1520 2486 1618 2516 quam
1641 2476 1806 2516 proprium
1829 2475 1944 2513 finem,
1969 2476 2100 2507 tendant
2122 2475 2228 2507 ambo.
2259 2471 2307 2507 Et
2324 2486 2341 2507 e
2364 2482 2484 2514 contra,
2507 2474 2583 2518 quia

1519 2519 1590 2550 finis
1614 2520 1761 2560 proprius
1785 2530 1897 2550 eorum
1921 2526 1968 2550 est
1989 2520 2110 2551 iustum
2135 2527 2164 2551 et
2187 2529 2299 2550 verum
2314 2520 2468 2556 absolute,
2493 2520 2583 2561 quod

1520 2564 1553 2594 in
1577 2570 1722 2595 neutram
1745 2563 1879 2594 declinat
1901 2570 2041 2604 partem,
2066 2564 2183 2595 idcirco
2207 2564 2246 2594 ad
2270 2574 2442 2595 commune
2459 2563 2585 2605 utrique

1519 2608 1599 2647 parti
1622 2611 1774 2648 tanquam
1790 2608 1974 2648 proximum
1990 2608 2177 2639 ordinantur
2191 2607 2300 2639 finem.
2324 2609 2508 2639 Advocatus
2527 2617 2582 2639 au-

1493 2661 1494 2683 }
1519 2659 1586 2682 tem
1609 2659 1639 2682 et
1662 2651 1904 2683 iurisconsultus
1927 2662 1993 2682 non
2017 2653 2161 2689 tendunt,
2186 2658 2340 2693 tanquam
2356 2653 2396 2683 ad
2415 2652 2585 2693 proprium

1493 2714 1495 2733 ,ι
1519 2695 1627 2732 finem,
1651 2696 1691 2726 ad
1713 2695 1835 2727 iustum
1858 2695 2041 2737 simpliciter
2064 2703 2095 2728 et
2117 2696 2261 2727 absolute
2278 2694 2323 2739 (in
2340 2696 2430 2728 cuius
2446 2695 2583 2746 signuq,

411 2746 440 2769 et
463 2738 574 2769 iudicis
598 2747 813 2775 communem,
838 2739 930 2770 debet
952 2749 1082 2781 quoque
1105 2739 1206 2770 facere
1229 2749 1398 2780 personam
1412 2741 1468 2770 ad·
1493 2739 1495 2748 '

1520 2739 1546 2770 si
1569 2739 1601 2770 in
1625 2749 1775 2780 processu
1798 2739 1974 2771 invenerint
1997 2749 2124 2771 causam
2141 2749 2232 2771 suam
2255 2740 2416 2777 iniustam,
2441 2750 2507 2772 non
2531 2740 2585 2772 de·

1521 2785 1605 2820 bent‚
1630 2791 1666 2814 ut
1689 2783 1721 2814 in
1744 2794 1825 2825 resp.
1850 2785 1889 2815 ad
1914 2793 1931 2814 2
1956 2794 2058 2825 praec.
2084 2791 2140 2815 art.
2165 2784 2285 2815 dictum
2300 2791 2355 2821 est,
2380 2784 2586 2825 proderes&

1493 2850 1495 2854 .
1521 2835 1603 2858 creta
1631 2838 1705 2859 suae
1734 2837 1862 2866 causae,
1886 2838 1944 2859 nec
1967 2828 2113 2865 alteram,
2138 2828 2284 2870 quamvis
2305 2828 2438 2865 iustam,
2462 2831 2586 2870 partem

1520 2872 1643 2902 iuvare:
1676 2873 1715 2902 ad
1745 2873 1834 2913 quod
1863 2878 2043 2903 tenerentur
2071 2873 2096 2903 si
2128 2874 2167 2903 ad
2194 2872 2316 2904 iustum
2342 2873 2528 2914 simpliciter
2553 2879 2586 2904 et

1521 2916 1681 2952 absolute,
1706 2923 1742 2947 ut
1764 2916 1931 2958 proprium
1954 2915 2071 2953 finem,
2096 2915 2346 2960 ordinarentur):
2372 2917 2427 2948 sed
2449 2917 2585 2948 tendunt

1521 2961 1560 2990 ad
1575 2960 1697 2991 iustum
1720 2961 1791 2998 tale,
1811 2960 1928 2992 scilicet
1950 2960 2071 2992 iustum
2094 2960 2308 3002 patrocinium
2318 2967 2355 2992 et
2369 2961 2491 2992 iustum
2505 2970 2582 2992 con-

1521 3004 1628 3035 silium
1644 3004 1740 3035 huius
1758 3005 1864 3045 partis,
1889 3011 2041 3046 tanquam
2065 3005 2104 3036 ad
2127 3005 2312 3046 proximum
2333 3005 2447 3042 finem5
2472 3015 2582 3047 quam-

1493 3080 1495 3085 ,
1520 3048 1567 3078 vis
1591 3047 1661 3078 finis
1685 3059 1798 3079 eorum
1821 3056 1962 3080 remotus
1993 3049 2032 3081 sit
2055 3049 2173 3080 iustitia
2196 3049 2395 3090 simpliciter,
2422 3049 2470 3080 vel
2493 3049 2584 3080 attin-

412 3097 457 3120 est
477 3091 623 3130 proprius
640 3091 694 3120 uni
711 3091 800 3130 parti.
826 3091 911 3121 Finis
928 3099 1034 3122 autem
1049 3092 1174 3133 utrique
1191 3093 1270 3132 parti
1287 3093 1467 3123 communis
1493 3090 1495 3122 ἶ

1520 3092 1622 3132 genda
1645 3093 1694 3123 vel
1718 3093 1830 3124 saltem
1853 3103 1918 3124 non
1942 3093 2153 3134 impedienda.
2181 3111 2202 3116 —
2229 3094 2270 3124 Et
2294 3103 2330 3124 ex
2353 3093 2401 3124 his
2425 3099 2511 3134 patet
2532 3103 2583 3124 so-

1519 3136 1600 3167 lutio
1625 3136 1833 3173 obiectorum,
1858 3147 1955 3178 quare
1978 3137 2096 3168 iustitia
2116 3145 2146 3168 et
2161 3137 2272 3168 veritas
2289 3138 2434 3168 absolute
2449 3136 2584 3168 inferant

1494 3210 1495 3214 ,
1520 3181 1657 3211 iudicem
1681 3188 1711 3211 et
1735 3189 1827 3212 testes
1852 3191 1918 3212 esse
1943 3191 2140 3218 communes,
2165 3188 2196 3213 et
2220 3192 2286 3212 non
2310 3183 2509 3218 advocatum,
2523 3187 2582 3212 etc.

1502 3353 1582 3386 ‘2¹:29
1613 3368 1630 3383 c..

1440 3397 1582 3430 now
1613 3377 1637 3416 ‘³⁵

2609 354 2620 366 ⁸
2634 354 2694 376 Ibid.

2639 1885 2706 1909 Ven-
2720 1892 2743 1915 7.
