2814 4250
66 546 160 573 ⁸1⁸11³⁸‚
167 552 205 574 qu.
212 551 275 571 exin,

20 582 24 584 >
65 576 105 595 art.
122 578 137 594 ι.

10 2907 13 2913 “
56 2877 272 2928 bidnissmffiii‘

10 2935 11 2938 ’
59 2937 110 2959 σιμ.
121 2938 168 2959 vm,
182 2937 206 2954 ιι.
220 2938 244 2961 9.

55 3136 222 3191 132⁵?

58 3195 134 3212 xxxvi.

59 3387 115 3410 Cf.
129 3388 228 3410 Αι-ἰιιοι.
237 3387 270 3409 Ε-

7 3424 10 3427 *
58 3413 113 3436 thie
125 3414 164 3436 lib.
174 3413 244 3441 men

59 3446 90 3465 vi.
99 3446 121 3462 ιι.
127 3446 166 3469 23

9 3479 12 3483 ·
57 3456 110 3488 leet.
124 3446 166 3488 '¹⁴3

168 3419 269 3463 .-kf-PR.

975 304 1242 349 QUAESTIO
1271 305 1405 352 LVIII,
1435 305 1732 343 ARTICULUS
1762 307 1810 342 111
2434 322 2473 345 ιι

356 384 415 418 AD
450 393 587 418 PRIMUM
622 393 719 419 ERGO
747 394 931 419 DteENDUM
960 383 1064 430 quod
1087 383 1237 420 iustitia
1266 396 1364 432 quae
1389 384 1393 435 i
1418 396 1528 421 num:
1545 367 1717 421 etin'hoc
1728 396 1931 433 praecipue
1946 393 2082 423 iustitia
2095 386 2273 423 consistit.
2291 387 2479 445 Quamvis

303 434 346 472 fit
372 446 441 493 per
469 434 588 471 fidem
615 435 654 472 in
674 435 797 482 nobis,
828 443 883 472 est
909 447 978 484 per
998 447 1115 483 quarn
1144 436 1365 473 iustificatur
1390 454 1392 460 Α

303 486 456 545 impiuS,
485 499 583 547 quae
612 488 767 536 quidem
795 487 834 524 in
861 487 943 536 ipsa
970 488 1097 524 debita
1126 489 1363 526 ordinatione
1390 497 1392 523 ὲ

302 539 468 588 partium
497 541 647 577 animae
677 540 863 577 consistit:
911 540 1006 576 sicut
1034 553 1147 589 supra
1165 541 1185 563 '¹‘
1220 542 1363 578 dictum

304 601 375 639 est,
406 604 494 629 cum
531 593 577 630 de
611 593 874 630 iustificatione
910 593 1015 641 impii
1048 601 1229 643 ageretur.
1279 596 1364 631 Hoc

304 652 432 682 autem
460 645 622 694 pertinet
648 646 697 682 ad
720 645 898 682 iustitiam
928 646 1185 694 metaphorice
1211 646 1363 694 dictam,

303 710 401 747 quae
436 705 561 746 potest
594 697 754 735 inveniri
783 698 894 734 etiam
930 698 969 735 in
996 699 1123 748 aliquo
1158 700 1363 737 solitariam

301 758 421 788 vitam
449 758 595 798 agente.

355 803 405 839 Et
430 815 500 851 per
527 804 603 839 hoc
630 810 733 852 patet
762 804 960 852 responsio
989 804 1038 841 ad
1067 805 1291 842 secundum.

354 857 414 892 An
441 867 602 893 TERTlUM
629 868 814 894 DICENDUM
833 857 938 904 quod
966 857 1103 894 iustitia
1131 858 1204 894 Dei
1233 865 1288 894 est
1315 858 1363 893 ab

302 916 457 945 aeterno
474 909 683 946 secundum
693 911 931 946 voluntatem
948 918 984 947 et
994 911 1233 959 propositum
1246 917 1364 946 aeter—

1419 438 1630 485 secundum
1651 437 1830 474 effectum
1850 450 1928 475 non
1954 438 1999 475 sit
2019 440 2066 476 ab
2087 446 2259 476 aeterno:
2281 439 2370 487 quia
2389 440 2479 488 nihil

1418 498 1474 527 est
1501 481 1586 527 Deo
1617 498 1874 527 coaeternum.

1469 546 1529 579 Αι)
1549 554 1723 584 QUARTUM
1741 555 1926 580 mmmmm
1946 543 2051 591 quod
2075 544 2243 581 actiones
2263 557 2364 592 quae
2393 553 2479 582 sunt

1416 595 1583 631 hominis
1603 595 1652 631 ad
1671 595 1840 643 seipsum
1861 596 2091 632 sufficienter
2105 597 2358 634 rectificantur
2374 598 2479 634 recti—

1390 651 1392 698 ᾖ
1415 647 1536 684 ficatis
1555 647 1796 695 passionibus
1819 660 1888 696 per
1907 648 1998 685 alias
2016 649 2173 686 virtutes
2193 651 2370 687 morales.
2402 651 2479 687 Sed

1390 725 1392 743 ι
1417 699 1585 736 actiones
1614 712 1710 748 quae
1747 708 1832 737 sunt
1861 701 1909 738 ad
1937 702 2097 739 alterum
2126 701 2294 750 indigent
2326 703 2480 751 speciali

1417 751 1699 799 rectificatione,
1729 765 1808 790 non
1836 754 1960 790 solum
1988 766 2057 803 per
2076 755 2402 803 comparationem
2430 755 2478 792 ad

1419 812 1606 852 agentem,
1636 805 1702 841 sed
1732 805 1844 842 etiam
1872 819 1941 854 per
1960 808 2284 855 comparationem
2314 809 2362 845 ad
2389 820 2478 844 eum

1419 857 1468 916 ad
1497 869 1612 905 quem
1647 866 1744 894 sunt.
1791 859 1840 894 Et
1868 858 1955 895 ideo
1986 860 2083 896 circa
2119 872 2182 897 eas
2218 869 2273 898 est
2307 861 2480 909 specialis

1416 917 1547 956 virtus,
1578 922 1677 957 quae
1707 918 1763 946 est
1790 910 1938 947 iustitia.

965 1001 1296 1034 Commentaria
1320 990 1571 1032 Cardin'alis
1595 1000 1794 1033 Caietam

332 1085 352 1105 N
375 1075 508 1106 articulo
533 1076 684 1111 secundo,
710 1075 830 1123 omisso
852 1076 969 1116 primo,
993 1074 1186 1115 quaestionis
1206 1074 1363 1115 quinqua-

305 1087 610 1159 Igesimaeoctavae,
623 1120 656 1150 in
677 1114 885 1159 responsione
900 1119 941 1149 ad
963 1118 1123 1154 ultimum,
1138 1119 1262 1149 adverte
1275 1118 1390 1159 qu0d;

300 1163 440 1195 actiones
459 1174 541 1204 quae
561 1170 636 1195 sunt
658 1163 698 1195 ad
716 1164 851 1195 alterum
869 1162 1036 1202 dupliciter
1054 1169 1146 1203 egent
1169 1162 1296 1202 speciali
1318 1172 1364 1192 re-

301 1206 490 1238 ctificatione
519 1208 553 1238 in
578 1207 814 1247 comparatione
837 1207 876 1236 ad
901 1212 1055 1247 agentem.
1094 1206 1218 1242 Primo,
1243 1206 1365 1237 ratione

297 1251 490 1302 passionum
511 1261 592 1292 quae
616 1249 834 1282 immiscentur
856 1250 1042 1281 huiusmodi
1066 1250 1260 1281 actionibus:
1285 1250 1366 1281 sicut

299 1294 491 1327 restitutioni
505 1294 669 1345 ‘pecuniae
692 1294 813 1325 ablatae
835 1295 1032 1325 immiscetur
1053 1294 1176 1325 tristitia
1201 1291 1391 1325 abdicandi

299 1343 318 1369 it
340 1335 375 1369 se
405 1338 574 1381 proprium
604 1339 831 1374 commodum,
863 1346 894 1369 et
923 1339 1078 1369 adulterio
1110 1338 1366 1378 concupiscentia

299 1382 411 1414 earnis.
435 1383 476 1414 Et
495 1383 540 1414 sic
562 1383 621 1421 hae
638 1383 778 1413 actiones
799 1382 1010 1413 rectificantur
1025 1382 1094 1412 aliis
1109 1383 1277 1414 virtutibus
1296 1393 1366 1412 mo—

254 1426 529 1468 Μῃίἰδυῆ-ρητῆ
536 1417 730 1463 iiberalitate,
744 1427 892 1463 castitate,
906 1427 955 1458 vel
971 1427 1078 1467 aliqua
1093 1427 1153 1457 alia
1169 1427 1364 1458 huiusmodi.

299 1470 464 1508 Secundo,
490 1471 611 1502 ratione
633 1471 752 1512 ipsius
756 1471 943 1507 voluntatis,
968 1481 1066 1512 quam
1094 1477 1221 1511 oportet
1245 1481 1281 1501 ex
1305 1471 1365 1501 ele-

1414 1075 1516 1105 facere
1540 1082 1570 1106 et
1594 1085 1724 1106 servare.
1764 1076 1805 1106 Et
1828 1076 1871 1106 sic
1890 1077 1948 1107 hae
1972 1077 2111 1108 actiones
2135 1078 2343 1110 rectificantur
2370 1079 2479 1110 habitu

1414 1119 1561 1150 iustitiae.
1597 1119 1675 1149 Eius
1700 1119 1784 1149 enim
1808 1128 1854 1151 est
1877 1131 1941 1150 non
1966 1122 2071 1151 solum
2095 1122 2261 1153 rectificare
2284 1123 2424 1154 actiones
2447 1124 2479 1153 in

1388 1141 1390 1164 l
1416 1163 1527 1193 ordine
1551 1163 1591 1193 ad
1607 1163 1751 1199 alterum,
1777 1164 1831 1194 sed
1854 1164 1949 1194 etiam
1973 1165 2012 1195 ad
2035 1173 2190 1205 agentem,
2207 1174 2363 1206 quantum
2386 1168 2426 1197 ad
2447 1167 2478 1197 id

1416 1207 1505 1248 quod
1529 1216 1561 1236 se
1585 1213 1670 1237 tenet
1693 1217 1729 1237 ex
1752 1214 1840 1247 parte
1858 1208 2030 1239 voluntatis
2053 1209 2162 1246 solius,
2188 1217 2218 1240 et
2237 1221 2303 1240 non
2323 1217 2479 1251 quantum

1416 1251 1454 1281 ad
1478 1251 1510 1280 id
1534 1251 1623 1291 quod
1646 1261 1679 1281 se
1703 1257 1788 1281 tenet
1811 1262 1848 1282 ex
1871 1259 1958 1291 parte
1981 1253 2155 1283 voluntatis
2182 1261 2218 1284 ut
2241 1254 2388 1284 alteratur
2410 1265 2479 1294 pas-

1417 1294 1571 1325 sionibus.
1612 1295 1655 1325 Ut
1677 1301 1764 1334 patet
1786 1295 1811 1325 si
1834 1295 1991 1335 fingamus
2024 1297 2145 1327 iustum
2168 1307 2234 1327 non
2265 1305 2479 1330 mansuetum.

1416 1338 1591 1369 Distribuet
1609 1339 1695 1369 enim
1717 1339 1766 1369 vel
1786 1339 1928 1370 restituet
1949 1340 1999 1370 ius
2022 1350 2118 1371 suum
2137 1341 2318 1382 unicuique,
2336 1342 2389 1372 sed
2406 1352 2479 1373 curn

1390 1407 1392 1431 Α.
1416 1383 1596 1413 turbatione
1627 1389 1658 1413 et
1680 1383 1914 1423 indignatione:
1951 1391 1981 1414 et
2003 1385 2046 1415 ita
2070 1391 2156 1415 actus
2186 1385 2219 1415 in
2244 1386 2480 1425 comparatione

1418 1427 1457 1457 ad
1481 1434 1626 1467 agentem
1649 1427 1770 1457 ratione
1793 1427 1980 1467 passionum
2004 1428 2062 1458 erit
2084 1428 2280 1460 inordinatus
2304 1439 2340 1460 ex
2357 1429 2479 1461 defectu

1391 1468 1393 1471 ”
1419 1471 1671 1502 mansuetudinis
1707 1481 1772 1501 non
1797 1481 1833 1502 ex
1856 1471 1979 1502 defectu
2003 1472 2150 1503 iustitiae.

298 1515 422 1565 quone,
453 1522 603 1556 prompte
632 1522 662 1546 et
683 1515 891 1549 immobiliter
912 1515 1135 1556 aequalitatem
1165 1515 1204 1545 ad
1231 1515 1366 1545 alterum
1392 1518 1393 1524 ¹
1675 1494 1682 1507 ¹

1018 1636 1415 1687 ARTICUL‘US
1462 1640 1744 1682 TERTIUS

1054 1723 1210 1755 UTRUM
1235 1723 1423 1754 IUSTITIA
1447 1723 1514 1754 SIT
1538 1723 1696 1754 VIRTUS

961 1794 982 1818 11
1001 1794 1083 1823 Sene„
1104 1794 1162 1819 dist.
1181 1763 1258 1825 xxwi,
1278 1799 1325 1818 art.
1347 1793 1369 1824 3,
1390 1794 1421 1818 ad
1446 1793 1475 1824 35
1494 1794 1518 1818 V
1537 1793 1632 1822 Ethic„
1653 1794 1712 1818 lect.
1731 1801 1758 1822 ιι,
1776 1801 1814 1819 ιιι.

304 1920 305 1923 ’
330 1905 479 1975 ἱξὲζχῖιδ
508 1916 647 1957 iustitia
665 1928 745 1953 non
765 1916 811 1953 sit
829 1916 962 1953 virtus.
983 1916 1129 1953 Dicitur
1149 1916 1250 1953 enim
1267 1918 1360 1953 Luc.

354 2047 357 2051 -
530 2028 614 2072 epta
650 2027 740 2059 sunt
769 2023 896 2068 vobis,
923 2022 1052 2059 dicite.-
1080 2023 1191 2059 Servi
1216 2022 1362 2059 inutiles

294 2083 446 2120 sumus,
477 2075 580 2123 quod
603 2075 798 2112 debuimus
814 2076 952 2135 facere
968 2076 1147 2124 fecimus.
1178 2075 1255 2112 Sed
1284 2087 1362 2112 non

296 2128 356 2166 est
380 2126 512 2165 inutile
540 2128 663 2165 facere
693 2140 790 2176 opus
817 2128 986 2165 virtutis:
1016 2129 1104 2165 dicit
1141 2128 1241 2165 enim
1268 2128 1362 2164 Am—

297 2181 490 2227 brosius,
481 2194 520 2218 ιιι
545 2183 577 2218 II
603 2182 648 2218 de
671 2181 779 2231 Offic.
800 2181 838 2217 *ε
873 2181 1072 2219 Utilitatem
1095 2193 1169 2218 non
1186 2182 1364 2229 pecunia-

298 2234 350 2271 rii
373 2233 473 2271 lucri
489 2234 786 2271 aestimationem
805 2234 974 2279 dicimus,
993 2235 1060 2271 sed
1081 2234 1362 2283 acquisitionem

292 2286 453 2336 pietatis.
483 2287 586 2335 Ergo
606 2287 731 2324 facere
760 2288 863 2335 quod
892 2287 977 2335 quis
1003 2287 1116 2324 debet
1142 2287 1266 2324 facere
1285 2299 1362 2323 non
1388 2295 1389 2320 ὲ

297 2347 356 2377 est
373 2351 471 2399 opus
490 2339 648 2377 virtutis.
670 2340 739 2376 Est
757 2347 886 2376 autem
906 2352 1004 2388 opus
1022 2339 1181 2376 iustitiae
1201 2345 1230 2376 ².
1260 2341 1362 2387 Ergo

295 2392 435 2430 iustitia
462 2405 542 2430 non
571 2401 626 2430 est
652 2392 784 2429 virtus.
884 2427 892 2438 ,

310 2484 313 2486 ,
351 2457 388 2483 2.
408 2447 643 2492 PRAETEREA,
665 2445 771 2495 quod
798 2445 842 2482 fit
870 2457 915 2481 ex
944 2444 1166 2482 necessitate
1198 2457 1277 2482 non
1307 2452 1363 2481 est

291 2498 545 2541 meritorium.
576 2494 652 2535 Sed
682 2498 842 2535 reddere
871 2497 982 2534 alicui
1010 2499 1115 2545 quod
1152 2510 1263 2534 suum
1294 2505 1360 2544 est,

294 2550 403 2601 duod
430 2551 593 2611 pertinet
612 2551 661 2588 ad
688 2550 880 2598 iustitiam,
902 2558 958 2587 est
984 2550 1227 2587 necessitatis.
1257 2551 1360 2598 Ergo

296 2603 377 2658 hon
397 2612 453 2659 est
480 2604 730 2641 meritorium.
751 2604 910 2640 Actibus
930 2611 1058 2640 autem
1077 2604 1261 2643 virtutum
1282 2616 1360 2640 me-

297 2644 439 2694 remur.
447 2658 571 2705 Ergo
601 2657 738 2694 iustitia
766 2669 844 2693 non
874 2663 930 2693 est
956 2656 1087 2693 virtus.

353 2711 387 2747 3.
408 2711 651 2757 PRAETEREA,
683 2709 808 2747 omnis
835 2709 956 2746 virtus
991 2708 1145 2745 moralis
1175 2717 1230 2746 est
1263 2709 1361 2746 circa

297 2762 458 2811 agibilia.
488 2764 546 2800 Ea
584 2770 713 2800 autem
749 2774 848 2812 quae
886 2762 1047 2799 exterius
1083 2762 1361 2798 constituuntur

297 2827 375 2853 non
397 2824 483 2852 sunt
507 2816 668 2864 agibilia,
689 2817 755 2853 sed
775 2815 972 2852 factibilia:
1000 2823 1041 2851 ut
1061 2823 1164 2863 patet
1186 2827 1256 2863 per
1274 2815 1361 2851 Phi-

297 2869 517 2916 losophum,
537 2869 576 2907 in
596 2870 648 2905 IX
676 2869 894 2916 Metaphys.
914 2867 935 2889 '¹‘
963 2868 1063 2904 Cum
1093 2868 1203 2916 igitur
1231 2869 1278 2904 ad
1304 2868 1360 2904 iu-

297 2921 436 2958 stitiam
465 2921 650 2969 pertineat
678 2921 839 2957 exterius
858 2921 981 2957 facere
1011 2920 1166 2968 aliquod
1186 2932 1283 2968 opus
1303 2933 1360 2956 se-

298 2975 466 3012 cundum
496 2986 535 3010 se
565 2973 719 3020 iustum,
739 2973 891 3011 videtur
918 2973 1024 3021 quod
1051 2972 1189 3009 iustitia
1217 2985 1295 3009 non
1316 2973 1362 3010 sit

295 3026 416 3065 virtus
443 3026 610 3064 moralis.

351 3080 426 3117 SED
446 3091 592 3117 CONTRA
611 3090 678 3116 EST
695 3079 802 3127 quod
820 3077 1026 3125 Gregorius
1046 3077 1145 3124 dicit,
1162 3077 1200 3113 in
1220 3078 1252 3113 11
1271 3077 1360 3114 Mo-

254 3133 367 3170 ¹·.ral
387 3131 419 3178 ⁸¹⁶,
440 3132 544 3182 quod
574 3133 611 3169 in
632 3137 795 3180 quatuor
821 3130 1028 3176 virtutibus,
1049 3130 1188 3166 scilicet
1215 3137 1360 3178 tempe·
1385 3157 1387 3177 ξ

292 3185 429 3232 ranna,
450 3184 663 3234 prudentia,
684 3183 902 3221 fortitudine
922 3191 959 3220 et
977 3183 1126 3230 iustitia,
1143 3188 1218 3219 tota
1238 3183 1329 3219 honi
1346 3181 1361 3212 β

297 3239 421 3288 operis
447 3243 637 3275 structura
665 3237 872 3286 consurgit

350 3292 577 3328 Rsssponnsso
605 3302 791 3328 memnon
818 3290 924 3338 quod
951 3289 1072 3326 virtus
1105 3288 1276 3325 humana
1305 3295 1360 3324 est

296 3355 394 3393 quae
421 3345 560 3381 honum
596 3343 717 3380 reddit
751 3348 876 3380 actum
913 3343 1142 3387 humanum,
1172 3347 1208 3378 et
1237 3341 1358 3389 ipsum

295 3397 484 3434 hominem
514 3398 653 3434 bonum
668 3395 774 3443 facit
789 3395 820 3432 ²¹⁸.
850 3395 968 3442 Quod
995 3395 1151 3444 quidem
1181 3394 1360 3431 convenit

296 3449 470 3488 iustitiae.
499 3451 617 3486 Actus
648 3448 749 3485 enim
777 3447 944 3484 hominis
963 3448 1088 3484 bonus
1115 3446 1286 3484 redditur
1313 3458 1359 3483 ex

350 3562 376 3594 α)
398 3562 523 3587 iustitiae.
534 3575 553 3580 —
570 3562 642 3594 quod
660 3562 718 3594 quis
730 3561 824 3594 facere
842 3564 946 3586 tenetur
960 3561 1029 3586 addit
1046 3563 1075 3587 P.

351 3596 376 3629 β)
395 3597 496 3622 boni.—
514 3597 582 3622 bona
601 3596 818 3628 ABCEFm1-px;
837 3596 926 3628 operis
943 3604 997 3621 om.
1016 3596 1047 3621 D.

384 1880 389 1893 ι
435 1885 484 1922 „qs
509 1876 531 1901 n
559 1875 720 1901 TERT1UM
740 1875 793 1900 sm
816 1875 1057 1901 Pkocemrua.
1076 1863 1236 1901 Videtur
1255 1863 1362 1911 quod

1387 1917 1388 1926 ³
1415 1927 1533 1963 quam
1557 1915 1716 1952 humani
1745 1923 1850 1952 actus
1874 1916 2138 1953 rectificantur.
2168 1917 2279 1953 Unde
2309 1929 2397 1953 cum
2424 1917 2480 1954 iu-

379 2015 389 2022 „
412 1985 425 2022 ζ
451 1965 582 2007 'xvii
601 1969 641 2006 *z
676 1970 772 2006 Cum
789 1969 962 2017 feceritis
979 1970 1108 2006 omnia
1136 1981 1234 2018 quae
1246 1981 1362 2017 prae·
1387 1985 1389 2022 ι

1388 2031 1389 2036 ’
1417 2029 1472 2058 est
1491 2021 1597 2070 quod
1626 2033 1724 2069 opus
1743 2021 1910 2058 hominis
1931 2022 2078 2058 bonum
2099 2022 2231 2059 reddit.
2262 2023 2311 2059 Et
2328 2030 2369 2058 ut
2387 2023 2479 2059 Tul-

1388 2151 1389 2156 =
1416 2127 1491 2163 viri
1517 2127 1607 2164 boni
1633 2127 1888 2163 nominantur.

1414 1863 1490 1899 hoc
1527 1863 1631 1910 quod
1669 1862 1814 1910 attingit
1851 1863 2020 1910 regulam
2059 1863 2232 1911 rationis,
2267 1865 2478 1901 secundum

1416 1968 1513 2005 stitia
1541 1967 1783 2016 operationes
1811 1969 2000 2005 humanas
2026 1969 2216 2016 rectificet,
2236 1970 2478 2006 manifestum

1416 2074 1487 2110 lius
1517 2074 1627 2121 dicit,
1656 2074 1694 2110 in
1724 2075 1737 2110 Ι
1767 2074 1815 2110 de
1845 2074 1953 2122 Osfic.
1973 2075 2008 2121 *,
2039 2087 2089 2111 ex
2116 2075 2252 2111 iustitia
2273 2076 2480 2124 praecipue
2506 2089 2516 2099 ⁸

1918 2127 2046 2175 Unde,
2074 2127 2170 2164 sicut
2196 2127 2338 2165 ibidem
2368 2128 2476 2175 dicit,

1416 2180 1453 2216 in
1483 2191 1527 2216 ea
1555 2179 1702 2216 virtutis
1728 2179 1905 2228 splendor
1932 2186 1986 2216 est
2011 2180 2214 2216 maximus.

1470 2234 1528 2269 AD
1562 2244 1699 2269 ΡιιιΜυΜ
1731 2244 1830 2269 ERGO
1867 2244 2051 2269 DICENDUM
2080 2233 2186 2282 quod
2224 2245 2311 2270 cum
2345 2233 2478 2282 aliquis

1416 2285 1503 2321 facit
1531 2285 1636 2333 quod
1671 2285 1805 2332 debet,
1835 2297 1915 2322 non
1942 2285 2052 2322 affert
2088 2285 2285 2322 utilitatem
2322 2287 2416 2323 lucri
2445 2287 2478 2323 ei

1417 2338 1478 2374 cui
1496 2338 1583 2374 facit
1601 2338 1705 2386 quod
1727 2337 1851 2385 debet,
1873 2338 1939 2374 sed
1968 2338 2093 2374 solum
2113 2338 2276 2375 abstinet
2294 2351 2316 2375 a
2335 2339 2477 2376 damno

1417 2390 1510 2428 eius.
1537 2390 1617 2427 Sibi
1636 2397 1765 2427 tamen
1784 2390 1871 2427 facit
1888 2390 2098 2438 utilitatem,
2119 2391 2345 2438 inquantum
2366 2404 2479 2440 spon-

1415 2451 1527 2480 tanea
1546 2451 1583 2480 et
1600 2451 1778 2492 prompta
1796 2444 1992 2480 voluntate
2012 2443 2100 2480 facit
2118 2443 2208 2481 illud
2228 2444 2333 2492 quod
2353 2445 2477 2491 debet,

1417 2497 1522 2546 quod
1551 2504 1607 2533 est
1630 2496 1798 2533 virtuose
1828 2508 1951 2543 agere.
1980 2496 2091 2533 Unde
2117 2496 2253 2533 dicitur
2272 2498 2358 2546 Sap.
2379 2510 2440 2534 vm
2459 2497 2478 2519 ’¹‘

1417 2549 1522 2599 quod
1541 2549 1725 2597 sapientia
1744 2548 1815 2585 Dei
1839 2549 2074 2586 sobrietatem
2103 2554 2138 2585 et
2156 2550 2331 2586 iustitiam
2360 2551 2476 2596 docet,

1387 2603 1651 2652 prudentiam
1680 2607 1716 2638 et
1744 2602 1938 2646 virtutem·
1967 2603 2099 2650 quibus
2126 2603 2163 2638 in
2183 2603 2269 2639 vita
2305 2603 2398 2639 nihil
2425 2610 2479 2639 est

1417 2655 1540 2692 utilius
1566 2655 1790 2700 hominibus,
1811 2654 1951 2691 scilicet
1976 2655 2167 2691 virtuosis.

1467 2710 1526 2745 AD
1548 2719 1737 2745 SECUNDUM
1765 2719 1949 2744 mCENDUM
1978 2708 2082 2755 quod
2103 2708 2240 2756 duplex
2266 2715 2321 2744 est
2348 2720 2476 2744 neces-

1415 2761 1515 2798 sitas.
1536 2761 1622 2798 Una
1650 2760 1876 2797 coactionis:
1908 2767 1943 2796 et
1961 2761 2067 2807 haec,
2089 2761 2177 2808 quia
2206 2769 2390 2808 repugnat
2408 2773 2476 2798 vo-

1415 2813 1558 2861 luntati,
1578 2813 1672 2850 tollit
1691 2813 1876 2849 rationem
1905 2813 2039 2850 meriti.
2069 2813 2154 2849 Alia
2173 2820 2301 2850 autem
2328 2821 2383 2850 est
2410 2826 2476 2850 ne-

1415 2867 1567 2903 cessitas
1597 2878 1641 2902 ex
1669 2866 1900 2913 obligatione
1928 2865 2132 2914 praecepti,
2163 2865 2243 2902 sive
2273 2877 2318 2901 ex
2346 2878 2475 2902 neces-

1414 2919 1521 2956 sitate
1536 2919 1640 2955 finis:
1661 2918 1816 2966 quando
1836 2918 1976 2954 scilicet
1995 2918 2128 2966 aliquis
2148 2930 2225 2954 non
2240 2925 2366 2965 potest
2385 2931 2474 2954 con-

1415 2971 1522 3020 sequi
1551 2971 1670 3007 finem
1697 2971 1844 3007 virtutis
1872 2970 1942 3006 nisi
1970 2971 2045 3007 hoc
2072 2970 2192 3006 faciat.
2222 2971 2271 3006 Et
2299 2971 2381 3006 talis
2409 2983 2474 3007 ne-

1415 3024 1567 3061 cessitas
1595 3035 1674 3059 non
1694 3022 1857 3060 excludit
1874 3023 2062 3060 rationem
2082 3022 2221 3059 meriti:
2247 3023 2472 3071 inquantum

1413 3076 1548 3125 aliquis
1575 3076 1651 3112 hoc
1678 3075 1783 3124 quod
1812 3075 1865 3112 sic
1894 3083 1950 3112 est
1977 3075 2233 3113 necessarium
2260 3076 2472 3113 voluntarie

1413 3129 1498 3177 agit.
1536 3128 1710 3166 Excludit
1746 3136 1875 3165 tamen
1909 3128 2068 3176 gloriam
2108 3129 2471 3177 supererogationis:

1413 3182 1626 3219 secundum
1646 3181 1738 3218 illud
1757 3183 1771 3217 Ι
1787 3181 1838 3218 ad
1865 3181 1951 3217 Cor.
1974 3193 2008 3217 ix
2026 3181 2063 3218 *ε
2089 3182 2131 3217 Si
2148 3182 2470 3230 evangelizavero,

1413 3247 1487 3272 non
1503 3240 1558 3271 est
1573 3234 1668 3270 mihi
1682 3233 1829 3284 gloria.-
1849 3234 2044 3270 necessitas
2060 3234 2158 3270 enim
2174 3234 2268 3271 mihi
2280 3234 2468 3271 incumbit.

1465 3289 1523 3324 Αι)
1552 3298 1712 3324 TER'rmM
1740 3298 1924 3324 DICENDUM
1952 3286 2058 3334 quod
2077 3286 2214 3323 iustitia
2242 3299 2321 3323 non
2350 3287 2471 3323 consi-

1413 3340 1474 3377 stit
1493 3340 1591 3377 circa
1611 3339 1813 3376 exteriores
1832 3352 1892 3376 res
1911 3347 2094 3387 quantum
2115 3340 2164 3376 ad
2183 3339 2307 3376 facere
2321 3344 2348 3386 ἵ,
2365 3340 2470 3388 quod

1412 3393 1573 3442 pertinet
1600 3393 1647 3430 ad
1676 3399 1817 3429 artem:
1852 3392 1919 3428 sed
1956 3399 2140 3439 quantum
2169 3391 2217 3428 ad
2253 3392 2329 3428 hoc
2365 3393 2468 3440 quod

1411 3446 1528 3482 utitur
1556 3445 1608 3482 eis
1637 3445 1685 3481 ad
1714 3446 1885 3481 alterum.

1464 3559 1490 3593 γ)
1502 3560 1606 3592 facere.
1620 3572 1638 3577 -
1657 3559 1705 3583 hoc
1716 3558 1810 3591 facere
1828 3565 1854 3587 ιι,
1874 3557 1922 3582 hoc
1940 3556 2011 3589 quod
2029 3560 2068 3582 est
2080 3556 2174 3589 facere
2193 3556 2238 3581 Pa.

2531 2089 2588 2116 Cap.
2603 2095 2643 2110 vn.

2504 2506 2515 2517 ⁸
2530 2507 2596 2528 νει-5.
2610 2513 2631 2534 7.

2524 3197 2589 3220 Vers.
2606 3199 2637 3220 ¹6.
