2860 4244
19 3719 51 4244 *etse-:faeaaeefflaw-s-uamua
18 3576 50 3648 -1'11-2‘
20 3386 30 3406 ⁸
44 3350 46 3353 ,
42 3324 44 3330 .
49 3290 54 3299 ⁵
17 3267 19 3270 ’
19 3232 21 3234 “
16 3167 17 3170 ‘

949 219 1215 266 QUAESTIO
1245 220 1382 268 LXVI,
1411 220 1707 258 ARTICULUS
1735 220 1821 258 VIII
2421 220 2469 268 93

293 300 409 343 lines,⁸
437 299 627 336 nudorum
655 299 913 336 indumentum
932 298 1104 346 estquod
1126 303 1163 334 tu
1183 298 1359 343 recludis,-

293 353 521 389 miserorum
536 351 740 400 redemptio
755 356 793 388 et
803 350 986 388 absolutio
1000 355 1055 386 est
1063 351 1228 398 pecunia
1243 362 1358 399 quam

291 410 332 441 tu
350 405 388 442 in
409 410 553 441 terram
572 405 716 452 defodis
730 409 758 440 α.
785 403 862 441 Sed
881 402 972 452 quia
991 403 1100 439 multi
1121 411 1208 440 sunt
1227 415 1357 440 neces-

291 457 439 494 sitatem
459 457 657 507 patientes,
675 463 712 493 et
726 467 806 494 non
823 462 951 504 potest
964 467 1010 492 ex
1026 457 1162 492 eadem
1179 468 1218 492 re
1235 457 1358 493 omni-

291 510 362 547 bus
382 509 589 556 subveniri,
620 509 866 546 committitur
885 507 1039 544 arbitrio
1058 508 1357 558 uniuscuiusque

291 562 523 612 dispensatio
543 561 786 612 propriarum
806 572 946 607 rerum,
967 567 1009 597 ut
1024 573 1070 598 ex
1085 561 1138 597 eis
1158 561 1358 599 subveniat

289 614 555 653 necessitatem
574 613 816 663 patientibus.
838 613 880 650 Si
895 621 1024 650 tamen
1043 614 1142 651 adeo
1158 614 1204 651 sit
1218 625 1357 662 urgens

289 674 326 705 et
353 667 513 705 evidens
531 667 737 704 necessitas
763 673 806 703 ut
824 666 1069 703 manifestum
1088 665 1104 696 β
1131 667 1178 703 sit
1205 666 1356 704 instanti

287 718 502 757 necessitati
539 720 587 757 de
620 720 736 756 rebus
772 719 1060 756 occurrentibus
1097 731 1181 756 esse
1216 720 1356 756 subve-

287 772 485 820 niendum,
505 779 598 820 puta
623 783 712 809 cum
732 771 907 809 imminet
924 784 1114 821 personae
1141 772 1355 821 periculum

287 833 325 863 et
351 823 458 863 aliter
484 825 681 862 subveniri
709 836 788 862 non
816 832 962 874 potest3
991 833 1089 862 tunc.
1109 825 1209 862 licite
1231 830 1357 872 potest

286 878 424 928 aliquis
442 890 489 915 ex
504 878 620 915 rebus
639 878 771 916 alienis
791 890 884 915 suae
903 877 1118 915 necessitati
1138 876 1354 924 subvenire,

335 992 364 1025 α)
384 992 412 1018 in
431 995 534 1017 terram
553 992 667 1026 defodis.
685 1004 705 1011 -—
723 991 751 1016 in
770 995 845 1016 terra
868 990 963 1025 effodis
980 989 1207 1022 ABDEFGpCsK,
1231 990 1258 1014 in
1278 992 1354 1015 terra

282 1027 389 1062 mdis
407 1027 547 1061 HILszC
564 1033 591 1053 et
608 1035 654 1053 xa.

1413 299 1494 336 sive
1513 299 1710 336 manifeste
1730 299 1811 336 sive
1830 300 1976 336 occulte
1995 299 2163 336 sublatis.
2189 300 2272 336 Nec
2291 300 2365 336 hoc
2383 312 2471 348 pro-

1411 352 1492 400 prie
1519 353 1635 389 habet
1663 352 1849 389 rationem
1878 352 1964 388 furti
1989 353 2054 390 vel
2082 352 2249 401 rapinae.

1464 407 1523 441 Au
1548 415 1684 442 smmum
1709 416 1807 442 ERGO
1838 415 2023 442 DICENDUM
2049 405 2155 453 quod
2188 405 2383 442 decretalis
2409 404 2471 442 illa

1411 457 1575 505 loquitur
1592 457 1631 494 in
1651 469 1741 494 casu
1760 457 1799 494 in
1818 469 1894 506 quo
1914 469 1994 494 non
2019 465 2074 494 est
2091 469 2230 505 urgens
2254 458 2470 495 necessitas.

1463 511 1522 545 AD
1550 521 1740 547 SECUNDUM
1768 522 1952 548 meantium
1980 510 2086 558 quod
2113 510 2167 547 uti
2193 522 2233 547 re
2262 510 2383 548 aliena
2407 523 2471 547 oc-

1410 562 1508 597 culte
1538 570 1693 610 accepta
1725 563 1763 599 in
1792 575 1883 599 casu
1910 563 2140 600 necessitatis
2173 570 2364 600 extremae
2391 575 2470 600 non

1408 614 1525 650 habet
1561 614 1746 651 rationem
1785 615 1890 662 furti,
1928 616 2081 664 proprie
2115 615 2323 664 loquendo.
2369 616 2470 663 Quia

1407 677 1478 714 per
1505 666 1619 702 talem
1648 667 1911 705 necessitatem
1933 668 2093 706 efficitur
2111 680 2225 706 suum
2253 668 2345 705 illud
2364 669 2470 718 quod

1409 718 1494 766 quis
1512 718 1648 766 accipit
1675 720 1723 756 ad
1748 721 2034 758 sustentandam
2061 721 2258 770 propriam
2276 722 2408 759 vitam.

1460 773 1520 807 AD
1538 781 1699 808 TERTmM
1728 784 1913 810 mcaNDUM
1941 774 2047 822 quod
2070 775 2109 810 in
2129 787 2220 811 casu
2248 774 2380 811 similis
2404 787 2469 811 ne-

1408 823 1588 860 cessitatis
1607 823 1722 861 etiam
1740 833 1866 872 potest
1885 826 2016 874 aliquis
2036 827 2182 864 occulte
2205 839 2286 863 rem
2305 827 2468 864 alienam

1408 875 1578 924 accipere
1606 883 1648 913 ut
1675 877 1876 915 subveniat
1902 879 2078 926 proximo
2107 879 2160 916 sic
2187 880 2378 927 indigenti.

1461 989 1487 1022 β)
1507 990 1686 1024 manifestum.
1697 1005 1718 1010 -
1736 991 1913 1016 necessarium
1932 992 2039 1024 AILpK.

957 1093 1293 1127 Commentariis,
1315 1094 1569 1127 cardinalis
1590 1094 1792 1127 Caietam

312 1177 334 1198 n
349 1166 483 1198 articulo
499 1165 636 1207 septimo
653 1164 796 1196 eiusdem
815 1163 1009 1204 quaestionis
1026 1163 1092 1194 duo
1109 1169 1184 1194 sunt
1199 1164 1350 1200 notanda,

304 1215 443 1252 *propter
465 1210 671 1251 quorundam
692 1208 914 1249 ignorantiam.
939 1207 1084 1239 Primum
1103 1214 1150 1239 est
1173 1209 1262 1249 quod
1285 1208 1352 1240 fur-

279 1257 352 1286 ssffi
366 1261 414 1286 est
435 1254 475 1285 de
490 1263 605 1294 genere
622 1261 806 1294 pravorum,
821 1252 904 1283 sicut
918 1252 1131 1289 mendacium,
1148 1252 1350 1290 adulterium,

279 1298 493 1331 homicidium
516 1305 547 1330 et
573 1297 634 1328 alia
659 1297 864 1333 huiusmodi,
888 1307 970 1337 quae
999 1296 1032 1327 in
1060 1297 1152 1328 nullo
1175 1307 1249 1328 casu
1277 1304 1352 1328 sunt

279 1342 554 1381 licithetha
583 1340 720 1383 possunt
746 1347 830 1372 recta
852 1340 1029 1372 intentione
1052 1341 1202 1372 excusari.
1234 1341 1296 1372 Sed
1318 1341 1351 1372 in

280 1379 405 1420 &usibus
427 1387 462 1417 in
484 1387 600 1428 quibus
623 1386 707 1417 licite
730 1386 903 1427 accipimus
926 1385 1037 1422 aliena,
1061 1395 1127 1416 non
1143 1385 1353 1416 committitur

279 1431 417 1469 futu-lm,
442 1441 501 1462 nec
524 1431 592 1462 eius
615 1429 757 1461 definitio
781 1430 814 1460 in
837 1430 891 1460 tali
914 1436 986 1468 actu
1006 1430 1163 1461 salvatur:
1188 1440 1263 1460 cum
1285 1439 1352 1460 non

1401 1163 1558 1201 videntur,
1582 1175 1620 1195 ex
1642 1164 1704 1195 hoc
1728 1166 1817 1206 quod
1839 1165 1958 1196 habens
1973 1165 2172 1206 superfluum
2195 1173 2324 1197 naturae
2348 1174 2378 1198 et
2401 1179 2469 1209 per-

1401 1218 1499 1239 sonae
1522 1215 1647 1240 tenetur
1670 1210 1708 1239 de
1731 1216 1899 1250 praecepto
1924 1219 2052 1250 erogare
2074 1209 2155 1240 illud
2177 1209 2403 1250 indigentibus,
2428 1219 2468 1250 et,

1403 1259 1439 1283 ut
1467 1253 1581 1284 dicitur
1609 1254 1642 1283 in
1664 1253 1767 1284 littera
1795 1264 1832 1284 ex
1854 1254 2044 1291 Ambrosio,
2069 1255 2275 1285 esurientium
2299 1258 2397 1296 panis
2424 1263 2470 1288 est

1402 1307 1495 1337 quem
1518 1303 1554 1328 tu
1576 1298 1709 1335 detines,
1726 1306 1785 1329 etc.
1813 1298 1874 1328 Hic
1897 1308 2037 1339 namque
2060 1308 2146 1329 error
2169 1300 2343 1330 excluditur
2363 1300 2397 1331 in
2420 1301 2469 1332 lit-

1403 1348 1468 1372 tera
1490 1352 1547 1382 per
1569 1341 1630 1372 hoc
1654 1342 1744 1382 quod
1767 1342 1927 1373 subditur:
1951 1343 2015 1373 Sed
2036 1344 2112 1383 quia
2132 1344 2225 1374 multi
2239 1349 2314 1374 sunt
2337 1346 2469 1376 necessi-

1403 1391 1500 1416 tatem
1518 1387 1692 1427 patientes,
1717 1391 1747 1416 et
1769 1396 1832 1416 non
1850 1392 1958 1426 potest
1981 1397 2022 1417 ex
2045 1387 2154 1418 eadem
2179 1397 2215 1418 re
2237 1389 2382 1419 omnibus
2397 1389 2469 1420 sub-

1404 1431 1518 1468 veniri,
1542 1431 1751 1461 committitur
1765 1431 1900 1461 arbitrio
1916 1432 2166 1472 uniuscuiusque
2182 1432 2374 1472 dispensatio
2391 1444 2469 1474 pro-

278 1468 417 1565 ?i'vetur
440 1475 594 1508 iniustitia
616 1473 746 1506 ibidem.
769 1475 812 1504 Et
833 1473 895 1504 hoc
917 1473 1015 1504 habes
1034 1474 1068 1503 in
1082 1483 1216 1514 corpore
1230 1473 1354 1505 articuli
1399 1475 1550 1514 priarum
1563 1484 1687 1512 rerum,
1698 1479 1734 1504 ut
1746 1484 1787 1504 ex
1799 1475 1844 1505 eis
1854 1475 2022 1506 subveniat
2033 1477 2250 1507 necessitatem
2260 1478 2468 1517 patientibus.

310 1523 315 1526 '
363 1520 398 1553 in
412 1518 622 1561 responsione
641 1519 682 1549 ad
697 1519 885 1549 secundum.
909 1517 1003 1549 Unde
1019 1517 1149 1548 abusiva
1168 1517 1290 1548 locutio
1307 1523 1354 1548 est

216 1598 223 1611 .-
279 1561 370 1616 'guod
397 1563 489 1596 liceat
517 1563 614 1596 furari
641 1561 675 1594 in
698 1569 836 1594 extrema
859 1561 1059 1599 necessitate,
1084 1568 1114 1592 et
1140 1562 1219 1592 aliae
1242 1562 1352 1592 huius-

278 1603 484 1660 qo‘dissficut
498 1618 566 1640 non
581 1613 664 1639 recte
680 1606 835 1638 diceretur
850 1606 940 1648 quod
955 1606 1054 1637 iudici
1067 1605 1140 1636 licet
1155 1606 1353 1637 committere

459 1663 502 1684 m.

278 1646 520 1739 ᾗῼὲὲῖἒέειὶαω
543 1702 589 1728 est
612 1694 701 1738 quod
724 1693 797 1726 licet
819 1694 853 1725 in
877 1704 952 1726 casu
978 1700 1134 1725 extremae
1160 1694 1353 1725 necessitatis

276 1735 403 1793 ῇᾷιιιω
428 1741 469 1773 sit
494 1739 542 1774 uti
567 1738 805 1772 occurrentibus
831 1738 936 1775 rebus,
959 1738 1191 1780 cuiuscumque
1218 1738 1352 1776 fuerint;

277 1793 481 1837 :sagn-*gamen
510 1792 596 1817 extra
618 1794 729 1816 casum
755 1789 911 1815 extremae
934 1783 1126 1815 necessitatis
1158 1783 1283 1814 licitum
1306 1789 1353 1814 est

138 1822 214 1866 {fiis
277 1823 421 1881 fflpere
443 1829 568 1862 occulte
591 1838 641 1860 res
663 1827 839 1869 superfluas
862 1827 990 1859 alterius
1013 1834 1049 1859 ut
1064 1828 1270 1859 subveniatur
1283 1838 1352 1858 ma-

164 1875 251 1917 ''‚,'‘s''›
276 1875 359 1927 Q
380 1874 559 1921 necessitati
580 1873 728 1915 propriae
744 1873 795 1904 vel
818 1871 955 1904 alienae:
980 1878 1017 1903 ut
1038 1872 1170 1914 quidam
1193 1871 1352 1903 somniare

1402 1518 1479 1548 Non
1502 1524 1548 1548 est
1578 1528 1652 1558 ergo
1677 1518 1887 1558 cuicumque,
1911 1519 1966 1549 sed
1995 1519 2128 1550 domino
2151 1526 2276 1551 tantum
2300 1522 2470 1553 commissa

1403 1562 1574 1602 applicatio
1598 1571 1705 1592 rerum
1729 1562 1962 1602 superfluarum
1992 1563 2031 1593 ad
2057 1564 2311 1596 subveniendum
2337 1566 2469 1597 necessi-

1403 1613 1501 1638 tatem
1523 1605 1725 1647 patientibus
1756 1606 1849 1637 Unde
1872 1608 2009 1644 Auctor,
2036 1607 2068 1637 in
2096 1608 2220 1646 Quolib.
2237 1609 2324 1646 VIII,
2350 1620 2404 1650 qu.
2420 1620 2468 1648 v1,

1403 1657 1459 1682 art.
1484 1661 1519 1687 2,
1549 1650 1625 1681 dicit
1653 1650 1743 1691 quod
1773 1649 1892 1680 habens
1919 1651 2118 1692 superfluum
2147 1663 2214 1683 non
2242 1659 2366 1684 tenetur
2394 1654 2470 1686 huic

1403 1694 1535 1736 pauperi
1551 1694 1670 1735 petenti
1690 1695 1763 1725 dare
1781 1694 2031 1736 eleemosynam:
2057 1696 2132 1737 quia
2145 1697 2218 1728 licet
2235 1704 2378 1729 teneatur
2397 1698 2470 1729 dare

1402 1739 1602 1780 superfluum
1620 1738 1653 1769 in
1673 1739 1920 1780 eleemosynam,
1940 1749 2006 1770 non
2025 1746 2131 1771 tamen
2150 1748 2274 1773 tenetur
2293 1743 2366 1773 dare
2384 1742 2469 1774 huic.

1403 1784 1445 1815 Et
1467 1783 1494 1814 si
1515 1784 1584 1824 ipse
1607 1783 1759 1814 dominus
1782 1793 1848 1814 non
1864 1790 1989 1814 tenetur
2011 1785 2084 1815 dare
2107 1785 2192 1823 huic,
2216 1786 2359 1827 sequitur
2381 1788 2469 1828 quod

1403 1838 1463 1869 ego
1494 1838 1560 1858 non
1587 1837 1721 1867 possum
1745 1838 1762 1858 a
1785 1828 1919 1859 domino
1943 1828 2083 1869 accipere
2106 1837 2142 1860 ut
2171 1831 2244 1861 dem
2267 1831 2350 1862 huic.
2384 1831 2470 1863 Cave

1404 1882 1479 1913 ergo
1503 1883 1522 1903 a
1545 1872 1600 1903 tali
1622 1871 1781 1903 doctrina:
1806 1872 1881 1914 quia
1903 1872 1981 1903 falsa
2004 1879 2060 1904 est.

1062 2025 1382 2072 ARTICULUS
1413 2025 1686 2068 OCTAVUS

873 2119 1030 2151 UTRUM
1054 2120 1214 2150 RAPINA
1236 2119 1385 2150 POSSIT
1409 2119 1522 2149 F1ER1
1546 2119 1640 2149 SlNE
1664 2118 1870 2150 PECCATO

1019 2197 1055 2222 1v
1074 2197 1160 2227 Sent„
1179 2197 1240 2222 dist.
1257 2204 1298 2228 xv,
1318 2204 1362 2229 qu.
1381 2204 1409 2228 11,
1429 2201 1477 2222 art.
1500 2204 1522 2228 1,
1541 2196 1591 2230 qu⁸
1609 2204 1635 2229 4.
1655 2197 1687 2221 ad
1708 2204 1732 2222 2.

283 2357 287 2362 ·
314 2319 397 2385 *ςἰῥῗρ,
412 2316 467 2395 ᾗῇ(
493 2333 627 2382 rapina
651 2332 771 2381 possit
789 2332 872 2369 fieri
895 2332 976 2369 sine
995 2339 1167 2380 peccato.
1197 2332 1347 2369 Praeda

281 2386 420 2440 Astii»,
441 2386 597 2424 enim
615 2397 686 2436 per
701 2385 925 2423 violentiam
945 2385 1144 2434 accipitur;
1166 2384 1272 2433 quod
1291 2384 1348 2427 vi7

302 2434 479 2478 gs-szmk
493 2439 603 2477 detur
638 2439 687 2476 ad
724 2438 912 2476 rationem
950 2438 1106 2488 rapinae
1142 2438 1346 2487 pertinere,

160 2516 246 2534 ..mir
276 2478 491 2530 §eburiduih
510 2491 706 2542 praedicta
727 2493 758 2529 *.
789 2491 867 2531 Sed
893 2491 1079 2540 praedam
1104 2491 1276 2540 accipere
1297 2491 1345 2528 ab

168 2548 172 2559 '
275 2545 452 2589 hostibus
480 2545 626 2583 licitum
655 2552 731 2583 est:
775 2545 865 2583 dicit
900 2544 1003 2582 enim
1031 2544 1278 2592 Ambrosius,
1307 2544 1345 2581 in

171 2645 178 2653 .
241 2620 251 2632 ‚
276 2598 376 2636 libro
393 2599 442 2636 de
457 2599 691 2636 Patriarehis
708 2599 750 2635 *τ
783 2599 880 2636 Cum
902 2599 1050 2647 praeda
1065 2599 1195 2647 suerit
1219 2599 1258 2635 in
1275 2609 1345 2646 po-

242 2657 248 2661 “
277 2657 406 2690 testate
422 2652 586 2699 victoris,
607 2653 712 2690 decet
726 2652 928 2689 militarem
948 2652 1183 2701 disciplinam
1204 2657 1243 2688 ut
1261 2651 1349 2701 regi

275 2704 474 2751 {serventur
492 2705 632 2752 omnia,
662 2705 804 2742 scilicet
825 2705 875 2742 ad
895 2705 1211 2743 distribuendum.
1241 2705 1344 2752 Ergo

277 2751 412 2808 rfa'pitia
435 2758 477 2796 in
505 2758 634 2807 aliquo
664 2770 756 2796 casu
785 2765 842 2796 est
867 2758 979 2795 licita.

330 2822 370 2848 2.
389 2811 624 2858 Pium-Enna,
652 2810 798 2849 licitum
826 2818 884 2848 est
911 2811 1060 2849 auferre
1084 2811 1132 2848 ab
1157 2809 1287 2858 aliquo
1306 2809 1344 2847 id

277 2863 384 2912 quod
411 2875 491 2901 non
517 2871 573 2901 est
592 2864 684 2901 eius.
715 2863 794 2901 Sed
812 2876 873 2900 res
893 2875 989 2912 quas
1008 2863 1182 2900 infideles
1202 2863 1345 2899 habent

277 2922 358 2954 n'on
386 2923 475 2953 sunt
501 2928 656 2954 eorum:
686 2916 774 2953 dicit
801 2917 904 2953 enim
931 2916 1177 2965 Augustinus,
1206 2915 1245 2951 in
1265 2915 1344 2964 epi-

102 3003 108 3022 ὅ
138 2968 143 2982 ¹
245 2995 252 3006 ,
278 2970 374 3008 stola
402 2969 455 3007 ad
486 2969 590 3007 Vinc.
619 2969 806 3006 Donatist.
836 2968 877 3006 *ε
913 2970 990 3006 Res
1013 2969 1122 3017 falso
1151 2967 1344 3017 appellatis

246 3021 252 3028 '
275 3027 442 3070 vestras,
470 3033 566 3072 quas
593 3034 662 3060 nec
697 3023 791 3060 iuste
822 3021 1039 3070 possidetis,
1077 3028 1113 3059 et
1137 3021 1342 3059 secundum

275 3076 379 3126 leges
397 3081 637 3114 terrenorum
656 3087 792 3126 regum
816 3076 987 3112 amittere
1005 3075 1097 3112 iussi
1113 3075 1208 3112 estis.
1238 3074 1341 3122 Ergo

276 3129 431 3167 videtur
457 3129 562 3178 quod
589 3130 640 3166 ab
666 3128 885 3166 infidelibus
919 3128 1054 3177 aliquis
1081 3128 1178 3165 licite
1206 3139 1341 3176 rapere

305 3189 410 3220 osset
429 3187 459 3219 ².

276 3194 303 3235 p
332 3237 367 3273 3.
387 3235 622 3282 PRAETEREA‚
651 3241 838 3272 terrarum
866 3233 1057 3283 principes
1083 3233 1203 3270 multa
1223 3244 1245 3269 a
1264 3232 1341 3270 suis

276 3287 436 3327 subditis
462 3288 650 3325 violenter
686 3294 931 3336 extorquent;
969 3286 1074 3336 quod
1110 3285 1261 3324 videtur
1293 3285 1341 3323 ad

276 3341 464 3381 rationem
483 3341 639 3390 rapinae
658 3340 858 3390 pertinere.
889 3341 1016 3378 Grave
1043 3346 1172 3376 autem
1190 3339 1342 3377 videtur

277 3394 405 3432 dicere
424 3394 529 3443 quod
547 3394 587 3431 in
606 3394 682 3430 hoc
709 3400 888 3442 peccent:
918 3393 1008 3442 quia
1026 3393 1080 3430 sic
1103 3393 1181 3429 fere
1205 3404 1340 3429 omnes

329 3507 357 3542 α)
372 3512 473 3541 posset.
485 3522 504 3528 —
517 3509 605 3542 possit
623 3508 739 3533 PDELa.

466 2304 470 2313 ι’
492 2292 516 2317 1>
535 2291 710 2318 oc'rsvum
724 2291 778 2317 εις
799 2290 1042 2316 PROCEDtTua.
1062 2278 1225 2315 Videtur
1240 2279 1347 2326 quod
1398 2277 1588 2326 principes
1624 2276 1913 2314 damnarentur.
1956 2278 2060 2325 Ergo
2098 2277 2233 2326 rapina
2267 2277 2307 2314 in
2339 2278 2468 2327 aliquo

1401 2343 1492 2368 casu
1522 2338 1578 2367 est
1606 2329 1720 2366 licita.

1453 2385 1528 2421 SED
1547 2394 1696 2420 coum
1715 2394 1781 2419 EST
1801 2382 1908 2431 quod
1927 2382 1975 2420 de
1996 2382 2167 2431 quolibet
2192 2382 2290 2420 licite
2310 2392 2467 2434 accepto

1398 2443 1525 2485 potest
1550 2436 1634 2473 fieri
1652 2437 1738 2472 Deo
1765 2435 1994 2473 sacrificium
2014 2436 2078 2473 vel
2102 2436 2257 2474 oblatio.
2288 2437 2380 2474 Non
2403 2450 2468 2475 au-

1399 2498 1478 2527 tem
1506 2497 1634 2539 potest
1661 2487 1744 2526 fieri
1773 2489 1820 2526 de
1850 2488 2001 2538 rapina:
2032 2489 2244 2526 secundum
2272 2489 2364 2527 illud
2393 2492 2467 2529 Isa-

1399 2543 1458 2580 iae
1487 2555 1545 2580 LXI
1569 2542 1609 2579 *z
1652 2543 1740 2592 Ego
1776 2542 1966 2579 Dominus
2010 2541 2171 2592 diligens
2203 2542 2403 2591 iudicium,
2432 2550 2469 2582 et
2493 2558 2621 2581 'Vets.8.

1400 2597 1486 2634 odio
1513 2597 1656 2633 habens
1683 2595 1858 2642 rapinam
1887 2596 1925 2632 in
1953 2595 2226 2633 holocaustum.
2263 2597 2366 2645 Ergo
2397 2610 2467 2646 per

1400 2649 1575 2699 rapinam
1604 2648 1746 2697 aliquid
1774 2648 1946 2697 accipere
1975 2661 2054 2686 non
2083 2655 2139 2685 est
2164 2648 2319 2686 licitum.

1453 2703 1680 2739 RESPONDEO
1695 2713 1882 2739 met-:Noun
1901 2703 2006 2750 quod
2026 2702 2158 2750 rapina
2173 2702 2367 2750 quandam
2382 2702 2465 2739 vio—

1397 2755 1555 2793 lentiam
1575 2762 1612 2792 et
1631 2754 1871 2792 coactionem
1899 2755 2078 2804 importat
2095 2766 2165 2803 per
2184 2767 2312 2803 quam,
2334 2763 2464 2793 contra

1398 2808 1593 2854 iustitiam,
1623 2807 1733 2844 alicui
1762 2807 1931 2844 aufertur
1959 2808 2063 2856 quod
2092 2820 2205 2845 suum
2235 2815 2301 2844 est.
2332 2809 2375 2844 In
2403 2821 2463 2845 so-

1399 2861 1531 2898 cietate
1551 2867 1680 2897 autem
1707 2860 1911 2896 hominum
1930 2861 2058 2897 nullus
2084 2861 2200 2897 habet
2223 2860 2462 2898 coactionem

1397 2913 1468 2951 nisi
1487 2925 1557 2962 per
1574 2913 1767 2962 publicam
1787 2920 2025 2961 potestatem.
2049 2913 2097 2949 Et
2116 2913 2204 2950 ideo
2228 2913 2462 2963 quicumque

1396 2979 1468 3016 per
1493 2965 1716 3003 violentiam
1748 2965 1889 3015 aliquid
1917 2966 2022 3002 alteri
2051 2966 2181 3015 aufert,
2202 2966 2233 3003 si
2252 2966 2298 3004 sit
2315 2967 2462 3016 privata

1396 3031 1564 3069 persona
1590 3031 1670 3056 non
1696 3025 1807 3055 utens
1834 3018 1987 3068 publica
2014 3026 2214 3068 potestate,
2238 3018 2360 3057 illicite
2389 3020 2463 3068 agit

1399 3080 1434 3110 et
1462 3072 1634 3121 rapinam
1662 3071 1883 3109 committit:
1913 3072 2008 3109 sicut
2034 3079 2138 3121 patet
2169 3073 2208 3110 in
2239 3072 2459 3110 latronibus.

1449 3125 1689 3174 Principibus
1716 3137 1811 3162 vero
1839 3125 1991 3174 publica
2019 3133 2185 3174 potestas
2214 3126 2461 3163 committitur

1398 3179 1446 3216 ad
1482 3179 1557 3215 hoc
1593 3178 1700 3227 quod
1737 3178 1810 3215 sint
1849 3178 2009 3216 iustitiae
2048 3179 2234 3216 custodes.
2283 3180 2331 3215 Et
2371 3179 2458 3216 ideo

1397 3244 1476 3269 non
1504 3231 1591 3268 licet
1620 3231 1672 3268 eis
1703 3231 1885 3268 violentia
1918 3239 1954 3268 et
1981 3232 2177 3269 coactione
2214 3231 2268 3268 uti
2303 3230 2373 3268 nisi
2402 3243 2459 3268 se-

1398 3285 1567 3322 cundum
1608 3283 1767 3321 iustitiae
1805 3291 1999 3321 tenorem:
2038 3292 2074 3321 et
2112 3285 2188 3321 hoc
2223 3284 2286 3321 vel
2327 3291 2458 3321 contra

1395 3339 1525 3375 hostes
1553 3337 1776 3386 pugnando,
1805 3338 1868 3375 vel
1897 3344 2028 3374 contra
2057 3336 2159 3374 cives
2193 3337 2457 3374 malefactores

1395 3391 1605 3440 puniendo.
1634 3391 1683 3428 Et
1701 3390 1805 3439 quod
1824 3402 1893 3438 per
1911 3391 2025 3427 talem
2044 3390 2266 3427 violentiam
2290 3390 2457 3427 aufertur
