2860 4244
49 1172 172 1226 “Me-1..
180 1171 287 1201 arg-Sed

76 3215 90 3228 ⁸
102 3217 154 3238 Art.
172 3216 279 3245 praeced.

1023 281 1291 328 QUAESTIO
1321 281 1386 328 CI,
1416 280 1713 318 ARTICULUS
1744 281 1775 317 II

2418 281 2492 328 369

986 383 1319 415 commentaria
1342 381 1594 414 cardinalis
1615 381 1817 414 Caietani

339 475 360 496 N
375 465 508 497 articulo
524 465 630 505 primo
645 463 840 505 quaestionis
856 461 1176 502 centesimaeprimae,
1192 462 1225 492 in
1242 472 1372 502 respon-

312 476 430 540 Isione
442 509 483 540 ad
499 509 685 545 secundum,
699 508 824 538 adverte
840 507 929 548 quod
944 516 1064 538 nomen
1080 506 1203 546 pietatis
1220 506 1260 537 ad
1276 516 1373 547 opera

309 553 541 585 misericordiae
565 559 595 583 et
617 553 724 584 Deum
748 558 912 582 extensum
934 550 1058 581 videtur
1079 557 1210 591 propter
1229 550 1373 581 similitu-

310 597 417 628 dinem
441 607 587 638 operum.
614 597 699 634 Quia
722 605 861 636 namque
885 605 981 635 opera
1005 588 1237 625 misericordiae
1261 594 1374 625 similia

310 649 385 673 sunt
407 641 556 683 operibus
579 651 662 682 quae
685 650 722 672 ex
743 640 859 681 pietate
883 639 1067 670 exhibemus
1091 639 1243 679 sanguine
1259 639 1374 670 iunctis

309 696 345 717 ac
363 686 481 727 patriae
497 685 616 716 civibus
633 691 664 716 et
678 684 803 720 amicis;
826 683 900 714 ideo
915 693 1012 724 opera
1028 683 1260 714 misericordiae
1277 693 1375 723 opera

310 730 434 771 pietatis
455 736 567 761 vocata
589 729 752 765 videntur,
778 735 809 759 et
837 727 894 769 qui
916 727 977 758 illis
1000 734 1112 758 vacant
1141 727 1186 767 pii
1215 727 1373 768 appellati.

310 775 350 806 Et
372 775 447 805 hinc
469 779 659 814 usurpatum
673 772 798 804 videtur
819 771 907 813 quod
931 772 1019 803 Deus
1042 772 1115 812 pius
1139 771 1262 808 dicitur,
1286 772 1375 813 quod

309 818 410 860 pietas
434 817 539 848 divina
568 817 645 848 haec
668 824 698 848 et
726 816 780 847 illa
807 815 918 847 faciat:
950 816 1105 857 quoniam
1128 816 1215 847 Deus
1239 816 1375 847 maxime

311 862 431 893 exercet
445 861 676 892 misericordiae
692 870 798 902 opera.
824 860 981 892 Differunt
997 866 1104 891 autern
1126 860 1160 890 in
1178 860 1251 897 hoc,
1276 869 1376 901 quan-

309 914 381 938 tum
403 906 444 936 ad
466 906 669 946 propositum
691 911 821 946 spectat,
846 904 950 935 officia
972 904 1097 946 pietatis
1121 905 1159 935 ab
1183 904 1295 935 officiis
1314 905 1374 935 mi-

310 950 514 988 sericordiae,
539 950 628 991 quod
651 950 750 990 pietas
772 949 806 979 id
828 950 917 990 quod
940 949 1112 989 impendit,
1137 949 1293 988 impendit
1317 949 1376 979 sub

301 995 432 1040 3ratione
461 994 574 1031 debiti;
605 993 820 1025 misericordia
848 1001 955 1024 autem
985 994 1044 1024 sub
1071 993 1193 1024 ratione
1222 993 1376 1033 gratuitae
1402 996 1404 1006 ⁴

311 1039 547 1071 sublevationis.

341 1138 362 1159 N
386 1127 522 1158 articulis
538 1127 654 1167 primo,
671 1126 813 1158 secundo
830 1133 861 1156 et
885 1125 977 1157 tertio
998 1125 1094 1155 simul
1117 1125 1261 1155 eiusdem
1277 1134 1373 1166 quae-

315 1139 464 1208 Istionis,
477 1171 612 1202 dubium
628 1170 764 1202 occurrit
779 1170 859 1201 circa
875 1169 1092 1200 definitionem
1104 1169 1203 1199 Tullii
1214 1169 1241 1206 *‚
1255 1176 1286 1200 et
1302 1179 1375 1210 pro-

311 1216 415 1257 priam
426 1216 582 1247 rationem
595 1215 717 1256 pietatis
734 1215 772 1245 ab
788 1216 927 1245 Auctore
943 1213 1143 1253 assignatam.
1163 1214 1247 1244 Nam
1264 1223 1375 1244 secun-

312 1261 391 1292 dum
406 1260 564 1295 Tullium.
583 1260 685 1300 pietas
709 1266 755 1289 est
777 1268 841 1299 qua
864 1258 1007 1300 officium
1032 1263 1062 1288 et
1085 1258 1191 1289 cultus
1213 1259 1376 1300 sanguine

278 1332 284 1333 s
311 1305 442 1342 metus,
445 1305 638 1345 patriaeque
653 1303 812 1334 benevolis
825 1303 1003 1334 exhibetur.
1024 1302 1208 1333 Secundum
1223 1312 1298 1333 vero
1311 1305 1378 1333 Au—

312 1355 444 1387 ctorem,
458 1348 582 1389 pietatis
597 1347 726 1388 propria
742 1347 821 1378 ratio
842 1346 984 1378 formalis
1001 1347 1144 1378 consistit
1158 1347 1191 1377 in
1207 1347 1270 1378 hoc
1289 1347 1378 1388 quod

311 1399 456 1435 parentes
472 1399 503 1424 et
517 1392 652 1434 patriam
667 1397 703 1422 ut
725 1391 884 1433 quoddam
905 1392 1008 1422 nostri
1018 1392 1214 1432 principium
1231 1392 1378 1423 colimus.

311 1437 346 1473 Si
361 1447 500 1478 namque
515 1437 548 1468 in
565 1437 627 1468 hoc
649 1436 729 1467 ratio
745 1435 870 1476 pietatis
887 1435 1038 1472 consistit,
1055 1436 1198 1476 sequitur
1213 1436 1302 1477 quod
1316 1435 1379 1477 pie-

311 1489 359 1517 tu
382 1491 449 1513 non
472 1482 512 1512 sit
530 1481 571 1512 ad
593 1480 692 1518 filios,
718 1490 776 1511 nec
799 1481 880 1511 inter
894 1480 1000 1511 virum
1014 1487 1046 1511 et
1063 1490 1207 1511 uxorem.
1230 1480 1272 1511 Et
1294 1487 1380 1512 tenet

312 1526 456 1568 sequela:
480 1525 556 1568 quia
569 1524 642 1556 filiis
665 1524 769 1556 officia
790 1535 856 1555 non
878 1524 1096 1565 impendimus
1119 1524 1240 1555 ratione
1265 1534 1379 1565 paren-

311 1578 394 1608 tum,
410 1570 465 1602 sed
485 1570 561 1612 quia
580 1569 654 1607 filii;
679 1576 710 1601 et
728 1569 871 1600 similiter
893 1569 974 1600 inter
989 1568 1094 1599 virum
1110 1575 1141 1599 et
1163 1578 1297 1599 uxorem
1313 1579 1380 1599 non

312 1616 468 1648 intersunt
483 1614 586 1646 cultus
601 1620 632 1646 et
645 1612 788 1645 officium
799 1613 920 1644 ratione
932 1619 1112 1653 parentum,
1125 1613 1181 1643 sed
1197 1612 1322 1644 suimet.
1340 1613 1381 1644 Et

312 1667 420 1694 tamen
438 1659 566 1691 Tullius
589 1658 666 1690 dicit
693 1658 782 1699 quod
805 1657 905 1698 pietas
928 1664 975 1688 est
998 1658 1037 1687 ad
1059 1658 1222 1698 sanguine
1244 1658 1378 1688 iunctos.

313 1705 449 1739 Constat
464 1703 550 1735 enim
565 1709 596 1734 et
611 1702 694 1734 filios
710 1712 777 1733 esse
793 1702 884 1733 nobis
899 1702 1053 1742 sanguine
1067 1702 1209 1738 iunctos;
1230 1708 1260 1732 et
1274 1701 1380 1732 virum

313 1756 345 1785 et
367 1758 501 1781 uxorem
515 1747 670 1788 sanguine
684 1746 784 1788 iungi,
797 1757 875 1777 cum
889 1746 952 1777 sint
969 1746 1034 1777 duo
1049 1746 1081 1777 in
1097 1755 1196 1777 carne
1218 1755 1285 1777 una
1300 1745 1326 1777 *.

367 1792 568 1825 Nonnullum
585 1801 717 1833 quoque
737 1791 873 1822 dubium
897 1797 944 1822 est
956 1790 983 1827 *‚
1000 1790 1169 1832 quomodo
1185 1790 1285 1832 pietas
1309 1790 1379 1821 uni-

311 1836 471 1869 versaliter
489 1836 612 1868 cultum
640 1835 764 1867 exhibet
787 1835 940 1876 sanguine
955 1835 1087 1867 iunctis:
1113 1845 1187 1866 cum
1210 1841 1379 1876 parentum

312 1878 380 1914 non
402 1881 443 1913 sit
465 1881 568 1912 colere
590 1879 684 1917 filios,
708 1881 764 1911 sed
787 1890 804 1910 e
827 1889 992 1910 converso.

317 1941 322 1944 ¹
336 1931 339 1944 ³
367 1926 406 1959 11.
431 1925 482 1956 Ad
497 1925 639 1967 primum
655 1925 790 1956 dubium
806 1924 920 1955 dicitur
935 1924 1025 1965 quod
1040 1923 1140 1964 pietas
1156 1923 1250 1954 habet
1272 1923 1379 1963 plures

312 1976 410 2008 aetuS,
428 1977 459 2002 et
481 1969 607 2011 respicit
626 1969 734 2010 plures
750 1977 916 2010 personas:
942 1969 997 1999 sed
1020 1968 1208 2009 praecipuae
1224 1977 1379 2008 personae

311 2025 392 2059 quas
414 2015 540 2056 respicit
563 2021 638 2046 sunt
660 2023 814 2054 personae
837 2019 1015 2054 parentum,
1039 2020 1070 2044 et
1092 2011 1274 2053 principalis
1289 2019 1378 2044 actus

1426 461 1550 502 pietatis
1567 468 1613 492 est
1632 461 1734 492 colere
1750 461 1949 502 obsequique
1965 461 2158 502 parentibus.
2183 461 2347 499 Quoniam
2363 461 2496 502 quilibet

1426 506 1539 544 homo,
1563 505 1619 546 qui
1639 512 1685 536 est
1708 505 1886 536 subiectum
1905 505 2027 537 virtutis
2051 505 2185 546 pietatis,
2210 506 2298 546 prius
2321 506 2416 537 habet
2438 516 2493 546 pa-

1426 556 1528 580 rentes
1554 559 1653 590 quam
1677 550 1948 590 consanguineos,
1974 560 2072 591 quam
2096 560 2246 587 uxorem,
2271 561 2370 592 quam
2392 550 2493 586 filios,

1427 603 1526 634 quam
1549 593 1703 633 patriam:
1729 603 1765 624 ex
1781 594 1842 625 hoc
1867 594 1952 625 enim
1976 595 2065 635 quod
2088 604 2106 624 a
2129 594 2270 635 patribus
2286 594 2424 635 generati
2442 605 2495 625 su-

1427 647 1514 673 mus,
1538 638 1659 678 reliqua
1682 638 1855 674 habemus;
1882 638 1997 674 statim,
2022 646 2058 669 ut
2080 639 2226 679 patriam,
2250 640 2299 670 vel
2322 646 2495 680 postquam

1428 682 1527 712 adulti
1551 692 1679 718 sumus,
1705 689 1740 713 ut
1769 692 1882 713 uxores
1907 690 1937 714 et
1964 682 2057 713 filios.
2092 683 2167 714 Ideo
2196 683 2295 723 pietas
2318 684 2495 714 secundum

1427 736 1524 757 suum
1540 726 1747 766 principalem
1764 734 1870 757 actum
1887 728 1925 757 ab
1942 730 2081 758 Auctore
2098 727 2243 759 distincta
2259 734 2319 758 est:
2340 728 2496 768 assignata

1429 770 1545 801 scilicet
1567 770 1688 800 ratione
1708 770 1835 801 formali
1854 771 1977 811 pietatis
2001 771 2179 802 secundum
2201 772 2409 813 principalem
2428 773 2496 804 eius

1429 821 1552 851 actum,
1577 814 1633 855 qui
1657 821 1703 845 est
1725 815 1854 846 reddere
1888 815 2031 846 debitum
2054 815 2134 856 patri
2157 823 2188 846 et
2210 816 2329 856 patriae
2353 824 2388 848 ut
2410 817 2495 857 prin-

1429 858 1513 899 cipio
1529 858 1662 889 essendi.
1678 858 1764 890 Cum
1779 869 1845 900 quo
1862 866 1969 890 tamen
1986 867 2046 891 stat
2061 860 2151 900 quod
2165 860 2264 900 pietas
2279 860 2393 892 habeat
2408 867 2496 892 actus

1429 902 1644 938 secundarios,
1662 903 1825 934 ordinatos
1849 903 1888 933 ad
1912 903 2128 944 principalem,
2147 905 2196 935 vel
2220 915 2359 935 annexos
2383 905 2496 946 princi-

1429 947 1504 987 pali.
1521 946 1693 977 Ordinatos
1705 947 1847 987 quidem,
1856 955 1892 978 ut
1906 955 1980 978 sunt
1992 955 2081 979 actus
2093 949 2174 979 inter
2184 949 2290 979 virum
2302 956 2333 980 et
2345 959 2476 981 uxorem
2488 957 2496 980 Ζ

1429 991 1584 1032 quoniam
1606 991 1687 1022 inter
1706 991 1857 1031 coniuges
1882 999 1928 1022 est
1951 993 2055 1023 cultus
2079 999 2109 1023 et
2136 992 2279 1024 officium
2303 994 2496 1025 adinvicem

1403 1042 1583 1076 3tanquam
1614 1035 1813 1066 coadiutores
1843 1036 1882 1066 ad
1911 1037 2186 1067 conservationem
2216 1038 2497 1078 consanguinitatis

1403 1086 1405 1107 1
1431 1080 1597 1120 utriusque
1613 1089 1712 1120 quam
1729 1079 1862 1120 quilibet
1877 1080 2052 1120 coniugum
2069 1091 2086 1111 a
2102 1081 2167 1111 suis
2186 1081 2280 1112 habet
2298 1083 2496 1122 parentibus;

1403 1137 1405 1151 ÷
1432 1131 1635 1155 conservatur
1661 1124 1746 1154 enim
1776 1124 2004 1164 propagatione
2030 1124 2171 1155 filiorum
2199 1126 2364 1167 utriusque
2388 1137 2498 1167 paren—

1431 1169 1470 1200 tis
1491 1168 1629 1209 sanguis.
1660 1169 1701 1199 Et
1723 1168 1809 1198 idem
1833 1169 1967 1199 dicimus
1991 1169 2029 1199 de
2054 1168 2141 1199 filiis:
2166 1170 2240 1210 quia
2264 1170 2379 1202 scilicet
2402 1171 2496 1211 respi-

1431 1213 1558 1245 ciuntur
1580 1223 1599 1243 a
1623 1206 1746 1253 pietatis
1769 1212 1884 1244 virtute
1908 1220 1944 1243 ut
1968 1221 2203 1244 conservatores
2218 1215 2498 1255 consanguinitatis

1432 1269 1450 1288 a
1473 1257 1655 1298 parentibus
1679 1264 1852 1297 susceptae.
1885 1257 1926 1288 Et
1953 1257 2108 1298 quoniam
2137 1265 2202 1288 tam
2227 1259 2377 1299 coniuges
2401 1270 2499 1300 quarn

1431 1302 1488 1333 filii
1511 1302 1689 1333 secundum
1712 1308 1853 1332 suasmet
1876 1302 2058 1342 personales
2078 1302 2218 1333 actiones
2236 1310 2266 1333 et
2282 1304 2499 1335 consistentias

1432 1347 1472 1377 ad
1495 1346 1713 1377 adiuvandum
1729 1353 1759 1377 et
1775 1346 2029 1377 conservandum
2046 1347 2352 1387 consanguinitatem
2368 1358 2499 1379 concur-

1432 1397 1526 1427 runt,
1550 1390 1623 1421 ideo
1647 1390 1825 1421 secundum
1849 1390 1971 1431 seipsos
1999 1401 2017 1421 a
2040 1390 2156 1431 pietate
2178 1391 2406 1432 respiciuntur,
2431 1400 2500 1424 tan-

1432 1445 1531 1477 quam
1554 1435 1731 1466 secundum
1755 1435 1877 1475 seipsos
1896 1435 2059 1466 ordinatos
2082 1435 2123 1465 ad
2145 1435 2318 1476 principale
2341 1437 2431 1478 quod
2454 1447 2500 1468 re-

1432 1479 1525 1520 spicit
1547 1479 1656 1520 pietas.

1488 1523 1541 1554 111.
1564 1523 1616 1554 Ad
1647 1523 1825 1554 secundum
1848 1533 1924 1553 vero
1948 1523 2083 1554 dubium
2098 1522 2116 1543 *
2139 1523 2253 1555 dicitur
2282 1525 2372 1566 quod
2399 1525 2500 1566 pietas

1433 1575 1499 1599 tam
1527 1564 1650 1598 cultum
1680 1577 1777 1608 quam
1808 1567 1986 1598 subsidium
2018 1568 2170 1608 sanguine
2199 1568 2362 1610 patriaque
2385 1569 2500 1601 iunctis

1433 1612 1584 1650 omnibus
1607 1611 1732 1642 exhibet
1755 1611 1976 1643 diversimode.
2006 1612 2090 1642 Nam
2120 1613 2302 1652 parentibus
2332 1614 2500 1654 praecipue

1433 1656 1557 1687 cultum
1581 1666 1655 1687 cum
1679 1656 1854 1697 obsequio;
1879 1655 1951 1686 filiis
1973 1666 2049 1687 vero
2074 1657 2245 1698 aliqualem
2264 1658 2396 1695 cultum,
2421 1659 2500 1690 dum

1433 1711 1488 1732 eos
1512 1710 1579 1731 non
1603 1707 1639 1731 ut
1662 1710 1780 1737 servos,
1805 1710 1871 1731 non
1895 1706 1932 1730 ut
1952 1700 2144 1740 illegitimos,
2162 1708 2235 1738 etc„
2259 1708 2446 1740 tractamus,
2471 1711 2501 1734 et

1433 1755 1450 1776 a
1469 1745 1566 1776 servis
1589 1752 1620 1776 et
1643 1745 1711 1775 aliis
1734 1744 1885 1775 honorari
1900 1745 2063 1781 volumus,
2088 1752 2118 1776 et
2140 1745 2173 1775 in
2196 1746 2269 1776 loco
2293 1746 2429 1778 honesto
2452 1748 2500 1778 lo-

1433 1799 1509 1821 cum
1531 1788 1662 1820 sedendi
1685 1789 1730 1819 eis
1753 1789 1877 1826 damus,
1900 1795 1931 1820 et
1953 1789 2081 1826 similia;
2105 1789 2256 1820 omnibus
2279 1801 2410 1832 quoque
2426 1792 2502 1822 sub-

1432 1834 1550 1864 sidium
1578 1833 1710 1875 aliquod
1733 1834 1923 1874 praebemus
1940 1843 1976 1864 ex
1992 1834 2118 1874 pietate,
2138 1834 2188 1864 vel
2205 1836 2433 1872 conversando,
2450 1837 2501 1867 vel

1432 1879 1544 1909 saltem
1567 1878 1600 1908 in
1624 1878 1865 1918 praeparatione
1888 1877 1997 1909 animi.
2022 1878 2146 1909 Dicitur
2169 1878 2254 1909 enim
2277 1879 2310 1909 in
2333 1879 2435 1911 littera
2454 1890 2500 1911 se-

1432 1923 1528 1954 cundi
1551 1922 1684 1958 articuli,
1708 1922 1748 1953 ad
1771 1922 1934 1958 ultimum,
1958 1923 2048 1963 quod
2071 1929 2218 1954 tenemur
2240 1924 2280 1954 ad
2302 1923 2364 1955 hoc
2387 1934 2499 1955 secun-

1432 1968 1508 1998 dum
1533 1967 1729 2008 facultatem
1761 1972 1791 1998 et
1819 1967 1995 1998 decentiam
2025 1976 2263 2007 personarum:
2292 1986 2311 1991 -
2338 1979 2398 2008 pro
2427 1970 2500 2001 loco

1432 2011 1528 2042 etiam
1552 2018 1583 2042 et
1605 2018 1760 2052 ternpore,
1786 2021 1860 2042 cum
1884 2011 1923 2042 sit
1946 2019 2152 2052 praeceptum
2176 2011 2410 2045 affirmativum.

1274 2099 1539 2108 pm«.—-<«N«W

1078 2158 1397 2201 ARTICULUS
1427 2156 1728 2200 SECUNDUS

763 2253 919 2284 UTRUM
941 2252 1092 2283 PIETAS
1114 2252 1335 2283 EXHIBEAT
1359 2251 1629 2283 PARENTnsUS
1654 2249 2051 2282 SUSTENTATIONEM

703 2337 745 2361 De
764 2336 902 2368 Praecept.
921 2336 998 2369 Leg„
1019 2344 1075 2368 cap.
1094 2336 1127 2361 de
1147 2336 1189 2360 IV
1203 2336 1358 2367 Praecept.‚·
1375 2335 1396 2360 11
1415 2335 1452 2360 ad
1473 2336 1544 2364 Cor„
1566 2342 1623 2367 cap.
1642 2342 1686 2364 xu,
1706 2335 1764 2359 lect.
1783 2341 1812 2364 νς
1832 2334 1866 2358 IX
1887 2334 1987 2364 Ethic„
2007 2335 2063 2359 lect.
2081 2341 2109 2360 11.

450 2446 473 2466 κ,
496 2441 500 2450 ff
524 2428 548 2454 n
584 2427 776 2453 SECUNDUM
812 2427 866 2452 sm
900 2426 1130 2452 PROCEDITUR
1155 2415 1184 2451 ²¹².
1218 2414 1380 2452 Videtur

525 2470 631 2519 quod
669 2469 790 2518 pietas
826 2480 906 2506 non
943 2468 1117 2505 exhibeat
1151 2467 1375 2517 parentibus

472 2520 493 2563 ’ἢ
509 2521 851 2560 sustentationem.
889 2521 952 2559 Ad
979 2521 1160 2571 pietatem
1190 2521 1292 2558 enim
1320 2521 1376 2558 vi-

312 2623 408 2679 logi:
437 2629 603 2667 Honora
636 2634 786 2678 patrem
823 2634 928 2666 tuum
962 2633 999 2665 et
1023 2634 1184 2665 matrem
1221 2634 1324 2665 tuam
1343 2627 1375 2666 ⁹¹⁸.

314 2679 392 2727 sed
419 2681 471 2719 ibi
505 2694 584 2720 non
620 2682 849 2732 praecipitur
883 2681 954 2719 nisi
988 2682 1145 2719 honoris
1183 2681 1375 2719 exhibitio.

313 2736 416 2784 Ergo
455 2735 504 2772 ad
538 2735 717 2785 pietatem
752 2748 831 2773 non
862 2735 1026 2784 pertinet
1062 2734 1375 2772 sustentationem

313 2788 535 2839 parentibus
562 2789 754 2827 exhibere.

369 2854 405 2879 2.
440 2843 684 2889 Passum,
717 2841 786 2878 illis
823 2841 937 2879 debet
968 2841 1087 2878 homo
1124 2840 1378 2878 thesaurizare

315 2907 413 2944 quos
441 2902 590 2932 tenetur
616 2902 838 2932 sustentare.
868 2894 947 2931 Sed
975 2894 1190 2931 secundum
1213 2895 1378 2942 Aposto-

315 2949 395 2986 lum
416 2953 445 2994 α,
467 2949 499 2985 II
524 2949 575 2986 ad
606 2949 694 2985 Cor.
722 2947 822 2994 x11*,
839 2947 920 2995 filii
945 2959 1020 2984 non
1049 2947 1182 2984 debent
1198 2947 1379 2984 thesauri-

316 3013 404 3051 zare
424 3001 657 3050 parentibus.
687 3001 790 3048 Ergo
810 3012 890 3037 non
917 3006 1093 3037 tenentur
1117 3012 1184 3037 eos
1202 3012 1273 3048 per
1299 2999 1378 3048 pie-

315 3062 433 3092 tatem
461 3061 683 3092 sustentare.

372 3109 407 3145 3.
429 3108 662 3155 PRAETEREA,
688 3107 807 3156 pietas
834 3118 914 3143 non
933 3106 1059 3143 solum
1079 3118 1119 3142 se
1146 3105 1313 3143 extendit
1331 3107 1380 3144 ad

316 3167 515 3210 parentes,
543 3159 612 3198 sed
640 3159 754 3197 etiam
783 3159 833 3196 ad
869 3158 964 3196 alios
1001 3158 1307 3206 consanguineos
1345 3166 1381 3196 et

317 3214 516 3260 concives,
545 3221 587 3251 ut
613 3213 756 3264 dictum
785 3219 842 3250 est
859 3211 891 3250 ²¹⁸.
922 3212 1000 3249 Sed
1028 3224 1107 3249 non
1141 3218 1289 3249 tenetur
1316 3212 1380 3249 ali·
1406 3230 1407 3242 κ

317 3268 402 3317 quis
439 3279 576 3304 omnes
611 3266 915 3315 consanguineos
951 3273 990 3303 et
1022 3264 1200 3303 concives
1235 3273 1381 3303 susten-

316 3329 408 3359 tare.
437 3321 541 3369 Ergo
570 3331 642 3358 nec
669 3319 784 3358 etiam
811 3325 961 3356 tenetur
988 3319 1039 3356 ad
1064 3318 1378 3356 sustentationem

316 3382 530 3424 parentum.

321 2586 327 2595 ²
482 2568 512 2610 l<
525 2576 635 2614 detur
660 2575 847 2625 pertinere
875 2575 967 2612 illud
994 2582 1243 2625 praeceptum
1265 2574 1377 2611 deca·
1402 2607 1404 2610 ,

1486 2415 1561 2451 SED
1590 2425 1738 2451 CONTRA
1765 2425 1832 2450 EST
1860 2414 1965 2462 quod
1993 2413 2198 2461 Dominus,
2229 2414 2364 2451 Matth.
2393 2425 2442 2450 xv
2461 2413 2498 2462 ³³,

1432 2467 1623 2516 redarguit
1650 2466 1877 2504 Pharisaeos
1906 2466 2011 2516 quod
2038 2466 2300 2516 impediebant
2325 2466 2425 2504 filios
2452 2479 2500 2504 ne

1431 2521 1651 2571 parentibus
1680 2519 1995 2557 sustentationem
2026 2520 2256 2557 exhiberent.

1485 2575 1712 2612 Responnsso
1733 2585 1919 2611 DICENDUM
1940 2572 2053 2622 'quod
2074 2573 2295 2622 parentibus
2314 2571 2330 2602 β
2357 2573 2501 2621 aliquid

1433 2627 1593 2665 debetur
1612 2627 1830 2676 dupliciter:
1850 2639 1929 2664 uno
1949 2626 2083 2674 modo,
2103 2639 2173 2676 per
2192 2639 2251 2673 se;
2272 2626 2347 2663 alio
2367 2627 2500 2675 modo,

1432 2693 1502 2730 per
1529 2680 1719 2718 accidens.
1748 2681 1824 2717 Per
1843 2692 1884 2717 se
1904 2679 2062 2728 quidem
2083 2680 2243 2717 debetur
2263 2679 2315 2717 eis
2339 2679 2376 2716 id
2396 2680 2501 2730 quod

1433 2734 1543 2772 decet
1568 2741 1718 2783 patrem
1747 2733 1974 2783 inquantum
2006 2740 2061 2770 est
2087 2740 2205 2782 pater.
2237 2733 2313 2779 Qui
2339 2745 2427 2770 cum
2456 2733 2502 2770 sit

1432 2787 1617 2836 superior,
1647 2787 1755 2835 quasi
1784 2786 2014 2835 principium
2042 2786 2108 2823 filii
2140 2786 2313 2833 existens,
2342 2786 2502 2823 debetur

1433 2841 1467 2877 ei
1496 2853 1519 2877 a
1546 2840 1626 2877 filio
1656 2839 1870 2876 reverentia
1892 2846 1929 2875 et
1957 2839 2200 2887 obsequium.
2231 2840 2306 2875 Per
2324 2838 2500 2876 accidens

1433 2901 1562 2930 autem
1591 2893 1733 2941 aliquid
1762 2892 1922 2929 debetur
1941 2892 2038 2940 patri
2057 2892 2161 2940 quod
2183 2891 2292 2928 decet
2320 2904 2411 2928 eum
2440 2904 2501 2928 ac-

1434 2946 1561 2995 cipere
1589 2946 1802 2983 secundum
1830 2945 1970 2993 aliquid
2008 2946 2113 2994 quod
2143 2945 2176 2981 ei
2205 2944 2357 2981 accidit:
2386 2952 2499 2993 puta,

1405 3028 1406 3040 ,
1433 2999 1463 3036 si
1493 2999 1539 3036 sit
1566 2998 1753 3046 infirmus,
1784 2998 1891 3047 quod
1917 2997 2102 3044 visitetur,
2133 3005 2170 3034 et
2198 2997 2277 3034 eius
2316 2997 2501 3035 curationi

1433 3052 1674 3097 intendatur3
1705 3058 1741 3088 et
1769 3051 1800 3088 si
1827 3051 1874 3088 sit
1905 3063 2072 3100 pauper,
2103 3051 2210 3099 quod
2247 3058 2499 3098 sustentetur3

1405 3125 1407 3144 ς
1435 3113 1471 3142 et
1499 3105 1552 3142 sic
1581 3105 1628 3141 de
1657 3104 1737 3141 aliis
1765 3103 2004 3152 huiusmodi,
2034 3116 2133 3152 quae
2162 3103 2291 3141 omnia
2328 3105 2399 3141 sub
2436 3104 2501 3141 de-

1433 3158 1512 3195 bito
1533 3157 1720 3205 obsequio
1741 3157 1991 3194 continentur.
2021 3158 2071 3194 Et
2089 3157 2176 3194 ideo
2196 3157 2345 3194 Tullius
2373 3157 2463 3194 dicit
2480 3157 2501 3179 *

1435 3211 1541 3260 quod
1567 3211 1688 3260 pietas
1717 3210 1867 3248 exhibet
1895 3217 1931 3247 et
1949 3211 2118 3259 officium
2138 3218 2175 3247 et
2193 3211 2356 3247 cultum.-
2383 3217 2425 3247 ut
2443 3212 2498 3258 of-

1426 3265 1561 3313 ficium
1599 3264 1782 3301 referatur
1809 3264 1859 3301 ad
1892 3264 2144 3312 obsequium,
2175 3264 2294 3300 cultus
2319 3275 2414 3300 vero
2449 3263 2498 3300 ad

1434 3318 1688 3355 reverentiam
1716 3317 1798 3354 sive
1823 3318 2032 3362 honorem;
2062 3317 2166 3365 quia,
2195 3324 2237 3353 ut
2263 3315 2497 3364 Augustinus

1435 3371 1534 3418 dicit,
1555 3371 1594 3408 in
1613 3371 1649 3407 X
1676 3371 1722 3408 de
1745 3371 1824 3407 Civ.
1844 3371 1920 3407 Dei
1935 3370 1967 3417 ²⁸,
1997 3370 2158 3407 dicimur
2185 3369 2308 3406 colere
2329 3369 2498 3406 homines

370 3488 397 3521 α)
416 3488 581 3521 Apostolum.
598 3501 618 3507 -
636 3489 666 3512 ut
683 3486 796 3512 habetur
813 3485 909 3512 addunt
927 3486 975 3512 Pa.

458 3542 569 3566 Summa
587 3541 688 3565 Tuaoi..
708 3540 739 3564 D.
753 3539 867 3564 Trione
885 3539 918 3564 T.
937 3539 980 3564 Vl.

1487 3484 1512 3518 β)
1527 3485 1694 3518 parentibus.
1711 3498 1731 3504 -
1748 3488 1775 3510 et
1792 3484 1941 3510 concivibus
1959 3483 2057 3508 addunt
2075 3483 2122 3508 Pa.
2171 3482 2177 3489 “

2321 3543 2354 3568 47

2527 1531 2536 1540 ·
2552 1529 2624 1551 Num.
2638 1535 2654 1551 ι.

2526 2420 2538 2431 ⁸
2552 2420 2618 2442 Vera.
2635 2426 2648 2449 3
2662 2427 2714 2449 sqq.

2528 3159 2737 3181 ’Delnvenamaeu

2526 3185 2567 3207 lib.
2582 3186 2610 3213 11,
2624 3191 2676 3213 cap.
2686 3192 2736 3208 mn.

2525 3380 2534 3390 ⁸
2550 3379 2607 3407 Cap.
2621 3385 2638 3401 ¹.
