2860 4238
182 356 190 363 ·
206 353 249 374 Cit.
262 358 312 378 cap.
324 356 389 372 xxix.

185 746 192 754 ⁸
209 744 255 770 Qu.
267 749 302 766 cx.
317 746 357 763 art.
367 748 390 766 4.

188 1666 195 1674 ⁴
204 1663 240 1684 De
251 1662 317 1690 Offic.
326 1663 366 1684 lib.
376 1664 395 1688 1,

187 1696 238 1716 cap.
254 1696 280 1711 x:
296 1689 335 1711 lib.
355 1689 395 1716 111,

188 1722 238 1743 cap.
253 1721 306 1736 xxv.

414 195 491 230 440

416 305 501 335 lutus
525 311 570 334 est
592 303 677 333 alter.
708 301 860 338 Quamvis
884 299 1009 329 Tullius
1034 298 1114 328 dicta
1138 296 1234 332 Accii,
1259 304 1411 336 tanquam
1434 296 1473 325 ab

417 351 512 379 Atreo
537 347 667 387 prolata,
691 344 888 384 suscipienda
912 352 976 372 non
1001 348 1099 381 putet,
1120 341 1152 370 in
1167 341 1221 370 lib.
1239 340 1279 370 111
1296 340 1335 370 de
1350 339 1444 380 Offic.
1457 338 1475 358 *

472 392 512 421 Et
535 400 590 430 per
612 390 688 420 haec
711 395 795 428 patet
818 387 934 417 solutio
960 385 1169 416 obiectorum.

471 435 552 465 VIII.
577 434 628 464 Ad
655 439 799 473 quartam
828 431 958 460 demum
987 428 1219 459 dubitationem
1247 426 1360 457 dicitur
1386 426 1475 467 quod

417 479 533 508 violare
549 477 644 507 fidem
668 476 779 516 procul
799 474 896 504 dubio
916 479 1081 513 peccatum
1098 478 1154 503 est.
1177 472 1261 501 Nam
1280 480 1317 500 ex
1336 470 1476 511 qualibet

418 521 627 562 promissione
651 520 749 550 homo
774 518 930 558 obligatur
952 517 984 547 in
1008 516 1079 546 foro
1103 514 1312 546 conscientiae
1335 515 1374 544 ad
1397 514 1476 544 veri-
1502 520 1503 528 ¹

418 565 576 596 ficandum
605 564 739 594 dictum:
771 563 832 592 hoc
861 561 946 591 enim
975 559 1123 590 naturalis
1154 559 1232 589 ratio
1257 558 1300 588 sic
1324 558 1419 589 dictat
1442 565 1478 588 ut

418 609 484 639 eius
508 608 693 649 oppositum
709 605 874 636 manifeste
889 611 1001 635 noceat
1019 602 1235 644 tranquillitati
1251 602 1409 632 humanae
1426 611 1477 632 so-
1502 611 1504 613 ·

419 652 545 683 cietatis.
569 651 750 682 Discernere
774 656 880 680 autem
904 654 1030 688 oportet
1052 647 1181 688 quando
1206 653 1252 677 est
1273 646 1404 682 veniale,
1428 646 1478 675 vel

418 696 548 726 mortale
572 701 745 735 peccatum.
780 693 911 724 Mortale
939 692 1017 722 illud
1040 691 1147 722 solum
1171 697 1217 722 est
1245 690 1335 730 quod
1359 690 1478 720 caritati

418 739 632 770 contrariatur.
663 737 750 769 Sicut
773 744 879 767 autem
903 737 942 766 de
964 735 1131 766 mendacio
1154 735 1187 765 in
1210 734 1312 765 littera
1326 733 1344 753 *
1367 733 1478 764 distin-

418 790 504 813 ctum
527 789 591 818 est,
615 782 658 812 ita
687 788 717 812 et
747 781 785 811 de
812 780 994 810 infidelitate
1022 778 1282 819 distinguendum
1310 784 1365 808 est.
1395 778 1480 808 Nam

417 828 573 867 quaedam
597 833 643 856 est
665 825 852 865 perniciosa,
877 824 1033 864 quaedam
1050 832 1131 854 non:
1157 829 1187 853 et
1209 821 1386 862 perniciosa
1409 822 1478 862 qui·
1504 812 1506 845 ’Ϊ

418 871 490 900 dem
520 870 652 900 mortale
682 876 847 909 peccatum
871 874 933 904 est,
958 874 1076 898 ceterae
1099 866 1233 897 venialia
1255 872 1382 906 peccata
1413 875 1479 896 non

417 914 650 944 transcendunt.
680 913 737 943 Est
763 919 870 943 autem
898 911 1073 952 perniciosa
1097 911 1122 941 si
1146 917 1255 941 contra
1277 909 1479 940 dilectionem

418 958 476 988 Dei
500 964 564 991 aut,
576 956 712 997 proximi
736 963 799 987 est:
824 963 860 987 ut
878 955 904 986 si
919 956 991 996 quis
1010 955 1175 996 promittat
1189 954 1284 985 alicui
1300 963 1480 984 succurrere
1505 966 1507 987 ξ

418 1002 521 1042 primo
545 1011 648 1037 mane,
673 1001 822 1031 inchoato
846 1000 942 1038 bello,
966 1006 997 1030 et
1020 1009 1086 1029 non
1107 1006 1220 1035 servet;
1245 1005 1276 1028 et
1298 998 1440 1028 similiter
1455 997 1481 1027 si

419 1045 490 1086 quis
513 1045 669 1085 promittit
691 1051 797 1075 tenere
816 1044 947 1085 aliquod
971 1050 1126 1074 secretum
1141 1042 1231 1084 quod
1254 1041 1361 1082 magni
1378 1041 1480 1078 refert,

418 1089 443 1119 si
476 1089 680 1125 revelaretur;
715 1088 741 1119 si
776 1087 917 1118 medicus
948 1087 1113 1127 promittat
1140 1086 1326 1126 periclitanti
1353 1084 1480 1115 infirmo

419 1133 594 1169 subvenire,
611 1132 676 1173 qui,
696 1142 752 1172 spe
767 1132 942 1167 frustratus,
960 1130 1137 1161 notabiliter
1152 1131 1255 1160 laesus
1271 1136 1327 1160 est.
1351 1129 1392 1159 Et
1411 1129 1482 1159 uni-
1506 1154 1508 1158 .

419 1177 578 1208 versaliter
600 1177 640 1207 ad
663 1177 877 1207 conditionem
901 1175 944 1205 rei
972 1174 1146 1215 promissae
1173 1179 1312 1214 spectare
1335 1179 1480 1212 oportet,
1506 1177 1508 1183 ’

420 1231 459 1252 an
483 1222 523 1252 sit
546 1221 631 1251 utilis
655 1230 710 1251 seu
733 1220 905 1251 necessaria
929 1219 1091 1258 proximo,
1116 1218 1159 1248 ita
1182 1217 1271 1258 quod
1293 1216 1481 1257 oppositum

420 1265 459 1296 sit
481 1265 632 1295 nocivum
656 1264 817 1305 proximo:
841 1263 995 1304 quoniam
1018 1269 1094 1293 tunc
1114 1268 1224 1292 contra
1239 1260 1306 1291 eius
1321 1260 1482 1291 caritatem

420 1315 475 1340 est.
500 1309 582 1339 Nam
606 1318 642 1338 ex
666 1308 733 1338 sola
755 1307 876 1338 ratione
900 1306 1121 1347 promissionis
1144 1305 1291 1343 violatae,
1315 1304 1387 1336 licet
1400 1305 1481 1335 ratio

420 1353 539 1393 peccati
562 1352 722 1388 habeatur,
746 1351 821 1392 quia
844 1357 891 1382 est
912 1357 1021 1381 contra
1043 1349 1173 1380 rationis
1192 1349 1342 1379 naturalis
1358 1349 1483 1379 rectitu-

421 1397 537 1433 dinem,
562 1405 627 1426 non
650 1402 756 1426 tamen
779 1395 912 1426 habetur
935 1394 1014 1425 ratio
1038 1393 1158 1434 peccati
1181 1393 1335 1429 mortalis,
1359 1393 1420 1423 nisi
1443 1393 1483 1423 ad

420 1441 540 1481 aliquid
557 1446 665 1471 contra
681 1440 839 1470 caritatem
856 1439 915 1469 Dei
936 1446 991 1469 aut
1013 1438 1150 1478 proximi
1173 1437 1386 1468 descendatur.
1407 1437 1484 1468 Vio-

422 1537 528 1561 autem
543 1528 727 1568 proximum
751 1538 788 1558 ex
810 1537 924 1568 genere
939 1536 999 1557 suo
1022 1536 1089 1556 non
1105 1532 1152 1557 est
1175 1525 1324 1562 mortale;
1347 1532 1383 1555 ut
1398 1531 1484 1565 patet

423 1575 461 1605 de
477 1573 659 1609 mentiente,
675 1572 731 1613 qui
747 1572 787 1602 ad
803 1572 865 1602 hoc
881 1570 1034 1602 mentitur
1049 1577 1086 1601 ut
1100 1569 1196 1606 fallat,
1211 1576 1241 1600 et
1256 1575 1378 1600 constat
1395 1569 1484 1609 quod

422 1628 488 1649 non
511 1623 619 1657 peccat
641 1616 814 1647 mortaliter
841 1615 902 1646 nisi
924 1614 1027 1655 gratia-
1045 1614 1192 1645 materiae
1215 1613 1421 1654 perniciosae.

478 1662 559 1692 Sunt
581 1667 688 1691 autem
711 1661 787 1696 duo,
808 1660 985 1690 secundum
1000 1658 1147 1689 Tullium
1160 1657 1188 1696 *‚
1213 1667 1302 1688 casus
1317 1657 1350 1687 in
1367 1657 1484 1698 quibus

424 1760 496 1781 mus
519 1755 566 1780 est
589 1758 663 1779 cum
686 1758 808 1778 servare
830 1747 926 1778 fidem
949 1746 1068 1777 factum
1092 1752 1138 1776 est
1160 1745 1273 1776 inutile
1296 1745 1324 1776 ei
1347 1745 1398 1776 cui
1421 1754 1484 1775 ser—

1075 175 1340 223 QUAESTIO
1371 175 1510 221 CXIII,
1539 174 1834 211 ARTICULUS
1866 174 1896 209 11

416 268 469 292 tua
491 260 550 290 fuit
573 259 663 300 quasi
687 257 864 292 conventio,
890 257 985 286 altero
1010 264 1075 284 non
1099 260 1240 283 servante
1258 252 1363 288 fidem,
1380 253 1472 282 abso-
1499 260 1501 298 ᾗ

1523 253 1628 291 γειῃάει
1651 258 1711 282 est:
1735 258 1780 288 ut,
1804 252 1829 281 si
1853 251 1924 292 quis
1947 250 2144 291 promisisset
2157 250 2251 280 alicui
2267 259 2385 286 ensem,
2410 257 2440 280 et
2462 250 2587 280 interim

1529 295 1701 326 efficeretur
1724 295 1879 331 furiosus,
1904 304 1969 324 non
1993 301 2039 325 est
2062 294 2090 324 ei
2114 294 2262 323 servanda
2286 293 2374 324 fides.
2402 290 2594 330 Secundus,

1529 349 1603 369 cum
1627 349 1747 369 servare
1769 339 1866 369 fidem
1885 338 2005 369 factum
2028 345 2075 368 est
2097 337 2197 377 magis
2220 336 2371 368 nocivum
2389 336 2467 367 mihi
2490 346 2589 378 quam

1529 383 1584 413 tibi
1599 390 1679 413 esset
1697 383 1782 414 utilis
1798 382 1991 413 observatio:
2017 389 2062 419 ut,
2083 381 2108 411 si
2124 381 2196 422 quis
2211 381 2407 420 promisisset
2420 390 2455 411 se
2468 381 2589 412 iturum

1529 427 1718 457 advocatum
1742 427 1775 457 in
1799 437 1891 457 causa
1906 426 1974 456 eius
1998 435 2073 461 cras,
2098 432 2128 455 et
2151 424 2262 455 accidit
2284 424 2404 464 proprii
2427 424 2483 455 filii
2506 424 2590 455 infir—

1530 471 1621 501 mitas
1646 470 1770 510 exigens
1794 477 1956 511 paternam
1980 479 2104 505 curam,
2130 478 2196 499 non
2219 474 2343 499 tenetur
2365 475 2443 499 tunc
2464 469 2504 498 ad
2527 478 2589 499 ser-

1529 514 1666 544 vandam
1681 513 1787 544 fidem.
1804 517 1925 544 Auctor
1940 520 2056 549 autem,
2074 522 2208 553 sequens
2225 512 2386 548 Senecam,
2403 521 2507 542 unum
2521 511 2592 542 uni-

1530 558 1682 588 versalem
1706 567 1814 588 casum
1842 557 1959 598 posuit,
1979 558 2011 588 in
2034 567 2089 598 qu.
2111 567 2149 586 cx
2164 556 2182 574 ³
2195 579 2202 593 ‚
2226 556 2343 587 scilicet
2368 556 2589 592 mutationem,
2618 559 2629 570 ⁸
2642 559 2725 587 Art-3,
2740 557 2769 579 nd
2782 564 2802 586 5·

1531 603 1610 632 dum
1633 601 1709 632 dixit
1732 601 1820 642 quod
1844 601 1952 632 omnia
1975 602 2090 631 debent
2106 610 2172 631 esse
2187 600 2354 631 immutata
2378 599 2404 630 si
2426 606 2517 640 pacta
2533 609 2593 630 ser*-

1530 646 1632 676 vanda
1647 652 1731 676 sunt.
1747 645 1883 685 Oportet
1898 655 1973 685 ergo
1990 645 2186 676 considerare
2205 644 2432 683 impedimenta
2446 653 2592 684 superve-

1532 689 1648 720 nientia
1671 696 1702 719 et
1724 688 1865 719 conferre
1889 699 1963 719 cum
1986 699 2017 719 re
2042 688 2214 728 promissa,
2239 695 2285 724 et,
2311 687 2487 718 collatione*
2502 687 2592 724 facta,

1531 734 1619 774 quod
1632 739 1714 764 recta
1727 739 1802 767 tunc
1813 732 1893 763 ratio
1905 733 2027 770 suadet,
2040 732 2178 773 pensatis
2189 732 2426 763 conditionibus
2435 731 2592 768 locorum,

1532 787 1751 818 personarum,
1767 783 1951 816 temporum
1979 782 2011 806 et
2039 776 2253 816 negotiorum,
2275 776 2447 806 honestum
2470 774 2593 816 exequi.

1591 821 1640 852 Ad
1674 820 1809 862 primam
1839 829 1914 860 ergo
1946 819 2160 850 obiectionem
2193 820 2225 850 in
2258 819 2447 860 oppositum
2480 818 2594 850 dicitur

1532 866 1621 906 quod
1651 874 1717 895 non
1747 864 1904 905 quidquid
1927 870 1973 894 est
2002 869 2111 894 contra
2132 863 2184 893 ius
2206 869 2336 894 naturae
2360 870 2407 894 est
2427 870 2595 903 peceatum

1533 909 1682 940 mortale:
1717 915 1752 939 ut
1780 915 1865 948 patet
1894 908 1932 938 de
1962 907 2145 943 mendacio,
2169 907 2259 947 quod
2286 913 2333 937 est
2358 907 2532 938 seeundum
2560 916 2596 938 se

1530 963 1680 994 pravum,
1704 960 1740 983 ut
1763 952 1876 982 dicitur
1898 952 1931 982 in
1955 952 1997 982 1V
2012 951 2116 982 Ethic.
2131 950 2149 971 *⁸
2170 951 2246 981 Plus
2273 950 2442 991 requiritur
2460 951 2501 981 ad
2522 960 2595 991 pec-
2622 953 2640 1001 ‘S

1534 1005 1639 1028 catum
1663 996 1813 1027 mortale:
1846 995 1963 1026 scilicet
1989 995 2079 1036 quod
2103 995 2142 1026 sit
2164 1001 2274 1025 contra
2304 994 2506 1025 dilectionem
2536 995 2598 1026 Dei
2641 993 2648 1000 “

1532 1048 1588 1072 aut
1610 1040 1757 1081 proximi.
1781 1040 1873 1071 Unde
1896 1049 1933 1070 ex
1956 1039 2018 1070 hoc
2033 1039 2121 1079 quod
2146 1045 2275 1069 naturae
2299 1038 2350 1068 ius
2363 1038 2512 1075 violatur,
2529 1048 2595 1068 non

1532 1085 1619 1116 aliud
1641 1085 1775 1115 habetur
1797 1084 1857 1114 nisi
1881 1084 1970 1124 quod
1992 1083 2065 1114 fidei
2088 1082 2221 1114 violatio
2244 1089 2413 1123 peccatum
2434 1089 2491 1114 est.

1588 1129 1639 1159 Ad
1662 1128 1834 1159 secundam
1858 1135 1965 1158 autem
1981 1127 2194 1158 obiectionem
2217 1126 2331 1157 dicitur
2352 1126 2442 1167 quod
2464 1125 2543 1157 fides
2561 1133 2599 1157 ut

1533 1172 1671 1203 extendit
1700 1181 1734 1202 se
1756 1172 1796 1202 ad
1819 1171 1963 1202 debitum
1976 1171 2095 1207 civile,
2119 1171 2200 1201 bene
2227 1170 2346 1211 obligat
2374 1170 2416 1201 ad
2445 1170 2596 1201 mortale:

1533 1216 1609 1257 quia
1633 1216 1700 1246 eius
1716 1215 1903 1256 oppositum
1927 1215 2051 1245 tolleret
2073 1221 2104 1245 et
2126 1215 2176 1245 ius
2192 1221 2223 1245 et
2237 1214 2390 1245 socialem
2402 1214 2510 1245 vimm.
2535 1214 2598 1245 Sed

1533 1260 1611 1291 fides
1641 1266 1677 1290 ut
1707 1259 1907 1290 concluditur
1931 1258 2011 1289 infra
2036 1258 2153 1289 limites
2181 1258 2278 1290 debiti
2300 1258 2447 1295 moralis,
2471 1265 2599 1299 oportet

1533 1305 1622 1345 quod
1652 1303 1868 1334 consideretur
1895 1303 1982 1334 iuxta
2011 1302 2175 1333 materiam
2205 1302 2398 1339 subiectam,
2428 1308 2460 1334 et
2488 1302 2597 1334 distin—

1533 1348 1661 1388 guendo
1683 1347 1804 1378 dicatur
1818 1347 1918 1388 quod,
1935 1353 1971 1378 ut
1986 1346 2147 1377 concernit
2161 1355 2197 1376 ea
2220 1344 2361 1388 quorum
2384 1345 2515 1386 perfidia
2527 1354 2597 1377 ver-

1535 1399 1621 1433 geret
1644 1398 1753 1423 contra
1767 1391 1874 1422 Deum
1892 1397 1948 1422 aut
1961 1390 2155 1431 proximum,
2173 1390 2293 1430 obligat
2307 1390 2347 1421 ad
2361 1390 2508 1427 mortale,
2522 1390 2600 1432 qnia

1508 1469 1510 1477 Ι
1534 1437 1606 1467 talis
1633 1434 1764 1476 perfidia
1791 1435 1875 1466 tollit
1897 1434 2054 1466 societatis
2077 1434 2200 1464 divinae
2224 1441 2255 1465 et
2276 1434 2435 1465 humanae
2456 1434 2598 1465 boum:

420 1486 483 1516 lare
500 1494 638 1525 namque
650 1484 896 1524 promissionem
911 1492 978 1513 non
993 1482 1052 1512 nisi
1069 1482 1175 1513 fallere
1186 1481 1356 1521 importat:
1376 1481 1483 1511 fallere
1508 1481 1510 1498 '¹¹

1536 1487 1572 1511 ut
1593 1489 1668 1510 vero
1692 1479 1853 1510 concernit
1880 1479 1933 1510 illa
1962 1488 2103 1520 quorum
2131 1477 2263 1518 perfidia
2291 1487 2407 1519 parum
2433 1484 2489 1509 aut
2516 1477 2600 1509 nihil

1535 1524 1630 1555 alicui
1648 1530 1752 1560 nocet,
1777 1533 1842 1554 non
1858 1523 1976 1563 obligat
1998 1523 2039 1554 ad
2062 1523 2205 1554 mortale.
2229 1523 2295 1554 Nec
2317 1521 2506 1553 huiusmodi
2527 1530 2599 1563 per»-

1509 1603 1510 1612 ἵ
1535 1567 1609 1598 fidia
1634 1568 1718 1598 tollit
1739 1568 1863 1598 bonum
1886 1567 2048 1598 convictus
2072 1566 2230 1597 humanae
2253 1566 2428 1603 societatis,
2451 1565 2600 1608 quamvis

1535 1611 1712 1653 aliqualiter
1726 1611 1880 1652 impediat
1901 1610 2162 1652 tranquillitatem
2176 1610 2278 1641 illius:
2302 1617 2351 1641 est
2368 1609 2454 1641 enim
2477 1615 2601 1651 praeta·

1509 1650 1511 1685 ³,
1536 1656 1597 1687 tale
1619 1657 1744 1687 bonum
1767 1655 1875 1696 potius
1898 1665 1996 1696 quam
2019 1662 2138 1686 contra.

423 1707 489 1737 sine
513 1705 602 1735 omni
625 1711 755 1744 peccato
778 1703 856 1734 fides
879 1710 960 1734 recte
983 1702 1130 1742 praestita
1153 1711 1220 1732 non
1243 1708 1392 1732 servatur.
1416 1701 1484 1731 Pri·
1509 1716 1511 1748 ἐ

1591 1700 1632 1730 Et
1654 1700 1731 1730 haec
1760 1700 1799 1730 de
1827 1706 1898 1730 toto
1925 1705 2058 1730 tractatu
2081 1699 2121 1729 de
2142 1698 2283 1730 veritatis
2304 1698 2431 1735 virtute,
2455 1705 2487 1730 et
2514 1697 2604 1730 iuius

1536 1744 1704 1784 oppositis,
1728 1743 1811 1774 dicta
1834 1742 2001 1774 sufficiant.

2695 950 2835 1002 rect:
