2860 4244
0 105 8 178 «ιτ-,πψ-

58 828 69 839 *
82 826 150 848 Vers.
160 831 199 854 49-

6 891 18 911 ¹.
58 884 68 894 ²
82 883 166 904 Pulm-
183 887 251 904 mxv
262 897 269 909 ,

15 939 22 946 Δ
58 915 117 931 vm.
131 915 160 938 ¹3·

58 1035 69 1047 ⁸
83 1034 157 1058 vero..
163 1039 196 1057 ιο.

31 1863 243 1912 ¹s‘Voen-:aqsp

23 1922 266 1962 Ῐ’·ῦιρ.νι,πι·ι.9

26 1971 29 1986 ·,
56 1964 111 1988 Ἥ·

153 1995 172 2023 Υ

29 2135 33 2155 Ἰ
59 2146 72 2158 ’
82 2145 151 2169 Ven-
165 2151 200 2169 ιο.

922 222 1188 270 QUAESTIO
1218 222 1429 269 LXXXIII,
1458 221 1754 258 ARTICULUS
1784 221 1836 257 IX

2388 234 2456 258 201

1100 331 1417 374 ARTICULUS
1448 331 1650 374 NONUS

464 420 619 450 UTRUM
643 418 981 451 CONVENIENTER
1003 417 1171 448 SEPTEM
1194 415 1452 446 PETITIONES
1475 415 1711 447 ORATIONIS
1734 416 1976 448 DOMINICAE
2000 417 2298 449 ASSIGNENTUR

472 490 503 514 111
522 489 603 519 Sent„
624 489 682 514 dist.
700 496 782 518 xxxxv,
802 495 845 520 qu.
860 495 877 518 1
897 492 943 512 art.
963 486 992 518 6;
1015 486 1157 519 Compend.
1180 486 1276 514 Theol„
1296 490 1360 517 part.
1379 485 1407 514 II.
1427 492 1482 517 cap.
1501 492 1527 509 tv
1546 493 1619 518 sqq.;
1640 486 1742 518 Expos.
1766 486 1842 512 Orat.
1862 487 1986 517 Domin.;
2006 487 2035 512 In
2055 487 2162 517 Matth„
2182 495 2237 520 cap.
2255 496 2290 514 w.

329 587 482 670 ψῖἰῇ
507 611 819 648 inconvenienter
846 619 993 669 septem
1027 610 1228 659 petitiones
1257 610 1352 646 Ora-

314 667 351 710 ’,γ
355 679 434 742 v,
458 661 617 702 &tionis
645 663 873 700 Dominicae
910 663 1158 711 assignentur.
1200 664 1353 700 Vanum

318 711 325 719 ”
355 692 396 742 ¹
405 707 495 746 ’ΨΧ
507 716 608 753 enim
628 723 684 752 est
701 723 830 764 petere
850 715 940 752 illud
960 717 1066 764 quod
1085 728 1237 764 semper
1253 723 1308 752 est
1323 720 1351 751 α.

296 771 373 809 Sed
388 753 532 808 nomen
546 768 619 805 Dei
636 781 789 817 semper
805 776 859 806 est
874 777 1063 806 sanctum:
1085 770 1296 806 secundum
1312 766 1354 803 il-

294 823 361 862 lud
380 824 473 860 Luc.
491 821 550 859 1³¹⁶:
576 822 755 859 Sanctum
775 834 910 859 nomen
935 822 1024 859 eius.
1046 823 1222 869 Regnum
1243 819 1354 857 etiam

296 876 376 914 eius
405 882 461 912 est
479 875 777 924 sempiternum:
807 875 1017 912 secundum
1044 875 1136 912 illud
1155 871 1331 910 Psalm.*

294 930 472 979 Regnum
501 933 618 974 tuum,
639 928 814 974 Domine,
839 940 1001 978 regnum
1029 927 1198 964 omnium
1225 936 1354 962 saecu-

295 982 430 1019 lorum.
459 981 644 1018 Voluntas
673 981 787 1018 etiam
806 981 879 1017 Dei
902 993 1053 1029 semper
1071 980 1266 1028 impletur:
1296 989 1354 1013 se-

296 1035 464 1072 cundum
486 1033 576 1070 illud
605 1034 722 1071 Isaiae
741 1033 880 1070 XLV1*:
914 1033 1043 1070 Omnis
1069 1031 1241 1069 voluntas
1268 1042 1354 1067 mea

283 1089 368 1136 fiet.
393 1087 548 1124 Vanum
568 1098 657 1134 ergo
678 1094 734 1123 est
752 1093 880 1134 petere
900 1085 1004 1134 quod
1024 1096 1158 1122 nomen
1177 1084 1253 1121 Dei
1267 1095 1355 1120 san-

296 1140 487 1189 ctificetur,
516 1139 623 1188 quod
649 1150 811 1188 regnum
843 1139 922 1175 eius
948 1138 1141 1183 adveniat,
1180 1144 1215 1174 et
1247 1136 1353 1185 quod

296 1194 374 1230 eius
399 1191 572 1228 voluntas
587 1192 676 1239 fiat.

349 1257 384 1282 2.
405 1245 639 1290 PRAETEREA,
658 1243 763 1292 prius
788 1250 845 1279 est
867 1243 1045 1280 recedere
1072 1255 1094 1280 a
1114 1243 1216 1280 malo
1237 1254 1353 1291 quam

296 1297 478 1345 consequi
508 1297 666 1333 bonum.
701 1296 1016 1333 Inconvenienter
1044 1295 1154 1344 igitur
1179 1295 1355 1333 videntur

295 1349 554 1400 praeordinari
571 1349 785 1401 >petitiones
803 1361 901 1397 quae
931 1349 1118 1398 pertinent
1145 1349 1195 1386 ad
1223 1361 1355 1386 conse-

285 1403 495 1452 quendum
522 1403 682 1450 bonum,
707 1402 949 1451 petitionibus
974 1415 1073 1451 quae
1101 1402 1288 1450 pertinent
1306 1402 1355 1438 ad

296 1455 532 1499 amotionem
562 1455 663 1492 mali.

351 1510 386 1547 3.
402 1510 636 1555 PRAETEREA,
653 1507 702 1545 ad
720 1508 796 1544 hoc
810 1507 950 1556 aliquid
969 1507 1107 1557 petitur
1120 1514 1162 1543 ut
1179 1507 1353 1544 donetur.

297 1562 375 1600 Sed
392 1562 644 1611 praecipuum
663 1561 809 1598 donum
829 1561 900 1597 Dei
925 1569 981 1598 est
1000 1559 1161 1609 Spiritus
1181 1560 1355 1603 Sanctus,

297 1623 334 1653 et
365 1627 412 1652 ea
438 1626 539 1663 quae
572 1613 684 1651 nobis
717 1625 787 1662 per
820 1613 946 1662 ipsum
980 1614 1126 1651 dantur.
1170 1614 1272 1660 Ergo
1300 1612 1356 1649 vi-

296 1666 433 1706 dentur
459 1666 769 1704 inconvenienter
795 1666 960 1715 proponi
979 1665 994 1695 β
1021 1665 1236 1714 petitiones,
1267 1677 1355 1702 cum
1381 1682 1383 1703 z

294 1733 374 1758 non
402 1720 658 1769 respondeant
686 1719 795 1756 donis
825 1719 984 1769 Spiritus
1013 1719 1151 1756 Sancti.

346 1785 384 1820 4.
404 1774 645 1819 PRAETEREA,
675 1773 888 1810 secundum
922 1774 1069 1809 Lucam
1104 1773 1143 1809 in
1172 1771 1355 1809 Oratione

293 1825 499 1864 Dominica
525 1833 721 1875 ponuntur
748 1826 873 1863 solum
897 1825 1064 1874 quinque
1083 1825 1296 1875 petitiones,
1316 1831 1358 1861 ut

293 1886 398 1929 patet
411 1879 505 1916 Luc.
521 1891 557 1915 xi
573 1880 605 1916 *.
627 1878 874 1927 Superfluum
889 1879 998 1927 igitur
1013 1878 1081 1915 fuit
1099 1879 1204 1927 quod
1224 1890 1357 1915 secun-

295 1932 387 1970 dum
424 1932 662 1969 Matthaeum
689 1932 709 1952 *
745 1939 892 1981 septem
918 1931 1120 1982 petitiones
1148 1939 1353 1980 ponuntur.

352 1986 384 2022 5.
406 1985 640 2031 Pina-mm,
669 1984 708 2021 in
734 1997 880 2022 vanum
900 1990 915 2012 Υ
944 1984 1095 2022 videtur
1114 1992 1264 2033 captare
1291 1984 1357 2021 be-

295 2037 552 2076 nevolentiam
583 2037 663 2074 eius
682 2037 747 2086 qui
775 2037 1043 2075 benevolentia
1063 2050 1131 2074 sua
1158 2050 1230 2075 nos
1248 2050 1358 2086 prae-

295 2090 411 2130 venit.
442 2090 518 2128 Sed
537 2092 643 2128 Deus
669 2102 739 2128 nos
758 2103 828 2128 sua
855 2092 1122 2128 benevolentia
1140 2090 1356 2140 praevenit:

296 2144 386 2192 quia
410 2144 488 2192 ipse
505 2144 618 2192 prior
634 2143 766 2180 dilexit
781 2156 861 2191 nos,
889 2151 932 2181 ut
957 2143 1091 2181 dicitur
1111 2145 1125 2180 1
1152 2143 1355 2181 Ioan.1v*.
1382 2147 1384 2159 ⁴

297 2196 499 2246 Superflue
535 2209 624 2245 ergo
661 2197 914 2246 praemittitur
947 2197 1208 2246 petitionibus,
1246 2197 1358 2234 Pater

297 2255 432 2296 noster,
462 2249 528 2298 qui
553 2261 592 2286 es
620 2250 657 2286 in
686 2250 818 2297 caelis,
848 2250 953 2299 quod
979 2250 1132 2288 videtur
1159 2250 1208 2287 ad
1243 2250 1358 2287 bene-

295 2302 506 2342 volentiam
535 2302 764 2352 captandam
791 2303 989 2353 pertinere.

351 2356 426 2394 San
462 2368 498 2393 m
533 2367 768 2394 con-smmum
805 2356 943 2394 sufficit
979 2356 1182 2393 auctoritas
1219 2356 1358 2393 Christi

298 2409 524 2447 Orationem
553 2409 778 2446 instituentis
796 2409 827 2446 ³⁸.

350 2463 576 2500 REsrounno
618 2473 805 2500 mensuum
839 2462 946 2511 quod
983 2461 1115 2498 Oratio
1153 2461 1359 2498 Dominica

297 2514 571 2565 perfectissima
592 2523 667 2552 est:
699 2515 798 2564 quia,
820 2514 915 2552 sicut
936 2514 1169 2563 Augustinus
1190 2514 1289 2562 dicit,
1310 2515 1362 2552 ad

263 2590 272 2623 3
297 2568 463 2606 Probam
482 2568 514 2616 *,
542 2570 576 2606 si
602 2574 700 2606 recte
727 2575 763 2605 et
788 2574 1040 2619 congruenter
1067 2580 1239 2614 oramus,
1269 2568 1361 2605 nihil

298 2621 404 2658 aliud
429 2621 553 2658 dicere
580 2634 781 2670 possumus
809 2633 922 2670 quam
951 2621 1052 2670 quod
1084 2622 1120 2658 in
1154 2621 1222 2658 ista
1266 2621 1359 2658 Ora-

299 2674 398 2711 tione
433 2675 635 2711 Dominica
669 2675 831 2723 positum
859 2680 923 2711 est.
967 2674 1067 2721 Quia
1096 2674 1200 2711 enim
1238 2675 1359 2712 oratio

301 2734 357 2764 est
384 2727 673 2776 quodammodo
696 2727 871 2765 desiderii
899 2727 1017 2764 nostri
1045 2726 1229 2776 interpres
1257 2728 1360 2776 apud

300 2781 450 2826 Deum,
479 2780 541 2816 illa
577 2780 703 2817 solum
739 2787 839 2817 recte
877 2780 1024 2817 orando
1061 2780 1226 2828 petimus
1260 2793 1358 2828 quae

301 2840 401 2871 recte
421 2832 638 2870 desiderare
656 2833 843 2870 valemus.
868 2834 911 2869 In
930 2832 1114 2869 Oratione
1133 2840 1262 2870 autem
1281 2835 1360 2870 Do-

301 2885 441 2923 minica
477 2898 557 2922 non
594 2885 718 2922 solum
755 2893 935 2934 petuntur
963 2885 1093 2922 omnia
1124 2898 1223 2933 quae
1261 2893 1360 2923 recte

302 2938 518 2976 desiderare
546 2950 769 2987 possumus,
799 2938 868 2975 sed
896 2937 1009 2974 etiam
1042 2950 1089 2974 eo
1119 2938 1251 2975 ordine
1280 2951 1358 2986 quo

302 2991 554 3030 desideranda
579 2999 687 3029 sunt:
716 2998 759 3028 ut
776 2990 829 3028 sic
855 2991 952 3028 haee
970 2991 1102 3028 Oratio
1131 3003 1210 3029 non
1234 2993 1360 3029 solum

301 3045 460 3083 instruat
476 3045 680 3094 postulare,
700 3044 768 3082 sed
787 3043 901 3081 etiam
918 3043 966 3080 sit
983 3043 1226 3082 informativa
1245 3044 1360 3082 totius

302 3097 434 3143 nostri·
449 3097 618 3135 affectus.

302 3194 310 3201 .
356 3150 603 3188 Manifestum
640 3157 695 3188 est
731 3156 859 3187 autem
896 3150 1003 3198 quod
1037 3149 1162 3198 primo
1192 3150 1290 3188 eadit
1322 3151 1360 3187 in

303 3203 493 3242 desiderio
513 3201 526 3225 δ
554 3202 659 3249 finis;
688 3202 826 3240 deinde
855 3215 900 3240 ea
918 3215 1017 3251 quae
1046 3210 1134 3240 sunt
1159 3203 1210 3240 ad
1226 3204 1358 3241 finem.

304 3256 406 3294 Finis
443 3263 571 3293 autem
609 3263 736 3293 noster
763 3256 868 3293 Deus
901 3263 968 3293 est.
1011 3257 1054 3293 In
1081 3268 1198 3305 quem
1231 3264 1360 3294 noster

304 3309 461 3347 affectus
497 3308 617 3346 tendit
655 3307 872 3356 dupliciter:
909 3321 987 3346 uno
1025 3308 1181 3358 quidem
1218 3310 1358 3357 modo,

361 3422 390 3455 α)
402 3425 523 3482 petere.¹3
540 3425 588 3447 est.
601 3435 621 3442 -
633 3425 752 3454 petere...
770 3425 810 3447 est
820 3424 942 3448 sanctum
959 3423 1001 3448 ed.
1018 3429 1044 3453 a,
1059 3426 1152 3455 petere
1169 3423 1363 3456 sanctificari...

304 3461 344 3482 est
362 3461 483 3483 sanctum
524 3475 531 3483 .

358 3491 383 3526 β)
398 3493 524 3525 proponi.
537 3506 556 3512 —
569 3493 637 3525 poni
656 3492 744 3517 PEsC.

357 3527 385 3561 γ)
405 3528 431 3553 in
451 3535 558 3553 vanum.
570 3541 590 3547 —
608 3535 705 3552 vanum
725 3528 757 3552 G.

449 3581 557 3605 Summa
575 3580 677 3606 Timor..
697 3580 728 3604 D.
747 3579 861 3604 Tuosne
880 3579 911 3603 T.
930 3579 973 3604 v1.

481 580 483 583 f
506 572 529 597 D
557 570 684 596 NONUM
711 570 765 595 stc
793 570 1030 595 PROCEDITUR.
1059 557 1218 594 Videtur
1247 556 1352 606 quod
1378 556 1381 567 '

1405 564 1520 604 prout
1546 557 1728 594 volumus
1756 558 1916 605 gloriam
1945 559 2038 604 Dei;
2067 558 2140 595 alio
2169 559 2302 607 modo,
2332 572 2466 596 secun-

1408 609 1500 646 dum
1537 610 1642 656 quod
1674 611 1853 648 volumus
1891 611 1961 647 frui
1999 611 2118 659 gloria
2155 612 2245 648 eius.
2289 614 2465 659 Quorum

1406 661 1575 710 primum
1603 663 1764 710 pertinet
1792 664 1840 700 ad
1868 664 2112 701 dilectionem
2130 669 2142 684 ⁶
2171 677 2247 714 qua
2275 666 2402 703 Deum
2427 666 2465 702 in

1378 720 1381 725 ’
1408 714 1534 762 seipso
1563 714 1775 762 diligimus:
1806 717 2016 754 secundum
2035 729 2129 754 vero
2149 718 2311 766 pertinet
2338 720 2388 756 ad
2412 718 2466 756 di-

1406 767 1611 803 lectionem
1650 780 1726 816 qua
1763 768 1951 816 diligimus
1987 782 2058 807 nos
2096 770 2133 806 in
2161 772 2258 807 Deo.
2302 773 2351 809 Et
2378 772 2465 809 ideo

1407 819 1531 868 prima
1558 819 1686 867 petitio
1715 821 1888 868 ponitur:
1918 823 2175 869 Sanctificetur
2194 836 2329 861 nomen
2349 830 2465 871 tuum,

1407 884 1475 920 per
1494 884 1612 920 quam
1640 873 1805 920 petimus
1831 874 1989 921 gloriam
2017 875 2101 912 Dei.
2122 897 2146 903 -
2176 877 2354 914 Secunda
2371 890 2465 915 vero

1407 924 1581 973 ponitur:
1609 926 1796 962 Adveniat
1822 938 1984 976 regnum
2012 933 2138 974 tuum,
2166 941 2235 976 per
2262 942 2377 978 quam
2402 943 2467 979 pe-

1407 977 1522 1014 timus
1551 977 1599 1014 ad
1628 978 1786 1025 gloriam
1816 979 1951 1026 regni(
1981 979 2060 1017 eius
2087 982 2299 1029 pervenire.

1460 1031 1522 1067 Ad
1549 1030 1667 1067 finem
1697 1039 1827 1068 autem
1855 1032 2092 1080 praedictum
2129 1034 2279 1071 ordinat
2307 1047 2376 1072 nos
2404 1036 2468 1072 ali-

1407 1083 1499 1132 quid
1529 1083 1746 1132 dupliciter:
1777 1097 1854 1121 uno
1884 1086 2015 1131 modo,
2044 1098 2114 1133 per
2141 1099 2203 1132 se;
2233 1088 2305 1123 alio
2335 1089 2465 1135 modo,

1407 1148 1477 1184 per
1504 1136 1692 1174 accidens.
1731 1138 1805 1174 Per
1833 1149 1872 1174 se
1902 1137 2075 1185 quidem,
2106 1139 2251 1175 bonnm
2281 1141 2384 1188 quod
2415 1149 2470 1177 est

1408 1189 1497 1226 utile
1527 1189 1564 1226 in
1590 1190 1722 1227 finem.
1752 1191 1820 1227 Est
1848 1198 1976 1227 autem
2005 1190 2145 1239 aliquid
2172 1191 2260 1228 utile
2288 1193 2327 1229 in
2350 1193 2468 1230 finem

1409 1242 1649 1280 beatitudinis
1696 1243 1904 1292 dupliciter.
1954 1243 2041 1280 Uno
2083 1245 2223 1291 modo,
2259 1245 2398 1282 directe
2436 1254 2471 1283 et

1409 1295 1676 1344 principaliter,
1707 1297 1918 1334 secundum
1952 1296 2129 1334 meritum
2165 1310 2241 1347 quo
2275 1299 2471 1336 beatitudi-

1408 1360 1498 1385 nem
1526 1361 1721 1386 meremur
1748 1351 1833 1387 Deo
1863 1349 2091 1387 obediendo.
2131 1352 2180 1388 Et
2208 1359 2393 1400 quantum
2422 1352 2471 1389 ad

1408 1402 1482 1438 hoc
1509 1402 1680 1450 ponitur:
1709 1403 1798 1439 Fiat
1822 1403 1994 1439 voluntas
2019 1409 2094 1449 tua,
2113 1404 2208 1440 sicut
2234 1405 2271 1441 in
2300 1405 2416 1450 caelo,
2436 1411 2472 1442 et

1408 1454 1445 1490 in
1475 1460 1588 1492 terra.
1605 1477 1629 1483 -
1652 1455 1738 1491 Alio
1768 1456 1900 1503 modo,
1929 1455 2272 1504 instrumentaliter,
2299 1465 2334 1494 et
2363 1458 2471 1506 quasi

1409 1507 1642 1544 coadiuvans
1662 1520 1732 1544 nos
1753 1508 1801 1544 ad
1821 1508 2060 1546 merendum.
2085 1510 2134 1546 Et
2152 1510 2201 1546 ad
2219 1511 2293 1546 hoc
2311 1512 2472 1559 pertinet

1408 1560 1513 1608 quod
1548 1561 1701 1597 dicitur:
1737 1561 1880 1598 Panem
1923 1567 2091 1598 nostrum
2128 1563 2385 1610 quotidianum
2419 1565 2468 1600 da

1409 1613 1515 1649 nohis
1532 1614 1660 1650 hodie:
1689 1613 1769 1651 sive
1797 1614 1871 1650 hoc
1899 1613 2123 1662 intelligatur
2149 1616 2196 1652 de
2221 1628 2319 1664 pane
2348 1629 2471 1653 sacra-

1409 1666 1577 1713 mentali,
1605 1666 1711 1703 cuius
1739 1666 1983 1714 quotidianus
2011 1679 2103 1704 usus
2130 1669 2281 1716 proficit
2309 1669 2468 1715 homini,

1408 1718 1447 1756 in
1467 1731 1544 1768 quo
1565 1719 1677 1756 etiarn
1697 1719 1951 1767 intelliguntur
1971 1720 2101 1757 omnia
2121 1721 2192 1758 alia
2213 1729 2470 1768 sacramenta3

1409 1773 1486 1810 sive
1517 1772 1631 1809 etiam
1659 1772 1885 1820 intelligatur
1912 1773 1959 1810 de
1987 1785 2086 1821 pane
2113 1774 2312 1822 corporali,
2333 1783 2374 1812 ut
2402 1787 2470 1823 per

1408 1838 1550 1875 panem
1579 1825 1804 1873 intelligatur
1831 1826 1952 1862 omnis
1974 1827 2197 1876 sufficientia
2220 1829 2349 1874 victus,
2379 1828 2474 1864 sicut

1411 1878 1499 1916 dicit
1517 1878 1764 1926 Augustinus,
1785 1879 1836 1915 ad
1860 1879 2025 1915 Proham
2044 1879 2083 1925 *;
2113 1880 2203 1927 quia
2228 1889 2264 1917 et
2292 1881 2472 1918 Euchari-

1410 1932 1479 1969 stia
1508 1939 1563 1968 est
1590 1931 1840 1980 praecipuum
1879 1940 2181 1979 sacramentum,
2212 1941 2248 1970 et
2274 1934 2383 1982 panis
2420 1942 2475 1971 est

1408 1985 1638 2034 praecipuus
1659 1984 1782 2021 cibus:
1808 1984 1911 2021 unde
1931 1993 1967 2022 et
1993 1986 2031 2022 in
2050 1986 2261 2034 Evangelio
2290 1987 2472 2024 Matthaei

1410 2038 1591 2086 scriptum
1634 2045 1709 2084 est,
1747 2038 2159 2087 supersubstantialem,
2197 2039 2295 2076 idest
2323 2041 2475 2088 praeci-

1407 2103 1539 2140 puum,
1559 2098 1601 2127 ut
1624 2090 1883 2139 Hieronymus
1911 2090 1931 2113 '¹‘
1959 2091 2122 2140 exponit.

1463 2145 1538 2181 Per
1556 2143 1732 2181 accidens
1752 2151 1881 2180 autem
1901 2144 2123 2182 ordinamur
2141 2144 2180 2181 in
2199 2145 2472 2183 beatitudinem

1411 2210 1481 2247 per
1517 2197 1770 2234 remotionem
1807 2197 2054 2245 prohibentis.
2090 2197 2183 2234 Tria
2220 2205 2349 2235 autem
2386 2206 2475 2235 sunt

1413 2263 1511 2299 quae
1539 2262 1610 2287 nos
1648 2262 1671 2286 a
1704 2249 1935 2288 beatitudine
1970 2250 2185 2299 prohibent.
2228 2251 2357 2289 Primo
2394 2252 2474 2300 qui-

1413 2304 1514 2351 dem,
1543 2311 1756 2351 peccatum,
1786 2303 1892 2351 quod
1922 2303 2061 2341 directe
2091 2303 2254 2341 excludit
2277 2316 2300 2340 a
2319 2305 2473 2352 Regno:

1412 2357 1624 2395 secundum
1648 2356 1738 2393 illud
1763 2358 1775 2392 Ι
1802 2357 1854 2393 ad
1875 2357 1962 2394 Cor.
1981 2356 2071 2394 vi*:
2100 2357 2236 2405 Neque
2249 2357 2474 2404 fornicarii,

1413 2422 1531 2458 neque
1550 2410 1657 2446 idolis
1678 2410 1890 2455 servientes,
1920 2417 2002 2457 etc„
2024 2421 2185 2459 regnum
2214 2411 2289 2446 Dei
2307 2411 2473 2458 posside-

1413 2464 1513 2500 bunt.
1543 2463 1592 2499 Et
1620 2461 1670 2499 ad
1702 2463 1777 2499 hoc
1801 2462 1965 2511 pertinet
1999 2462 2102 2511 quod
2139 2462 2292 2500 dicitur:
2322 2465 2476 2500 Dimitte

1413 2516 1519 2552 nobis
1554 2515 1676 2552 debita
1713 2521 1852 2552 nostra.
1883 2537 1907 2544 -
1941 2516 2143 2563 Secundo,
2172 2516 2347 2564 tentatiO,
2378 2530 2476 2566 quae

1413 2581 1484 2606 nos
1520 2569 1679 2617 impedit
1713 2569 1760 2606 ab
1796 2569 2040 2606 observantia
2073 2569 2223 2606 divinae
2258 2570 2474 2607 voluntatis.

1413 2623 1462 2658 Et
1481 2622 1530 2658 ad
1557 2622 1632 2658 hoc
1651 2622 1813 2670 pertinet
1832 2622 1936 2671 quod
1956 2622 2108 2659 dicitur:
2137 2623 2188 2658 Et
2214 2634 2260 2658 ne
2279 2635 2347 2659 nos
2371 2623 2476 2660 indu-

1413 2687 1478 2712 cas
1497 2675 1534 2711 in
1555 2675 1812 2712 tentationem:
1839 2687 1909 2723 per
1928 2675 2034 2722 quod
2055 2688 2132 2711 non
2155 2675 2318 2723 petimus
2338 2683 2380 2711 ut
2398 2689 2476 2712 non

1413 2735 1620 2775 tentemur,
1656 2728 1723 2765 sed
1761 2735 1801 2764 ut
1837 2741 1859 2764 a
1895 2728 2102 2764 tentatione
2135 2740 2213 2764 non
2249 2727 2475 2775 vincamur,

1414 2781 1520 2828 quod
1550 2787 1606 2817 est
1633 2780 1670 2817 in
1694 2780 1943 2817 tentationem
1969 2780 2109 2818 induci.
2126 2800 2150 2808 -
2170 2781 2314 2827 Tertio,
2334 2793 2477 2829 poena-

1413 2834 1496 2870 litas
1515 2844 1708 2881 praesens,
1731 2845 1829 2880 quae
1849 2838 1867 2860 η
1896 2833 2055 2881 impedit
2073 2833 2338 2870 sufficientiam
2362 2834 2474 2870 vitae.

1415 2887 1464 2923 Et
1491 2893 1675 2934 quantum
1700 2886 1748 2923 ad
1776 2886 1851 2922 hoc
1880 2885 2031 2922 dicitur:
2062 2886 2200 2922 Libera
2220 2898 2287 2923 nos
2310 2898 2333 2923 a
2362 2887 2474 2923 malo.

1467 2940 1526 2974 AD
1542 2950 1679 2975 PmMUM
1694 2949 1792 2975 ERGO
1805 2950 1989 2976 mei-:noun
2005 2940 2122 2986 quod,
2137 2939 2232 2975 sicut
2244 2940 2477 2987 Augustinus

1416 2990 1516 3038 dicit,
1536 2991 1574 3028 in
1593 2991 1689 3027 libro
1709 2992 1755 3028 de
1772 2992 1892 3028 Serm.
1908 2993 2022 3028 Dom.
2043 2992 2080 3028 in
2099 2992 2235 3028 Monte
2249 2991 2280 3040 ³¹⁸,
2311 3004 2399 3029 curn
2421 2992 2477 3030 di—

1416 3044 1551 3091 cimus,
1572 3045 1832 3092 Sanctificetur
1853 3056 1990 3082 nomen
2011 3050 2127 3091 tuum,
2159 3059 2178 3078 «
2191 3057 2270 3082 non
2289 3045 2365 3082 hoc
2383 3046 2476 3094 peti-

1415 3105 1475 3134 tur
1494 3098 1601 3146 quasi
1615 3109 1694 3134 non
1713 3097 1759 3134 sit
1777 3105 1950 3134 sanctum
1965 3097 2039 3134 Dei
2057 3110 2221 3135 nomen:
2247 3098 2314 3135 sed
2333 3106 2373 3135 ut
2393 3111 2476 3136 san-

1416 3157 1518 3187 ctum
1543 3151 1591 3187 ab
1615 3149 1836 3187 hominibus
1853 3151 2040 3188 habeatur
2057 3163 2095 3197 »3
2121 3151 2226 3200 quod
2244 3152 2405 3200 pertinet
2428 3151 2477 3188 ad

1414 3203 1487 3240 Dei
1505 3203 1665 3251 gloriam
1684 3203 1722 3240 in
1741 3203 1963 3241 hominibus
1989 3205 2290 3253 propagandam.
2307 3225 2331 3231 —
2359 3204 2475 3251 Quod

1415 3264 1543 3293 autem
1564 3256 1709 3304 dicitur,
1728 3257 1918 3294 Adveniat
1942 3269 2104 3307 regnum
2132 3263 2248 3303 tuum,
2280 3272 2300 3290 ε
2318 3270 2396 3294 non
2425 3257 2476 3294 ita

1414 3309 1558 3347 dictum
1579 3316 1634 3346 est
1653 3309 1762 3358 quasi
1780 3311 1886 3346 Deus
1907 3322 2008 3346 nunc
2028 3323 2105 3347 non
2132 3317 2261 3357 regnet
2285 3325 2305 3343 x·
2324 3311 2365 3347 *ε
2395 3310 2475 3359 sed,

1467 3422 1492 3455 ὃ)
1512 3423 1654 3448 desiderio.
1666 3437 1685 3441 -
1704 3426 1796 3448 nostro
1815 3423 1912 3448 addunt
1930 3424 1976 3448 Pa.

1467 3458 1490 3490 ε)
1511 3458 1686 3483 dilectionem.
1700 3472 1718 3477 -
1738 3458 1790 3483 Dei
1808 3459 1904 3483 addunt
1924 3458 1970 3482 Pa.

1467 3493 1493 3525 ζ)
1513 3493 1599 3526 regni.
1616 3507 1635 3512 -
1655 3493 1707 3518 Dei
1724 3497 1750 3518 et
1769 3494 1846 3526 regni
1864 3494 1892 3518 P.

1469 3529 1495 3561 η)
1516 3535 1591 3560 quae.
1604 3542 1623 3548 -—
1642 3531 1671 3553 ut
1689 3535 1756 3560 quae
1775 3529 1802 3553 P.

2303 3581 2335 3606 26

2500 1886 2510 1895 ⁸
2519 1885 2593 1913 Epist.
2602 1885 2649 1912 cit„
2658 1891 2700 1912 cap
2707 1901 2713 1907 .

2500 2092 2510 2102 ⁸
2531 2091 2657 2113 Comment.
2686 2092 2710 2113 in

2500 2118 2582 2140 Matth.
2598 2118 2639 2140 lib.
2649 2118 2670 2144 1,
2683 2118 2711 2139 ad

2501 2151 2551 2172 cap.
2568 2151 2600 2172 vi,
2614 2151 2674 2166 vers.
2692 2151 2712 2166 n

2500 2177 2553 2199 sqq.

2502 2364 2512 2373 '⁸
2526 2362 2594 2385 Vers.
2609 2368 2635 2390 9,
2652 2369 2685 2384 10.

2504 2999 2514 3009 ·
2524 2998 2574 3020 Lib.
2585 2998 2613 3024 11,
2629 3004 2680 3026 cap.
2691 3005 2714 3020 v.

2504 3317 2514 3327 ⁸
2523 3316 2583 3338 lbid.
2594 3321 2645 3344 cap.
2654 3322 2686 3337 vr.
