2860 4244
180 1391 190 1401 ⁸
212 1390 246 1412 Cf.
273 1396 319 1418 arg.
342 1390 391 1412 Sed

181 1419 241 1438 cont.

175 2827 186 2838 ¹⁵
202 2827 253 2848 Art.
268 2833 284 2854 i,
297 2826 326 2848 ad
340 2832 360 2849 2.

178 3091 187 3101 ⁸
203 3090 270 3112 Vers.
285 3090 307 3112 6.

276 3138 290 3171 β

274 3250 291 3276 γ
304 3293 310 3300 ι

178 3350 187 3360 ’·
193 3349 230 3372 Ps.
237 3356 360 3378 exu‚vers.
366 3356 385 3372 2.

429 234 506 268 204
1048 219 1312 265 QUAESTIO
1344 219 1555 264 LXXXIII,
1583 221 1878 274 ARTICULUS
1907 222 1975 258 XII

427 313 513 338 rum
542 299 731 336 orationes
760 300 901 335 habent
936 297 1146 334 efficaciam
1176 297 1405 344 impetrandi
1440 308 1485 332 ex
1510 296 1512 335 Ι
1538 309 1606 345 per
1625 298 1755 335 omnia
1783 300 1977 348 superiora
2004 299 2136 336 iuvari.
2166 301 2215 336 Et
2240 300 2327 337 ideo
2348 308 2497 349 oportet
2515 314 2593 340 non

425 352 740 403 praecedentibus
770 363 901 387 eorum
932 350 1092 395 meritis,
1124 356 1159 384 et
1188 361 1231 384 ex
1267 348 1395 385 divina
1424 361 1484 385 ac·
1510 342 1512 362 ¹
1539 351 1664 386 solum
1702 352 1933 400 superiores,
1964 352 2031 389 sed
2061 352 2174 388 etiam
2211 353 2406 390 inferiores
2442 362 2593 392 sanctos

427 406 639 454 ceptatione
661 404 683 439 ζ.
1509 383 1512 432 i
1538 401 1753 450 implorare.
1782 405 1957 452 Alioquin
1988 412 2084 441 esset
2107 405 2221 441 solius
2245 405 2316 441 Dei
2336 405 2614 444 misericordia

478 460 536 494 AD
566 468 754 493 SECUNDUM
783 466 966 491 DlCENDUM
996 454 1100 501 quod
1129 453 1247 490 sancti
1281 455 1484 502 impetrant
1510 451 1511 454 ’
1538 454 1790 503 imploranda.
1811 479 1835 485 -
1865 456 2058 504 Contingit
2085 464 2213 494 tamen
2236 458 2468 507 quandoque
2488 460 2593 507 quod

426 511 514 548 illud
543 509 648 557 quod
676 510 781 544 Deus
807 508 887 543 vult
915 506 997 543 fieri
1024 519 1093 554 per
1112 506 1303 543 orationes
1333 519 1480 543 eorum.
1509 524 1510 547 ς
1536 506 1751 555 imploratio
1771 509 1956 546 inferioris
1975 509 2092 546 sancti
2112 510 2305 547 efficacior
2323 518 2395 547 est:
2418 511 2481 548 vel
2504 511 2592 560 quia

425 565 473 600 Et
500 563 574 598 hoc
601 568 734 609 petunt
753 560 857 607 quod
876 559 1074 595 aestimant
1095 571 1227 595 eorum
1246 559 1481 596 orationibus
1537 560 1712 597 devotius
1732 561 1982 610 implorantur
1996 568 2030 608 ⁷¹3
2050 563 2112 599 vel
2132 563 2221 610 quia
2236 564 2342 600 Deus
2356 563 2439 600 vult
2457 575 2591 601 eorum

424 614 660 663 implendum
690 613 901 648 secundum
930 612 1001 648 Dei
1029 613 1279 649 voluntatem.
1507 615 1509 663 l
1536 613 1770 650 sanctitatem
1800 614 2004 652 declarare.

475 669 533 703 AD
553 677 712 702 TERTIUM
736 677 920 701 monimum
949 666 1051 711 quod
1073 664 1122 700 illi
1142 664 1207 712 qui
1227 673 1312 702 sunt
1336 665 1371 701 in
1392 677 1480 713 pur·
1507 705 1508 717 ἵ
1588 667 1646 701 AD
1666 677 1827 707 QUiNTuM
1847 679 2031 704 mcENDuM
2050 668 2155 717 quod
2174 668 2263 717 quia
2282 668 2399 706 sancti
2418 668 2592 706 viventes

423 719 579 768 gatorio,
601 718 668 756 etsi
697 717 769 754 sint
788 717 1001 766 superiores
1021 718 1132 754 nobis
1161 725 1317 766 propter
1338 718 1480 766 impec-
1507 722 1509 761 ῖ
1535 725 1755 754 meruerunt
1781 726 1822 755 ut
1849 731 1919 767 pro
1948 720 2059 756 nobis
2086 729 2248 767 orarent,
2279 721 2365 758 ideo
2395 733 2462 758 eos
2483 721 2592 758 invo-

423 771 668 817 cabilitatem,
699 777 786 807 sunt
819 778 948 807 tamen
986 770 1182 807 inferiores
1211 778 1396 818 quantum
1432 770 1480 807 ad
1507 767 1509 818 f
1535 783 1665 807 camus
1694 771 1913 808 nominibus
1932 772 2069 820 quibus
2096 773 2425 821 hicvocabantur,
2454 774 2592 822 quibus

420 836 566 873 poenas
595 836 689 871 quas
725 823 930 871 patiuntur.
974 824 1022 860 Et
1050 824 1262 860 secundum
1299 825 1373 860 hoc
1401 835 1480 860 non
1507 832 1508 853 ἰ
1535 823 1648 861 etiam
1686 824 1797 860 nobis
1825 824 1946 871 magis
1975 826 2225 862 innotescunt.
2264 827 2313 863 Et
2340 827 2476 864 iterum
2505 839 2593 875 pro-

422 885 508 914 sunt
533 877 571 912 in
591 883 686 913 statu
711 876 856 923 orandi,
878 876 946 913 sed
965 876 1087 924 magis
1110 884 1152 913 ut
1171 884 1299 913 oretur
1322 889 1392 925 pro
1413 876 1478 914 eis.
1506 856 1508 908 i
1533 884 1617 924 pter
1643 877 1762 913 fidem
1792 877 2077 914 resurrectionis
2105 878 2393 916 insinuandam:
2423 880 2518 917 sicut
2542 881 2591 916 le-

473 932 531 966 AD
553 941 724 971 QUARTUM
744 941 928 966 mcaNDuM
953 930 1057 977 quod
1077 930 1183 966 Deus
1202 931 1284 966 vult
1305 929 1480 966 inferiora
1506 914 1508 965 i
1533 929 1631 977 gitur
1656 930 1779 966 Exod.
1801 941 1836 966 111
1855 929 1893 966 *ε
1921 931 2008 979 Ego
2035 942 2119 967 sum
2147 932 2251 967 Deus
2277 932 2491 978 Abraham,
2520 940 2590 970 etc.

471 1061 496 1094 ζ)
516 1061 706 1093 acceptatione.
718 1075 737 1079 -
755 1061 906 1093 acceptione
925 1060 1032 1093 PCGpK
1052 1066 1077 1086 et
1094 1068 1120 1086 a.
1534 1061 1613 1119 ΡΗΙη)
1635 1061 1821 1092 implorantur.
1841 1074 1860 1079 -
1878 1061 2040 1092 imploratur
2059 1060 2233 1085 PAHLsGKK
2251 1065 2277 1085 et
2295 1067 2327 1090 α;
2351 1068 2398 1093 pro
2416 1068 2516 1091 eorum,
2537 1062 2593 1087 eius

1592 1102 1632 1120 siz.

1094 1174 1424 1206 Commentaria
1448 1165 1697 1205 Cardinalis
1720 1173 1919 1206 Caietani

450 1268 469 1288 N
495 1257 626 1288 articulo
652 1255 832 1289 undecimo,
857 1253 1078 1293 praetermisso
1105 1251 1246 1287 decimo,
1272 1252 1407 1282 dubium
1431 1261 1482 1282 oc·
1534 1252 1714 1282 communis
1730 1258 1777 1282 est
1790 1253 1834 1283 eis
1855 1259 1886 1283 et
1903 1253 2089 1290 viatoribus;
2114 1260 2197 1284 extra
2213 1263 2343 1284 omnem
2360 1261 2467 1286 autem
2483 1265 2592 1287 sensus

423 1271 559 1337 Icurrit‚
585 1298 767 1338 simpliciter
791 1304 820 1327 et
843 1298 882 1326 ad
905 1297 1085 1332 hominem,
1110 1305 1176 1336 quo
1201 1302 1293 1336 pacto
1318 1295 1479 1331 Ieremias,
1533 1305 1672 1336 poenam
1695 1302 1790 1327 erant.
1815 1296 1937 1326 Eorum
1961 1296 2056 1336 igitur
2080 1304 2143 1327 erat
2166 1307 2254 1328 orare
2277 1308 2336 1338 pro
2360 1299 2462 1330 nobis.
2487 1317 2508 1323 —
2532 1300 2592 1331 Sed

418 1346 473 1386 qui
489 1352 632 1384 tempore
647 1342 913 1373 Machabaeorum
930 1350 994 1370 non
1011 1346 1075 1370 erat
1091 1339 1123 1369 in
1140 1339 1241 1379 patria
1257 1339 1311 1369 sed
1326 1339 1359 1369 in
1378 1339 1479 1369 limbo
1533 1340 1721 1370 advertenda
1745 1346 1791 1370 est
1820 1339 1992 1371 differentia
2019 1340 2100 1371 inter
2122 1351 2194 1380 eos,
2219 1348 2250 1372 et
2278 1349 2404 1373 sanctos
2426 1343 2460 1374 in
2482 1344 2591 1384 patria.

417 1390 555 1423 patrum,
574 1387 682 1417 orabat
698 1395 756 1426 pro
774 1385 942 1414 Ierusalem
957 1384 993 1414 *2
1018 1390 1048 1414 et
1072 1393 1179 1424 quare,
1196 1384 1235 1413 de
1252 1383 1395 1414 oratione
1411 1393 1479 1413 san·
1533 1383 1617 1420 Quia
1639 1384 1712 1414 licet
1735 1383 1877 1424 utrisque
1893 1394 2066 1414 commune
2082 1384 2121 1414 sit
2135 1394 2223 1415 orare
2238 1395 2297 1425 pro
2311 1385 2495 1424 viatoribus,
2519 1398 2592 1429 pro-

417 1440 542 1464 ctorum
560 1431 593 1461 in
612 1430 711 1471 patria
726 1432 847 1465 Auctor
866 1434 999 1458 tractans
1021 1427 1149 1458 miscuit
1172 1427 1330 1458 orationes
1350 1428 1478 1458 patrum
1532 1427 1638 1467 prium
1661 1434 1768 1458 tamen
1792 1434 1975 1458 sanctorum
1998 1428 2031 1458 in
2054 1428 2153 1468 patria
2169 1435 2215 1459 est
2233 1429 2338 1460 videre
2353 1431 2512 1461 orationes
2527 1432 2592 1463 via-

416 1477 448 1507 in
472 1476 581 1511 limbo,
607 1484 664 1504 nec
689 1472 828 1503 definivit
852 1472 971 1513 aliquid
995 1472 1034 1502 de
1050 1472 1104 1508 eis,
1130 1481 1203 1502 cum
1224 1481 1289 1502 non
1306 1472 1345 1502 sit
1369 1472 1480 1502 eadem
1532 1478 1640 1502 torum
1661 1471 1720 1502 sibi
1740 1471 1880 1502 directas.
1906 1472 1997 1502 Unde
2014 1472 2159 1502 Ieremias
2174 1479 2251 1503 tunc
2267 1483 2355 1503 orare
2373 1474 2502 1505 dicitur:
2526 1485 2593 1507 non

416 1521 495 1551 ratio
520 1520 558 1550 de
581 1519 657 1558 ipsis
682 1524 711 1547 et
735 1517 842 1547 beatis.
1532 1515 1691 1546 orationes
1714 1522 1769 1546 aut
1792 1525 1899 1556 preces
1923 1526 2035 1546 eorum
2059 1516 2192 1547 audisse.

471 1564 521 1595 Ad
544 1563 620 1593 haec
649 1561 762 1592 dicitur
791 1560 880 1601 quod
904 1560 929 1590 si
952 1560 1197 1590 fundamentum
1222 1570 1256 1590 ac
1280 1559 1366 1590 radix
1393 1560 1478 1590 unde
1586 1559 1715 1590 Miscuit
1730 1569 1805 1599 ergo
1821 1562 1943 1590 Auctor
1960 1560 2098 1590 limbum
2113 1561 2242 1591 Patrum
2266 1571 2346 1591 cum·
2363 1561 2462 1602 patria
2485 1563 2593 1603 quoad

416 1615 598 1639 sanctorum
620 1606 654 1636 in
677 1605 776 1646 patria
799 1604 900 1635 oratio
923 1614 981 1644 pro
1006 1603 1097 1633 nobis
1120 1603 1241 1643 prodit,
1265 1603 1479 1634 consideretur
1531 1603 1689 1634 orationes
1712 1613 1771 1644 pro
1788 1603 1890 1640 nobis,
1915 1604 1989 1644 quia
2005 1604 2115 1634 eadem
2133 1611 2178 1635 est
2196 1604 2291 1635 ratio:
2317 1612 2347 1636 et
2370 1613 2592 1646 argumentum

416 1652 588 1692 diligenter,
605 1649 763 1680 invenitur
785 1649 895 1679 locum
917 1648 1031 1678 habere
1046 1657 1112 1677 non
1129 1647 1235 1678 solum
1250 1647 1282 1678 in
1298 1647 1374 1688 ipsis
1391 1658 1478 1678 com·
1531 1658 1550 1677 a
1571 1647 1687 1678 minori
1711 1647 1891 1687 assumpsit.
1915 1648 1981 1678 Nec
2005 1648 2148 1688 oportuit
2170 1648 2258 1680 aliter
2280 1649 2313 1679 in
2337 1650 2464 1690 speciali
2486 1651 2524 1681 de
2548 1651 2593 1682 eis

415 1695 676 1736 prehensoribus‚
701 1693 756 1723 sed
786 1692 880 1723 etiam
910 1692 942 1722 in
967 1692 1081 1722 sanctis
1112 1691 1168 1732 qui
1192 1699 1279 1722 erant
1305 1692 1338 1721 in
1365 1691 1475 1723 limbo.
1532 1691 1755 1728 determinare,
1785 1702 1822 1722 ex
1847 1702 1913 1732 quo
1942 1692 2035 1723 allata
2064 1692 2097 1721 in
2120 1692 2221 1723 littera
2248 1693 2328 1724 ratio
2356 1694 2389 1724 in
2413 1694 2457 1724 eis
2483 1694 2593 1726 locum

417 1740 580 1777 Quoniam
605 1738 713 1769 caritas
737 1737 921 1772 eorundem,
942 1736 974 1765 in
999 1743 1079 1766 statu
1105 1735 1259 1776 superiori
1283 1735 1477 1776 simpliciter,
1531 1735 1634 1772 habet,
1660 1742 1690 1766 et
1713 1746 1730 1765 a
1753 1735 1937 1776 purgatorio
1961 1743 2035 1766 sunt
2058 1736 2159 1766 divisi.
2194 1774 2198 1777 ι

416 1784 546 1824 ponitur
569 1782 647 1813 ratio
671 1781 781 1811 orandi
805 1790 864 1820 pro
887 1779 989 1810 nobis.
1018 1781 1150 1819 Propter
1173 1780 1235 1810 hoc
1258 1779 1342 1810 enim
1366 1789 1476 1810 secun·
1586 1780 1622 1811 11.
1648 1779 1683 1809 In
1710 1780 1918 1819 responsione
1940 1779 1995 1820 [ad
2011 1779 2201 1821 secundum]
2217 1780 2358 1812 eiusdem
2386 1781 2519 1819 articuli,
2539 1783 2592 1814 ad-

417 1829 495 1858 dum
516 1827 734 1862 excluduntur,
754 1825 788 1855 in
803 1824 1008 1864 responsione
1032 1824 1070 1854 ad
1094 1823 1231 1860 tertium,
1257 1823 1420 1854 existentes
1443 1823 1476 1854 in
1527 1830 1612 1854 verte
1627 1823 1716 1864 quod
1739 1823 1836 1854 sancti
1857 1830 1981 1854 orantes
2004 1824 2148 1854 nesciunt
2171 1824 2197 1854 si
2218 1821 2443 1865 impetrabunt,
2467 1826 2523 1857 sed
2538 1835 2591 1867 pe-

415 1871 597 1912 purgatorio
622 1871 660 1900 ab
684 1869 805 1900 orando
828 1878 886 1908 pro
910 1867 1018 1898 nobis:
1051 1867 1127 1908 quia
1149 1878 1215 1898 non
1239 1874 1314 1898 sunt
1340 1867 1477 1899 totaliter
1527 1874 1599 1898 tunt
1615 1867 1822 1904 aestimantes,
1843 1874 1878 1898 ut
1892 1868 1925 1898 in
1946 1867 2046 1899 littera
2066 1868 2188 1904 dicitur,
2201 1867 2233 1898 id
2249 1868 2319 1900 Deo
2334 1869 2540 1909 placiturum:
2561 1877 2592 1902 et

415 1916 507 1946 nobis
524 1915 711 1955 superioreS‚
725 1913 780 1943 sed
795 1912 915 1942 ratione
931 1921 1109 1952 poenarum
1121 1911 1291 1948 inferiores,
1306 1918 1336 1942 et
1351 1918 1476 1952 egentes
1529 1911 1567 1941 de
1581 1911 1643 1942 hoc
1659 1912 1780 1942 orando
1797 1912 1968 1942 consulunt
1980 1911 2119 1942 divinam
2134 1912 2340 1944 maiestatem.
2356 1913 2415 1943 Per
2429 1913 2528 1955 quod,
2545 1913 2591 1947 di-

416 1959 529 1990 nostris
543 1957 749 1989 orationibus.
764 1957 897 1987 Constat
909 1963 1014 1986 autem
1028 1956 1116 1996 quod
1129 1955 1227 1986 sancti
1239 1955 1318 1986 olim
1330 1955 1363 1986 in
1375 1955 1475 1987 limbo
1529 1955 1609 1986 versi
1633 1955 1731 1986 sancti
1753 1956 1871 1996 absque
1891 1955 2046 1986 discordia
2064 1955 2267 1986 voluntatum
2292 1957 2447 1988 contraria
2469 1963 2591 1998 petunt,

414 2005 543 2034 Patrum
567 2009 654 2033 erant
675 2001 707 2031 in
728 2001 851 2031 caritate
868 1999 1045 2030 confirmati
1060 2006 1091 2030 et
1106 1999 1336 2040 impeccabiles,
1354 2007 1384 2030 et
1398 2000 1477 2030 nulli
1528 1999 1620 2039 quasi
1641 1999 1796 2030 contraria
1818 2006 2034 2040 proponentes
2050 2000 2178 2030 adunati
2202 2000 2241 2030 ad
2264 2000 2323 2031 Dei
2346 2001 2590 2041 beneplacitum.

414 2047 560 2088 propriae
590 2056 645 2077 seu
676 2055 777 2076 novae
807 2054 929 2084 poenae
957 2044 1105 2075 subiecti:
1137 2054 1212 2074 nam
1239 2054 1343 2084 poena
1367 2044 1475 2074 damni
1529 2043 1623 2074 Unde
1638 2044 1775 2075 Dan.x*
1791 2043 1904 2075 dicitur
1919 2045 2007 2084 quod
2017 2045 2170 2084 princeps
2184 2045 2358 2075 Persamm
2375 2046 2492 2077 restitit
2504 2046 2590 2078 mihi.

1140 2197 1459 2240 ARTICULUS
1489 2197 1869 2240 DUODECIMUS

1062 2291 1221 2322 UTRUM
1245 2290 1411 2322 ORATlO
1435 2290 1608 2321 DEBEAT
1631 2290 1731 2321 Essa
1755 2290 1939 2322 vocAms

883 2370 914 2394 III
934 2369 1016 2398 Sent„
1037 2369 1095 2394 dist.
1113 2377 1152 2399 ix,
1173 2377 1218 2401 qu.
1236 2376 1254 2400 1,
1273 2374 1319 2393 art.
1340 2368 1363 2399 3,
1383 2368 1432 2401 qu·
1454 2368 1480 2398 3,
1500 2369 1532 2393 ad
1552 2375 1582 2398 23
1601 2367 1643 2399 IV,
1663 2368 1722 2393 dist.
1739 2375 1779 2397 xv,
1798 2376 1842 2401 qu.
1861 2376 1895 2399 ιν,
1915 2373 1961 2393 art.
1981 2375 2005 2398 2,
2024 2368 2074 2401 qu⁸
2096 2377 2118 2394 1.

446 2467 507 2498 »χι
529 2470 572 2493 ια]
625 2462 647 2486 D
677 2460 916 2486 DUODEClMUM
951 2459 1004 2484 sic
1038 2459 1279 2484 PROCEDITUR.
1317 2447 1476 2484 Videtur
1527 2458 1612 2483 mea
1627 2446 1679 2483 ad
1690 2446 1898 2483 Dominum
1913 2446 2088 2493 clamavi,
2109 2458 2202 2483 voce
2216 2458 2301 2483 mea
2316 2447 2368 2484 ad
2379 2447 2588 2485 Dominum

441 2485 601 2561 ΨΑ
626 2501 732 2550 quod
766 2500 886 2538 oratio
922 2513 1001 2537 non
1037 2500 1173 2537 debeat
1206 2513 1289 2537 esse
1317 2494 1473 2537 vocalis.
1528 2499 1746 2548 deprecatus
1773 2511 1868 2535 sum.

433 2547 759 2605 y‘jOrativae'fffo
777 2554 889 2600 enim,
911 2553 1007 2590 sicut
1027 2565 1071 2589 ex
1087 2553 1194 2589 dictis
1208 2553 1228 2575 '¹‘
1246 2560 1359 2601 patet,
1376 2553 1475 2601 prin·
1581 2552 1806 2588 Resposnsso
1834 2563 2019 2589 mCENDUM
2047 2552 2152 2599 quod
2188 2551 2325 2601 duplex
2365 2559 2420 2589 est
2448 2551 2588 2590 oratio:

435 2588 448 2615 ι
472 2586 794 2656 152‘32kcipaliter
829 2607 913 2643 1)εο
949 2605 1163 2655 porrigitur.
1203 2607 1309 2643 Deus
1347 2613 1475 2643 autem
1528 2604 1756 2651 communis,
1774 2612 1810 2640 et
1824 2604 2030 2652 singularis.
2053 2604 2283 2642 Communis
2298 2604 2452 2653 quidem
2468 2600 2588 2643 oratio

414 2661 647 2700 locutionem
668 2659 793 2697 cordis
808 2659 1014 2707 cognoscit.
1036 2659 1190 2696 Frustra
1208 2658 1320 2706 igitur
1332 2658 1476 2696 vocalis
1528 2665 1584 2694 est
1602 2669 1700 2706 quae
1719 2669 1788 2706 per
1807 2657 2000 2694 ministros
2020 2657 2214 2694 Ecclesiae
2233 2657 2272 2694 in
2290 2669 2456 2706 persona
2473 2657 2589 2696 totius

415 2715 534 2751 oratio
563 2713 776 2750 adhibetur.
1526 2710 1650 2748 fidelis
1668 2710 1802 2759 populi
1821 2711 1906 2747 Deo
1927 2710 2095 2747 offertur.
2125 2711 2174 2748 Et
2201 2710 2290 2748 ideo
2311 2718 2461 2759 oportet
2483 2710 2589 2760 quod

470 2779 504 2804 2.
534 2768 776 2813 PRAETEREA,
814 2777 883 2813 per
911 2765 1125 2802 orationem
1162 2776 1272 2801 mens
1308 2763 1476 2801 hominis
1526 2763 1608 2800 talis
1628 2763 1747 2800 oratio
1767 2763 1979 2800 innotescat
1997 2763 2065 2800 toti
2082 2763 2241 2812 populo,
2256 2775 2326 2812 pro
2348 2775 2425 2812 quo
2445 2763 2589 2812 profer-

415 2821 529 2857 debet
555 2820 594 2856 in
614 2821 741 2856 Deum
770 2817 991 2865 ascendere,
1020 2825 1062 2854 ut
1091 2817 1234 2854 dictum
1263 2825 1319 2854 est
1336 2817 1366 2853 ³¹⁸.
1398 2816 1476 2853 Sed
1526 2824 1597 2854 tur.
1629 2815 1745 2863 Quod
1764 2828 1843 2853 non
1861 2823 1993 2864 posset
2014 2815 2098 2853 fieri
2127 2816 2198 2854 nisi
2226 2823 2324 2854 esset
2347 2816 2502 2854 vocalis.
2539 2813 2590 2854 Et

413 2885 531 2909 voces
559 2873 754 2909 retrahunt
781 2871 957 2908 homines
985 2871 1033 2907 ab
1053 2882 1216 2907 ascensu
1243 2870 1475 2919 contempla·
1526 2869 1613 2906 ideo
1635 2869 1903 2906 rationabiliter
1917 2868 2126 2906 institutum
2147 2877 2203 2906 est
2219 2876 2262 2906 ut
2280 2868 2438 2906 ministri
2457 2869 2589 2908 Eccle-

414 2926 524 2962 tionis
553 2925 591 2962 in
616 2927 765 2962 Deum:
795 2924 890 2961 sicut
918 2931 955 2960 et
982 2924 1054 2960 alia
1082 2923 1283 2960 sensibilia.
1315 2923 1417 2971 Ergo
1436 2922 1474 2960 in
1526 2922 1603 2959 siae
1623 2922 1845 2959 huiusmodi
1866 2922 2056 2959 orationes
2077 2922 2190 2959 etiam
2210 2922 2284 2959 alta
2302 2934 2401 2959 voce
2420 2933 2589 2971 pronun-

415 2979 586 3015 oratione
606 2983 624 2999 ‘²
651 2990 729 3014 non
759 2985 814 3014 est
839 2978 1002 3014 vocibus
1030 2977 1228 3014 utendum.
1525 2975 1630 3022 tient,
1650 2982 1693 3012 ut
1715 2975 1764 3012 ad
1792 2974 1965 3012 notitiam
1994 2975 2169 3012 omnium
2197 2974 2316 3024 possit
2334 2972 2348 2997 ὃ
2373 2972 2585 3024 pervenire.

470 3032 503 3068 3.
534 3032 766 3076 PRAETEREA,
796 3030 916 3066 oratio
947 3029 1061 3066 debet
1089 3029 1218 3066 offerri
1245 3030 1331 3066 Deo
1354 3029 1392 3066 in
1411 3041 1474 3065 oc·
1581 3028 1712 3066 Oratio
1727 3040 1821 3065 vero
1842 3027 2038 3076 singularis
2058 3035 2114 3065 est
2132 3040 2231 3077 quae
2251 3027 2408 3065 offertur
2421 3040 2444 3065 a
2462 3027 2587 3076 singu-

416 3084 535 3120 culto:
571 3083 784 3120 secundum
818 3082 912 3119 illud
949 3082 1084 3119 Matth.
1113 3094 1149 3118 Vl
1177 3082 1212 3118 *ε
1260 3083 1315 3118 Tu
1349 3087 1474 3118 autem
1524 3081 1592 3118 lari
1621 3093 1786 3129 persona
1814 3081 2089 3130 cuiuscumque
2124 3080 2204 3118 sive
2232 3093 2303 3130 pro
2332 3093 2373 3118 se
2401 3080 2483 3119 sive
2513 3091 2585 3131 pro

415 3148 500 3174 cum
520 3136 701 3182 oraveris,
718 3135 816 3172 intra
837 3135 873 3171 in
890 3134 1101 3171 cubiculum
1121 3133 1148 3182 β,
1169 3140 1204 3171 et
1221 3134 1348 3171 clauso
1368 3134 1474 3180 ostio,
1527 3133 1608 3170 aliis
1637 3133 1788 3171 orantis.
1827 3134 1876 3170 Et
1904 3133 1951 3170 de
1983 3133 2205 3171 huiusmodi
2240 3133 2420 3171 orationis
2457 3144 2586 3170 neces-

415 3201 484 3226 ora
511 3190 663 3226 Patrem
691 3195 795 3225 tuum
824 3188 861 3224 in
884 3187 1110 3224 abscondito.
1141 3187 1219 3224 Sed
1246 3199 1316 3235 per
1333 3198 1474 3224 vocem
1526 3186 1633 3223 sitate
1656 3198 1736 3224 non
1756 3193 1811 3222 est
1829 3185 1933 3233 quod
1957 3185 2004 3223 sit
2021 3186 2176 3224 vocalis.
2205 3186 2433 3235 Adiungitur
2455 3193 2585 3223 tamen

415 3242 535 3279 oratio
563 3241 787 3290 publicatur.
827 3241 928 3288 Ergo
957 3252 1036 3277 non
1066 3239 1180 3276 debet
1207 3239 1327 3276 oratio
1347 3244 1363 3267 Υ
1392 3251 1474 3276 esse
1525 3251 1603 3275 vox
1631 3238 1694 3275 tali
1721 3238 1882 3275 orationi
1910 3238 2049 3287 triplici,
2071 3239 2227 3277 ratione.
2257 3239 2388 3277 Primo
2415 3237 2584 3288 quidem,

414 3295 569 3331 vocalis.
1498 3321 1501 3346 ,
1527 3291 1576 3328 ad
1597 3291 1836 3328 excitandum
1857 3291 2077 3328 interiorem
2098 3292 2358 3340 devotionem,
2377 3303 2454 3340 qua
2475 3302 2584 3328 mens

469 3349 542 3384 SED
563 3359 708 3384 CONTRA
727 3358 793 3384 EST
812 3347 917 3395 quod
942 3346 1074 3384 dicitur
1093 3345 1131 3382 in
1151 3345 1291 3381 Psalm.
1307 3343 1343 3381 *z
1377 3345 1474 3381 Voce
1498 3348 1501 3377 l
1527 3343 1669 3380 orantis
1698 3344 1866 3380 elevetur
1890 3344 1929 3381 in
1948 3345 2087 3382 Deum.
2119 3345 2220 3392 Quia
2247 3357 2316 3394 per
2334 3343 2518 3382 exteriora
2537 3343 2583 3380 si-

468 3477 494 3509 α)
514 3478 644 3502 oratione.
657 3468 675 3495 '-
694 3477 860 3502 orationibus
879 3477 925 3502 Pa.
1496 3477 1499 3541 Ι
1578 3475 1604 3508 γ)
1625 3475 1700 3500 debet
1718 3475 1814 3499 oratio.
1828 3489 1848 3494 -—
1867 3475 1974 3500 omnino
1993 3475 2068 3500 debet
2087 3475 2116 3500 P.

468 3511 492 3544 β)
512 3512 665 3537 cubiculum.
679 3526 697 3531 —
715 3515 788 3537 tuum
808 3513 904 3536 addunt
923 3512 976 3536 PG.
1578 3509 1603 3543 ὃ)
1617 3510 1713 3542 possit.
1726 3524 1745 3529 -
1757 3511 1865 3542 possint
1881 3510 1974 3535 PCDa.

2619 891 2630 903 ·
2645 891 2712 913 Ven-
2727 891 2750 913 6.
2765 901 2775 906 -
2793 891 2832 914 et.

2619 917 2699 940 Matth.
2710 923 2761 946 cap.
2775 923 2830 945 xxn,

2619 950 2679 966 vers.
2693 949 2723 972 31,
2737 950 2770 972 3²-

2617 2051 2629 2063 ⁸
2643 2050 2709 2075 ven.
2724 2057 2753 2081 ¹3·
