<?xml version="1.0" encoding="UTF-8"?>
<!DOCTYPE html PUBLIC "-//W3C//DTD XHTML 1.0 Transitional//EN"
    "http://www.w3.org/TR/xhtml1/DTD/xhtml1-transitional.dtd">
<html xmlns="http://www.w3.org/1999/xhtml" xml:lang="en" lang="en">
 <head>
  <title>
</title>
<meta http-equiv="Content-Type" content="text/html;charset=utf-8" />
  <meta name='ocr-system' content='tesseract 3.04.00' />
  <meta name='ocr-capabilities' content='ocr_page ocr_carea ocr_par ocr_line ocrx_word'/>
</head>
<body>
  <div class='ocr_page' id='page_1' title='image "./operaomniaiussui09thom/operaomniaiussui09thom_0095.png"; bbox 0 0 2860 4244; ppageno 0'>
   <div class='ocr_carea' id='block_1_1' title="bbox 117 1841 136 1864">
    <p class='ocr_par' dir='ltr' id='par_1_1' title="bbox 117 1841 136 1864">
     <span class='ocr_line' id='line_1_1' title="bbox 117 1841 136 1864; baseline 0 -5"><span class='ocrx_word' id='word_1_1' title='bbox 117 1841 136 1864; x_wconf 67' lang='lat' dir='ltr'>q</span> 
     </span>
    </p>
   </div>
   <div class='ocr_carea' id='block_1_2' title="bbox 0 2413 107 4244">
    <p class='ocr_par' dir='ltr' id='par_1_2' title="bbox 0 2413 107 4244">
     <span class='ocr_line' id='line_1_2' title="bbox 0 2413 107 4244; baseline 0 0"><span class='ocrx_word' id='word_1_2' title='bbox 0 2413 107 4244; x_wconf 95' lang='lat' dir='ltr'> </span> 
     </span>
    </p>
   </div>
   <div class='ocr_carea' id='block_1_3' title="bbox 975 263 1800 311">
    <p class='ocr_par' dir='ltr' id='par_1_3' title="bbox 975 263 1800 311">
     <span class='ocr_line' id='line_1_3' title="bbox 975 263 1800 311; baseline 0 -12"><span class='ocrx_word' id='word_1_3' title='bbox 975 263 1242 309; x_wconf 91' lang='lat' dir='ltr'>QUAESTIO</span> <span class='ocrx_word' id='word_1_4' title='bbox 1273 264 1412 311; x_wconf 86' lang='lat' dir='ltr'>LXIII,</span> <span class='ocrx_word' id='word_1_5' title='bbox 1442 263 1738 301; x_wconf 91' lang='lat' dir='ltr'>ARTICULUS</span> <span class='ocrx_word' id='word_1_6' title='bbox 1770 264 1800 299; x_wconf 93' lang='lat'>11</span> 
     </span>
    </p>
   </div>
   <div class='ocr_carea' id='block_1_4' title="bbox 267 341 1335 709">
    <p class='ocr_par' dir='ltr' id='par_1_4' title="bbox 267 341 1333 602">
     <span class='ocr_line' id='line_1_4' title="bbox 271 341 1333 390; baseline -0.004 -9"><span class='ocrx_word' id='word_1_7' title='bbox 271 344 432 382; x_wconf 91' lang='lat' dir='ltr'>ditiones</span> <span class='ocrx_word' id='word_1_8' title='bbox 451 351 539 380; x_wconf 91' lang='lat' dir='ltr'>sunt</span> <span class='ocrx_word' id='word_1_9' title='bbox 566 342 818 380; x_wconf 87' lang='lat' dir='ltr'>attendendae</span> <span class='ocrx_word' id='word_1_10' title='bbox 847 350 1029 390; x_wconf 88' lang='lat' dir='ltr'>tanquam</span> <span class='ocrx_word' id='word_1_11' title='bbox 1048 341 1225 390; x_wconf 91' lang='lat' dir='ltr'>propriae</span> <span class='ocrx_word' id='word_1_12' title='bbox 1247 354 1333 378; x_wconf 91' lang='lat' dir='ltr'>cau-</span> 
     </span>
     <span class='ocr_line' id='line_1_5' title="bbox 269 394 1332 443; baseline -0.002 -9"><span class='ocrx_word' id='word_1_13' title='bbox 269 409 346 434; x_wconf 90' lang='lat' dir='ltr'>sae.</span> <span class='ocrx_word' id='word_1_14' title='bbox 377 397 478 433; x_wconf 91' lang='lat' dir='ltr'>Cum</span> <span class='ocrx_word' id='word_1_15' title='bbox 507 403 636 433; x_wconf 90' lang='lat' dir='ltr'>autem</span> <span class='ocrx_word' id='word_1_16' title='bbox 666 395 955 433; x_wconf 89' lang='lat' dir='ltr'>considerantur</span> <span class='ocrx_word' id='word_1_17' title='bbox 990 394 1096 443; x_wconf 85' lang='lat' dir='ltr'>ipsae</span> <span class='ocrx_word' id='word_1_18' title='bbox 1124 407 1332 443; x_wconf 82' lang='lat' dir='ltr'>personae,</span> 
     </span>
     <span class='ocr_line' id='line_1_6' title="bbox 269 447 1333 496; baseline -0.001 -10"><span class='ocrx_word' id='word_1_19' title='bbox 269 449 480 487; x_wconf 89' lang='lat' dir='ltr'>attenditur·</span> <span class='ocrx_word' id='word_1_20' title='bbox 491 461 572 486; x_wconf 88' lang='lat' dir='ltr'>non</span> <span class='ocrx_word' id='word_1_21' title='bbox 587 461 701 486; x_wconf 87' lang='lat' dir='ltr'>causa</span> <span class='ocrx_word' id='word_1_22' title='bbox 719 457 761 486; x_wconf 92' lang='lat' dir='ltr'>ut</span> <span class='ocrx_word' id='word_1_23' title='bbox 780 460 904 485; x_wconf 90' lang='lat' dir='ltr'>causa.</span> <span class='ocrx_word' id='word_1_24' title='bbox 926 448 975 484; x_wconf 93' lang='lat' dir='ltr'>Et</span> <span class='ocrx_word' id='word_1_25' title='bbox 993 447 1080 484; x_wconf 91' lang='lat' dir='ltr'>ideo</span> <span class='ocrx_word' id='word_1_26' title='bbox 1097 456 1199 495; x_wconf 88' lang='lat' dir='ltr'>patet</span> <span class='ocrx_word' id='word_1_27' title='bbox 1215 448 1333 496; x_wconf 91' lang='lat' dir='ltr'>quod,</span> 
     </span>
     <span class='ocr_line' id='line_1_7' title="bbox 268 500 1332 551; baseline -0.001 -12"><span class='ocrx_word' id='word_1_28' title='bbox 268 502 446 551; x_wconf 90' lang='lat' dir='ltr'>quamvis</span> <span class='ocrx_word' id='word_1_29' title='bbox 473 514 661 550; x_wconf 88' lang='lat' dir='ltr'>personae</span> <span class='ocrx_word' id='word_1_30' title='bbox 690 501 763 538; x_wconf 91' lang='lat' dir='ltr'>sint</span> <span class='ocrx_word' id='word_1_31' title='bbox 782 501 972 549; x_wconf 83' lang='lat' dir='ltr'>digniores</span> <span class='ocrx_word' id='word_1_32' title='bbox 1001 500 1231 548; x_wconf 88' lang='lat' dir='ltr'>simpliciter,</span> <span class='ocrx_word' id='word_1_33' title='bbox 1253 513 1332 538; x_wconf 92' lang='lat' dir='ltr'>non</span> 
     </span>
     <span class='ocr_line' id='line_1_8' title="bbox 267 554 1003 602; baseline -0.003 -10"><span class='ocrx_word' id='word_1_34' title='bbox 267 563 398 592; x_wconf 90' lang='lat' dir='ltr'>tamen</span> <span class='ocrx_word' id='word_1_35' title='bbox 426 562 513 592; x_wconf 93' lang='lat' dir='ltr'>sunt</span> <span class='ocrx_word' id='word_1_36' title='bbox 541 555 731 602; x_wconf 85' lang='lat' dir='ltr'>digniores</span> <span class='ocrx_word' id='word_1_37' title='bbox 759 554 888 602; x_wconf 91' lang='lat' dir='ltr'>quoad</span> <span class='ocrx_word' id='word_1_38' title='bbox 916 555 1003 591; x_wconf 91' lang='lat' dir='ltr'>hoc.</span> 
     </span>
    </p>

    <p class='ocr_par' dir='ltr' id='par_1_5' title="bbox 268 606 1335 709">
     <span class='ocr_line' id='line_1_9' title="bbox 321 606 1332 655; baseline -0.001 -11"><span class='ocrx_word' id='word_1_39' title='bbox 321 610 380 644; x_wconf 84' lang='lat' dir='ltr'>AD</span> <span class='ocrx_word' id='word_1_40' title='bbox 409 619 569 645; x_wconf 75' lang='lat' dir='ltr'>TERTmM</span> <span class='ocrx_word' id='word_1_41' title='bbox 597 618 782 644; x_wconf 81' lang='lat' dir='ltr'>mcENDuM</span> <span class='ocrx_word' id='word_1_42' title='bbox 811 606 917 655; x_wconf 91' lang='lat' dir='ltr'>quod</span> <span class='ocrx_word' id='word_1_43' title='bbox 956 607 1095 654; x_wconf 87' lang='lat' dir='ltr'>duplex</span> <span class='ocrx_word' id='word_1_44' title='bbox 1125 614 1179 643; x_wconf 89' lang='lat' dir='ltr'>est</span> <span class='ocrx_word' id='word_1_45' title='bbox 1217 606 1332 644; x_wconf 90' lang='lat' dir='ltr'>datio.</span> 
     </span>
     <span class='ocr_line' id='line_1_10' title="bbox 268 658 1335 709; baseline -0.002 -11"><span class='ocrx_word' id='word_1_46' title='bbox 268 661 353 698; x_wconf 91' lang='lat' dir='ltr'>Una</span> <span class='ocrx_word' id='word_1_47' title='bbox 382 661 537 709; x_wconf 90' lang='lat' dir='ltr'>quidem</span> <span class='ocrx_word' id='word_1_48' title='bbox 566 659 757 708; x_wconf 83' lang='lat' dir='ltr'>pertinens</span> <span class='ocrx_word' id='word_1_49' title='bbox 785 660 834 697; x_wconf 91' lang='lat' dir='ltr'>ad</span> <span class='ocrx_word' id='word_1_50' title='bbox 862 658 1061 705; x_wconf 90' lang='lat' dir='ltr'>iustitiam,</span> <span class='ocrx_word' id='word_1_51' title='bbox 1092 672 1167 708; x_wconf 92' lang='lat' dir='ltr'>qua</span> <span class='ocrx_word' id='word_1_52' title='bbox 1196 659 1335 696; x_wconf 87' lang='lat' dir='ltr'>scilicet</span> 
     </span>
    </p>
   </div>
   <div class='ocr_carea' id='block_1_5' title="bbox 268 710 1361 761">
    <p class='ocr_par' dir='ltr' id='par_1_6' title="bbox 268 710 1361 761">
     <span class='ocr_line' id='line_1_11' title="bbox 268 710 1361 761; baseline -0.001 -11"><span class='ocrx_word' id='word_1_53' title='bbox 268 713 402 761; x_wconf 90' lang='lat' dir='ltr'>aliquis</span> <span class='ocrx_word' id='word_1_54' title='bbox 430 713 493 750; x_wconf 90' lang='lat' dir='ltr'>dat</span> <span class='ocrx_word' id='word_1_55' title='bbox 512 712 623 749; x_wconf 92' lang='lat' dir='ltr'>alicui</span> <span class='ocrx_word' id='word_1_56' title='bbox 650 712 757 761; x_wconf 92' lang='lat' dir='ltr'>quod</span> <span class='ocrx_word' id='word_1_57' title='bbox 785 712 820 748; x_wconf 92' lang='lat' dir='ltr'>ei</span> <span class='ocrx_word' id='word_1_58' title='bbox 840 710 1089 749; x_wconf 85' lang='lat' dir='ltr'>debetur.&#39;Et</span> <span class='ocrx_word' id='word_1_59' title='bbox 1114 713 1213 749; x_wconf 90' lang='lat' dir='ltr'>circa</span> <span class='ocrx_word' id='word_1_60' title='bbox 1241 713 1334 749; x_wconf 90' lang='lat' dir='ltr'>tales</span> <span class='ocrx_word' id='word_1_61' title='bbox 1360 746 1361 754; x_wconf 68' lang='grc'>,</span> 
     </span>
    </p>
   </div>
   <div class='ocr_carea' id='block_1_6' title="bbox 268 764 1335 814">
    <p class='ocr_par' dir='ltr' id='par_1_7' title="bbox 268 764 1335 814">
     <span class='ocr_line' id='line_1_12' title="bbox 268 764 1335 814; baseline -0.001 -12"><span class='ocrx_word' id='word_1_62' title='bbox 268 766 442 802; x_wconf 88' lang='lat' dir='ltr'>dationes</span> <span class='ocrx_word' id='word_1_63' title='bbox 479 765 684 802; x_wconf 90' lang='lat' dir='ltr'>attenditur</span> <span class='ocrx_word' id='word_1_64' title='bbox 710 777 962 813; x_wconf 89' lang='lat' dir='ltr'>personarum</span> <span class='ocrx_word' id='word_1_65' title='bbox 1000 765 1184 814; x_wconf 92' lang='lat' dir='ltr'>acceptio.</span> <span class='ocrx_word' id='word_1_66' title='bbox 1206 786 1230 792; x_wconf 96' lang='lat'>-</span> <span class='ocrx_word' id='word_1_67' title='bbox 1250 764 1335 802; x_wconf 90' lang='lat' dir='ltr'>Alia</span> 
     </span>
    </p>
   </div>
   <div class='ocr_carea' id='block_1_7' title="bbox 318 878 959 912">
    <p class='ocr_par' dir='ltr' id='par_1_8' title="bbox 318 878 959 912">
     <span class='ocr_line' id='line_1_13' title="bbox 318 878 959 912; baseline 0 -9"><span class='ocrx_word' id='word_1_68' title='bbox 318 878 345 910; x_wconf 75' lang='grc' dir='ltr'>κ)</span> <span class='ocrx_word' id='word_1_69' title='bbox 364 885 417 911; x_wconf 80' lang='lat' dir='ltr'>qua</span> <span class='ocrx_word' id='word_1_70' title='bbox 435 878 574 904; x_wconf 82' lang='lat' dir='ltr'>scilicet.-</span> <span class='ocrx_word' id='word_1_71' title='bbox 592 879 669 910; x_wconf 82' lang='lat' dir='ltr'>quasi</span> <span class='ocrx_word' id='word_1_72' title='bbox 687 878 824 912; x_wconf 82' lang='lat' dir='ltr'>ABEch.</span> <span class='ocrx_word' id='word_1_73' title='bbox 843 886 896 911; x_wconf 86' lang='lat' dir='ltr'>qua</span> <span class='ocrx_word' id='word_1_74' title='bbox 915 878 959 903; x_wconf 86' lang='lat' dir='ltr'>sC.</span> 
     </span>
    </p>
   </div>
   <div class='ocr_carea' id='block_1_8' title="bbox 1359 342 1363 900">
    <p class='ocr_par' dir='ltr' id='par_1_9' title="bbox 1359 342 1363 900">
     <span class='ocr_line' id='line_1_14' title="bbox 1359 342 1363 900; baseline 0 0"><span class='ocrx_word' id='word_1_75' title='bbox 1359 342 1363 900; x_wconf 95' lang='lat' dir='ltr'> </span> 
     </span>
    </p>
   </div>
   <div class='ocr_carea' id='block_1_9' title="bbox 2402 262 2450 298">
    <p class='ocr_par' dir='ltr' id='par_1_10' title="bbox 2402 262 2450 298">
     <span class='ocr_line' id='line_1_15' title="bbox 2402 262 2450 298; baseline 0.021 -1"><span class='ocrx_word' id='word_1_76' title='bbox 2402 262 2450 298; x_wconf 87' lang='grc'>63</span> 
     </span>
    </p>
   </div>
   <div class='ocr_carea' id='block_1_10' title="bbox 1387 339 2454 495">
    <p class='ocr_par' dir='ltr' id='par_1_11' title="bbox 1387 339 2454 495">
     <span class='ocr_line' id='line_1_16' title="bbox 1389 339 2453 400; baseline -0.004 -21"><span class='ocrx_word' id='word_1_77' title='bbox 1389 349 1444 379; x_wconf 89' lang='lat' dir='ltr'>est</span> <span class='ocrx_word' id='word_1_78' title='bbox 1463 341 1564 379; x_wconf 90' lang='lat' dir='ltr'>datio</span> <span class='ocrx_word' id='word_1_79' title='bbox 1590 341 1639 379; x_wconf 90' lang='lat' dir='ltr'>ad</span> <span class='ocrx_word' id='word_1_80' title='bbox 1665 341 1925 378; x_wconf 87' lang='lat' dir='ltr'>liberalitatem</span> <span class='ocrx_word' id='word_1_81' title='bbox 1951 340 2155 400; x_wconf 86' lang='lat' dir='ltr'>pertinens,</span> <span class='ocrx_word' id='word_1_82' title='bbox 2177 352 2252 388; x_wconf 92' lang='lat' dir='ltr'>qua</span> <span class='ocrx_word' id='word_1_83' title='bbox 2281 339 2419 376; x_wconf 90' lang='lat' dir='ltr'>scilicet</span> <span class='ocrx_word' id='word_1_84' title='bbox 2437 345 2453 360; x_wconf 69' lang='lat'>²</span> 
     </span>
     <span class='ocr_line' id='line_1_17' title="bbox 1387 392 2453 443; baseline -0.004 -11"><span class='ocrx_word' id='word_1_85' title='bbox 1387 395 1500 442; x_wconf 89' lang='lat' dir='ltr'>gratis</span> <span class='ocrx_word' id='word_1_86' title='bbox 1529 396 1638 432; x_wconf 92' lang='lat' dir='ltr'>datur</span> <span class='ocrx_word' id='word_1_87' title='bbox 1666 394 1775 432; x_wconf 92' lang='lat' dir='ltr'>alicui</span> <span class='ocrx_word' id='word_1_88' title='bbox 1803 394 1909 443; x_wconf 92' lang='lat' dir='ltr'>quod</span> <span class='ocrx_word' id='word_1_89' title='bbox 1938 394 1972 430; x_wconf 91' lang='lat' dir='ltr'>ei</span> <span class='ocrx_word' id='word_1_90' title='bbox 1999 406 2078 430; x_wconf 91' lang='lat' dir='ltr'>non</span> <span class='ocrx_word' id='word_1_91' title='bbox 2103 393 2274 430; x_wconf 88' lang='lat' dir='ltr'>debetur.</span> <span class='ocrx_word' id='word_1_92' title='bbox 2304 393 2353 429; x_wconf 90' lang='lat' dir='ltr'>Et</span> <span class='ocrx_word' id='word_1_93' title='bbox 2371 392 2453 428; x_wconf 93' lang='lat' dir='ltr'>talis</span> 
     </span>
     <span class='ocr_line' id='line_1_18' title="bbox 1389 443 2454 495; baseline -0.003 -11"><span class='ocrx_word' id='word_1_94' title='bbox 1389 456 1444 484; x_wconf 91' lang='lat' dir='ltr'>est</span> <span class='ocrx_word' id='word_1_95' title='bbox 1472 448 1621 485; x_wconf 89' lang='lat' dir='ltr'>collatio</span> <span class='ocrx_word' id='word_1_96' title='bbox 1650 460 1856 485; x_wconf 89' lang='lat' dir='ltr'>munerum</span> <span class='ocrx_word' id='word_1_97' title='bbox 1885 447 2036 495; x_wconf 75' lang='lat' dir='ltr'>gratiae,</span> <span class='ocrx_word' id='word_1_98' title='bbox 2063 459 2132 495; x_wconf 91' lang='lat' dir='ltr'>per</span> <span class='ocrx_word' id='word_1_99' title='bbox 2160 458 2258 494; x_wconf 88' lang='lat' dir='ltr'>quae</span> <span class='ocrx_word' id='word_1_100' title='bbox 2278 443 2292 467; x_wconf 67' lang='grc' dir='ltr'><strong>λ</strong></span> <span class='ocrx_word' id='word_1_101' title='bbox 2320 457 2454 494; x_wconf 88' lang='lat' dir='ltr'>pecca-</span> 
     </span>
    </p>
   </div>
   <div class='ocr_carea' id='block_1_11' title="bbox 1359 498 2451 538">
    <p class='ocr_par' dir='ltr' id='par_1_12' title="bbox 1359 498 2451 538">
     <span class='ocr_line' id='line_1_19' title="bbox 1359 498 2451 538; baseline -0.003 -1"><span class='ocrx_word' id='word_1_102' title='bbox 1359 502 1361 508; x_wconf 66' lang='lat'><strong>⁴</strong></span> <span class='ocrx_word' id='word_1_103' title='bbox 1387 508 1488 537; x_wconf 86' lang='lat' dir='ltr'>tores</span> <span class='ocrx_word' id='word_1_104' title='bbox 1523 509 1768 538; x_wconf 88' lang='lat' dir='ltr'>assumuntur</span> <span class='ocrx_word' id='word_1_105' title='bbox 1796 513 1818 537; x_wconf 93' lang='lat' dir='ltr'>a</span> <span class='ocrx_word' id='word_1_106' title='bbox 1845 502 1944 537; x_wconf 86' lang='lat' dir='ltr'>Deo.</span> <span class='ocrx_word' id='word_1_107' title='bbox 1983 501 2032 536; x_wconf 91' lang='lat' dir='ltr'>Et</span> <span class='ocrx_word' id='word_1_108' title='bbox 2059 500 2098 536; x_wconf 93' lang='lat' dir='ltr'>in</span> <span class='ocrx_word' id='word_1_109' title='bbox 2135 500 2208 536; x_wconf 91' lang='lat' dir='ltr'>hac</span> <span class='ocrx_word' id='word_1_110' title='bbox 2246 498 2451 535; x_wconf 90' lang='lat' dir='ltr'>donatione</span> 
     </span>
    </p>
   </div>
   <div class='ocr_carea' id='block_1_12' title="bbox 1386 551 2454 809">
    <p class='ocr_par' dir='ltr' id='par_1_13' title="bbox 1386 551 2454 801">
     <span class='ocr_line' id='line_1_20' title="bbox 1388 551 2452 602; baseline -0.002 -13"><span class='ocrx_word' id='word_1_111' title='bbox 1388 565 1466 590; x_wconf 91' lang='lat' dir='ltr'>non</span> <span class='ocrx_word' id='word_1_112' title='bbox 1486 554 1601 590; x_wconf 92' lang='lat' dir='ltr'>habet</span> <span class='ocrx_word' id='word_1_113' title='bbox 1620 555 1748 590; x_wconf 92' lang='lat' dir='ltr'>locum</span> <span class='ocrx_word' id='word_1_114' title='bbox 1769 566 2020 602; x_wconf 89' lang='lat' dir='ltr'>personarum</span> <span class='ocrx_word' id='word_1_115' title='bbox 2042 552 2233 601; x_wconf 90' lang='lat' dir='ltr'>acceptio:</span> <span class='ocrx_word' id='word_1_116' title='bbox 2264 552 2351 600; x_wconf 93' lang='lat' dir='ltr'>quia</span> <span class='ocrx_word' id='word_1_117' title='bbox 2371 551 2452 600; x_wconf 91' lang='lat' dir='ltr'>qui-</span> 
     </span>
     <span class='ocr_line' id='line_1_21' title="bbox 1387 605 2451 655; baseline -0.002 -13"><span class='ocrx_word' id='word_1_118' title='bbox 1387 606 1477 642; x_wconf 89' lang='lat' dir='ltr'>libet</span> <span class='ocrx_word' id='word_1_119' title='bbox 1505 614 1630 654; x_wconf 91' lang='lat' dir='ltr'>potest</span> <span class='ocrx_word' id='word_1_120' title='bbox 1658 607 1802 655; x_wconf 90' lang='lat' dir='ltr'>absque</span> <span class='ocrx_word' id='word_1_121' title='bbox 1832 606 2008 643; x_wconf 87' lang='lat' dir='ltr'>iniustitia</span> <span class='ocrx_word' id='word_1_122' title='bbox 2038 607 2084 643; x_wconf 92' lang='lat' dir='ltr'>de</span> <span class='ocrx_word' id='word_1_123' title='bbox 2114 617 2184 642; x_wconf 92' lang='lat' dir='ltr'>suo</span> <span class='ocrx_word' id='word_1_124' title='bbox 2214 605 2303 642; x_wconf 92' lang='lat' dir='ltr'>dare</span> <span class='ocrx_word' id='word_1_125' title='bbox 2333 616 2451 653; x_wconf 91' lang='lat' dir='ltr'>quan-</span> 
     </span>
     <span class='ocr_line' id='line_1_22' title="bbox 1387 656 2450 705; baseline -0.002 -10"><span class='ocrx_word' id='word_1_126' title='bbox 1387 666 1469 695; x_wconf 90' lang='lat' dir='ltr'>tum</span> <span class='ocrx_word' id='word_1_127' title='bbox 1488 659 1571 695; x_wconf 91' lang='lat' dir='ltr'>vult</span> <span class='ocrx_word' id='word_1_128' title='bbox 1600 666 1635 695; x_wconf 90' lang='lat' dir='ltr'>et</span> <span class='ocrx_word' id='word_1_129' title='bbox 1655 659 1715 695; x_wconf 91' lang='lat' dir='ltr'>cui</span> <span class='ocrx_word' id='word_1_130' title='bbox 1734 660 1826 705; x_wconf 89' lang='lat' dir='ltr'>vult,</span> <span class='ocrx_word' id='word_1_131' title='bbox 1848 659 2060 696; x_wconf 91' lang='lat' dir='ltr'>secundum</span> <span class='ocrx_word' id='word_1_132' title='bbox 2080 658 2172 695; x_wconf 92' lang='lat' dir='ltr'>illud</span> <span class='ocrx_word' id='word_1_133' title='bbox 2192 658 2326 695; x_wconf 87' lang='lat' dir='ltr'>Matth.</span> <span class='ocrx_word' id='word_1_134' title='bbox 2347 669 2394 694; x_wconf 80' lang='lat' dir='ltr'>xx</span> <span class='ocrx_word' id='word_1_135' title='bbox 2410 656 2450 693; x_wconf 70' lang='lat'>²¹⁶:</span> 
     </span>
     <span class='ocr_line' id='line_1_23' title="bbox 1386 710 2454 760; baseline -0.001 -13"><span class='ocrx_word' id='word_1_136' title='bbox 1386 712 1447 748; x_wconf 87' lang='lat' dir='ltr'>An</span> <span class='ocrx_word' id='word_1_137' title='bbox 1477 723 1552 748; x_wconf 88' lang='lat' dir='ltr'>non</span> <span class='ocrx_word' id='word_1_138' title='bbox 1582 711 1666 747; x_wconf 82' lang='lat' dir='ltr'>licet</span> <span class='ocrx_word' id='word_1_139' title='bbox 1691 712 1784 748; x_wconf 79' lang='lat' dir='ltr'>mihi</span> <span class='ocrx_word' id='word_1_140' title='bbox 1809 712 1910 760; x_wconf 86' lang='lat' dir='ltr'>quod</span> <span class='ocrx_word' id='word_1_141' title='bbox 1931 713 2016 749; x_wconf 78' lang='lat' dir='ltr'>volo</span> <span class='ocrx_word' id='word_1_142' title='bbox 2031 711 2200 760; x_wconf 84' lang='lat' dir='ltr'>facere?</span> <span class='ocrx_word' id='word_1_143' title='bbox 2223 711 2326 748; x_wconf 90' lang='lat' dir='ltr'>Tolle</span> <span class='ocrx_word' id='word_1_144' title='bbox 2353 710 2454 759; x_wconf 84' lang='lat' dir='ltr'>quod</span> 
     </span>
     <span class='ocr_line' id='line_1_24' title="bbox 1388 765 1773 809; baseline 0 -9"><span class='ocrx_word' id='word_1_145' title='bbox 1388 770 1492 800; x_wconf 87' lang='lat' dir='ltr'>tuum</span> <span class='ocrx_word' id='word_1_146' title='bbox 1522 769 1585 809; x_wconf 86' lang='lat' dir='ltr'>est,</span> <span class='ocrx_word' id='word_1_147' title='bbox 1607 770 1643 800; x_wconf 90' lang='lat' dir='ltr'>et</span> <span class='ocrx_word' id='word_1_148' title='bbox 1667 765 1773 801; x_wconf 82' lang='lat' dir='ltr'>vade.</span> 
     </span>
    </p>
   </div>
   <div class='ocr_carea' id='block_1_13' title="bbox 1440 875 1742 909">
    <p class='ocr_par' dir='ltr' id='par_1_14' title="bbox 1440 875 1742 909">
     <span class='ocr_line' id='line_1_25' title="bbox 1440 875 1742 909; baseline 0.003 -8"><span class='ocrx_word' id='word_1_149' title='bbox 1440 875 1468 909; x_wconf 86' lang='grc' dir='ltr'>λ)</span> <span class='ocrx_word' id='word_1_150' title='bbox 1488 884 1564 909; x_wconf 81' lang='lat' dir='ltr'>quae.</span> <span class='ocrx_word' id='word_1_151' title='bbox 1577 890 1596 895; x_wconf 89' lang='lat'><em>-</em></span> <span class='ocrx_word' id='word_1_152' title='bbox 1613 884 1693 909; x_wconf 81' lang='lat' dir='ltr'>quam</span> <span class='ocrx_word' id='word_1_153' title='bbox 1713 878 1742 902; x_wconf 85' lang='grc' dir='ltr'>Ρ.</span> 
     </span>
    </p>
   </div>
   <div class='ocr_carea' id='block_1_14' title="bbox 943 955 1771 990">
    <p class='ocr_par' dir='ltr' id='par_1_15' title="bbox 943 955 1771 990">
     <span class='ocr_line' id='line_1_26' title="bbox 943 955 1771 990; baseline -0.004 0"><span class='ocrx_word' id='word_1_154' title='bbox 943 957 1276 990; x_wconf 79' lang='lat' dir='ltr'>Commentaria</span> <span class='ocrx_word' id='word_1_155' title='bbox 1298 955 1550 988; x_wconf 53' lang='lat' dir='ltr'>Car-danaus</span> <span class='ocrx_word' id='word_1_156' title='bbox 1570 956 1771 988; x_wconf 75' lang='lat' dir='ltr'>Caietam</span> 
     </span>
    </p>
   </div>
   <div class='ocr_carea' id='block_1_15' title="bbox 264 1035 1331 1207">
    <p class='ocr_par' dir='ltr' id='par_1_16' title="bbox 264 1035 1331 1207">
     <span class='ocr_line' id='line_1_27' title="bbox 296 1035 1329 1078; baseline -0.003 -11"><span class='ocrx_word' id='word_1_157' title='bbox 296 1047 316 1067; x_wconf 72' lang='lat' dir='ltr'>n</span> <span class='ocrx_word' id='word_1_158' title='bbox 332 1036 465 1068; x_wconf 77' lang='lat' dir='ltr'>arficulo</span> <span class='ocrx_word' id='word_1_159' title='bbox 482 1037 587 1077; x_wconf 87' lang='lat' dir='ltr'>primo</span> <span class='ocrx_word' id='word_1_160' title='bbox 610 1037 804 1078; x_wconf 83' lang='lat' dir='ltr'>quaestionis</span> <span class='ocrx_word' id='word_1_161' title='bbox 819 1035 1137 1076; x_wconf 78' lang='lat' dir='ltr'>sexagesimaetertiae</span> <span class='ocrx_word' id='word_1_162' title='bbox 1160 1041 1245 1070; x_wconf 88' lang='lat' dir='ltr'>nota,</span> <span class='ocrx_word' id='word_1_163' title='bbox 1270 1044 1329 1074; x_wconf 91' lang='lat' dir='ltr'>pro</span> 
     </span>
     <span class='ocr_line' id='line_1_28' title="bbox 269 1050 1330 1118; baseline -0.003 -7"><span class='ocrx_word' id='word_1_164' title='bbox 269 1050 400 1113; x_wconf 82' lang='lat' dir='ltr'>Iradice</span> <span class='ocrx_word' id='word_1_165' title='bbox 423 1081 518 1112; x_wconf 89' lang='lat' dir='ltr'>huius</span> <span class='ocrx_word' id='word_1_166' title='bbox 541 1082 703 1118; x_wconf 82' lang='lat' dir='ltr'>materiae,</span> <span class='ocrx_word' id='word_1_167' title='bbox 728 1081 804 1111; x_wconf 92' lang='lat' dir='ltr'>duo.</span> <span class='ocrx_word' id='word_1_168' title='bbox 837 1080 960 1116; x_wconf 85' lang='lat' dir='ltr'>Primo,</span> <span class='ocrx_word' id='word_1_169' title='bbox 983 1079 1071 1109; x_wconf 83' lang='lat' dir='ltr'>illam</span> <span class='ocrx_word' id='word_1_170' title='bbox 1095 1078 1330 1109; x_wconf 90' lang='lat' dir='ltr'>distinctionem</span> 
     </span>
     <span class='ocr_line' id='line_1_29' title="bbox 264 1122 1331 1166; baseline -0.004 -10"><span class='ocrx_word' id='word_1_171' title='bbox 264 1125 303 1156; x_wconf 93' lang='lat' dir='ltr'>de</span> <span class='ocrx_word' id='word_1_172' title='bbox 326 1125 510 1166; x_wconf 81' lang='lat' dir='ltr'>acceptione</span> <span class='ocrx_word' id='word_1_173' title='bbox 532 1135 686 1166; x_wconf 81' lang='lat' dir='ltr'>personae</span> <span class='ocrx_word' id='word_1_174' title='bbox 709 1125 759 1156; x_wconf 87' lang='lat' dir='ltr'>vel</span> <span class='ocrx_word' id='word_1_175' title='bbox 782 1134 901 1155; x_wconf 84' lang='lat' dir='ltr'>causae.</span> <span class='ocrx_word' id='word_1_176' title='bbox 926 1141 946 1146; x_wconf 91' lang='lat'>—</span> <span class='ocrx_word' id='word_1_177' title='bbox 969 1123 1134 1159; x_wconf 87' lang='lat' dir='ltr'>Secundo,</span> <span class='ocrx_word' id='word_1_178' title='bbox 1159 1123 1248 1163; x_wconf 92' lang='lat' dir='ltr'>quod</span> <span class='ocrx_word' id='word_1_179' title='bbox 1272 1122 1331 1153; x_wconf 83' lang='lat' dir='ltr'>ista</span> 
     </span>
     <span class='ocr_line' id='line_1_30' title="bbox 264 1166 1330 1207; baseline -0.004 -7"><span class='ocrx_word' id='word_1_180' title='bbox 264 1169 423 1200; x_wconf 87' lang='lat' dir='ltr'>distinctio</span> <span class='ocrx_word' id='word_1_181' title='bbox 453 1169 586 1200; x_wconf 88' lang='lat' dir='ltr'>refertur</span> <span class='ocrx_word' id='word_1_182' title='bbox 613 1170 651 1199; x_wconf 84' lang='lat' dir='ltr'>ad</span> <span class='ocrx_word' id='word_1_183' title='bbox 675 1169 828 1199; x_wconf 87' lang='lat' dir='ltr'>rationem</span> <span class='ocrx_word' id='word_1_184' title='bbox 857 1167 968 1198; x_wconf 90' lang='lat' dir='ltr'>debiti:</span> <span class='ocrx_word' id='word_1_185' title='bbox 999 1167 1041 1198; x_wconf 88' lang='lat' dir='ltr'>ita</span> <span class='ocrx_word' id='word_1_186' title='bbox 1073 1167 1161 1207; x_wconf 93' lang='lat' dir='ltr'>quod</span> <span class='ocrx_word' id='word_1_187' title='bbox 1189 1166 1330 1207; x_wconf 87' lang='lat' dir='ltr'>acceptio</span> 
     </span>
    </p>
   </div>
   <div class='ocr_carea' id='block_1_16' title="bbox 1354 1043 1357 1104">
    <p class='ocr_par' dir='ltr' id='par_1_17' title="bbox 1354 1043 1357 1104">
     <span class='ocr_line' id='line_1_31' title="bbox 1354 1043 1357 1104; baseline 0 0"><span class='ocrx_word' id='word_1_188' title='bbox 1354 1043 1357 1104; x_wconf 77' lang='lat'>1</span> 
     </span>
    </p>
   </div>
   <div class='ocr_carea' id='block_1_17' title="bbox 1355 1108 1358 1200">
    <p class='ocr_par' dir='ltr' id='par_1_18' title="bbox 1355 1108 1358 1200">
     <span class='ocr_line' id='line_1_32' title="bbox 1355 1108 1358 1200; baseline 0 3044"><span class='ocrx_word' id='word_1_189' title='bbox 1355 1108 1358 1200; x_wconf 95' lang='lat' dir='ltr'> </span> 
     </span>
    </p>
   </div>
   <div class='ocr_carea' id='block_1_18' title="bbox 1383 1035 2452 1208">
    <p class='ocr_par' dir='ltr' id='par_1_19' title="bbox 1383 1035 2452 1208">
     <span class='ocr_line' id='line_1_33' title="bbox 1383 1035 2452 1075; baseline 0 -11"><span class='ocrx_word' id='word_1_190' title='bbox 1383 1044 1479 1064; x_wconf 86' lang='lat' dir='ltr'>sonae</span> <span class='ocrx_word' id='word_1_191' title='bbox 1508 1035 1668 1069; x_wconf 87' lang='lat' dir='ltr'>debitum;</span> <span class='ocrx_word' id='word_1_192' title='bbox 1699 1035 1840 1074; x_wconf 83' lang='lat' dir='ltr'>acceptio</span> <span class='ocrx_word' id='word_1_193' title='bbox 1863 1045 1938 1065; x_wconf 92' lang='lat' dir='ltr'>vero</span> <span class='ocrx_word' id='word_1_194' title='bbox 1968 1045 2121 1075; x_wconf 82' lang='lat' dir='ltr'>personae</span> <span class='ocrx_word' id='word_1_195' title='bbox 2152 1043 2199 1066; x_wconf 91' lang='lat' dir='ltr'>est</span> <span class='ocrx_word' id='word_1_196' title='bbox 2228 1044 2452 1075; x_wconf 89' lang='lat' dir='ltr'>recognoscere</span> 
     </span>
     <span class='ocr_line' id='line_1_34' title="bbox 1384 1079 2451 1120; baseline 0 -12"><span class='ocrx_word' id='word_1_197' title='bbox 1384 1085 1419 1109; x_wconf 92' lang='lat' dir='ltr'>ut</span> <span class='ocrx_word' id='word_1_198' title='bbox 1446 1088 1575 1109; x_wconf 83' lang='lat' dir='ltr'>causam</span> <span class='ocrx_word' id='word_1_199' title='bbox 1598 1079 1685 1109; x_wconf 85' lang='lat' dir='ltr'>illam</span> <span class='ocrx_word' id='word_1_200' title='bbox 1710 1079 1926 1109; x_wconf 87' lang='lat' dir='ltr'>conditionem</span> <span class='ocrx_word' id='word_1_201' title='bbox 1955 1087 2084 1119; x_wconf 91' lang='lat' dir='ltr'>propter</span> <span class='ocrx_word' id='word_1_202' title='bbox 2111 1090 2208 1120; x_wconf 86' lang='lat' dir='ltr'>quam</span> <span class='ocrx_word' id='word_1_203' title='bbox 2237 1080 2355 1120; x_wconf 87' lang='lat' dir='ltr'>aliquid</span> <span class='ocrx_word' id='word_1_204' title='bbox 2385 1089 2451 1109; x_wconf 91' lang='lat' dir='ltr'>non</span> 
     </span>
     <span class='ocr_line' id='line_1_35' title="bbox 1384 1123 2451 1173; baseline 0.001 -21"><span class='ocrx_word' id='word_1_205' title='bbox 1384 1129 1430 1153; x_wconf 88' lang='lat' dir='ltr'>est</span> <span class='ocrx_word' id='word_1_206' title='bbox 1457 1133 1610 1173; x_wconf 85' lang='lat' dir='ltr'>personae</span> <span class='ocrx_word' id='word_1_207' title='bbox 1641 1123 1785 1153; x_wconf 89' lang='lat' dir='ltr'>debitum</span> <span class='ocrx_word' id='word_1_208' title='bbox 1812 1124 1989 1154; x_wconf 89' lang='lat' dir='ltr'>secundum</span> <span class='ocrx_word' id='word_1_209' title='bbox 2012 1124 2185 1155; x_wconf 89' lang='lat' dir='ltr'>veritatem.</span> <span class='ocrx_word' id='word_1_210' title='bbox 2217 1124 2338 1154; x_wconf 88' lang='lat' dir='ltr'>Iustitia</span> <span class='ocrx_word' id='word_1_211' title='bbox 2365 1123 2451 1154; x_wconf 90' lang='lat' dir='ltr'>enim</span> 
     </span>
     <span class='ocr_line' id='line_1_36' title="bbox 1384 1166 2450 1208; baseline 0 -12"><span class='ocrx_word' id='word_1_212' title='bbox 1384 1167 1510 1206; x_wconf 86' lang='lat' dir='ltr'>respicit</span> <span class='ocrx_word' id='word_1_213' title='bbox 1537 1166 1692 1199; x_wconf 86' lang='lat' dir='ltr'>rationem</span> <span class='ocrx_word' id='word_1_214' title='bbox 1717 1166 1860 1208; x_wconf 87' lang='lat' dir='ltr'>[debiti]:</span> <span class='ocrx_word' id='word_1_215' title='bbox 1886 1178 1920 1198; x_wconf 89' lang='lat' dir='ltr'>ac</span> <span class='ocrx_word' id='word_1_216' title='bbox 1953 1178 2008 1208; x_wconf 90' lang='lat' dir='ltr'>per</span> <span class='ocrx_word' id='word_1_217' title='bbox 2031 1168 2103 1204; x_wconf 89' lang='lat' dir='ltr'>hoc,</span> <span class='ocrx_word' id='word_1_218' title='bbox 2124 1168 2238 1198; x_wconf 89' lang='lat' dir='ltr'>vitium</span> <span class='ocrx_word' id='word_1_219' title='bbox 2262 1167 2450 1208; x_wconf 89' lang='lat' dir='ltr'>oppositum</span> 
     </span>
    </p>
   </div>
   <div class='ocr_carea' id='block_1_19' title="bbox 263 1204 1820 1253">
    <p class='ocr_par' dir='ltr' id='par_1_20' title="bbox 263 1204 1820 1253">
     <span class='ocr_line' id='line_1_37' title="bbox 263 1204 1820 1253; baseline -0.002 -9"><span class='ocrx_word' id='word_1_220' title='bbox 263 1223 376 1244; x_wconf 78' lang='lat' dir='ltr'>causae</span> <span class='ocrx_word' id='word_1_221' title='bbox 391 1220 439 1244; x_wconf 83' lang='lat' dir='ltr'>est</span> <span class='ocrx_word' id='word_1_222' title='bbox 457 1223 681 1253; x_wconf 85' lang='lat' dir='ltr'>recognoscere</span> <span class='ocrx_word' id='word_1_223' title='bbox 698 1222 825 1243; x_wconf 84' lang='lat' dir='ltr'>causam</span> <span class='ocrx_word' id='word_1_224' title='bbox 849 1221 906 1252; x_wconf 88' lang='lat' dir='ltr'>per</span> <span class='ocrx_word' id='word_1_225' title='bbox 928 1221 1026 1252; x_wconf 88' lang='lat' dir='ltr'>quam</span> <span class='ocrx_word' id='word_1_226' title='bbox 1050 1211 1170 1252; x_wconf 89' lang='lat' dir='ltr'>aliquid</span> <span class='ocrx_word' id='word_1_227' title='bbox 1194 1217 1240 1241; x_wconf 92' lang='lat' dir='ltr'>est</span> <span class='ocrx_word' id='word_1_228' title='bbox 1262 1221 1331 1250; x_wconf 88' lang='lat' dir='ltr'>per—</span> <span class='ocrx_word' id='word_1_229' title='bbox 1357 1204 1359 1251; x_wconf 61' lang='lat' dir='ltr'>l</span> <span class='ocrx_word' id='word_1_230' title='bbox 1385 1211 1522 1241; x_wconf 84' lang='lat' dir='ltr'>iustitiae</span> <span class='ocrx_word' id='word_1_231' title='bbox 1545 1211 1644 1242; x_wconf 88' lang='lat' dir='ltr'>violat</span> <span class='ocrx_word' id='word_1_232' title='bbox 1667 1211 1820 1242; x_wconf 86' lang='lat' dir='ltr'>debiturn.</span> 
     </span>
    </p>
   </div>
   <div class='ocr_carea' id='block_1_20' title="bbox 452 1364 1680 1409">
    <p class='ocr_par' dir='ltr' id='par_1_21' title="bbox 452 1364 1680 1409">
     <span class='ocr_line' id='line_1_38' title="bbox 452 1364 1680 1409; baseline -0.001 0"><span class='ocrx_word' id='word_1_233' title='bbox 452 1364 494 1376; x_wconf 46' lang='lat'>&#39;‘²&#39;‘</span> <span class='ocrx_word' id='word_1_234' title='bbox 1033 1366 1349 1409; x_wconf 88' lang='lat' dir='ltr'>ARTICULUS</span> <span class='ocrx_word' id='word_1_235' title='bbox 1380 1367 1680 1409; x_wconf 90' lang='lat' dir='ltr'>SECUNDUS</span> 
     </span>
    </p>
   </div>
   <div class='ocr_carea' id='block_1_21' title="bbox 427 1459 2284 1499">
    <p class='ocr_par' dir='ltr' id='par_1_22' title="bbox 427 1459 2284 1499">
     <span class='ocr_line' id='line_1_39' title="bbox 427 1459 2284 1499; baseline -0.002 -6"><span class='ocrx_word' id='word_1_236' title='bbox 427 1462 584 1493; x_wconf 90' lang='lat' dir='ltr'><strong>UTRUM</strong></span> <span class='ocrx_word' id='word_1_237' title='bbox 608 1462 651 1492; x_wconf 93' lang='lat' dir='ltr'>IN</span> <span class='ocrx_word' id='word_1_238' title='bbox 675 1460 1015 1492; x_wconf 84' lang='lat' dir='ltr'>DISPENSATIONE</span> <span class='ocrx_word' id='word_1_239' title='bbox 1038 1459 1346 1499; x_wconf 77' lang='lat' dir='ltr'>SPIRITUALIUM</span> <span class='ocrx_word' id='word_1_240' title='bbox 1369 1459 1523 1490; x_wconf 93' lang='lat' dir='ltr'>LOCUM</span> <span class='ocrx_word' id='word_1_241' title='bbox 1547 1460 1725 1490; x_wconf 89' lang='lat' dir='ltr'>HABEAT</span> <span class='ocrx_word' id='word_1_242' title='bbox 1749 1459 2041 1490; x_wconf 86' lang='lat' dir='ltr'>PERSONARUM</span> <span class='ocrx_word' id='word_1_243' title='bbox 2064 1459 2284 1490; x_wconf 89' lang='lat' dir='ltr'>ACCEPTIO</span> 
     </span>
    </p>
   </div>
   <div class='ocr_carea' id='block_1_22' title="bbox 735 1538 1981 1571">
    <p class='ocr_par' dir='ltr' id='par_1_23' title="bbox 735 1538 1981 1571">
     <span class='ocr_line' id='line_1_40' title="bbox 735 1538 1981 1571; baseline -0.002 -7"><span class='ocrx_word' id='word_1_244' title='bbox 735 1539 831 1570; x_wconf 84' lang='lat' dir='ltr'>Quodl.</span> <span class='ocrx_word' id='word_1_245' title='bbox 850 1539 893 1569; x_wconf 86' lang='lat' dir='ltr'>IV,</span> <span class='ocrx_word' id='word_1_246' title='bbox 913 1547 958 1571; x_wconf 89' lang='lat' dir='ltr'>qu.</span> <span class='ocrx_word' id='word_1_247' title='bbox 976 1546 1030 1569; x_wconf 85' lang='lat' dir='ltr'>vm,</span> <span class='ocrx_word' id='word_1_248' title='bbox 1050 1543 1097 1563; x_wconf 89' lang='lat' dir='ltr'>art.</span> <span class='ocrx_word' id='word_1_249' title='bbox 1116 1545 1146 1569; x_wconf 84' lang='lat'>43</span> <span class='ocrx_word' id='word_1_250' title='bbox 1169 1538 1265 1568; x_wconf 84' lang='lat' dir='ltr'>Quodl.</span> <span class='ocrx_word' id='word_1_251' title='bbox 1284 1538 1326 1567; x_wconf 88' lang='lat' dir='ltr'>Vl,</span> <span class='ocrx_word' id='word_1_252' title='bbox 1346 1545 1391 1570; x_wconf 90' lang='lat' dir='ltr'>qu.</span> <span class='ocrx_word' id='word_1_253' title='bbox 1409 1545 1434 1568; x_wconf 79' lang='grc' dir='ltr'>ν,</span> <span class='ocrx_word' id='word_1_254' title='bbox 1453 1543 1500 1563; x_wconf 90' lang='lat' dir='ltr'>art.</span> <span class='ocrx_word' id='word_1_255' title='bbox 1522 1539 1549 1568; x_wconf 82' lang='lat'>3;</span> <span class='ocrx_word' id='word_1_256' title='bbox 1571 1538 1668 1568; x_wconf 81' lang='lat' dir='ltr'>Quodl.</span> <span class='ocrx_word' id='word_1_257' title='bbox 1686 1538 1751 1569; x_wconf 86' lang='lat' dir='ltr'>VIII,</span> <span class='ocrx_word' id='word_1_258' title='bbox 1771 1546 1815 1570; x_wconf 90' lang='lat' dir='ltr'>qu.</span> <span class='ocrx_word' id='word_1_259' title='bbox 1835 1545 1869 1569; x_wconf 86' lang='grc' dir='ltr'>ιν,</span> <span class='ocrx_word' id='word_1_260' title='bbox 1889 1544 1936 1563; x_wconf 85' lang='lat' dir='ltr'>art.</span> <span class='ocrx_word' id='word_1_261' title='bbox 1960 1546 1981 1562; x_wconf 87' lang='lat'>1.</span> 
     </span>
    </p>
   </div>
   <div class='ocr_carea' id='block_1_23' title="bbox 244 1728 1327 1881">
    <p class='ocr_par' dir='ltr' id='par_1_24' title="bbox 244 1728 1310 1881">
     <span class='ocr_line' id='line_1_41' title="bbox 280 1728 439 1769; baseline 0.006 -1"><span class='ocrx_word' id='word_1_262' title='bbox 280 1728 323 1768; x_wconf 41' lang='grc' dir='ltr'>ιγ</span> <span class='ocrx_word' id='word_1_263' title='bbox 328 1754 348 1769; x_wconf 53' lang='grc' dir='ltr'><em>ν</em></span> <span class='ocrx_word' id='word_1_264' title='bbox 363 1742 397 1767; x_wconf 66' lang='lat'>⁷&lt;</span> <span class='ocrx_word' id='word_1_265' title='bbox 421 1732 439 1765; x_wconf 55' lang='lat'><strong>6</strong></span> 
     </span>
     <span class='ocr_line' id='line_1_42' title="bbox 270 1741 1326 1827; baseline -0.003 -11"><span class='ocrx_word' id='word_1_266' title='bbox 270 1699 413 1821; x_wconf 42' lang='lat' dir='ltr'>’Xsf‘j&#39;if&#39;b</span> <span class='ocrx_word' id='word_1_267' title='bbox 431 1772 460 1812; x_wconf 49' lang='lat' dir='ltr'>*x</span> <span class='ocrx_word' id='word_1_268' title='bbox 475 1778 577 1816; x_wconf 90' lang='lat' dir='ltr'>enim</span> <span class='ocrx_word' id='word_1_269' title='bbox 598 1779 817 1827; x_wconf 90' lang='lat' dir='ltr'>dignitatern</span> <span class='ocrx_word' id='word_1_270' title='bbox 844 1777 1135 1815; x_wconf 88' lang='lat' dir='ltr'>ecclesiasticam</span> <span class='ocrx_word' id='word_1_271' title='bbox 1165 1789 1232 1814; x_wconf 91' lang='lat' dir='ltr'>seu</span> <span class='ocrx_word' id='word_1_272' title='bbox 1262 1778 1326 1814; x_wconf 88' lang='lat' dir='ltr'>be-</span> 
     </span>
     <span class='ocr_line' id='line_1_43' title="bbox 244 1828 1327 1881; baseline -0.004 -10"><span class='ocrx_word' id='word_1_273' title='bbox 244 1828 445 1871; x_wconf 59' lang='lat' dir='ltr'>snefic&#39;ium</span> <span class='ocrx_word' id='word_1_274' title='bbox 473 1831 584 1870; x_wconf 88' lang='lat' dir='ltr'>alicui</span> <span class='ocrx_word' id='word_1_275' title='bbox 611 1839 768 1881; x_wconf 89' lang='lat' dir='ltr'>propter</span> <span class='ocrx_word' id='word_1_276' title='bbox 787 1831 1154 1879; x_wconf 88' lang='lat' dir='ltr'>consanguinitatem</span> <span class='ocrx_word' id='word_1_277' title='bbox 1172 1828 1193 1851; x_wconf 62' lang='grc' dir='ltr'>ἀ</span> <span class='ocrx_word' id='word_1_278' title='bbox 1221 1830 1327 1867; x_wconf 91' lang='lat' dir='ltr'>vide-</span> 
     </span>
    </p>
   </div>
   <div class='ocr_carea' id='block_1_24' title="bbox 260 1625 471 1826">
    <p class='ocr_par' dir='ltr' id='par_1_25' title="bbox 260 1625 471 1826">
     <span class='ocr_line' id='line_1_44' title="bbox 260 1625 471 1826; baseline 0 0"><span class='ocrx_word' id='word_1_279' title='bbox 260 1625 471 1826; x_wconf 95' lang='lat' dir='ltr'>  </span> 
     </span>
    </p>
   </div>
   <div class='ocr_carea' id='block_1_25' title="bbox 261 1883 1355 1986">
    <p class='ocr_par' dir='ltr' id='par_1_26' title="bbox 261 1883 1355 1986">
     <span class='ocr_line' id='line_1_45' title="bbox 261 1883 1355 1934; baseline -0.002 -12"><span class='ocrx_word' id='word_1_280' title='bbox 261 1890 323 1923; x_wconf 88' lang='lat' dir='ltr'>tur</span> <span class='ocrx_word' id='word_1_281' title='bbox 349 1884 398 1922; x_wconf 89' lang='lat' dir='ltr'>ad</span> <span class='ocrx_word' id='word_1_282' title='bbox 428 1883 693 1934; x_wconf 84' lang='lat' dir='ltr'>acceptionem</span> <span class='ocrx_word' id='word_1_283' title='bbox 718 1897 971 1934; x_wconf 87' lang='lat' dir='ltr'>personarum</span> <span class='ocrx_word' id='word_1_284' title='bbox 1001 1883 1207 1932; x_wconf 89' lang='lat' dir='ltr'>pertinere:</span> <span class='ocrx_word' id='word_1_285' title='bbox 1238 1883 1328 1933; x_wconf 90' lang='lat' dir='ltr'>quia</span> <span class='ocrx_word' id='word_1_286' title='bbox 1354 1915 1355 1928; x_wconf 61' lang='grc'>,</span> 
     </span>
     <span class='ocr_line' id='line_1_46' title="bbox 262 1937 1355 1986; baseline -0.001 -12"><span class='ocrx_word' id='word_1_287' title='bbox 262 1938 568 1986; x_wconf 82' lang='lat' dir='ltr'>consanguinitas</span> <span class='ocrx_word' id='word_1_288' title='bbox 605 1950 683 1975; x_wconf 88' lang='lat' dir='ltr'>non</span> <span class='ocrx_word' id='word_1_289' title='bbox 713 1946 768 1976; x_wconf 91' lang='lat' dir='ltr'>est</span> <span class='ocrx_word' id='word_1_290' title='bbox 801 1950 915 1975; x_wconf 91' lang='lat' dir='ltr'>causa</span> <span class='ocrx_word' id='word_1_291' title='bbox 951 1937 1092 1974; x_wconf 86' lang='lat' dir='ltr'>faciens</span> <span class='ocrx_word' id='word_1_292' title='bbox 1128 1937 1326 1974; x_wconf 91' lang='lat' dir='ltr'>hominem</span> <span class='ocrx_word' id='word_1_293' title='bbox 1354 1958 1355 1967; x_wconf 49' lang='grc' dir='ltr'>ι</span> 
     </span>
    </p>
   </div>
   <div class='ocr_carea' id='block_1_26' title="bbox 262 1990 1328 2093">
    <p class='ocr_par' dir='ltr' id='par_1_27' title="bbox 262 1990 1328 2093">
     <span class='ocr_line' id='line_1_47' title="bbox 262 1990 1328 2039; baseline 0 -12"><span class='ocrx_word' id='word_1_294' title='bbox 262 1990 420 2039; x_wconf 86' lang='lat' dir='ltr'>dignum</span> <span class='ocrx_word' id='word_1_295' title='bbox 450 1991 703 2028; x_wconf 90' lang='lat' dir='ltr'>ecclesiastico</span> <span class='ocrx_word' id='word_1_296' title='bbox 733 1990 934 2028; x_wconf 89' lang='lat' dir='ltr'>beneficio.</span> <span class='ocrx_word' id='word_1_297' title='bbox 965 1991 1043 2027; x_wconf 91' lang='lat' dir='ltr'>Sed</span> <span class='ocrx_word' id='word_1_298' title='bbox 1070 1991 1145 2027; x_wconf 90' lang='lat' dir='ltr'>hoc</span> <span class='ocrx_word' id='word_1_299' title='bbox 1167 2002 1244 2027; x_wconf 91' lang='lat' dir='ltr'>non</span> <span class='ocrx_word' id='word_1_300' title='bbox 1273 1990 1328 2027; x_wconf 90' lang='lat' dir='ltr'>vi-</span> 
     </span>
     <span class='ocr_line' id='line_1_48' title="bbox 262 2043 1327 2093; baseline 0 -13"><span class='ocrx_word' id='word_1_301' title='bbox 262 2043 372 2081; x_wconf 89' lang='lat' dir='ltr'>detur</span> <span class='ocrx_word' id='word_1_302' title='bbox 401 2055 483 2081; x_wconf 90' lang='lat' dir='ltr'>esse</span> <span class='ocrx_word' id='word_1_303' title='bbox 511 2052 731 2093; x_wconf 89' lang='lat' dir='ltr'>peccatum:</span> <span class='ocrx_word' id='word_1_304' title='bbox 763 2057 850 2081; x_wconf 90' lang='lat' dir='ltr'>cum</span> <span class='ocrx_word' id='word_1_305' title='bbox 879 2045 954 2080; x_wconf 91' lang='lat' dir='ltr'>hoc</span> <span class='ocrx_word' id='word_1_306' title='bbox 975 2056 1019 2080; x_wconf 88' lang='lat' dir='ltr'>ex</span> <span class='ocrx_word' id='word_1_307' title='bbox 1050 2043 1327 2081; x_wconf 89' lang='lat' dir='ltr'>consuetudine</span> 
     </span>
    </p>
   </div>
   <div class='ocr_carea' id='block_1_27' title="bbox 258 2097 1355 2146">
    <p class='ocr_par' dir='ltr' id='par_1_28' title="bbox 258 2097 1355 2146">
     <span class='ocr_line' id='line_1_49' title="bbox 258 2097 1355 2146; baseline 0.001 -13"><span class='ocrx_word' id='word_1_308' title='bbox 258 2097 416 2146; x_wconf 80' lang='lat' dir='ltr'>praelati</span> <span class='ocrx_word' id='word_1_309' title='bbox 445 2097 637 2134; x_wconf 88' lang='lat' dir='ltr'>Ecclesiae</span> <span class='ocrx_word' id='word_1_310' title='bbox 666 2097 815 2135; x_wconf 87' lang='lat' dir='ltr'>faciant.</span> <span class='ocrx_word' id='word_1_311' title='bbox 845 2098 948 2145; x_wconf 89' lang='lat' dir='ltr'>Ergo</span> <span class='ocrx_word' id='word_1_312' title='bbox 968 2104 1169 2145; x_wconf 89' lang='lat' dir='ltr'>peccatum</span> <span class='ocrx_word' id='word_1_313' title='bbox 1198 2109 1328 2145; x_wconf 93' lang='lat' dir='ltr'>perso-</span> <span class='ocrx_word' id='word_1_314' title='bbox 1354 2134 1355 2146; x_wconf 33' lang='lat'>2</span> 
     </span>
    </p>
   </div>
   <div class='ocr_carea' id='block_1_28' title="bbox 257 2150 1327 2411">
    <p class='ocr_par' dir='ltr' id='par_1_29' title="bbox 259 2150 1326 2252">
     <span class='ocr_line' id='line_1_50' title="bbox 259 2150 1326 2199; baseline -0.003 -9"><span class='ocrx_word' id='word_1_315' title='bbox 259 2161 398 2190; x_wconf 77' lang='lat' dir='ltr'>narum</span> <span class='ocrx_word' id='word_1_316' title='bbox 427 2150 658 2199; x_wconf 88' lang='lat' dir='ltr'>acceptionis</span> <span class='ocrx_word' id='word_1_317' title='bbox 686 2163 765 2188; x_wconf 92' lang='lat' dir='ltr'>non</span> <span class='ocrx_word' id='word_1_318' title='bbox 789 2150 941 2188; x_wconf 91' lang='lat' dir='ltr'>videtur</span> <span class='ocrx_word' id='word_1_319' title='bbox 968 2151 1097 2187; x_wconf 89' lang='lat' dir='ltr'>locum</span> <span class='ocrx_word' id='word_1_320' title='bbox 1125 2150 1267 2187; x_wconf 90' lang='lat' dir='ltr'>habere</span> <span class='ocrx_word' id='word_1_321' title='bbox 1287 2151 1326 2187; x_wconf 93' lang='lat' dir='ltr'>in</span> 
     </span>
     <span class='ocr_line' id='line_1_51' title="bbox 261 2201 940 2252; baseline 0.003 -13"><span class='ocrx_word' id='word_1_322' title='bbox 261 2201 543 2252; x_wconf 83' lang='lat' dir='ltr'>dispensatione</span> <span class='ocrx_word' id='word_1_323' title='bbox 571 2203 832 2252; x_wconf 88' lang='lat' dir='ltr'>spiritualium.</span> <span class='ocrx_word' id='word_1_324' title='bbox 925 2215 940 2229; x_wconf 70' lang='lat'><strong><em>⁹</em></strong></span> 
     </span>
    </p>

    <p class='ocr_par' dir='ltr' id='par_1_30' title="bbox 257 2255 1327 2411">
     <span class='ocr_line' id='line_1_52' title="bbox 270 2255 1327 2306; baseline -0.001 -13"><span class='ocrx_word' id='word_1_325' title='bbox 270 2259 274 2262; x_wconf 73' lang='grc'><em>’</em></span> <span class='ocrx_word' id='word_1_326' title='bbox 314 2267 350 2293; x_wconf 82' lang='lat'>2.</span> <span class='ocrx_word' id='word_1_327' title='bbox 371 2257 606 2304; x_wconf 66' lang='lat' dir='ltr'>PRAHEREA,</span> <span class='ocrx_word' id='word_1_328' title='bbox 625 2257 815 2306; x_wconf 89' lang='lat' dir='ltr'>praeferre</span> <span class='ocrx_word' id='word_1_329' title='bbox 845 2256 1003 2293; x_wconf 88' lang='lat' dir='ltr'>divitem</span> <span class='ocrx_word' id='word_1_330' title='bbox 1036 2255 1194 2304; x_wconf 91' lang='lat' dir='ltr'>pauperi</span> <span class='ocrx_word' id='word_1_331' title='bbox 1222 2255 1327 2293; x_wconf 85' lang='lat' dir='ltr'>vide-</span> 
     </span>
     <span class='ocr_line' id='line_1_53' title="bbox 259 2308 1326 2359; baseline -0.001 -13"><span class='ocrx_word' id='word_1_332' title='bbox 259 2315 320 2354; x_wconf 80' lang='lat' dir='ltr'>tur</span> <span class='ocrx_word' id='word_1_333' title='bbox 339 2308 389 2346; x_wconf 90' lang='lat' dir='ltr'>ad</span> <span class='ocrx_word' id='word_1_334' title='bbox 416 2310 679 2359; x_wconf 88' lang='lat' dir='ltr'>acceptionem</span> <span class='ocrx_word' id='word_1_335' title='bbox 698 2321 951 2358; x_wconf 89' lang='lat' dir='ltr'>personarum</span> <span class='ocrx_word' id='word_1_336' title='bbox 980 2308 1180 2358; x_wconf 91' lang='lat' dir='ltr'>pertinere,</span> <span class='ocrx_word' id='word_1_337' title='bbox 1201 2316 1242 2345; x_wconf 92' lang='lat' dir='ltr'>ut</span> <span class='ocrx_word' id='word_1_338' title='bbox 1260 2321 1326 2357; x_wconf 89' lang='lat' dir='ltr'>pa-</span> 
     </span>
     <span class='ocr_line' id='line_1_54' title="bbox 257 2361 1326 2411; baseline 0 -13"><span class='ocrx_word' id='word_1_339' title='bbox 257 2369 312 2399; x_wconf 90' lang='lat' dir='ltr'>tet</span> <span class='ocrx_word' id='word_1_340' title='bbox 339 2363 412 2399; x_wconf 88' lang='lat' dir='ltr'>Iac.</span> <span class='ocrx_word' id='word_1_341' title='bbox 434 2375 456 2399; x_wconf 91' lang='lat'>11</span> <span class='ocrx_word' id='word_1_342' title='bbox 476 2362 507 2400; x_wconf 73' lang='lat'>²¹².</span> <span class='ocrx_word' id='word_1_343' title='bbox 539 2363 615 2400; x_wconf 92' lang='lat' dir='ltr'>Sed</span> <span class='ocrx_word' id='word_1_344' title='bbox 644 2363 789 2400; x_wconf 88' lang='lat' dir='ltr'>facilius</span> <span class='ocrx_word' id='word_1_345' title='bbox 818 2362 1057 2411; x_wconf 88' lang='lat' dir='ltr'>dispensatur</span> <span class='ocrx_word' id='word_1_346' title='bbox 1085 2374 1173 2398; x_wconf 91' lang='lat' dir='ltr'>cum</span> <span class='ocrx_word' id='word_1_347' title='bbox 1204 2361 1326 2398; x_wconf 88' lang='lat' dir='ltr'>diviti-</span> 
     </span>
    </p>
   </div>
   <div class='ocr_carea' id='block_1_29' title="bbox 147 2414 2442 2622">
    <p class='ocr_par' dir='ltr' id='par_1_31' title="bbox 147 2414 1324 2464">
     <span class='ocr_line' id='line_1_55' title="bbox 147 2414 1324 2464; baseline -0.002 -12"><span class='ocrx_word' id='word_1_348' title='bbox 147 2417 163 2427; x_wconf 80' lang='lat'><strong><em>“</em></strong></span> <span class='ocrx_word' id='word_1_349' title='bbox 211 2424 213 2426; x_wconf 77' lang='grc'><strong>’</strong></span> <span class='ocrx_word' id='word_1_350' title='bbox 258 2415 330 2453; x_wconf 86' lang='lat' dir='ltr'>bus</span> <span class='ocrx_word' id='word_1_351' title='bbox 359 2422 396 2452; x_wconf 90' lang='lat' dir='ltr'>et</span> <span class='ocrx_word' id='word_1_352' title='bbox 414 2416 632 2464; x_wconf 90' lang='lat' dir='ltr'>potentibus</span> <span class='ocrx_word' id='word_1_353' title='bbox 660 2417 766 2464; x_wconf 92' lang='lat' dir='ltr'>quod</span> <span class='ocrx_word' id='word_1_354' title='bbox 796 2416 1020 2453; x_wconf 86' lang='lat' dir='ltr'>contrahant</span> <span class='ocrx_word' id='word_1_355' title='bbox 1038 2414 1324 2451; x_wconf 87' lang='lat' dir='ltr'>matrimonium</span> 
     </span>
    </p>

    <p class='ocr_par' dir='ltr' id='par_1_32' title="bbox 220 2468 2430 2622">
     <span class='ocr_line' id='line_1_56' title="bbox 220 2468 1326 2518; baseline -0.002 -13"><span class='ocrx_word' id='word_1_356' title='bbox 220 2472 222 2474; x_wconf 79' lang='grc'>’</span> <span class='ocrx_word' id='word_1_357' title='bbox 257 2469 297 2506; x_wconf 80' lang='lat' dir='ltr'>in</span> <span class='ocrx_word' id='word_1_358' title='bbox 324 2468 444 2516; x_wconf 86' lang='lat' dir='ltr'>gradu</span> <span class='ocrx_word' id='word_1_359' title='bbox 464 2469 667 2518; x_wconf 91' lang='lat' dir='ltr'>prohibito,</span> <span class='ocrx_word' id='word_1_360' title='bbox 690 2481 806 2518; x_wconf 90' lang='lat' dir='ltr'>quam</span> <span class='ocrx_word' id='word_1_361' title='bbox 832 2481 919 2505; x_wconf 91' lang='lat' dir='ltr'>cum</span> <span class='ocrx_word' id='word_1_362' title='bbox 941 2468 1031 2512; x_wconf 80' lang='lat' dir='ltr'>aliis.</span> <span class='ocrx_word' id='word_1_363' title='bbox 1062 2469 1164 2515; x_wconf 90' lang='lat' dir='ltr'>Ergo</span> <span class='ocrx_word' id='word_1_364' title='bbox 1190 2479 1326 2515; x_wconf 89' lang='lat' dir='ltr'>pecca-</span> 
     </span>
     <span class='ocr_line' id='line_1_57' title="bbox 257 2521 1353 2571; baseline -0.003 -12"><span class='ocrx_word' id='word_1_365' title='bbox 257 2527 340 2561; x_wconf 81' lang='lat' dir='ltr'>tum</span> <span class='ocrx_word' id='word_1_366' title='bbox 368 2534 622 2571; x_wconf 90' lang='lat' dir='ltr'>personarum</span> <span class='ocrx_word' id='word_1_367' title='bbox 652 2521 883 2571; x_wconf 88' lang='lat' dir='ltr'>acceptionis</span> <span class='ocrx_word' id='word_1_368' title='bbox 912 2534 991 2558; x_wconf 92' lang='lat' dir='ltr'>non</span> <span class='ocrx_word' id='word_1_369' title='bbox 1018 2521 1169 2557; x_wconf 88' lang='lat' dir='ltr'>videtur</span> <span class='ocrx_word' id='word_1_370' title='bbox 1197 2521 1326 2557; x_wconf 91' lang='lat' dir='ltr'>locum</span> <span class='ocrx_word' id='word_1_371' title='bbox 1351 2543 1353 2556; x_wconf 40' lang='grc' dir='ltr'>ι</span> 
     </span>
     <span class='ocr_line' id='line_1_58' title="bbox 1351 2571 2442 2622; baseline -0.002 -12"><span class='ocrx_word' id='word_1_372' title='bbox 1351 2592 1353 2603; x_wconf 72' lang='grc' dir='ltr'>ι</span> <span class='ocrx_word' id='word_1_373' title='bbox 1381 2574 1485 2622; x_wconf 92' lang='lat' dir='ltr'>quod</span> <span class='ocrx_word' id='word_1_374' title='bbox 1505 2573 1566 2609; x_wconf 90' lang='lat' dir='ltr'>ille</span> <span class='ocrx_word' id='word_1_375' title='bbox 1595 2572 1660 2620; x_wconf 93' lang='lat' dir='ltr'>qui</span> <span class='ocrx_word' id='word_1_376' title='bbox 1690 2580 1744 2608; x_wconf 91' lang='lat' dir='ltr'>est</span> <span class='ocrx_word' id='word_1_377' title='bbox 1772 2572 1898 2608; x_wconf 90' lang='lat' dir='ltr'>minus</span> <span class='ocrx_word' id='word_1_378' title='bbox 1918 2582 2069 2608; x_wconf 89' lang='lat' dir='ltr'>sanctus</span> <span class='ocrx_word' id='word_1_379' title='bbox 2089 2581 2125 2608; x_wconf 91' lang='lat' dir='ltr'>et</span> <span class='ocrx_word' id='word_1_380' title='bbox 2153 2571 2279 2608; x_wconf 89' lang='lat' dir='ltr'>minus</span> <span class='ocrx_word' id='word_1_381' title='bbox 2309 2571 2442 2619; x_wconf 91' lang='lat' dir='ltr'>sciens,</span> 
     </span>
    </p>
   </div>
   <div class='ocr_carea' id='block_1_30' title="bbox 257 2572 1172 2624">
    <p class='ocr_par' dir='ltr' id='par_1_33' title="bbox 257 2572 1172 2624">
     <span class='ocr_line' id='line_1_59' title="bbox 257 2572 1172 2624; baseline -0.002 -12"><span class='ocrx_word' id='word_1_382' title='bbox 257 2572 402 2613; x_wconf 83' lang='lat' dir='ltr'>habere</span> <span class='ocrx_word' id='word_1_383' title='bbox 431 2575 530 2612; x_wconf 91' lang='lat' dir='ltr'>circa</span> <span class='ocrx_word' id='word_1_384' title='bbox 559 2575 881 2624; x_wconf 87' lang='lat' dir='ltr'>dispensationem</span> <span class='ocrx_word' id='word_1_385' title='bbox 912 2574 1172 2623; x_wconf 89' lang='lat' dir='ltr'>spiritualium.</span> 
     </span>
    </p>
   </div>
   <div class='ocr_carea' id='block_1_31' title="bbox 314 2626 1353 2675">
    <p class='ocr_par' dir='ltr' id='par_1_34' title="bbox 314 2626 1353 2675">
     <span class='ocr_line' id='line_1_60' title="bbox 314 2626 1353 2675; baseline -0.004 -11"><span class='ocrx_word' id='word_1_386' title='bbox 314 2628 348 2665; x_wconf 88' lang='lat'>3.</span> <span class='ocrx_word' id='word_1_387' title='bbox 379 2629 611 2675; x_wconf 80' lang='lat' dir='ltr'>PRAETEREA,</span> <span class='ocrx_word' id='word_1_388' title='bbox 633 2629 844 2666; x_wconf 90' lang='lat' dir='ltr'>secundum</span> <span class='ocrx_word' id='word_1_389' title='bbox 875 2629 956 2664; x_wconf 88' lang='lat' dir='ltr'>iura</span> <span class='ocrx_word' id='word_1_390' title='bbox 974 2627 994 2649; x_wconf 74' lang='lat'>&#39;¹‘</span> <span class='ocrx_word' id='word_1_391' title='bbox 1022 2627 1160 2664; x_wconf 87' lang='lat' dir='ltr'>sufficit</span> <span class='ocrx_word' id='word_1_392' title='bbox 1188 2626 1325 2675; x_wconf 85' lang='lat' dir='ltr'>eligere</span> <span class='ocrx_word' id='word_1_393' title='bbox 1351 2645 1353 2660; x_wconf 64' lang='grc'>;</span> 
     </span>
    </p>
   </div>
   <div class='ocr_carea' id='block_1_32' title="bbox 473 1724 2447 1825">
    <p class='ocr_par' dir='ltr' id='par_1_35' title="bbox 473 1724 2447 1825">
     <span class='ocr_line' id='line_1_61' title="bbox 473 1724 1326 1775; baseline -0.005 -12"><span class='ocrx_word' id='word_1_394' title='bbox 473 1726 613 1763; x_wconf 89' lang='lat' dir='ltr'>habeat</span> <span class='ocrx_word' id='word_1_395' title='bbox 639 1737 892 1775; x_wconf 90' lang='lat' dir='ltr'>personarum</span> <span class='ocrx_word' id='word_1_396' title='bbox 921 1724 1103 1773; x_wconf 83' lang='lat' dir='ltr'>acceptio.</span> <span class='ocrx_word' id='word_1_397' title='bbox 1143 1724 1326 1760; x_wconf 84' lang='lat' dir='ltr'>Conferre</span> 
     </span>
     <span class='ocr_line' id='line_1_62' title="bbox 1353 1775 2447 1825; baseline -0.001 -12"><span class='ocrx_word' id='word_1_398' title='bbox 1353 1776 1552 1825; x_wconf 74' lang='lat' dir='ltr'>÷accepti0</span> <span class='ocrx_word' id='word_1_399' title='bbox 1591 1789 1843 1825; x_wconf 89' lang='lat' dir='ltr'>personarum</span> <span class='ocrx_word' id='word_1_400' title='bbox 1887 1784 1942 1813; x_wconf 91' lang='lat' dir='ltr'>est</span> <span class='ocrx_word' id='word_1_401' title='bbox 1979 1784 2180 1824; x_wconf 88' lang='lat' dir='ltr'>peccatum</span> <span class='ocrx_word' id='word_1_402' title='bbox 2222 1775 2447 1824; x_wconf 89' lang='lat' dir='ltr'>inquantum</span> 
     </span>
    </p>
   </div>
   <div class='ocr_carea' id='block_1_33' title="bbox 1352 1809 1357 2642">
    <p class='ocr_par' dir='ltr' id='par_1_36' title="bbox 1352 1809 1357 2642">
     <span class='ocr_line' id='line_1_63' title="bbox 1352 1809 1357 2642; baseline 0 0"><span class='ocrx_word' id='word_1_403' title='bbox 1352 1809 1357 2642; x_wconf 95' lang='lat' dir='ltr'> </span> 
     </span>
    </p>
   </div>
   <div class='ocr_carea' id='block_1_34' title="bbox 221 2680 1352 2732">
    <p class='ocr_par' dir='ltr' id='par_1_37' title="bbox 221 2675 1353 2732">
     <span class='ocr_line' id='line_1_64' title="bbox 221 2680 1352 2732; baseline -0.002 -13.932"><span class='ocrx_word' id='word_1_404' title='bbox 221 2682 420 2729; x_wconf 91' lang='lat' dir='ltr'>·bonum‚</span> <span class='ocrx_word' id='word_1_405' title='bbox 442 2694 521 2718; x_wconf 92' lang='lat' dir='ltr'>non</span> <span class='ocrx_word' id='word_1_406' title='bbox 549 2690 678 2718; x_wconf 92' lang='lat' dir='ltr'>autem</span> <span class='ocrx_word' id='word_1_407' title='bbox 699 2681 900 2730; x_wconf 91' lang='lat' dir='ltr'>requiritur</span> <span class='ocrx_word' id='word_1_408' title='bbox 927 2681 1032 2729; x_wconf 91' lang='lat' dir='ltr'>quod</span> <span class='ocrx_word' id='word_1_409' title='bbox 1053 2680 1187 2729; x_wconf 88' lang='lat' dir='ltr'>aliquis</span> <span class='ocrx_word' id='word_1_410' title='bbox 1216 2680 1327 2728; x_wconf 89' lang='lat' dir='ltr'>eligat</span> <span class='ocrx_word' id='word_1_411' title='bbox 1350 2687 1352 2732; x_wconf 75' lang='lat' dir='ltr'><strong>j</strong></span> 
     </span>
    </p>
   </div>
   <div class='ocr_carea' id='block_1_35' title="bbox 257 2733 1324 3049">
    <p class='ocr_par' dir='ltr' id='par_1_38' title="bbox 257 2733 1324 2942">
     <span class='ocr_line' id='line_1_65' title="bbox 257 2733 1324 2783; baseline -0.003 -11"><span class='ocrx_word' id='word_1_412' title='bbox 257 2734 468 2772; x_wconf 90' lang='lat' dir='ltr'>meliorem.</span> <span class='ocrx_word' id='word_1_413' title='bbox 499 2735 576 2772; x_wconf 90' lang='lat' dir='ltr'>Sed</span> <span class='ocrx_word' id='word_1_414' title='bbox 605 2735 742 2783; x_wconf 90' lang='lat' dir='ltr'>eligere</span> <span class='ocrx_word' id='word_1_415' title='bbox 771 2734 898 2772; x_wconf 88' lang='lat' dir='ltr'>minus</span> <span class='ocrx_word' id='word_1_416' title='bbox 930 2735 1077 2771; x_wconf 91' lang='lat' dir='ltr'>bonum</span> <span class='ocrx_word' id='word_1_417' title='bbox 1106 2734 1153 2770; x_wconf 91' lang='lat' dir='ltr'>ad</span> <span class='ocrx_word' id='word_1_418' title='bbox 1182 2733 1324 2782; x_wconf 87' lang='lat' dir='ltr'>aliquid</span> 
     </span>
     <span class='ocr_line' id='line_1_66' title="bbox 257 2787 1323 2837; baseline -0.002 -12"><span class='ocrx_word' id='word_1_419' title='bbox 257 2787 368 2826; x_wconf 86' lang='lat' dir='ltr'>altius</span> <span class='ocrx_word' id='word_1_420' title='bbox 395 2787 547 2825; x_wconf 88' lang='lat' dir='ltr'>videtur</span> <span class='ocrx_word' id='word_1_421' title='bbox 583 2788 632 2824; x_wconf 92' lang='lat' dir='ltr'>ad</span> <span class='ocrx_word' id='word_1_422' title='bbox 660 2788 923 2837; x_wconf 88' lang='lat' dir='ltr'>acceptionem</span> <span class='ocrx_word' id='word_1_423' title='bbox 959 2798 1212 2836; x_wconf 89' lang='lat' dir='ltr'>personarum</span> <span class='ocrx_word' id='word_1_424' title='bbox 1241 2799 1323 2835; x_wconf 91' lang='lat' dir='ltr'>per-</span> 
     </span>
     <span class='ocr_line' id='line_1_67' title="bbox 257 2840 1324 2899; baseline -0.002 -21"><span class='ocrx_word' id='word_1_425' title='bbox 257 2841 386 2878; x_wconf 90' lang='lat' dir='ltr'>tinere.</span> <span class='ocrx_word' id='word_1_426' title='bbox 418 2841 520 2888; x_wconf 87' lang='lat' dir='ltr'>Ergo</span> <span class='ocrx_word' id='word_1_427' title='bbox 541 2852 793 2888; x_wconf 89' lang='lat' dir='ltr'>personarum</span> <span class='ocrx_word' id='word_1_428' title='bbox 819 2840 990 2899; x_wconf 89' lang='lat' dir='ltr'>acceptio</span> <span class='ocrx_word' id='word_1_429' title='bbox 1015 2852 1093 2877; x_wconf 90' lang='lat' dir='ltr'>non</span> <span class='ocrx_word' id='word_1_430' title='bbox 1115 2848 1170 2876; x_wconf 92' lang='lat' dir='ltr'>est</span> <span class='ocrx_word' id='word_1_431' title='bbox 1189 2851 1324 2888; x_wconf 88' lang='lat' dir='ltr'>pecca-</span> 
     </span>
     <span class='ocr_line' id='line_1_68' title="bbox 258 2893 701 2942; baseline -0.002 -11"><span class='ocrx_word' id='word_1_432' title='bbox 258 2902 340 2931; x_wconf 89' lang='lat' dir='ltr'>tum</span> <span class='ocrx_word' id='word_1_433' title='bbox 368 2893 407 2930; x_wconf 93' lang='lat' dir='ltr'>in</span> <span class='ocrx_word' id='word_1_434' title='bbox 435 2893 701 2942; x_wconf 88' lang='lat' dir='ltr'>spiritualibus.</span> 
     </span>
    </p>

    <p class='ocr_par' dir='ltr' id='par_1_39' title="bbox 259 2944 1323 3049">
     <span class='ocr_line' id='line_1_69' title="bbox 311 2944 1323 2994; baseline -0.003 -11"><span class='ocrx_word' id='word_1_435' title='bbox 311 2958 349 2994; x_wconf 93' lang='lat'>4.</span> <span class='ocrx_word' id='word_1_436' title='bbox 371 2947 604 2994; x_wconf 77' lang='lat' dir='ltr'>PRAETEREA,</span> <span class='ocrx_word' id='word_1_437' title='bbox 626 2946 838 2983; x_wconf 91' lang='lat' dir='ltr'>secundum</span> <span class='ocrx_word' id='word_1_438' title='bbox 858 2953 993 2982; x_wconf 89' lang='lat' dir='ltr'>statuta</span> <span class='ocrx_word' id='word_1_439' title='bbox 1013 2944 1241 2981; x_wconf 78' lang='lat' dir='ltr'>Ecclesiae*</span> <span class='ocrx_word' id='word_1_440' title='bbox 1261 2945 1323 2980; x_wconf 90' lang='lat' dir='ltr'>eli-</span> 
     </span>
     <span class='ocr_line' id='line_1_70' title="bbox 259 2997 1323 3049; baseline -0.004 -12"><span class='ocrx_word' id='word_1_441' title='bbox 259 3000 406 3049; x_wconf 90' lang='lat' dir='ltr'>gendus</span> <span class='ocrx_word' id='word_1_442' title='bbox 436 3007 491 3036; x_wconf 91' lang='lat' dir='ltr'>est</span> <span class='ocrx_word' id='word_1_443' title='bbox 518 2999 650 3048; x_wconf 91' lang='lat' dir='ltr'>aliquis</span> <span class='ocrx_word' id='word_1_444' title='bbox 678 3000 724 3036; x_wconf 86' lang='lat' dir='ltr'>de</span> <span class='ocrx_word' id='word_1_445' title='bbox 749 2999 897 3048; x_wconf 82' lang='lat' dir='ltr'>gremio</span> <span class='ocrx_word' id='word_1_446' title='bbox 925 2998 1113 3035; x_wconf 82' lang='lat' dir='ltr'>ecclesiae.</span> <span class='ocrx_word' id='word_1_447' title='bbox 1144 2997 1221 3034; x_wconf 89' lang='lat' dir='ltr'>Sed</span> <span class='ocrx_word' id='word_1_448' title='bbox 1249 2998 1323 3034; x_wconf 90' lang='lat' dir='ltr'>hoc</span> 
     </span>
    </p>
   </div>
   <div class='ocr_carea' id='block_1_36' title="bbox 257 3050 1351 3157">
    <p class='ocr_par' dir='ltr' id='par_1_40' title="bbox 257 3050 1351 3157">
     <span class='ocr_line' id='line_1_71' title="bbox 257 3050 1351 3111; baseline -0.004 -21"><span class='ocrx_word' id='word_1_449' title='bbox 257 3052 411 3091; x_wconf 86' lang='lat' dir='ltr'>videtur</span> <span class='ocrx_word' id='word_1_450' title='bbox 447 3053 496 3090; x_wconf 88' lang='lat' dir='ltr'>ad</span> <span class='ocrx_word' id='word_1_451' title='bbox 524 3052 787 3102; x_wconf 89' lang='lat' dir='ltr'>acceptionem</span> <span class='ocrx_word' id='word_1_452' title='bbox 825 3063 1077 3111; x_wconf 83' lang='lat' dir='ltr'>personarum</span> <span class='ocrx_word' id='word_1_453' title='bbox 1114 3050 1322 3099; x_wconf 89' lang='lat' dir='ltr'>pertinere:</span> <span class='ocrx_word' id='word_1_454' title='bbox 1349 3093 1351 3099; x_wconf 16' lang='grc' dir='ltr'><em>Α</em></span> 
     </span>
     <span class='ocr_line' id='line_1_72' title="bbox 259 3103 1351 3157; baseline -0.004 -14"><span class='ocrx_word' id='word_1_455' title='bbox 259 3105 348 3157; x_wconf 88' lang='lat' dir='ltr'>quia</span> <span class='ocrx_word' id='word_1_456' title='bbox 365 3105 598 3156; x_wconf 90' lang='lat' dir='ltr'>quandoque</span> <span class='ocrx_word' id='word_1_457' title='bbox 626 3105 914 3143; x_wconf 87' lang='lat' dir='ltr'>sufficientiores</span> <span class='ocrx_word' id='word_1_458' title='bbox 938 3105 1026 3142; x_wconf 89' lang='lat' dir='ltr'>alibi</span> <span class='ocrx_word' id='word_1_459' title='bbox 1053 3103 1322 3141; x_wconf 88' lang='lat' dir='ltr'>invenirentur.</span> <span class='ocrx_word' id='word_1_460' title='bbox 1349 3128 1351 3146; x_wconf 48' lang='lat'><strong><em>2</em></strong></span> 
     </span>
    </p>
   </div>
   <div class='ocr_carea' id='block_1_37' title="bbox 260 3156 1326 3367">
    <p class='ocr_par' dir='ltr' id='par_1_41' title="bbox 260 3156 1323 3263">
     <span class='ocr_line' id='line_1_73' title="bbox 260 3156 1323 3207; baseline -0.002 -12"><span class='ocrx_word' id='word_1_461' title='bbox 260 3160 363 3207; x_wconf 87' lang='lat' dir='ltr'>Ergo</span> <span class='ocrx_word' id='word_1_462' title='bbox 391 3170 644 3207; x_wconf 89' lang='lat' dir='ltr'>personarum</span> <span class='ocrx_word' id='word_1_463' title='bbox 673 3158 843 3207; x_wconf 88' lang='lat' dir='ltr'>acceptio</span> <span class='ocrx_word' id='word_1_464' title='bbox 873 3170 952 3195; x_wconf 90' lang='lat' dir='ltr'>non</span> <span class='ocrx_word' id='word_1_465' title='bbox 982 3165 1036 3195; x_wconf 90' lang='lat' dir='ltr'>est</span> <span class='ocrx_word' id='word_1_466' title='bbox 1063 3164 1264 3206; x_wconf 90' lang='lat' dir='ltr'>peccatum</span> <span class='ocrx_word' id='word_1_467' title='bbox 1285 3156 1323 3193; x_wconf 92' lang='lat' dir='ltr'>in</span> 
     </span>
     <span class='ocr_line' id='line_1_74' title="bbox 260 3211 526 3263; baseline -0.008 -13"><span class='ocrx_word' id='word_1_468' title='bbox 260 3211 526 3263; x_wconf 86' lang='lat' dir='ltr'>spiritualibus.</span> 
     </span>
    </p>

    <p class='ocr_par' dir='ltr' id='par_1_42' title="bbox 260 3262 1324 3367">
     <span class='ocr_line' id='line_1_75' title="bbox 315 3262 1324 3314; baseline -0.003 -12"><span class='ocrx_word' id='word_1_469' title='bbox 315 3265 389 3302; x_wconf 76' lang='lat' dir='ltr'>SED</span> <span class='ocrx_word' id='word_1_470' title='bbox 420 3275 565 3302; x_wconf 74' lang='lat' dir='ltr'>CONTRA</span> <span class='ocrx_word' id='word_1_471' title='bbox 593 3276 660 3302; x_wconf 84' lang='lat' dir='ltr'>Es&#39;r</span> <span class='ocrx_word' id='word_1_472' title='bbox 691 3265 796 3314; x_wconf 83' lang='lat' dir='ltr'>quod</span> <span class='ocrx_word' id='word_1_473' title='bbox 831 3264 966 3302; x_wconf 91' lang='lat' dir='ltr'>dicitur</span> <span class='ocrx_word' id='word_1_474' title='bbox 993 3265 1065 3300; x_wconf 90' lang='lat' dir='ltr'>Iac.</span> <span class='ocrx_word' id='word_1_475' title='bbox 1087 3275 1110 3300; x_wconf 88' lang='lat'>11</span> <span class='ocrx_word' id='word_1_476' title='bbox 1128 3262 1166 3299; x_wconf 74' lang='grc' dir='ltr'>*ε</span> <span class='ocrx_word' id='word_1_477' title='bbox 1195 3263 1324 3301; x_wconf 88' lang='lat' dir='ltr'>Nolite</span> 
     </span>
     <span class='ocr_line' id='line_1_76' title="bbox 260 3316 1326 3367; baseline -0.003 -12"><span class='ocrx_word' id='word_1_478' title='bbox 260 3319 298 3355; x_wconf 89' lang='lat' dir='ltr'>in</span> <span class='ocrx_word' id='word_1_479' title='bbox 322 3329 577 3367; x_wconf 84' lang='lat' dir='ltr'>personarum</span> <span class='ocrx_word' id='word_1_480' title='bbox 612 3319 826 3366; x_wconf 84' lang='lat' dir='ltr'>acceptione</span> <span class='ocrx_word' id='word_1_481' title='bbox 853 3318 993 3355; x_wconf 81' lang='lat' dir='ltr'>hahere</span> <span class='ocrx_word' id='word_1_482' title='bbox 1015 3317 1138 3365; x_wconf 85' lang='lat' dir='ltr'>fidem</span> <span class='ocrx_word' id='word_1_483' title='bbox 1167 3316 1326 3353; x_wconf 89' lang='lat' dir='ltr'>Domini</span> 
     </span>
    </p>
   </div>
   <div class='ocr_carea' id='block_1_38' title="bbox 227 3369 1322 3418">
    <p class='ocr_par' dir='ltr' id='par_1_43' title="bbox 227 3369 1322 3418">
     <span class='ocr_line' id='line_1_77' title="bbox 227 3369 1322 3418; baseline -0.002 -10"><span class='ocrx_word' id='word_1_484' title='bbox 227 3394 232 3400; x_wconf 93' lang='lat'><em>·</em></span> <span class='ocrx_word' id='word_1_485' title='bbox 261 3372 380 3408; x_wconf 82' lang='lat' dir='ltr'>nostri</span> <span class='ocrx_word' id='word_1_486' title='bbox 409 3372 496 3408; x_wconf 84' lang='lat' dir='ltr'>Iesu</span> <span class='ocrx_word' id='word_1_487' title='bbox 530 3370 676 3407; x_wconf 86' lang='lat' dir='ltr'>Christi.</span> <span class='ocrx_word' id='word_1_488' title='bbox 711 3370 786 3408; x_wconf 92' lang='lat' dir='ltr'>Ubi</span> <span class='ocrx_word' id='word_1_489' title='bbox 811 3370 899 3407; x_wconf 88' lang='lat' dir='ltr'>dicit</span> <span class='ocrx_word' id='word_1_490' title='bbox 923 3371 1060 3408; x_wconf 89' lang='lat' dir='ltr'>Glossa</span> <span class='ocrx_word' id='word_1_491' title='bbox 1074 3369 1322 3418; x_wconf 79' lang='lat' dir='ltr'>Augustini*:</span> 
     </span>
    </p>
   </div>
   <div class='ocr_carea' id='block_1_39' title="bbox 264 3422 1323 3472">
    <p class='ocr_par' dir='ltr' id='par_1_44' title="bbox 264 3422 1323 3472">
     <span class='ocr_line' id='line_1_78' title="bbox 264 3422 1323 3472; baseline -0.002 -11"><span class='ocrx_word' id='word_1_492' title='bbox 264 3423 356 3467; x_wconf 86' lang='lat' dir='ltr'>Quis</span> <span class='ocrx_word' id='word_1_493' title='bbox 368 3425 475 3472; x_wconf 87' lang='lat' dir='ltr'>ferat</span> <span class='ocrx_word' id='word_1_494' title='bbox 497 3423 532 3460; x_wconf 84' lang='lat' dir='ltr'>si</span> <span class='ocrx_word' id='word_1_495' title='bbox 557 3423 639 3472; x_wconf 81' lang='lat' dir='ltr'>quis</span> <span class='ocrx_word' id='word_1_496' title='bbox 657 3423 806 3460; x_wconf 83' lang='lat' dir='ltr'>divitem</span> <span class='ocrx_word' id='word_1_497' title='bbox 835 3422 952 3472; x_wconf 83' lang='lat' dir='ltr'>eligat</span> <span class='ocrx_word' id='word_1_498' title='bbox 977 3423 1029 3460; x_wconf 86' lang='lat' dir='ltr'>ad</span> <span class='ocrx_word' id='word_1_499' title='bbox 1054 3423 1178 3459; x_wconf 87' lang='lat' dir='ltr'>sedem</span> <span class='ocrx_word' id='word_1_500' title='bbox 1207 3423 1323 3459; x_wconf 83' lang='lat' dir='ltr'>hono-</span> 
     </span>
    </p>
   </div>
   <div class='ocr_carea' id='block_1_40' title="bbox 1349 2735 1353 2763">
    <p class='ocr_par' dir='ltr' id='par_1_45' title="bbox 1349 2735 1353 2763">
     <span class='ocr_line' id='line_1_79' title="bbox 1349 2735 1353 2763; baseline 0 0"><span class='ocrx_word' id='word_1_501' title='bbox 1349 2735 1353 2763; x_wconf 77' lang='lat' dir='ltr'>i</span> 
     </span>
    </p>
   </div>
   <div class='ocr_carea' id='block_1_41' title="bbox 1349 2767 1352 2800">
    <p class='ocr_par' dir='ltr' id='par_1_46' title="bbox 1349 2767 1352 2800">
     <span class='ocr_line' id='line_1_80' title="bbox 1349 2767 1352 2800; baseline 0 0"><span class='ocrx_word' id='word_1_502' title='bbox 1349 2767 1352 2800; x_wconf 95' lang='grc'>1</span> 
     </span>
    </p>
   </div>
   <div class='ocr_carea' id='block_1_42' title="bbox 1435 1722 2447 1771">
    <p class='ocr_par' dir='ltr' id='par_1_47' title="bbox 1435 1722 2447 1771">
     <span class='ocr_line' id='line_1_81' title="bbox 1435 1722 2447 1771; baseline -0.001 -11"><span class='ocrx_word' id='word_1_503' title='bbox 1435 1724 1662 1760; x_wconf 74' lang='grc' dir='ltr'>ΒΕεΡοΝοΕο</span> <span class='ocrx_word' id='word_1_504' title='bbox 1691 1735 1877 1760; x_wconf 84' lang='lat' dir='ltr'>DICENDUM</span> <span class='ocrx_word' id='word_1_505' title='bbox 1905 1723 2022 1771; x_wconf 85' lang='lat' dir='ltr'>quod,</span> <span class='ocrx_word' id='word_1_506' title='bbox 2045 1723 2139 1759; x_wconf 85' lang='lat' dir='ltr'>sicut</span> <span class='ocrx_word' id='word_1_507' title='bbox 2168 1722 2310 1759; x_wconf 88' lang='lat' dir='ltr'>dictum</span> <span class='ocrx_word' id='word_1_508' title='bbox 2341 1731 2397 1760; x_wconf 89' lang='lat' dir='ltr'>est</span> <span class='ocrx_word' id='word_1_509' title='bbox 2415 1723 2447 1770; x_wconf 81' lang='grc'>*,</span> 
     </span>
    </p>
   </div>
   <div class='ocr_carea' id='block_1_43' title="bbox 1382 1829 2450 2091">
    <p class='ocr_par' dir='ltr' id='par_1_48' title="bbox 1382 1829 2450 2091">
     <span class='ocr_line' id='line_1_82' title="bbox 1383 1829 2448 1876; baseline -0.001 -10"><span class='ocrx_word' id='word_1_510' title='bbox 1383 1830 1632 1866; x_wconf 88' lang='lat' dir='ltr'>contrariatur</span> <span class='ocrx_word' id='word_1_511' title='bbox 1650 1829 1822 1866; x_wconf 91' lang='lat' dir='ltr'>iustitiae.</span> <span class='ocrx_word' id='word_1_512' title='bbox 1853 1829 2008 1876; x_wconf 92' lang='lat' dir='ltr'>Quanto</span> <span class='ocrx_word' id='word_1_513' title='bbox 2030 1837 2158 1866; x_wconf 91' lang='lat' dir='ltr'>autem</span> <span class='ocrx_word' id='word_1_514' title='bbox 2177 1829 2215 1865; x_wconf 90' lang='lat' dir='ltr'>in</span> <span class='ocrx_word' id='word_1_515' title='bbox 2241 1829 2448 1866; x_wconf 90' lang='lat' dir='ltr'>maioribus</span> 
     </span>
     <span class='ocr_line' id='line_1_83' title="bbox 1383 1882 2450 1932; baseline -0.001 -13"><span class='ocrx_word' id='word_1_516' title='bbox 1383 1882 1517 1932; x_wconf 87' lang='lat' dir='ltr'>aliquis</span> <span class='ocrx_word' id='word_1_517' title='bbox 1545 1883 1723 1919; x_wconf 89' lang='lat' dir='ltr'>iustitiam</span> <span class='ocrx_word' id='word_1_518' title='bbox 1751 1882 2034 1930; x_wconf 88' lang='lat' dir='ltr'>transgreditur,</span> <span class='ocrx_word' id='word_1_519' title='bbox 2055 1890 2160 1919; x_wconf 90' lang='lat' dir='ltr'>tanto</span> <span class='ocrx_word' id='word_1_520' title='bbox 2189 1882 2342 1930; x_wconf 88' lang='lat' dir='ltr'>gravius</span> <span class='ocrx_word' id='word_1_521' title='bbox 2361 1895 2450 1930; x_wconf 89' lang='lat' dir='ltr'>pec-</span> 
     </span>
     <span class='ocr_line' id='line_1_84' title="bbox 1383 1935 2449 1995; baseline -0.001 -23"><span class='ocrx_word' id='word_1_522' title='bbox 1383 1943 1453 1972; x_wconf 90' lang='lat' dir='ltr'>cat.</span> <span class='ocrx_word' id='word_1_523' title='bbox 1483 1936 1595 1973; x_wconf 91' lang='lat' dir='ltr'>Unde</span> <span class='ocrx_word' id='word_1_524' title='bbox 1625 1948 1712 1973; x_wconf 90' lang='lat' dir='ltr'>curn</span> <span class='ocrx_word' id='word_1_525' title='bbox 1742 1935 1947 1984; x_wconf 88' lang='lat' dir='ltr'>spiritualia</span> <span class='ocrx_word' id='word_1_526' title='bbox 1975 1935 2047 1972; x_wconf 91' lang='lat' dir='ltr'>sint</span> <span class='ocrx_word' id='word_1_527' title='bbox 2079 1935 2355 1995; x_wconf 91' lang='lat' dir='ltr'>temporalibus</span> <span class='ocrx_word' id='word_1_528' title='bbox 2379 1947 2449 1995; x_wconf 82' lang='lat' dir='ltr'>po-</span> 
     </span>
     <span class='ocr_line' id='line_1_85' title="bbox 1382 1988 2447 2047; baseline -0.001 -22"><span class='ocrx_word' id='word_1_529' title='bbox 1382 1988 1490 2036; x_wconf 89' lang='lat' dir='ltr'>tiora,</span> <span class='ocrx_word' id='word_1_530' title='bbox 1511 1988 1664 2036; x_wconf 82' lang='lat' dir='ltr'>gravius</span> <span class='ocrx_word' id='word_1_531' title='bbox 1692 1996 1892 2038; x_wconf 90' lang='lat' dir='ltr'>peccatum</span> <span class='ocrx_word' id='word_1_532' title='bbox 1923 1997 1978 2025; x_wconf 90' lang='lat' dir='ltr'>est</span> <span class='ocrx_word' id='word_1_533' title='bbox 2006 2000 2189 2047; x_wconf 81' lang='lat' dir='ltr'>personas</span> <span class='ocrx_word' id='word_1_534' title='bbox 2218 1988 2388 2036; x_wconf 91' lang='lat' dir='ltr'>accipere</span> <span class='ocrx_word' id='word_1_535' title='bbox 2409 1989 2447 2025; x_wconf 91' lang='lat' dir='ltr'>in</span> 
     </span>
     <span class='ocr_line' id='line_1_86' title="bbox 1383 2041 2446 2091; baseline -0.002 -12"><span class='ocrx_word' id='word_1_536' title='bbox 1383 2042 1666 2090; x_wconf 91' lang='lat' dir='ltr'>dispensatione</span> <span class='ocrx_word' id='word_1_537' title='bbox 1686 2041 1934 2091; x_wconf 90' lang='lat' dir='ltr'>spiritualium</span> <span class='ocrx_word' id='word_1_538' title='bbox 1955 2054 2071 2090; x_wconf 88' lang='lat' dir='ltr'>quarn</span> <span class='ocrx_word' id='word_1_539' title='bbox 2100 2041 2139 2078; x_wconf 90' lang='lat' dir='ltr'>in</span> <span class='ocrx_word' id='word_1_540' title='bbox 2164 2041 2446 2089; x_wconf 87' lang='lat' dir='ltr'>dispensatione</span> 
     </span>
    </p>
   </div>
   <div class='ocr_carea' id='block_1_44' title="bbox 1381 2095 2448 2197">
    <p class='ocr_par' dir='ltr' id='par_1_49' title="bbox 1381 2095 2448 2197">
     <span class='ocr_line' id='line_1_87' title="bbox 1381 2095 1664 2144; baseline 0 -12"><span class='ocrx_word' id='word_1_541' title='bbox 1381 2095 1664 2144; x_wconf 88' lang='lat' dir='ltr'>temporalium.</span> 
     </span>
     <span class='ocr_line' id='line_1_88' title="bbox 1435 2147 2448 2197; baseline -0.001 -12"><span class='ocrx_word' id='word_1_542' title='bbox 1435 2149 1484 2185; x_wconf 93' lang='lat' dir='ltr'>Et</span> <span class='ocrx_word' id='word_1_543' title='bbox 1512 2148 1600 2197; x_wconf 92' lang='lat' dir='ltr'>quia</span> <span class='ocrx_word' id='word_1_544' title='bbox 1626 2160 1876 2197; x_wconf 86' lang='lat' dir='ltr'>personarum</span> <span class='ocrx_word' id='word_1_545' title='bbox 1907 2147 2075 2196; x_wconf 90' lang='lat' dir='ltr'>acceptio</span> <span class='ocrx_word' id='word_1_546' title='bbox 2106 2155 2161 2183; x_wconf 92' lang='lat' dir='ltr'>est</span> <span class='ocrx_word' id='word_1_547' title='bbox 2190 2158 2278 2183; x_wconf 91' lang='lat' dir='ltr'>cum</span> <span class='ocrx_word' id='word_1_548' title='bbox 2307 2147 2448 2195; x_wconf 91' lang='lat' dir='ltr'>aliquid</span> 
     </span>
    </p>
   </div>
   <div class='ocr_carea' id='block_1_45' title="bbox 1381 2199 2447 2250">
    <p class='ocr_par' dir='ltr' id='par_1_50' title="bbox 1381 2199 2447 2250">
     <span class='ocr_line' id='line_1_89' title="bbox 1381 2199 2447 2250; baseline -0.001 -12"><span class='ocrx_word' id='word_1_549' title='bbox 1381 2213 1569 2250; x_wconf 89' lang='lat' dir='ltr'>personae</span> <span class='ocrx_word' id='word_1_550' title='bbox 1589 2201 1800 2238; x_wconf 88' lang='lat' dir='ltr'>attribuitur</span> <span class='ocrx_word' id='word_1_551' title='bbox 1814 2208 1963 2249; x_wconf 87' lang='lat' dir='ltr'>praeter</span> <span class='ocrx_word' id='word_1_552' title='bbox 1979 2200 2268 2249; x_wconf 92' lang='lat' dir='ltr'>proportionem</span> <span class='ocrx_word' id='word_1_553' title='bbox 2290 2199 2447 2247; x_wconf 89' lang='lat' dir='ltr'>dignita-</span> 
     </span>
    </p>
   </div>
   <div class='ocr_carea' id='block_1_46' title="bbox 1353 2252 2447 2303">
    <p class='ocr_par' dir='ltr' id='par_1_51' title="bbox 1353 2252 2447 2303">
     <span class='ocr_line' id='line_1_90' title="bbox 1353 2252 2447 2303; baseline -0.001 -12"><span class='ocrx_word' id='word_1_554' title='bbox 1353 2260 1355 2287; x_wconf 57' lang='grc' dir='ltr'>ἴ</span> <span class='ocrx_word' id='word_1_555' title='bbox 1379 2254 1425 2291; x_wconf 92' lang='lat' dir='ltr'>tis</span> <span class='ocrx_word' id='word_1_556' title='bbox 1439 2254 1569 2303; x_wconf 91' lang='lat' dir='ltr'>ipsius,</span> <span class='ocrx_word' id='word_1_557' title='bbox 1589 2253 1829 2291; x_wconf 91' lang='lat' dir='ltr'>considerare</span> <span class='ocrx_word' id='word_1_558' title='bbox 1851 2261 2003 2302; x_wconf 90' lang='lat' dir='ltr'>oportet</span> <span class='ocrx_word' id='word_1_559' title='bbox 2021 2253 2126 2302; x_wconf 93' lang='lat' dir='ltr'>quod</span> <span class='ocrx_word' id='word_1_560' title='bbox 2150 2252 2311 2300; x_wconf 86' lang='lat' dir='ltr'>dignitas</span> <span class='ocrx_word' id='word_1_561' title='bbox 2333 2253 2447 2290; x_wconf 90' lang='lat' dir='ltr'>alicu-</span> 
     </span>
    </p>
   </div>
   <div class='ocr_carea' id='block_1_47' title="bbox 1381 2305 2445 2356">
    <p class='ocr_par' dir='ltr' id='par_1_52' title="bbox 1381 2305 2445 2356">
     <span class='ocr_line' id='line_1_91' title="bbox 1381 2305 2445 2356; baseline -0.002 -12"><span class='ocrx_word' id='word_1_562' title='bbox 1381 2307 1439 2344; x_wconf 91' lang='lat' dir='ltr'>ius</span> <span class='ocrx_word' id='word_1_563' title='bbox 1458 2316 1645 2356; x_wconf 83' lang='lat' dir='ltr'>personae</span> <span class='ocrx_word' id='word_1_564' title='bbox 1665 2314 1791 2356; x_wconf 89' lang='lat' dir='ltr'>potest</span> <span class='ocrx_word' id='word_1_565' title='bbox 1805 2307 1946 2344; x_wconf 92' lang='lat' dir='ltr'>attendi</span> <span class='ocrx_word' id='word_1_566' title='bbox 1967 2306 2177 2355; x_wconf 91' lang='lat' dir='ltr'>dupliciter.</span> <span class='ocrx_word' id='word_1_567' title='bbox 2203 2305 2290 2343; x_wconf 92' lang='lat' dir='ltr'>Uno</span> <span class='ocrx_word' id='word_1_568' title='bbox 2313 2307 2445 2353; x_wconf 92' lang='lat' dir='ltr'>modo,</span> 
     </span>
    </p>
   </div>
   <div class='ocr_carea' id='block_1_48' title="bbox 1352 2358 2447 2409">
    <p class='ocr_par' dir='ltr' id='par_1_53' title="bbox 1352 2358 2447 2409">
     <span class='ocr_line' id='line_1_92' title="bbox 1352 2358 2447 2409; baseline -0.001 -12"><span class='ocrx_word' id='word_1_569' title='bbox 1352 2380 1354 2392; x_wconf 74' lang='grc' dir='ltr'>ι</span> <span class='ocrx_word' id='word_1_570' title='bbox 1381 2360 1600 2409; x_wconf 89' lang='lat' dir='ltr'>simpliciter</span> <span class='ocrx_word' id='word_1_571' title='bbox 1628 2369 1664 2397; x_wconf 91' lang='lat' dir='ltr'>et</span> <span class='ocrx_word' id='word_1_572' title='bbox 1689 2360 1902 2397; x_wconf 89' lang='lat' dir='ltr'>secundum</span> <span class='ocrx_word' id='word_1_573' title='bbox 1923 2372 1980 2396; x_wconf 90' lang='lat' dir='ltr'>se:</span> <span class='ocrx_word' id='word_1_574' title='bbox 2012 2367 2047 2396; x_wconf 88' lang='lat' dir='ltr'>et</span> <span class='ocrx_word' id='word_1_575' title='bbox 2075 2359 2128 2396; x_wconf 91' lang='lat' dir='ltr'>sic</span> <span class='ocrx_word' id='word_1_576' title='bbox 2146 2358 2301 2395; x_wconf 89' lang='lat' dir='ltr'>maioris</span> <span class='ocrx_word' id='word_1_577' title='bbox 2329 2359 2447 2407; x_wconf 90' lang='lat' dir='ltr'>digni-</span> 
     </span>
    </p>
   </div>
   <div class='ocr_carea' id='block_1_49' title="bbox 1380 2411 2446 2566">
    <p class='ocr_par' dir='ltr' id='par_1_54' title="bbox 1380 2411 2446 2566">
     <span class='ocr_line' id='line_1_93' title="bbox 1381 2411 2446 2461; baseline -0.001 -11"><span class='ocrx_word' id='word_1_578' title='bbox 1381 2414 1464 2450; x_wconf 91' lang='lat' dir='ltr'>tatis</span> <span class='ocrx_word' id='word_1_579' title='bbox 1494 2422 1549 2450; x_wconf 91' lang='lat' dir='ltr'>est</span> <span class='ocrx_word' id='word_1_580' title='bbox 1585 2414 1645 2450; x_wconf 91' lang='lat' dir='ltr'>ille</span> <span class='ocrx_word' id='word_1_581' title='bbox 1674 2413 1739 2461; x_wconf 90' lang='lat' dir='ltr'>qui</span> <span class='ocrx_word' id='word_1_582' title='bbox 1776 2413 1896 2460; x_wconf 90' lang='lat' dir='ltr'>magis</span> <span class='ocrx_word' id='word_1_583' title='bbox 1929 2412 2098 2449; x_wconf 86' lang='lat' dir='ltr'>abundat</span> <span class='ocrx_word' id='word_1_584' title='bbox 2126 2412 2164 2448; x_wconf 92' lang='lat' dir='ltr'>in</span> <span class='ocrx_word' id='word_1_585' title='bbox 2193 2411 2446 2460; x_wconf 90' lang='lat' dir='ltr'>spiritualibus</span> 
     </span>
     <span class='ocr_line' id='line_1_94' title="bbox 1380 2464 2445 2524; baseline 0 -21"><span class='ocrx_word' id='word_1_586' title='bbox 1380 2467 1519 2515; x_wconf 89' lang='lat' dir='ltr'>gratiae</span> <span class='ocrx_word' id='word_1_587' title='bbox 1541 2466 1663 2503; x_wconf 90' lang='lat' dir='ltr'>donis.</span> <span class='ocrx_word' id='word_1_588' title='bbox 1693 2466 1778 2502; x_wconf 91' lang='lat' dir='ltr'>Alio</span> <span class='ocrx_word' id='word_1_589' title='bbox 1800 2466 1931 2512; x_wconf 93' lang='lat' dir='ltr'>modo,</span> <span class='ocrx_word' id='word_1_590' title='bbox 1951 2477 2021 2524; x_wconf 51' lang='lat' dir='ltr'>pes</span> <span class='ocrx_word' id='word_1_591' title='bbox 2049 2464 2375 2524; x_wconf 83' lang='lat' dir='ltr'>comparationem</span> <span class='ocrx_word' id='word_1_592' title='bbox 2397 2467 2445 2503; x_wconf 91' lang='lat' dir='ltr'>ad</span> 
     </span>
     <span class='ocr_line' id='line_1_95' title="bbox 1381 2518 2443 2566; baseline -0.002 -10"><span class='ocrx_word' id='word_1_593' title='bbox 1381 2521 1527 2556; x_wconf 89' lang='lat' dir='ltr'>bonurn</span> <span class='ocrx_word' id='word_1_594' title='bbox 1571 2531 1798 2556; x_wconf 90' lang='lat' dir='ltr'>commune:</span> <span class='ocrx_word' id='word_1_595' title='bbox 1843 2518 2025 2566; x_wconf 87' lang='lat' dir='ltr'>contingit</span> <span class='ocrx_word' id='word_1_596' title='bbox 2067 2518 2168 2555; x_wconf 91' lang='lat' dir='ltr'>enim</span> <span class='ocrx_word' id='word_1_597' title='bbox 2213 2519 2443 2566; x_wconf 90' lang='lat' dir='ltr'>quandoque</span> 
     </span>
    </p>
   </div>
   <div class='ocr_carea' id='block_1_50' title="bbox 1378 2624 2443 2781">
    <p class='ocr_par' dir='ltr' id='par_1_55' title="bbox 1378 2624 2443 2781">
     <span class='ocr_line' id='line_1_96' title="bbox 1380 2624 2443 2675; baseline -0.003 -12"><span class='ocrx_word' id='word_1_598' title='bbox 1380 2634 1505 2675; x_wconf 90' lang='lat' dir='ltr'>potest</span> <span class='ocrx_word' id='word_1_599' title='bbox 1519 2626 1644 2662; x_wconf 89' lang='lat' dir='ltr'>maius</span> <span class='ocrx_word' id='word_1_600' title='bbox 1659 2624 1674 2654; x_wconf 76' lang='grc' dir='ltr'>β</span> <span class='ocrx_word' id='word_1_601' title='bbox 1694 2626 1865 2662; x_wconf 89' lang='lat' dir='ltr'>conferre</span> <span class='ocrx_word' id='word_1_602' title='bbox 1887 2626 1934 2662; x_wconf 90' lang='lat' dir='ltr'>ad</span> <span class='ocrx_word' id='word_1_603' title='bbox 1955 2626 2100 2661; x_wconf 91' lang='lat' dir='ltr'>bonum</span> <span class='ocrx_word' id='word_1_604' title='bbox 2118 2636 2339 2672; x_wconf 90' lang='lat' dir='ltr'>commune,</span> <span class='ocrx_word' id='word_1_605' title='bbox 2357 2637 2443 2673; x_wconf 86' lang='lat' dir='ltr'>pro-</span> 
     </span>
     <span class='ocr_line' id='line_1_97' title="bbox 1379 2678 2443 2728; baseline -0.003 -12"><span class='ocrx_word' id='word_1_606' title='bbox 1379 2687 1462 2728; x_wconf 90' lang='lat' dir='ltr'>pter</span> <span class='ocrx_word' id='word_1_607' title='bbox 1489 2679 1699 2728; x_wconf 90' lang='lat' dir='ltr'>potentiam</span> <span class='ocrx_word' id='word_1_608' title='bbox 1740 2679 1801 2714; x_wconf 91' lang='lat' dir='ltr'>vel</span> <span class='ocrx_word' id='word_1_609' title='bbox 1835 2678 2056 2715; x_wconf 89' lang='lat' dir='ltr'>industriam</span> <span class='ocrx_word' id='word_1_610' title='bbox 2090 2678 2345 2723; x_wconf 89' lang='lat' dir='ltr'>saecularem,</span> <span class='ocrx_word' id='word_1_611' title='bbox 2380 2679 2443 2714; x_wconf 89' lang='lat' dir='ltr'>vel</span> 
     </span>
     <span class='ocr_line' id='line_1_98' title="bbox 1378 2730 2442 2781; baseline -0.003 -12"><span class='ocrx_word' id='word_1_612' title='bbox 1378 2740 1535 2781; x_wconf 92' lang='lat' dir='ltr'>propter</span> <span class='ocrx_word' id='word_1_613' title='bbox 1554 2731 1695 2779; x_wconf 88' lang='lat' dir='ltr'>aliquid</span> <span class='ocrx_word' id='word_1_614' title='bbox 1715 2731 1944 2767; x_wconf 92' lang='lat' dir='ltr'>huiusmodi.</span> <span class='ocrx_word' id='word_1_615' title='bbox 1967 2732 2016 2767; x_wconf 87' lang='lat' dir='ltr'>Et</span> <span class='ocrx_word' id='word_1_616' title='bbox 2035 2730 2122 2779; x_wconf 89' lang='lat' dir='ltr'>quia</span> <span class='ocrx_word' id='word_1_617' title='bbox 2143 2730 2442 2778; x_wconf 89' lang='lat' dir='ltr'>dispensationes</span> 
     </span>
    </p>
   </div>
   <div class='ocr_carea' id='block_1_51' title="bbox 1350 2783 2441 2835">
    <p class='ocr_par' dir='ltr' id='par_1_56' title="bbox 1350 2783 2441 2835">
     <span class='ocr_line' id='line_1_99' title="bbox 1350 2783 2441 2835; baseline -0.003 -13"><span class='ocrx_word' id='word_1_618' title='bbox 1350 2801 1352 2809; x_wconf 81' lang='grc'><em>·</em></span> <span class='ocrx_word' id='word_1_619' title='bbox 1379 2785 1629 2835; x_wconf 88' lang='lat' dir='ltr'>spiritualium</span> <span class='ocrx_word' id='word_1_620' title='bbox 1658 2784 1900 2833; x_wconf 87' lang='lat' dir='ltr'>principalius</span> <span class='ocrx_word' id='word_1_621' title='bbox 1929 2784 2152 2820; x_wconf 90' lang='lat' dir='ltr'>ordinantur</span> <span class='ocrx_word' id='word_1_622' title='bbox 2171 2785 2218 2820; x_wconf 93' lang='lat' dir='ltr'>ad</span> <span class='ocrx_word' id='word_1_623' title='bbox 2245 2783 2441 2820; x_wconf 88' lang='lat' dir='ltr'>utilitatem</span> 
     </span>
    </p>
   </div>
   <div class='ocr_carea' id='block_1_52' title="bbox 1380 2836 2440 2884">
    <p class='ocr_par' dir='ltr' id='par_1_57' title="bbox 1380 2836 2440 2884">
     <span class='ocr_line' id='line_1_100' title="bbox 1380 2836 2440 2884; baseline -0.003 -9"><span class='ocrx_word' id='word_1_624' title='bbox 1380 2850 1642 2884; x_wconf 90' lang='lat' dir='ltr'>communem,</span> <span class='ocrx_word' id='word_1_625' title='bbox 1660 2836 1873 2874; x_wconf 92' lang='lat' dir='ltr'>secundum</span> <span class='ocrx_word' id='word_1_626' title='bbox 1893 2836 1984 2873; x_wconf 92' lang='lat' dir='ltr'>illud</span> <span class='ocrx_word' id='word_1_627' title='bbox 2006 2837 2087 2872; x_wconf 85' lang='lat' dir='ltr'>lad</span> <span class='ocrx_word' id='word_1_628' title='bbox 2104 2837 2190 2872; x_wconf 91' lang='lat' dir='ltr'>Cor.</span> <span class='ocrx_word' id='word_1_629' title='bbox 2210 2847 2258 2872; x_wconf 79' lang='grc' dir='ltr'>ΧΠ</span> <span class='ocrx_word' id='word_1_630' title='bbox 2278 2836 2318 2871; x_wconf 74' lang='lat' dir='ltr'>*z</span> <span class='ocrx_word' id='word_1_631' title='bbox 2352 2837 2440 2873; x_wconf 89' lang='lat' dir='ltr'>Uni-</span> 
     </span>
    </p>
   </div>
   <div class='ocr_carea' id='block_1_53' title="bbox 1350 2889 2441 2939">
    <p class='ocr_par' dir='ltr' id='par_1_58' title="bbox 1350 2889 2441 2939">
     <span class='ocr_line' id='line_1_101' title="bbox 1350 2889 2441 2939; baseline -0.004 -11"><span class='ocrx_word' id='word_1_632' title='bbox 1350 2922 1351 2930; x_wconf 69' lang='grc'>,</span> <span class='ocrx_word' id='word_1_633' title='bbox 1379 2891 1512 2939; x_wconf 84' lang='lat' dir='ltr'>cuique</span> <span class='ocrx_word' id='word_1_634' title='bbox 1540 2892 1651 2927; x_wconf 88' lang='lat' dir='ltr'>datur</span> <span class='ocrx_word' id='word_1_635' title='bbox 1678 2890 1928 2937; x_wconf 87' lang='lat' dir='ltr'>manifestatio</span> <span class='ocrx_word' id='word_1_636' title='bbox 1966 2890 2125 2936; x_wconf 82' lang='lat' dir='ltr'>Spiritus</span> <span class='ocrx_word' id='word_1_637' title='bbox 2148 2889 2200 2925; x_wconf 86' lang='lat' dir='ltr'>ad</span> <span class='ocrx_word' id='word_1_638' title='bbox 2227 2889 2441 2932; x_wconf 86' lang='lat' dir='ltr'>utilitatem,-</span> 
     </span>
    </p>
   </div>
   <div class='ocr_carea' id='block_1_54' title="bbox 1378 2941 2443 3256">
    <p class='ocr_par' dir='ltr' id='par_1_59' title="bbox 1378 2941 2443 3192">
     <span class='ocr_line' id='line_1_102' title="bbox 1378 2941 2441 2992; baseline -0.003 -12"><span class='ocrx_word' id='word_1_639' title='bbox 1378 2944 1465 2981; x_wconf 93' lang='lat' dir='ltr'>ideo</span> <span class='ocrx_word' id='word_1_640' title='bbox 1482 2944 1714 2992; x_wconf 89' lang='lat' dir='ltr'>quandoque</span> <span class='ocrx_word' id='word_1_641' title='bbox 1731 2943 1875 2990; x_wconf 89' lang='lat' dir='ltr'>absque</span> <span class='ocrx_word' id='word_1_642' title='bbox 1895 2941 2116 2990; x_wconf 90' lang='lat' dir='ltr'>acceptione</span> <span class='ocrx_word' id='word_1_643' title='bbox 2131 2953 2383 2990; x_wconf 88' lang='lat' dir='ltr'>personarum</span> <span class='ocrx_word' id='word_1_644' title='bbox 2404 2942 2441 2978; x_wconf 92' lang='lat' dir='ltr'>in</span> 
     </span>
     <span class='ocr_line' id='line_1_103' title="bbox 1379 2994 2443 3046; baseline -0.002 -13"><span class='ocrx_word' id='word_1_645' title='bbox 1379 2996 1658 3046; x_wconf 87' lang='lat' dir='ltr'>dispensatione</span> <span class='ocrx_word' id='word_1_646' title='bbox 1679 2995 1928 3044; x_wconf 90' lang='lat' dir='ltr'>spiritualium</span> <span class='ocrx_word' id='word_1_647' title='bbox 1949 2995 1998 3031; x_wconf 92' lang='lat' dir='ltr'>illi</span> <span class='ocrx_word' id='word_1_648' title='bbox 2026 2995 2091 3042; x_wconf 91' lang='lat' dir='ltr'>qui</span> <span class='ocrx_word' id='word_1_649' title='bbox 2115 3002 2203 3031; x_wconf 93' lang='lat' dir='ltr'>sunt</span> <span class='ocrx_word' id='word_1_650' title='bbox 2225 2994 2443 3043; x_wconf 90' lang='lat' dir='ltr'>simpliciter</span> 
     </span>
     <span class='ocr_line' id='line_1_104' title="bbox 1378 3047 2440 3096; baseline -0.001 -10"><span class='ocrx_word' id='word_1_651' title='bbox 1378 3050 1505 3086; x_wconf 91' lang='lat' dir='ltr'>minus</span> <span class='ocrx_word' id='word_1_652' title='bbox 1533 3049 1641 3096; x_wconf 87' lang='lat' dir='ltr'>boni,</span> <span class='ocrx_word' id='word_1_653' title='bbox 1663 3047 1884 3085; x_wconf 89' lang='lat' dir='ltr'>melioribus</span> <span class='ocrx_word' id='word_1_654' title='bbox 1903 3048 2185 3096; x_wconf 91' lang='lat' dir='ltr'>praeferuntur:</span> <span class='ocrx_word' id='word_1_655' title='bbox 2216 3047 2310 3084; x_wconf 88' lang='lat' dir='ltr'>sicut</span> <span class='ocrx_word' id='word_1_656' title='bbox 2329 3047 2440 3085; x_wconf 87' lang='lat' dir='ltr'>etiam</span> 
     </span>
     <span class='ocr_line' id='line_1_105' title="bbox 1379 3101 2443 3150; baseline -0.002 -11"><span class='ocrx_word' id='word_1_657' title='bbox 1379 3110 1415 3139; x_wconf 89' lang='lat' dir='ltr'>et</span> <span class='ocrx_word' id='word_1_658' title='bbox 1442 3104 1548 3139; x_wconf 91' lang='lat' dir='ltr'>Deus</span> <span class='ocrx_word' id='word_1_659' title='bbox 1567 3102 1704 3150; x_wconf 88' lang='lat' dir='ltr'>gratias</span> <span class='ocrx_word' id='word_1_660' title='bbox 1731 3101 1844 3149; x_wconf 89' lang='lat' dir='ltr'>gratis</span> <span class='ocrx_word' id='word_1_661' title='bbox 1873 3102 1978 3139; x_wconf 91' lang='lat' dir='ltr'>datas</span> <span class='ocrx_word' id='word_1_662' title='bbox 2006 3101 2239 3149; x_wconf 92' lang='lat' dir='ltr'>quandoque</span> <span class='ocrx_word' id='word_1_663' title='bbox 2269 3101 2443 3138; x_wconf 90' lang='lat' dir='ltr'>concedit</span> 
     </span>
     <span class='ocr_line' id='line_1_106' title="bbox 1378 3155 1652 3192; baseline -0.004 0"><span class='ocrx_word' id='word_1_664' title='bbox 1378 3156 1504 3192; x_wconf 91' lang='lat' dir='ltr'>minus</span> <span class='ocrx_word' id='word_1_665' title='bbox 1529 3155 1652 3192; x_wconf 88' lang='lat' dir='ltr'>bonis.</span> 
     </span>
    </p>

    <p class='ocr_par' dir='ltr' id='par_1_60' title="bbox 1430 3206 2440 3256">
     <span class='ocr_line' id='line_1_107' title="bbox 1430 3206 2440 3256; baseline -0.003 -11"><span class='ocrx_word' id='word_1_666' title='bbox 1430 3211 1489 3245; x_wconf 85' lang='grc' dir='ltr'>Αι)</span> <span class='ocrx_word' id='word_1_667' title='bbox 1518 3220 1656 3245; x_wconf 80' lang='lat' dir='ltr'>PRIMUM</span> <span class='ocrx_word' id='word_1_668' title='bbox 1683 3219 1782 3244; x_wconf 80' lang='lat' dir='ltr'>ERGO</span> <span class='ocrx_word' id='word_1_669' title='bbox 1811 3219 1995 3244; x_wconf 84' lang='lat' dir='ltr'><strong>DICENDUM</strong></span> <span class='ocrx_word' id='word_1_670' title='bbox 2025 3207 2130 3256; x_wconf 93' lang='lat' dir='ltr'>quod</span> <span class='ocrx_word' id='word_1_671' title='bbox 2155 3206 2251 3243; x_wconf 91' lang='lat' dir='ltr'>circa</span> <span class='ocrx_word' id='word_1_672' title='bbox 2281 3218 2440 3243; x_wconf 89' lang='lat' dir='ltr'>consan-</span> 
     </span>
    </p>
   </div>
   <div class='ocr_carea' id='block_1_55' title="bbox 1349 3253 2440 3310">
    <p class='ocr_par' dir='ltr' id='par_1_61' title="bbox 1349 3253 2440 3310">
     <span class='ocr_line' id='line_1_108' title="bbox 1349 3253 2440 3310; baseline -0.004 -11"><span class='ocrx_word' id='word_1_673' title='bbox 1349 3253 1351 3265; x_wconf 32' lang='grc' dir='ltr'><strong><em>ξ</em></strong></span> <span class='ocrx_word' id='word_1_674' title='bbox 1377 3261 1535 3310; x_wconf 89' lang='lat' dir='ltr'>guineos</span> <span class='ocrx_word' id='word_1_675' title='bbox 1563 3260 1719 3310; x_wconf 89' lang='lat' dir='ltr'>praelati</span> <span class='ocrx_word' id='word_1_676' title='bbox 1748 3260 2056 3308; x_wconf 90' lang='lat' dir='ltr'>distinguendum</span> <span class='ocrx_word' id='word_1_677' title='bbox 2086 3267 2152 3296; x_wconf 93' lang='lat' dir='ltr'>est.</span> <span class='ocrx_word' id='word_1_678' title='bbox 2192 3259 2292 3306; x_wconf 90' lang='lat' dir='ltr'>Quia</span> <span class='ocrx_word' id='word_1_679' title='bbox 2321 3271 2440 3307; x_wconf 90' lang='lat' dir='ltr'>quan-</span> 
     </span>
    </p>
   </div>
   <div class='ocr_carea' id='block_1_56' title="bbox 1376 3312 2439 3470">
    <p class='ocr_par' dir='ltr' id='par_1_62' title="bbox 1376 3312 2439 3470">
     <span class='ocr_line' id='line_1_109' title="bbox 1378 3312 2439 3364; baseline -0.004 -12"><span class='ocrx_word' id='word_1_680' title='bbox 1378 3316 1505 3364; x_wconf 93' lang='lat' dir='ltr'>doque</span> <span class='ocrx_word' id='word_1_681' title='bbox 1521 3322 1608 3351; x_wconf 91' lang='lat' dir='ltr'>sunt</span> <span class='ocrx_word' id='word_1_682' title='bbox 1627 3313 1753 3351; x_wconf 90' lang='lat' dir='ltr'>minus</span> <span class='ocrx_word' id='word_1_683' title='bbox 1768 3313 1869 3361; x_wconf 85' lang='lat' dir='ltr'>digni</span> <span class='ocrx_word' id='word_1_684' title='bbox 1885 3321 1920 3349; x_wconf 91' lang='lat' dir='ltr'>et</span> <span class='ocrx_word' id='word_1_685' title='bbox 1939 3312 2162 3361; x_wconf 90' lang='lat' dir='ltr'>simpliciter,</span> <span class='ocrx_word' id='word_1_686' title='bbox 2181 3319 2216 3349; x_wconf 88' lang='lat' dir='ltr'>et</span> <span class='ocrx_word' id='word_1_687' title='bbox 2230 3324 2299 3360; x_wconf 87' lang='lat' dir='ltr'>per</span> <span class='ocrx_word' id='word_1_688' title='bbox 2315 3324 2439 3360; x_wconf 89' lang='lat' dir='ltr'>respe—</span> 
     </span>
     <span class='ocr_line' id='line_1_110' title="bbox 1378 3365 2438 3413; baseline -0.004 -8"><span class='ocrx_word' id='word_1_689' title='bbox 1378 3376 1481 3405; x_wconf 89' lang='lat' dir='ltr'>ctum</span> <span class='ocrx_word' id='word_1_690' title='bbox 1510 3367 1558 3404; x_wconf 91' lang='lat' dir='ltr'>ad</span> <span class='ocrx_word' id='word_1_691' title='bbox 1578 3368 1723 3404; x_wconf 89' lang='lat' dir='ltr'>bonum</span> <span class='ocrx_word' id='word_1_692' title='bbox 1753 3378 1972 3403; x_wconf 89' lang='lat' dir='ltr'>commune.</span> <span class='ocrx_word' id='word_1_693' title='bbox 2002 3366 2050 3402; x_wconf 92' lang='lat' dir='ltr'>Et</span> <span class='ocrx_word' id='word_1_694' title='bbox 2078 3365 2130 3401; x_wconf 89' lang='lat' dir='ltr'>sic</span> <span class='ocrx_word' id='word_1_695' title='bbox 2150 3365 2179 3401; x_wconf 90' lang='lat' dir='ltr'>si</span> <span class='ocrx_word' id='word_1_696' title='bbox 2205 3365 2438 3413; x_wconf 90' lang='lat' dir='ltr'>dignioribus</span> 
     </span>
     <span class='ocr_line' id='line_1_111' title="bbox 1376 3417 2439 3470; baseline -0.005 -12"><span class='ocrx_word' id='word_1_697' title='bbox 1376 3421 1646 3470; x_wconf 86' lang='lat' dir='ltr'>praeferantur,</span> <span class='ocrx_word' id='word_1_698' title='bbox 1669 3427 1723 3457; x_wconf 90' lang='lat' dir='ltr'>est</span> <span class='ocrx_word' id='word_1_699' title='bbox 1750 3427 1949 3468; x_wconf 89' lang='lat' dir='ltr'>peccatum</span> <span class='ocrx_word' id='word_1_700' title='bbox 1973 3430 2223 3467; x_wconf 91' lang='lat' dir='ltr'>personarum</span> <span class='ocrx_word' id='word_1_701' title='bbox 2252 3417 2439 3466; x_wconf 91' lang='lat' dir='ltr'>acceptio-</span> 
     </span>
    </p>
   </div>
   <div class='ocr_carea' id='block_1_57' title="bbox 949 3497 1640 3506">
    <p class='ocr_par' dir='ltr' id='par_1_63' title="bbox 949 3497 1640 3506">
     <span class='ocr_line' id='line_1_112' title="bbox 949 3497 1640 3506; baseline 0 0"><span class='ocrx_word' id='word_1_702' title='bbox 949 3497 1640 3506; x_wconf 95' lang='lat' dir='ltr'> </span> 
     </span>
    </p>
   </div>
   <div class='ocr_carea' id='block_1_58' title="bbox 260 3535 1323 3597">
    <p class='ocr_par' dir='ltr' id='par_1_64' title="bbox 260 3535 1323 3597">
     <span class='ocr_line' id='line_1_113' title="bbox 313 3535 1323 3597; baseline -0.002 -35"><span class='ocrx_word' id='word_1_703' title='bbox 313 3536 340 3569; x_wconf 87' lang='grc' dir='ltr'>α)</span> <span class='ocrx_word' id='word_1_704' title='bbox 359 3536 626 3597; x_wconf 53' lang='grc' dir='ltr'>ῗᾶεῗέιςιιὶπίιαεενη.</span> <span class='ocrx_word' id='word_1_705' title='bbox 641 3549 660 3555; x_wconf 90' lang='grc'>-</span> <span class='ocrx_word' id='word_1_706' title='bbox 686 3535 961 3569; x_wconf 81' lang='lat' dir='ltr'>consanguineitatem</span> <span class='ocrx_word' id='word_1_707' title='bbox 985 3536 1049 3565; x_wconf 77' lang='lat' dir='ltr'>AH3</span> <span class='ocrx_word' id='word_1_708' title='bbox 1078 3543 1138 3560; x_wconf 83' lang='lat' dir='ltr'>mox</span> <span class='ocrx_word' id='word_1_709' title='bbox 1163 3535 1323 3568; x_wconf 82' lang='lat' dir='ltr'>consangui-</span> 
     </span>
     <span class='ocr_line' id='line_1_114' title="bbox 260 3571 460 3597; baseline -0.005 0"><span class='ocrx_word' id='word_1_710' title='bbox 260 3571 345 3597; x_wconf 64' lang='lat' dir='ltr'>nestas</span> <span class='ocrx_word' id='word_1_711' title='bbox 413 3579 426 3596; x_wconf 87' lang='lat' dir='ltr'>s</span> <span class='ocrx_word' id='word_1_712' title='bbox 452 3589 460 3596; x_wconf 92' lang='lat'>.</span> 
     </span>
    </p>
   </div>
   <div class='ocr_carea' id='block_1_59' title="bbox 1350 2825 1354 3597">
    <p class='ocr_par' dir='ltr' id='par_1_65' title="bbox 1350 2825 1354 3597">
     <span class='ocr_line' id='line_1_115' title="bbox 1350 2825 1354 3597; baseline 0 0"><span class='ocrx_word' id='word_1_713' title='bbox 1350 2825 1354 3597; x_wconf 95' lang='lat' dir='ltr'> </span> 
     </span>
    </p>
   </div>
   <div class='ocr_carea' id='block_1_60' title="bbox 1433 3531 2437 3566">
    <p class='ocr_par' dir='ltr' id='par_1_66' title="bbox 1433 3531 2437 3566">
     <span class='ocr_line' id='line_1_116' title="bbox 1433 3531 2437 3566; baseline -0.003 -8"><span class='ocrx_word' id='word_1_714' title='bbox 1433 3533 1458 3566; x_wconf 81' lang='grc' dir='ltr'>β)</span> <span class='ocrx_word' id='word_1_715' title='bbox 1479 3534 1574 3558; x_wconf 80' lang='lat' dir='ltr'>maius.</span> <span class='ocrx_word' id='word_1_716' title='bbox 1586 3548 1603 3552; x_wconf 89' lang='lat'><em>-</em></span> <span class='ocrx_word' id='word_1_717' title='bbox 1623 3533 1709 3566; x_wconf 81' lang='lat' dir='ltr'>magis</span> <span class='ocrx_word' id='word_1_718' title='bbox 1733 3532 1863 3556; x_wconf 85' lang='lat' dir='ltr'>PCGI-IsK</span> <span class='ocrx_word' id='word_1_719' title='bbox 1889 3536 1913 3556; x_wconf 88' lang='lat' dir='ltr'>et</span> <span class='ocrx_word' id='word_1_720' title='bbox 1931 3538 1962 3560; x_wconf 86' lang='lat' dir='ltr'>a‚·</span> <span class='ocrx_word' id='word_1_721' title='bbox 1992 3531 2157 3564; x_wconf 76' lang='lat' dir='ltr'>Contingit...</span> <span class='ocrx_word' id='word_1_722' title='bbox 2176 3538 2314 3556; x_wconf 83' lang='lat' dir='ltr'>commune</span> <span class='ocrx_word' id='word_1_723' title='bbox 2332 3539 2387 3556; x_wconf 89' lang='lat' dir='ltr'>om.</span> <span class='ocrx_word' id='word_1_724' title='bbox 2406 3531 2437 3555; x_wconf 94' lang='lat' dir='ltr'>D.</span> 
     </span>
    </p>
   </div>
   <div class='ocr_carea' id='block_1_61' title="bbox 2479 658 2663 687">
    <p class='ocr_par' dir='ltr' id='par_1_67' title="bbox 2479 658 2663 687">
     <span class='ocr_line' id='line_1_117' title="bbox 2479 658 2663 687; baseline 0 -7"><span class='ocrx_word' id='word_1_725' title='bbox 2479 658 2571 680; x_wconf 79' lang='lat' dir='ltr'>·Vers.</span> <span class='ocrx_word' id='word_1_726' title='bbox 2588 665 2620 685; x_wconf 83' lang='lat'>14,</span> <span class='ocrx_word' id='word_1_727' title='bbox 2637 665 2663 687; x_wconf 82' lang='lat'>¹5·</span> 
     </span>
    </p>
   </div>
   <div class='ocr_carea' id='block_1_62' title="bbox 2475 1725 2674 1753">
    <p class='ocr_par' dir='ltr' id='par_1_68' title="bbox 2475 1725 2674 1753">
     <span class='ocr_line' id='line_1_118' title="bbox 2475 1725 2674 1753; baseline 0.006 -7.144"><span class='ocrx_word' id='word_1_728' title='bbox 2475 1725 2551 1746; x_wconf 74' lang='grc' dir='ltr'>Ἀι-ι.</span> <span class='ocrx_word' id='word_1_729' title='bbox 2568 1727 2674 1753; x_wconf 77' lang='lat' dir='ltr'>praeced.</span> 
     </span>
    </p>
   </div>
   <div class='ocr_carea' id='block_1_63' title="bbox 2470 2842 2597 2868">
    <p class='ocr_par' dir='ltr' id='par_1_69' title="bbox 2470 2842 2597 2868">
     <span class='ocr_line' id='line_1_119' title="bbox 2470 2842 2597 2868; baseline 0 -6"><span class='ocrx_word' id='word_1_730' title='bbox 2470 2844 2477 2850; x_wconf 87' lang='lat'><strong>·</strong></span> <span class='ocrx_word' id='word_1_731' title='bbox 2496 2842 2560 2863; x_wconf 82' lang='lat' dir='ltr'>Vers.</span> <span class='ocrx_word' id='word_1_732' title='bbox 2577 2848 2597 2868; x_wconf 86' lang='lat'>7.</span> 
     </span>
    </p>
   </div>
  </div>
 </body>
</html>
