2860 4244
2 494 3 497 Ἴ
56 464 65 474 ·
90 462 147 511 εἰέκ.
164 461 264 489 CXXX,

0 516 3 530 b
56 489 76 511 al
131 488 264 516 X1,cap.1x.

10 966 14 967 ⁷
53 945 64 957 ⁸
70 943 263 972 hamster-43.

54 1038 66 1050 ⁸
78 1037 146 1060 Vm.
160 1042 188 1066 ις.

18 1365 24 1372 ¹*
49 1357 64 1371 ’
77 1356 146 1380 Ven-
159 1363 180 1386 3.

16 2962 30 2991 Q
49 2953 63 2968 ⁸
73 2953 142 2978 Ven-
154 2960 191 2981 ²4·

16 3269 261 3327 fimare.

6 3342 34 3357 Η
50 3320 93 3350 m.
106 3328 158 3351 esp.
171 3328 235 3345 xxxv.

902 221 1167 266 QUAESTIO
1197 222 1407 267 LXXXIII,
1437 221 1732 258 ARTICULUS
1760 222 1846 258 XIII

292 309 376 346 gna,
398 298 477 335 sive
498 310 639 335 vocum
669 298 749 336 sive
771 298 883 335 etiam
906 298 1120 345 aliquorum
1150 299 1347 346 factorum,

291 358 470 387 movetur
488 363 596 388 mens
624 351 789 388 hominis
810 358 847 387 et
865 356 877 372 ⁸
905 351 1115 387 secundum
1137 352 1348 399 apprehen-

291 403 451 450 sionem,
470 401 505 440 et
519 416 588 452 per
603 415 842 451 consequens
863 404 1074 440 secundum
1092 403 1346 441 affectionem.

290 456 402 493 Unde
422 457 655 504 Augustinus
676 456 774 504 dicit,
799 457 851 493 ad
866 457 1031 493 Probum
1050 455 1081 502 ²¹⁸,
1103 457 1206 504 quod
1226 457 1348 493 verbis

290 514 325 553 et
352 509 436 546 aliis
461 509 579 559 signis
606 510 658 546 ad
682 509 899 558 augendum
927 514 1096 545 sanctum
1125 509 1348 546 desiderium

291 562 458 610 nosipsos
471 562 597 599 acrius
611 562 829 598 excitamus.
851 562 899 597 Et
913 561 1000 598 ideo
1017 561 1055 597 in
1071 562 1250 608 singulari
1266 573 1349 598 ora—

289 614 392 651 tione
406 622 554 651 tantum
575 621 630 650 est
643 614 802 650 vocibus
823 620 858 650 et
876 613 1095 651 huiusmodi
1111 614 1223 662 signis
1241 622 1348 650 uten-

291 667 383 704 dum
421 674 605 714 quantum
643 666 794 714 proficit
831 666 879 703 ad
920 666 1159 703 excitandum
1194 666 1348 703 interius

290 726 471 756 mentem.
489 718 528 755 Si
538 731 630 755 vero
647 730 756 755 mens
770 731 839 767 per
848 719 922 755 hoc
937 719 1174 766 distrahatur,
1186 719 1248 756 vel
1257 730 1349 767 qua-

288 771 535 820 litercumque
562 771 802 819 impediatur,
825 779 880 808 est
904 785 925 808 a
943 772 1080 809 talibus
1109 772 1346 809 cessandum.

289 824 407 870 Quod
433 823 638 872 praecipue
666 825 848 872 contingit
875 824 912 861 in
946 825 1015 861 illis
1044 837 1210 873 quorum
1238 835 1348 859 mens

290 876 370 913 sine
390 876 610 914 huiusmodi
639 877 752 925 signis
780 885 836 914 est
855 878 1085 914 sufficienter
1110 877 1159 914 ad
1179 875 1349 913 devotio-

290 935 379 966 nem
402 937 545 978 parata.
580 930 691 967 Unde
711 930 910 967 Psalmista
930 929 1124 967 dicebat*:
1153 929 1237 965 Tibi
1256 929 1352 965 dixit

290 994 358 1019 cor
375 994 523 1019 meum.-
555 983 771 1031 Exquisivit
787 988 821 1019 te
828 982 955 1031 facies
978 993 1086 1025 mea;
1115 989 1151 1018 et
1172 982 1219 1018 de
1238 983 1350 1017 Anna

290 1035 434 1083 legitur,
460 1035 474 1071 1
494 1036 591 1085 Reg.
613 1035 670 1083 1³¹⁶,
691 1035 796 1083 quod
825 1035 1046 1083 loquebatur
1069 1034 1105 1070 in
1135 1034 1249 1070 corde
1266 1045 1347 1071 su0.

344 1088 542 1134 Secundo,
582 1088 795 1135 adiungitur
821 1087 965 1124 vocalis
1003 1086 1122 1123 oratio
1155 1086 1262 1135 quasi
1300 1087 1349 1123 ad

290 1140 541 1178 redditionem
571 1139 706 1176 debiti:
736 1146 778 1176 ut
801 1139 940 1176 scilicet
967 1139 1087 1175 homo
1107 1139 1191 1175 Deo
1212 1139 1351 1176 serviat

290 1193 502 1230 secundum
529 1199 652 1229 totum
680 1191 772 1229 illud
796 1193 902 1238 quod
926 1204 970 1228 ex
989 1193 1075 1228 Deo
1103 1192 1231 1238 habet,
1254 1192 1351 1229 idest

289 1257 367 1282 non
387 1245 511 1282 solum
532 1253 671 1292 mente,
693 1246 760 1282 sed
781 1245 894 1281 etiam
911 1257 1084 1293 corpore.
1107 1245 1222 1290 Quod
1242 1257 1350 1292 prae-

290 1299 399 1347 cipue
429 1297 611 1346 competit
639 1297 799 1335 orationi
834 1299 1046 1335 secundum
1076 1298 1180 1346 quod
1210 1305 1266 1334 est
1294 1310 1351 1334 sa-

288 1350 503 1388 tisfactoria.
547 1351 658 1388 Unde
697 1350 833 1388 dicitur
870 1351 972 1387 Osee
1009 1351 1074 1387 ult.
1097 1351 1139 1387 *z
1192 1350 1349 1387 Omnem

287 1405 400 1453 affer
413 1404 666 1452 iniquitatem,
695 1409 731 1440 et
747 1404 876 1451 accipe
903 1404 1064 1440 bonum:
1093 1409 1128 1440 et
1153 1403 1350 1440 reddemus
1375 1445 1376 1452 ἵ

277 1454 421 1494 *vitulos
447 1456 635 1493 labiorum
664 1462 890 1493 nostrorum.

2382 224 2455 260 205

1455 299 1606 346 Tertio,
1642 299 1854 347 adiungitur
1880 299 2024 336 vocalis
2053 299 2174 336 oratio
2213 311 2255 335 ex
2291 300 2458 347 quadam

1403 352 1650 389 redundantia
1678 353 1726 389 ab
1757 352 1884 389 anima
1912 352 1950 388 in
1987 363 2124 400 corpus
2162 364 2206 388 ex
2240 352 2459 389 vehementi

1402 405 1623 442 affectione:
1667 405 1877 442 secundum
1911 404 2002 442 illud
2030 405 2171 442 Psalm.
2191 404 2231 448 *τ
2261 406 2457 442 Laetatum

1402 463 1456 493 est
1471 469 1538 494 cor
1560 469 1698 504 meum,
1727 463 1762 494 et
1788 457 1970 494 exultavit
1993 458 2126 507 lingua
2154 469 2250 494 mea.

1454 511 1513 546 An
1542 522 1678 547 PmMUM
1706 521 1804 547 ERGO
1832 522 2017 547 monimum
2041 510 2146 559 quod
2174 510 2318 547 vocalis
2338 510 2458 546 oratio

1403 574 1479 599 non
1507 563 1695 610 profertur
1714 563 1761 599 ad
1790 563 1864 599 hoc
1884 562 1989 610 quod
2018 563 2158 612 aliquid
2180 563 2353 611 ignotum
2373 563 2458 599 Deo

1403 615 1679 651 manifestetur:
1710 615 1777 651 sed
1804 615 1852 651 ad
1875 617 1949 651 hoc
1974 616 2079 664 quod
2103 627 2213 652 mens
2239 615 2378 652 orantis
2397 615 2458 652 vel

1403 667 1563 703 aliorum
1593 667 1773 703 excitetur
1801 668 1838 703 in
1866 669 2006 704 Deum.

1454 721 1513 755 AD
1542 731 1731 756 SECUNDUM
1765 732 1951 757 DICENDUM
1984 721 2088 768 quod
2125 722 2244 758 verba
2272 721 2321 758 ad
2357 719 2459 757 aliud

1403 771 1625 819 pertinentia
1654 771 1862 809 distrahunt
1886 780 2068 821 mentem,
2094 780 2130 810 et
2154 774 2367 822 impediunt
2396 773 2460 809 de-

1402 824 1598 860 votionem
1623 825 1773 860 orantis.
1800 825 1876 862 Sed
1903 826 2022 862 verba
2050 826 2296 873 significantia
2319 825 2460 874 aliquid

1403 877 1451 913 ad
1475 876 1720 913 devotionem
1749 880 1939 924 pertinens
1975 878 2135 915 excitant
2164 887 2322 925 mentes,
2352 889 2459 926 prae-

1403 929 1512 977 cipue
1542 929 1667 965 minus
1695 929 1864 966 devotas.

1455 984 1513 1018 An
1528 993 1687 1018 TERTmM
1706 993 1890 1019 mcENDUM
1910 982 2026 1030 quod,
2047 983 2141 1019 sicut
2163 983 2459 1031 chrysostomus

1404 1034 1501 1081 dicit,
1530 1046 1642 1083 super
1659 1034 1796 1070 Matth.
1817 1034 1848 1080 ³¹⁶,
1878 1046 1921 1070 eo
1943 1036 2133 1083 proposito
2158 1036 2344 1072 Dominus
2362 1041 2463 1072 vetat
2487 1040 2497 1050 ⁸

1403 1088 1440 1123 in
1469 1092 1651 1123 conventu
1681 1098 1794 1123 orare
1823 1092 1909 1123 uta
1928 1093 2110 1124 conventu
2138 1089 2319 1125 videatur.
2355 1089 2461 1125 Unde

1403 1151 1517 1176 orans
1550 1139 1642 1176 nihil
1678 1151 1816 1176 novum
1831 1140 1971 1187 facere
2006 1141 2111 1176 debet
2145 1142 2246 1188 quod
2279 1141 2462 1188 aspiciant

1403 1193 1581 1238 homines,
1610 1192 1670 1229 vel
1696 1192 1894 1229 clamando
1913 1193 1973 1229 vel
1994 1198 2123 1240 pectus
2136 1194 2379 1240 percutiendo
2402 1194 2461 1229 vel

1403 1257 1537 1282 manus
1556 1245 1802 1293 expandendo
1818 1243 1840 1280 ζ.
1863 1266 1886 1272 -
1907 1246 1993 1282 Nec
2011 1251 2148 1291 tamen,
2168 1253 2209 1282 ut
2227 1245 2460 1293 Augustinus

1405 1298 1502 1344 dicit,
1530 1298 1568 1334 in
1596 1298 1693 1334 libro
1722 1298 1767 1334 de
1785 1298 1904 1335 Serm.
1935 1299 2047 1335 Dom.
2075 1299 2111 1335 in
2131 1299 2265 1335 Monte
2282 1298 2314 1345 *,
2343 1298 2463 1335 videri

1403 1352 1450 1387 ab
1477 1351 1688 1387 hominibus
1716 1351 1822 1398 nefas
1849 1356 1921 1387 est:
1958 1351 2024 1387 sed
2050 1351 2131 1387 ideo
2159 1352 2251 1388 haec
2278 1362 2395 1400 agere
2424 1357 2463 1387 ut

1403 1405 1451 1440 ab
1478 1403 1690 1439 hominibus
1717 1403 1889 1440 videaris.

287 1567 290 1571 ⁴
340 1588 364 1621 ε)
383 1590 418 1613 et.
430 1600 450 1607 -
467 1587 529 1613 Om.
548 1587 588 1613 Pl.

1454 1585 1479 1618 ζ)
1500 1586 1540 1610 vel
1558 1593 1652 1610 manus
1670 1586 1859 1617 expandendo.
1873 1600 1891 1605 —-
1906 1587 2052 1618 pandendo
2070 1587 2122 1617 BE,
2142 1594 2195 1611 om.
2214 1587 2287 1619 ApK,
2301 1591 2367 1619 spat.
2380 1587 2462 1619 *quin-

1403 1621 1485 1645 decim
1505 1621 1596 1645 litteris
1615 1628 1671 1646 vac.
1689 1621 1718 1645 F.

967 1701 1297 1734 Commentaria
1320 1699 1568 1733 Cardinalis
1591 1700 1790 1733 Caietam

318 1793 340 1814 u
352 1782 484 1814 articulo
501 1781 693 1813 duodecimo
707 1781 849 1812 eiusdem
865 1781 1070 1822 quaestionis,
1084 1787 1161 1811 nota
1176 1780 1350 1820 diligenter,

284 1794 375 1869 vIqui
394 1835 574 1858 murmuras
599 1826 637 1856 de
652 1825 758 1856 officio
775 1825 995 1861 ecclesiastico,
1015 1825 1089 1856 tria:
1114 1824 1350 1855 distinctionem

285 1871 404 1903 vocalis
419 1870 582 1907 orationis,
605 1870 832 1906 necessitatem,
851 1870 1058 1901 conditiones.
1082 1868 1293 1909 Distinguitur
1307 1869 1347 1898 si-

287 1915 419 1956 quidem
443 1915 544 1946 oratio
560 1914 678 1945 vocalis
693 1914 726 1944 in
743 1923 959 1951 communem,
984 1920 1015 1944 et
1037 1913 1200 1954 propriam
1216 1922 1271 1943 seu
1286 1913 1348 1943 sin—

287 1959 439 2000 gularem.

343 2003 518 2034 Necessitas
541 2002 721 2033 communis
745 2008 792 2032 est
814 2001 888 2042 quia
911 2002 943 2032 in
967 2010 1102 2042 persona
1121 2000 1277 2031 Ecclesiae
1302 2000 1349 2030 of-

288 2046 395 2078 fertur.
423 2046 509 2078 Cum
532 2046 617 2077 enim
631 2046 771 2077 Ecclesia
794 2055 831 2076 ex
854 2045 1008 2077 sensitivis
1033 2045 1180 2076 creaturis
1209 2051 1347 2081 constet,

288 2097 415 2131 oportet
438 2090 617 2126 sensibiles,
642 2099 677 2120 ac
700 2100 756 2130 per
778 2090 840 2120 hoc
862 2090 986 2120 vocales
1010 2099 1066 2129 per
1088 2099 1164 2120 suos
1188 2089 1349 2119 ministros

288 2135 447 2166 orationes
476 2134 603 2165 offerre:
637 2134 780 2175 alioquin
816 2134 948 2164 nesciret
977 2133 1079 2164 offerri
1102 2143 1158 2173 per
1186 2133 1348 2165 ministros

288 2179 440 2210 orationis
456 2178 588 2215 cultum,
605 2188 641 2208 ac
663 2188 782 2208 munus
799 2178 887 2218 quod
902 2178 972 2208 Deo
987 2187 1042 2217 per
1064 2177 1135 2207 illos
1150 2177 1255 2213 offert;
1280 2187 1346 2207 non

286 2223 377 2254 novit
391 2223 478 2253 enim
492 2222 632 2253 Ecclesia
654 2222 714 2252 nisi
738 2232 819 2263 quae
842 2221 919 2252 foris
941 2228 1026 2252 sunt.
1043 2237 1064 2244 -
1079 2221 1254 2252 Necessitas
1274 2231 1347 2261 pro-

284 2267 353 2308 pria
376 2273 423 2297 est
446 2266 607 2297 excitanda
629 2266 757 2306 propria
780 2266 923 2302 devotio,
948 2275 983 2296 ac
1006 2265 1228 2296 conservanda.

341 2310 551 2342 Conditiones
574 2310 755 2340 communis
778 2309 930 2341 orationis
954 2316 1028 2340 sunt
1051 2310 1146 2340 duae:
1178 2309 1267 2349 quod
1291 2309 1348 2339 sci-

283 2354 357 2385 licet
379 2354 420 2385 sit
440 2354 574 2390 vocalis;
599 2361 630 2384 et
653 2355 742 2394 quod
761 2353 800 2384 sit
822 2354 892 2384 alta.
916 2354 1020 2384 Prima
1036 2360 1082 2384 est
1095 2353 1278 2393 simpliciter
1293 2363 1347 2383 ne-

284 2399 425 2435 cessaria,
450 2405 486 2429 ut
504 2398 697 2429 declaratum
713 2404 772 2428 est:
798 2398 937 2429 secunda
959 2405 1006 2428 est
1029 2397 1232 2433 rationabilis,
1256 2403 1292 2427 ut
1314 2397 1346 2426 in

284 2442 386 2474 Littera
409 2442 532 2473 dicitur.
564 2443 697 2482 Propter
724 2442 822 2483 quod,
847 2442 985 2473 dicentes
1009 2442 1143 2482 privatas
1172 2441 1282 2471 missas
1305 2441 1347 2471 ita

1400 1780 1565 1816 submisse,
1584 1780 1622 1810 de
1641 1780 1805 1816 industria,
1822 1787 1857 1811 ut
1872 1780 2003 1820 intelligi
2023 1780 2061 1810 ab
2078 1779 2274 1810 auditoribus
2294 1786 2462 1820 nequeant,

1401 1834 1418 1854 a
1441 1824 1562 1855 ratione
1592 1824 1674 1854 devii
1697 1824 1862 1860 videntur,
1886 1831 1916 1854 et
1939 1824 2183 1854 inexcusabiles:
2214 1823 2274 1853 nisi
2302 1823 2382 1853 forte
2408 1833 2464 1863 per

1401 1868 1543 1899 accidens
1571 1877 1677 1898 coram
1700 1868 1768 1898 aliis
1796 1878 1863 1898 non
1886 1868 2057 1904 celebrent;
2088 1875 2164 1898 tunc
2192 1867 2278 1898 enim
2305 1867 2463 1898 sufficiens

1400 1912 1523 1943 videtur
1539 1912 1564 1942 si
1580 1922 1598 1942 a
1613 1912 1762 1943 servitore
1778 1912 1924 1952 proximo
1941 1912 2042 1942 audiri
2059 1918 2173 1952 potest.
2193 1912 2234 1942 Et
2249 1911 2322 1942 hinc
2334 1917 2463 1951 apparet

1400 1956 1534 1997 qualiter
1554 1956 1710 1987 utendum
1730 1962 1776 1986 est
1791 1956 1841 1986 vel
1858 1963 1961 1992 cantu,
1978 1956 2027 1986 vel
2043 1965 2121 1986 voce
2137 1955 2204 1986 sine
2220 1962 2305 1991 nota,
2322 1954 2354 1984 in
2375 1965 2461 1985 com-

1401 2000 1491 2031 muni
1508 2000 1665 2031 oratione:
1691 2000 1807 2030 scilicet
1821 2000 1908 2030 iuxta
1929 2000 2132 2030 devotionem
2154 2007 2376 2035 communem;
2401 1999 2462 2030 hoc

1401 2051 1505 2075 tamen
1530 2054 1654 2084 semper
1673 2051 1807 2079 servato,
1823 2044 1912 2085 quod
1935 2053 2141 2084 quocumque
2156 2043 2255 2073 modo
2272 2042 2403 2080 dicatur,
2419 2043 2462 2073 sic

1399 2088 1633 2128 intelligibiliter
1649 2088 1770 2119 dicatur
1784 2094 1819 2118 ut
1841 2087 1959 2128 percipi
1976 2088 2076 2128 possit
2099 2098 2116 2117 a
2132 2097 2165 2117 se
2188 2094 2218 2117 et
2234 2086 2301 2117 aliis
2317 2086 2462 2117 distincte

1399 2142 1509 2163 sensus
1531 2133 1712 2168 verborum,
1737 2132 1821 2162 unde
1844 2132 1973 2162 devotio
1990 2131 2114 2162 excitari
2138 2131 2295 2162 Ecclesiae
2314 2130 2423 2170 possit.
2440 2149 2461 2154 —

1401 2177 1548 2216 Propriae
1563 2183 1670 2206 autem
1686 2176 1837 2206 orationis
1856 2175 1996 2206 conditio
2013 2182 2060 2206 est
2079 2175 2172 2206 etiam
2187 2175 2256 2215 ipsa
2275 2174 2364 2210 ratio,
2382 2174 2461 2204 scili-

1400 2227 1448 2251 cet
1463 2220 1591 2261 propria
1607 2220 1745 2251 devotio.
1769 2220 1862 2251 Unde
1884 2226 1970 2260 patet
1992 2220 2082 2260 quod
2101 2225 2204 2250 errant
2218 2218 2275 2259 qui
2290 2228 2462 2248 numerum

1400 2271 1447 2295 tot
1469 2264 1630 2295 vocalium
1660 2264 1843 2294 orationum
1866 2264 2067 2304 propriarum
2095 2263 2286 2304 explendum
2319 2262 2462 2302 quotidie

1400 2315 1602 2349 praeponunt
1613 2308 1871 2338 meditationibus
1884 2314 1914 2338 et
1929 2307 2119 2338 mentalibus
2135 2306 2341 2337 orationibus.
2358 2306 2462 2336 Relin-

1400 2359 1504 2393 quunt
1526 2361 1665 2393 namque
1687 2351 1783 2382 finem
1808 2358 1938 2392 propter
1961 2361 1997 2382 ea
2020 2361 2101 2392 quae
2121 2357 2195 2381 sunt
2217 2351 2257 2380 ad
2279 2349 2386 2380 finem.

1456 2397 1490 2426 In
1518 2396 1725 2436 responsione
1755 2396 1795 2426 ad
1822 2396 1966 2431 tertium,
1991 2402 2067 2426 nota
2093 2405 2192 2435 quam
2214 2394 2360 2425 vitandae
2387 2400 2462 2424 sunt

1399 2440 1628 2480 singularitates
1652 2446 1811 2476 motuum,
1829 2446 1898 2476 etc„
1922 2439 1955 2469 in
1978 2439 2185 2470 orationibus.

963 2595 1281 2637 ARTICULUS
1310 2592 1790 2636 TERTIUSDECIMUS

686 2690 843 2720 UTRUM
865 2689 923 2719 DE
945 2688 1242 2719 NECESSITATE
1266 2686 1500 2718 ORATIONIS
1524 2686 1591 2717 srr
1615 2685 1737 2723 QUOD
1762 2686 1829 2716 sm·
1853 2685 2063 2716 ATTENTA

816 2767 850 2791 IV
869 2766 951 2795 Sent„
973 2765 1030 2791 dist.
1048 2773 1088 2795 xv,
1108 2773 1152 2798 qu.
1170 2773 1205 2797 rv,
1225 2770 1271 2791 art.
1291 2773 1314 2796 2,
1334 2765 1384 2798 qu*
1402 2773 1427 2796 4,
1449 2764 1476 2796 5;
1497 2765 1506 2789 I
1525 2765 1562 2789 ad
1583 2765 1652 2793 Cor„
1673 2771 1728 2796 cap.
1746 2771 1796 2793 xtv,
1815 2763 1874 2788 lect.
1892 2770 1931 2788 111.

330 2869 383 2893 ;
408 2878 459 2894 fl<
498 2859 521 2885 D
541 2857 864 2884 TERT1UMDECIMUM
888 2857 941 2882 Sic
965 2846 1204 2881 PRocemTUR.
1231 2844 1345 2881 Vide-

316 2892 470 2951 {Q
498 2907 558 2937 tur
567 2899 674 2948 quod
689 2899 736 2936 de
751 2897 972 2936 necessitate
983 2897 1165 2934 orationis
1182 2896 1227 2934 sit
1241 2897 1345 2945 quod

306 2958 315 2998 '¹
337 2957 340 2960 ’
367 2971 420 2988 w-
437 2940 469 3003 '²5
484 2953 545 2990 sit
570 2959 722 2989 attenta.
751 2951 895 2988 Dicitur
915 2950 1018 2987 enim
1034 2951 1186 2987 Ioan.1v
1202 2950 1239 2986 *ε
1265 2950 1345 2997 Spi-

291 3002 320 3010 ’”
346 2983 387 3033 ζ’-
472 3006 591 3043 ritus
609 3010 664 3042 est
680 3006 806 3041 Deus.-
834 3009 870 3040 et
895 3015 958 3040 eos
977 3003 1043 3051 qui
1067 3003 1230 3039 adorant
1246 3014 1343 3049 eum,

287 3059 325 3096 in
353 3059 485 3107 spiritu
513 3064 550 3096 et
573 3058 728 3096 veritate
751 3057 914 3094 adorare
933 3061 1085 3104 oportet.
1117 3055 1195 3092 Sed
1224 3055 1344 3092 oratio

287 3123 367 3148 non
406 3118 461 3148 est
488 3111 526 3149 in
554 3110 685 3160 spiritu
721 3110 752 3148 si
779 3122 857 3147 non
893 3108 939 3146 sit
971 3115 1121 3146 attenta.
1166 3109 1267 3156 Ergo
1297 3108 1344 3146 de

286 3164 510 3208 necessitate
539 3163 719 3201 orationis
748 3171 803 3200 est
829 3161 935 3212 quod
963 3161 1010 3198 sit
1037 3168 1187 3199 attenta.

342 3229 378 3254 2.
398 3218 630 3263 PRAETEREA,
658 3215 778 3254 oratio
803 3223 859 3253 est
885 3227 1060 3253 ascensus
1088 3213 1289 3251 intellectus
1307 3214 1344 3250 in

286 3271 412 3307 Deum
430 3270 461 3307 ²¹⁸.
492 3270 569 3307 Sed
598 3269 752 3319 quando
773 3268 894 3306 oratio
922 3280 1000 3305 non
1029 3275 1084 3304 est
1112 3266 1263 3314 attentaj
1290 3266 1346 3304 in-

286 3323 455 3360 tellectus
483 3335 561 3360 non
589 3321 759 3360 ascendit
786 3321 823 3358 in
850 3322 990 3358 Deum.
1020 3321 1123 3369 Ergo
1144 3320 1191 3358 de
1215 3332 1343 3357 neces-

287 3375 394 3413 sitate
422 3374 603 3414 orationis
631 3383 686 3412 est
714 3374 818 3424 quod
846 3374 892 3411 sit
920 3381 1070 3411 attenta.

340 3517 367 3550 α)
387 3517 457 3543 illuc.
471 3531 490 3536 -
507 3520 534 3542 et
552 3517 614 3542 illuc
632 3515 702 3545 DLa‚
719 3514 830 3547 illucque
849 3513 881 3544 G,
900 3514 941 3539 vel
959 3512 1020 3538 illuc
1038 3512 1068 3538 P.

1454 2845 1487 2880 3.
1509 2845 1744 2890 PRAETEREA‚
1766 2843 1814 2880 de
1834 2841 2056 2878 necessitate
2077 2841 2257 2878 orationis
2277 2849 2332 2878 est
2351 2841 2458 2888 quod

1399 2904 1524 2933 careat
1544 2895 1650 2932 omni
1668 2903 1839 2944 peccato.
1870 2895 1948 2931 Sed
1966 2906 2044 2931 non
2065 2901 2120 2931 est
2138 2894 2283 2942 absque
2298 2901 2457 2942 peccato

1398 2949 1502 2998 quod
1523 2948 1656 2996 aliquis
1675 2948 1822 2985 orando
1842 2947 2105 2995 evagationem
2124 2947 2259 2984 mentis
2277 2947 2456 2995 patiatur:

1397 3002 1549 3039 videtur
1576 3013 1666 3038 eum
1703 3000 1874 3038 deridere
1911 3001 2060 3047 Deum,
2091 2999 2186 3036 sicut
2221 3007 2257 3036 et
2289 2999 2319 3036 si
2347 3000 2457 3036 alicui

1397 3054 1544 3091 homini
1571 3055 1789 3103 loqueretur
1817 3061 1853 3090 et
1880 3064 1958 3090 non
1987 3052 2195 3089 attenderet
2221 3052 2270 3089 ad
2290 3064 2335 3089 ea
2359 3064 2456 3100 quae

1398 3107 1478 3156 ipse
1497 3108 1692 3156 proferret.
1721 3106 1833 3144 Unde
1852 3104 2011 3142 Basilius
2031 3104 2120 3143 dicit
2137 3105 2176 3142 *τ
2200 3105 2269 3142 Est
2289 3105 2456 3142 divinum
2484 3117 2494 3127 ·

1399 3160 1585 3197 auxilium
1622 3158 1900 3208 implorandum
1937 3170 2011 3195 non
2040 3158 2211 3204 remisse,
2240 3169 2308 3194 nec
2335 3163 2456 3194 mente

1399 3215 1472 3250 huc
1490 3213 1578 3250 illuc
1597 3218 1614 3234 α
1642 3218 1847 3262 evagante.-
1866 3211 2030 3266 eoquod
2046 3211 2128 3248 talis
2148 3223 2221 3248 non
2239 3210 2361 3247 solum
2381 3222 2455 3247 non

1399 3266 1611 3315 impetrabit
1628 3266 1729 3314 quod
1739 3266 1842 3314 petit,
1861 3265 1927 3301 sed
1944 3270 1981 3300 et
1995 3264 2120 3314 magis
2137 3265 2261 3300 Deum
2284 3263 2454 3300 irritabit.

1399 3320 1502 3368 Ergo
1523 3319 1571 3356 de
1590 3318 1810 3356 necessitate
1835 3316 2013 3354 orationis
2035 3329 2114 3353 esse
2136 3314 2150 3345 β
2170 3315 2322 3353 videtur
2349 3316 2455 3363 quod

1399 3379 1445 3409 sxt
1472 3379 1622 3409 attenta.

1453 3510 1478 3543 β)
1498 3518 1561 3536 esse.
1573 3524 1591 3529 -
1610 3510 1670 3535 Om.
1690 3511 1734 3534 Pa.

2486 411 2497 423 '⁸
2505 411 2543 433 Pa.
2555 417 2595 439 xv,
2604 418 2663 433 vers.
2674 418 2698 440 9.

2488 1055 2571 1087 Mami.
2590 1039 2697 1088 lingbui}

2486 1092 2548 1113 xm.
2554 1104 2565 1108 -
2570 1092 2698 1120 InterOpp.

2487 1118 2569 1146 Chrys.

2489 1305 2498 1316 ⁸
2506 1305 2556 1327 Lib.
2566 1305 2594 1333 11,
2604 1311 2653 1333 eap.
2663 1312 2699 1330 m.

2519 3116 2618 3139 Conm't.
2640 3117 2693 3139 Mo-

2483 3145 2556 3170 nast„
2572 3149 2622 3171 enp-
2638 3149 2653 3165 ι.
