2860 4244
147 477 281 500 v‚n.nqq.-

28 479 29 482 =
69 472 147 520 ἔσιθι..
162 498 212 520 leet.
227 503 280 520 vm.

988 229 1253 275 QUAESTIO
1284 232 1389 279 LXI,

308 304 479 352 iustitiae,
501 306 607 354 quod
631 314 686 343 est
709 307 880 344 medium
905 306 958 343 rei
978 314 1013 343 et
1031 319 1109 344 non
1129 308 1258 356 quoad
1282 321 1363 346 nos.

307 357 409 405 Ergo
438 357 579 395 iustum
608 359 826 409 simpliciter
852 359 955 398 idem
983 371 1064 396 esse
1090 360 1238 398 videtur
1262 362 1364 410 quod

308 419 608 460 contrapassum.

361 464 436 500 SED
455 475 601 501 CONTRA
616 477 682 512 EST
697 465 799 513 quod
815 464 1083 513 Philosophus,
1100 466 1137 502 in
1154 466 1187 503 V
1197 468 1315 504 Ethz'c.
1332 467 1362 513 ²⁸,

305 517 442 564 probat
469 529 548 554 non
570 517 766 566 quodlibet
793 517 932 554 iustum
963 529 1044 554 esse
1065 527 1362 567 contrapassum.

359 570 584 607 Rssponnzo
621 581 804 607 montinum
838 570 941 618 quod
985 571 1059 607 hoc
1095 572 1199 619 quod
1233 572 1364 610 dicitur

305 627 588 670 contrapassum
616 621 795 671 importat
818 623 1017 670 aequalem
1042 625 1362 673 recompensatio-

305 686 394 711 nem
412 674 599 723 passionis
624 674 673 711 ad
692 674 882 712 actionem
910 677 1216 724 praecedentem.
1247 677 1363 724 Quod

304 726 460 775 quidem
479 726 738 775 propriissime
762 727 898 765 dicitur
925 728 963 766 in
981 729 1222 777 passionibus
1236 728 1251 759 β
1269 730 1364 767 iniu-

303 778 411 815 riosis
447 779 587 828 quibus
624 779 757 828 aliquis
789 792 995 829 personam
1031 782 1195 830 proximi
1228 782 1360 819 laedit:

301 838 404 880 puta,
426 831 456 868 si
474 831 647 880 percutit,
673 833 778 881 quod
803 834 1083 882 repercutiatur.
1114 836 1163 871 Et
1187 835 1262 871 hoc
1282 834 1362 883 qui-

303 882 393 922 dem
430 883 570 922 iustum
600 885 868 923 determinatur
894 887 932 923 in
960 888 1064 934 lege,
1097 887 1222 924 Exod.
1242 886 1360 923 XX1*:

301 936 447 974 Reddet
479 938 648 975 animam
679 950 755 987 pro
782 939 932 985 anima,
962 939 1111 976 oculum
1137 950 1212 987 pro
1240 939 1360 986 oculo,

303 996 372 1026 etc.
401 1009 426 1017 -
463 991 513 1027 Et
541 991 629 1039 quia
667 991 780 1029 etiam
816 992 963 1029 auferre
1000 1003 1081 1028 rem
1120 991 1269 1028 alterius
1307 1000 1363 1028 est

301 1043 499 1090 quoddam
527 1044 651 1081 facere
670 1049 697 1090 Υ,
726 1044 814 1081 ideo
843 1043 1068 1081 secundario
1095 1044 1209 1080 etiam
1237 1043 1275 1080 in
1302 1044 1361 1081 his

303 1094 436 1131 dicitur
451 1103 755 1146 contrapassum:
776 1103 890 1144 prout
908 1095 1048 1133 scilicet
1066 1096 1200 1144 aliquis
1215 1097 1279 1145 qui
1296 1097 1360 1134 da-

300 1159 436 1184 mnum
456 1148 589 1195 intulit,
609 1149 648 1185 in
668 1161 708 1184 re
728 1161 796 1185 sua
815 1148 896 1196 ipse
920 1148 1034 1185 etiarn
1054 1148 1321 1186 damnificatur
1334 1147 1359 1186 δ.

299 1200 349 1236 Et
362 1201 438 1236 hoc
452 1201 565 1237 etiam
578 1201 716 1237 iustum
735 1201 947 1238 continetur
961 1201 1000 1238 in
1009 1202 1103 1249 lege,
1112 1202 1234 1238 Exod.
1244 1202 1358 1239 xxn*:

299 1252 342 1293 Si
358 1252 440 1300 quis
447 1254 606 1301 furatus
613 1254 741 1302 suerit
758 1254 890 1290 bovem
909 1260 977 1290 aut
993 1266 1113 1300 ovem,
1134 1261 1170 1291 et
1187 1255 1363 1291 occiderit

298 1304 360 1342 vel
384 1306 610 1352 vendiderit,
639 1307 803 1355 quinque
839 1307 950 1344 boves
973 1319 1046 1355 pro
1076 1319 1150 1344 uno
1183 1309 1277 1344 bove
1303 1319 1359 1344 re-

215 1410 219 1411 ⁷
259 1357 486 1406 ‘gamag-et
499 1358 664 1407 *quatuor
683 1371 769 1396 oves
781 1371 856 1408 pro
877 1372 953 1397 una
973 1372 1051 1397 ove.
1073 1382 1097 1388 -
1117 1360 1248 1397 Tertio
1263 1373 1358 1397 vero

297 1410 518 1448 transfertur
531 1423 674 1449 nomen
690 1412 924 1460 contrapassi
940 1413 988 1450 ad
1003 1413 1234 1450 voluntarias
1255 1425 1358 1450 com-

297 1463 537 1511 mutationes,
554 1464 593 1502 in
608 1465 748 1514 quibus
762 1465 938 1514 utrinque
952 1470 965 1486 ⁸
981 1473 1036 1502 est
1050 1466 1147 1502 actio
1164 1473 1199 1502 et
1213 1466 1358 1513 passio:

297 1515 366 1555 sed
383 1517 643 1555 voluntarium
662 1517 836 1555 diminuit
864 1517 911 1554 de
933 1517 1076 1555 ratione
1101 1517 1298 1566 passionis,
1319 1526 1360 1555 ut

261 1589 268 1596 ·
297 1567 440 1606 dictum
469 1577 525 1607 est
543 1570 575 1607 ²¹⁸.

349 1622 392 1659 In
420 1622 600 1660 omnibus
627 1629 756 1658 autem
784 1621 841 1658 his
860 1622 984 1659 >debet
1011 1622 1114 1670 fieri,
1144 1623 1356 1660 secundum

294 1673 482 1712 rationem
518 1674 679 1712 iustitiae
709 1675 1023 1722 commutativae,
1053 1676 1357 1724 recompensatio

294 1727 508 1764 secundum
527 1727 812 1775 aequalitatem:
842 1735 883 1764 ut
902 1728 1042 1765 scilicet
1061 1728 1190 1776 passio
1210 1741 1357 1765 recom-

292 1787 450 1828 pensata
478 1779 524 1817 sit
552 1780 719 1829 aequalis
747 1781 897 1817 actioni.
927 1782 1019 1817 Non
1047 1789 1173 1818 autem
1204 1794 1358 1830 semper

293 1838 393 1870 esset
428 1833 598 1881 aequalis
635 1833 664 1869 si
693 1833 796 1870 idem
835 1833 960 1882 specie
999 1833 1133 1881 aliquis
1165 1842 1357 1882 pateretur

292 1885 399 1933 quod
426 1886 523 1923 fecit.
553 1887 656 1923 Nam
684 1886 810 1934 primo
830 1886 998 1934 quidem,
1030 1899 1120 1923 curn
1150 1887 1233 1936 quis
1262 1887 1355 1924 iniu-

291 1937 391 1975 riose
419 1939 544 1976 laedat
562 1938 575 1965 ζ
603 1939 753 1975 alterius
780 1951 985 1987 personam
1015 1940 1214 1986 maiorem,
1235 1941 1357 1976 maior

292 1998 349 2028 est
367 1991 464 2028 actio
485 2003 602 2040 quam
621 1991 748 2040 passio
769 1992 940 2029 eiusdem
962 1993 1102 2041 speciei
1127 2005 1243 2040 quam
1273 1993 1354 2041 ipse

289 2051 492 2092 pateretur.
523 2045 571 2081 Et
590 2044 678 2082 ideo
698 2045 758 2081 ille
777 2044 842 2094 qui
862 2045 1022 2094 percutit
1040 2046 1250 2094 principem
1276 2058 1353 2082 non

289 2097 416 2134 solum
445 2098 704 2146 repercutitur,
726 2098 794 2134 sed
822 2099 943 2134 multo
964 2098 1115 2146 gravius
1143 2098 1307 2147 punitur.
1329 2120 1352 2127 -

289 2148 470 2186 Similiter
489 2150 603 2187 etiam
630 2162 718 2187 cum
747 2150 831 2199 quis
858 2151 1023 2199 aliquem
1053 2151 1352 2188 involuntarium

288 2201 327 2238 in
355 2214 396 2239 re
416 2215 485 2240 sua
505 2203 739 2249 damnificat,
761 2203 885 2241 maior
904 2211 960 2240 est
989 2204 1086 2240 actio
1108 2216 1225 2253 quarn
1256 2211 1353 2241 esset

339 2314 364 2348 β)
379 2315 558 2347 passionibus.
571 2328 590 2334 -
609 2318 635 2340 et
652 2315 801 2340 actionibus
820 2315 889 2339 addit
908 2316 935 2339 P.

338 2351 366 2384 γ)
377 2352 482 2384 sacer-e.
495 2364 515 2368 -
531 2353 628 2375 contra
640 2351 736 2384 facere
753 2351 784 2382 D,
805 2350 932 2375 iniustum
946 2351 1040 2384 facere
1058 2351 1128 2375 PGH
1147 2355 1174 2375 et
1191 2358 1217 2375 a.

337 2384 363 2419 ὅ)
383 2386 438 2418 ipse
455 2385 536 2410 etiam
560 2386 759 2419 damnificatur.
773 2400 790 2404 —
809 2385 890 2410 etiam
917 2386 972 2418 ipse
995 2386 1184 2418 damnificetur
1206 2386 1252 2411 Pa.
1264 2400 1283 2404 -
1301 2386 1351 2410 Pro

285 2421 392 2451 iustum,
412 2421 511 2446 iustum
531 2421 659 2446 damnum
679 2421 737 2446 Pla.

1418 233 1713 271 ARTICULUS
1744 235 1794 270 IV
2423 238 2471 284 39

1392 309 1394 315 ’
1419 311 1547 358 passio
1576 311 1606 347 si
1634 311 1704 348 sibi
1734 313 1814 348 sola
1842 324 1901 348 res
1929 312 1991 349 illa
2016 314 2245 350 auferretur:
2275 313 2362 361 quia
2391 314 2470 362 ipse

1420 363 1484 411 qui
1513 363 1774 401 damnificavit
1802 365 1929 412 aliurn,
1950 365 1988 402 in
2013 378 2053 402 re
2083 377 2150 402 sua
2179 365 2269 402 nihil
2298 366 2471 404 damnifi—

1419 423 1576 453 caretur.
1608 417 1658 454 Et
1676 417 1762 454 ideo
1781 417 1935 466 punitur
1953 417 1992 454 in
2009 419 2084 454 hoc
2104 418 2208 466 quod
2230 418 2471 467 multiplicius

1420 468 1606 505 restituat:
1645 469 1732 517 quia
1770 470 1882 507 etiam
1904 475 1922 497 η
1953 482 2030 507 non
2059 471 2183 507 solum
2213 471 2471 509 damnificavit

1418 532 1623 568 personam
1647 522 1846 570 privatam,
1868 523 1935 559 secl
1963 523 2249 571 rempublicam,
2271 523 2351 560 eius
2379 532 2472 560 tute-

1417 573 1475 608 lae
1503 573 1740 610 securitatem
1759 574 2008 622 infringendo.
2024 596 2048 603 -
2069 575 2245 612 Similiter
2265 576 2377 612 etiam
2401 589 2471 614 nec

1417 625 1456 661 in
1476 626 1837 663 commutationibus
1863 628 2083 664 voluntariis
2109 640 2261 676 semper
2285 636 2382 665 esset
2410 641 2471 666 ae-

1416 676 1536 725 qualis
1555 678 1681 725 passio
1702 679 1732 715 si
1751 679 1883 727 aliquis
1912 681 2017 717 daret
2040 693 2121 717 rem
2141 693 2262 727 suam,
2283 681 2470 730 accipiens

1418 742 1498 766 rem
1533 730 1699 767 alterius:
1738 732 1825 780 quia
1860 732 1954 769 forte
1986 745 2045 769 res
2072 733 2221 770 alterius
2263 741 2318 770 est
2349 735 2469 771 multo

1417 781 1540 818 maior
1567 794 1682 830 quam
1712 795 1791 820 sua.
1818 805 1842 812 -
1871 785 1919 820 Et
1950 785 2037 821 ideo
2075 793 2224 834 oportet
2260 787 2470 823 secundum

1417 835 1608 882 quandam
1622 836 1948 883 proportionatam
1969 838 2381 875 commensurationem
2406 840 2470 876 ad-

1417 898 1580 934 aequare
1608 887 1826 935 passionem
1853 889 1991 926 actioni
2018 889 2056 926 in
2085 891 2468 928 commutationibus:

1416 939 1464 976 ad
1491 939 1594 987 quod
1620 939 1773 977 inventa
1805 949 1890 978 sunt
1915 941 2144 979 numismata
2158 942 2189 979 ²⁸.
2219 944 2267 979 Et
2294 943 2347 980 sic
2381 956 2470 980 con-

1415 999 1627 1039 trapassum
1649 1000 1704 1029 est
1723 994 2038 1031 commutativum
2066 994 2219 1032 iustum.

1470 1046 1511 1081 ln
1532 1044 1766 1082 distributiva
1785 1054 1912 1082 autem
1931 1046 2067 1084 iustitia
2094 1048 2221 1084 locum
2247 1059 2324 1084 non
2342 1048 2468 1085 habet.

1416 1096 1516 1142 Quia
1535 1097 1574 1134 in
1595 1097 1828 1135 distributiva
1853 1098 1989 1135 iustitia
2009 1111 2086 1136 non
2112 1099 2314 1136 attenditur
2332 1113 2470 1149 aequa-

1414 1148 1495 1186 litas
1515 1151 1727 1187 secundum
1747 1151 2033 1199 proportionem
2055 1152 2107 1188 rei
2127 1153 2175 1189 ad
2195 1164 2288 1199 rem,
2306 1154 2366 1189 vel
2386 1165 2469 1201 pas-

1415 1202 1531 1239 sionis
1559 1203 1607 1239 ad
1636 1203 1843 1251 actionem,
1872 1204 1974 1240 unde
2005 1204 2136 1241 dicitur
2164 1213 2467 1253 contrapassum:

1415 1255 1482 1292 sed
1502 1256 1712 1293 secundum
1741 1257 2129 1305 proportionalitatem
2159 1270 2284 1294 rerum
2311 1258 2358 1295 ad
2386 1271 2469 1306 per-

1414 1319 1539 1355 sonas,
1569 1316 1609 1345 ut
1637 1321 1751 1357 supra
1769 1309 1790 1331 *
1818 1309 1958 1346 dictum
1989 1317 2053 1346 est.
2495 1310 2504 1320 ⁴

1465 1362 1524 1398 Ao
1540 1373 1676 1398 PRIMUM
1695 1373 1793 1398 ERGO
1814 1374 1995 1399 DICENDUM
2010 1363 2114 1410 quod
2135 1362 2196 1399 illa
2215 1363 2338 1399 forma
2353 1363 2468 1400 divini

1413 1413 1536 1450 iudicii
1572 1414 1773 1451 attenditur
1801 1416 2012 1452 secundum
2041 1415 2226 1452 rationem
2261 1424 2468 1452 commuta-

1412 1465 1512 1502 tivae
1532 1465 1707 1503 iustitiae:
1728 1475 1841 1515 prout
1860 1467 1999 1504 scilicet
2017 1476 2281 1517 recompensat
2299 1469 2469 1516 praemia

1412 1518 1552 1554 meritis
1582 1526 1618 1555 et
1645 1519 1827 1567 supplicia
1855 1520 2029 1567 peccatis.

1465 1572 1524 1607 An
1543 1583 1733 1608 SECUNDUM
1761 1583 1945 1609 DICENDUM
1964 1572 2068 1621 quod
2096 1572 2126 1608 si
2146 1573 2256 1609 alicui
2283 1573 2346 1621 qui
2366 1586 2468 1610 com-

1412 1623 1583 1660 munitati
1621 1624 1797 1661 servisset
1825 1625 2092 1661 retribueretur
2124 1625 2262 1673 aliquid
2294 1638 2364 1673 pro
2393 1639 2469 1663 ser-

1412 1675 1504 1712 vitio
1539 1676 1734 1724 impenso,
1772 1689 1849 1713 non
1888 1685 1984 1714 esset
2011 1679 2086 1714 hoc
2124 1678 2380 1715 distributivae
2414 1678 2467 1715 iu-

1413 1729 1543 1775 stitiae,
1573 1729 1641 1765 sed
1670 1729 1978 1767 commutativae.
2027 1732 2068 1766 In
2099 1730 2331 1767 distributiva
2366 1731 2467 1768 enim

1411 1780 1548 1818 iustitia
1577 1793 1654 1818 non
1683 1782 1885 1819 attenditur
1912 1782 2117 1831 aequalitas
2145 1783 2224 1820 eius
2252 1784 2356 1831 quod
2384 1785 2467 1832 quis

1412 1834 1546 1882 accipit
1565 1834 1613 1871 ad
1633 1834 1670 1871 id
1690 1835 1795 1883 quod
1814 1835 1894 1884 ipse
1923 1835 2119 1884 impendit,
2140 1836 2207 1873 sed
2235 1836 2283 1873 ad
2306 1836 2343 1873 id
2362 1838 2465 1884 quod

1410 1886 1504 1923 alius
1546 1887 1699 1935 accipit,
1730 1888 1942 1925 secundum
1971 1889 2132 1925 modum
2161 1888 2356 1937 utriusque
2383 1902 2466 1938 per-

1410 1951 1539 1976 sonae.

1461 1995 1520 2028 AD
1547 2004 1706 2029 TER‘HUM
1730 2004 1912 2030 DtCENDuM
1933 1994 2036 2041 quod
2067 1994 2220 2042 quando
2249 1995 2345 2031 actio
2374 1995 2467 2031 iniu-

1408 2045 1507 2081 riosa
1537 2052 1592 2081 est
1611 2046 1836 2092 voluntaria,
1867 2046 2011 2083 excedit
2029 2046 2162 2083 iniuria
2177 2044 2201 2093 ⁰,
2233 2055 2268 2083 et
2293 2047 2345 2084 sic
2369 2048 2464 2084 acci-

1406 2098 1507 2147 pitur
1533 2106 1574 2134 ut
1602 2098 1724 2134 maior
1750 2110 1820 2135 res.
1849 2099 1960 2135 Unde
1987 2106 2135 2147 oportet
2163 2100 2346 2136 maiorem
2371 2113 2463 2149 poe-

1405 2163 1494 2187 nam
1516 2151 1548 2187 ei
1567 2151 1848 2199 recompensari
1876 2163 1953 2187 non
1980 2152 2189 2188 secundum
2212 2152 2462 2190 differentiam

1407 2204 1536 2251 quoad
1565 2216 1647 2250 nos,
1677 2204 1743 2241 sed
1773 2204 1982 2241 secundum
2013 2205 2262 2242 differentiam
2292 2206 2356 2242 rei.

1459 2316 1481 2348 ε)
1501 2314 1634 2348 utrinque.
1651 2328 1671 2333 -
1690 2315 1828 2347 utriusque
1847 2315 2006 2347 PBEFLKa,
2027 2319 2169 2348 utrumque
2187 2317 2244 2347 (est
2266 2317 2336 2342 actio
2354 2317 2464 2344 scilicet)

1405 2350 1436 2381 D,
1456 2354 1598 2382 utrumque
1616 2350 1672 2380 GK,
1697 2350 1802 2382 utrique
1820 2351 1854 2375 H.

1455 2385 1480 2419 ζ)
1500 2385 1599 2410 laedat.
1612 2399 1631 2404 -
1649 2385 1732 2410 laedit
1750 2386 1838 2410 PDGI.

1456 2421 1483 2453 η)
1503 2421 1624 2445 etiam.-
1642 2420 1704 2445 Om.
1723 2421 1755 2446 G.
2125 2436 2129 2441 ·

1456 2454 1480 2488 θ)
1501 2456 1610 2481 iniuria.
1624 2470 1643 2474 —
1662 2456 1788 2481 iniuriam
1808 2457 1890 2481 PDsK
1910 2461 1935 2480 et
1953 2464 1996 2486 xa,
2017 2457 2130 2482 iniurias
2148 2458 2180 2481 Η.

960 2517 1294 2550 Commentaria
1316 2517 1567 2550 Cardjnalis
1589 2517 1790 2550 Caietam

314 2593 335 2615 n
357 2583 451 2615 titulo
475 2583 594 2614 articuli
615 2583 727 2624 quarti,
745 2584 869 2614 adverte
893 2584 981 2624 quod
1006 2593 1043 2613 ex
1065 2583 1294 2624 Pythagoricis,
1320 2590 1350 2614 et

287 2596 556 2659 IRhadamanthe
571 2628 759 2668 legislatore,
777 2638 813 2658 ac
829 2627 1044 2668 disputatione
1067 2627 1180 2664 Quinti
1201 2628 1306 2659 Ethic.
1321 2628 1348 2664 *‚

281 2672 435 2713 processit
457 2672 606 2703 articulus
621 2672 689 2703 iste.
715 2671 875 2711 Significat
898 2679 1005 2702 autern
1029 2671 1062 2701 in
1086 2672 1252 2712 proposito
1276 2682 1349 2703 con-

283 2722 464 2758 trapassum
489 2722 614 2747 tantum
637 2715 830 2746 damnificari
862 2723 1019 2756 quantum
1039 2715 1260 2752 damnificavit,
1281 2723 1348 2747 tan-

281 2766 353 2791 tum
368 2760 432 2800 pati
449 2766 606 2800 quantum
621 2759 692 2800 egit,
716 2766 839 2790 tanturn
856 2760 978 2790 solvere
993 2767 1150 2800 quantum
1166 2761 1294 2800 accepit,
1319 2767 1349 2791 et

282 2803 479 2835 huiusmodi.
514 2804 555 2834 Et
583 2804 645 2834 hoc
671 2803 704 2834 in
721 2803 941 2844 quaestionem
966 2803 1111 2835 vertitur:
1145 2806 1196 2834 An
1227 2814 1348 2834 servare

283 2854 523 2888 contrapassum
547 2847 586 2878 sit
609 2857 729 2878 servare
752 2847 914 2883 iustitiam,
937 2847 981 2878 ita
1003 2848 1092 2888 quod
1115 2847 1200 2877 idem
1224 2848 1295 2878 sint.

338 2892 374 2922 In
390 2901 523 2932 corpore
539 2891 661 2921 articuli
677 2898 754 2922 nota
776 2891 892 2931 primo,
909 2891 998 2931 quod
1014 2898 1254 2931 contrapassum
1277 2898 1348 2932 pot-

282 2942 329 2967 est
344 2935 512 2975 dupliciter
526 2934 667 2974 intelligi.
682 2935 800 2971 Primo,
814 2936 991 2966 secundum
1006 2935 1202 2965 identitatem
1218 2936 1346 2976 speciei:

282 2987 319 3010 ut
341 2979 458 3010 scilicet
479 2979 616 3019 patiatur
638 2979 710 3020 quis
732 2979 818 3009 idem
841 2979 943 3019 specie
966 2979 1055 3019 quod
1078 2979 1153 3018 egit,
1178 2986 1256 3019 puta
1278 2981 1347 3010 ani-

282 3033 366 3054 mam
380 3033 445 3064 pro
465 3024 585 3061 anima,
610 3023 737 3054 oculum
749 3033 812 3063 pro
833 3023 934 3054 oculo.
958 3023 999 3053 Et
1021 3023 1064 3054 sic
1087 3023 1346 3063 respondendum

282 3074 329 3098 est
355 3066 533 3108 quaestioni
557 3066 714 3107 negative:
746 3067 834 3108 quod
858 3066 974 3097 scilicet
999 3067 1118 3098 iustum
1146 3068 1346 3098 commutati-

281 3121 359 3142 vum
383 3118 414 3142 et
437 3117 677 3151 contrapassum
700 3121 764 3141 non
789 3118 863 3141 sunt
885 3111 988 3147 idem3
1013 3118 1049 3142 ut
1071 3117 1157 3151 patet
1180 3121 1216 3141 ex
1236 3111 1345 3141 incon-

281 3150 480 3186 venientibus
503 3155 603 3186 allatis
626 3155 659 3185 in
681 3155 792 3186 littera.
815 3173 836 3178 —
860 3155 1018 3192 Secundo,
1038 3155 1214 3185 secundum
1229 3165 1344 3196 aequa-

281 3199 383 3230 litates
407 3198 606 3241 quantitatis:
635 3205 672 3230 ut
693 3199 810 3230 scilicet
836 3206 922 3230 tanta
946 3199 985 3229 sit
1008 3199 1113 3240 passio
1141 3206 1258 3240 quanta
1286 3199 1346 3230 fuit

281 3243 332 3274 vel
359 3250 406 3274 est
429 3243 528 3279 actio,
552 3249 850 3284 quantumcumque
878 3243 1071 3274 diversarum
1095 3243 1271 3284 specierum
1294 3244 1344 3274 vel

281 3297 435 3327 generum
458 3287 520 3318 sint
542 3287 624 3317 actio
648 3293 679 3318 et
701 3287 822 3327 passim
847 3293 924 3327 puta
951 3287 1016 3327 pati
1039 3287 1071 3318 in
1095 3288 1188 3318 bonis
1211 3287 1343 3318 exterio-

281 3331 368 3362 ribus
392 3341 450 3372 pro
473 3331 611 3362 laesione
634 3330 719 3362 illata
741 3331 773 3361 in
797 3331 889 3362 bonis
914 3331 1070 3371 corporis,
1096 3338 1144 3368 ut,
1169 3331 1194 3362 si
1218 3341 1343 3372 percus—

282 3374 331 3411 sit,
356 3375 457 3406 solvat
479 3382 604 3406 tanturn
627 3375 722 3411 laeso,
748 3382 778 3406 et
801 3381 925 3406 tantum
949 3375 1062 3412 curiae,
1079 3382 1137 3406 etc.
1163 3375 1204 3406 Et
1222 3376 1274 3412 sic,
1293 3385 1342 3406 ex·
1368 3404 1370 3419 Ι

282 3425 372 3449 tenso
396 3419 589 3459 contrapassi
614 3426 643 3449 et
666 3419 821 3459 passionis
845 3418 975 3449 nomine
998 3419 1038 3449 ad
1063 3429 1174 3449 omnes
1198 3429 1342 3450 commu·
1368 3421 1370 3454 ξ

281 3462 425 3499 tationes,
450 3471 690 3504 contrapassum
714 3470 760 3493 est
781 3462 866 3493 idem
890 3463 978 3503 quod
1001 3463 1121 3494 iustum
1141 3464 1342 3494 commutati-

281 3516 369 3544 vum,
387 3514 423 3538 ut
449 3507 482 3538 in
506 3507 607 3538 littera
631 3507 839 3538 concluditur.
867 3507 908 3537 Et
932 3516 968 3537 ex
990 3507 1049 3538 hac
1072 3507 1272 3538 distinctione
1288 3507 1341 3538 ha—
1367 3510 1369 3531 1¹

1402 2584 1456 2614 bes
1480 2584 1564 2614 unde
1584 2583 1704 2614 diversa
1726 2584 1807 2615 dicta
1827 2583 2011 2624 negantium
2029 2584 2079 2614 vel
2102 2583 2326 2615 affirmantium
2340 2585 2460 2616 iustum

1403 2628 1441 2658 de
1465 2634 1684 2668 contrapasso‚
1709 2629 1827 2658 salvare
1850 2627 1978 2668 poteris.

1456 2672 1540 2702 Nota
1564 2672 1718 2708 secundo,
1743 2672 1832 2713 quod
1856 2672 1902 2702 uti
1924 2671 2110 2712 aequalitate
2133 2673 2362 2712 proportionali
2387 2683 2461 2703 con-

1401 2715 1492 2756 tingit
1516 2716 1690 2756 dupliciter.
1723 2716 1850 2752 Primo,
1875 2722 1910 2746 ut
1933 2715 2036 2746 forma
2058 2715 2147 2746 iusti:
2178 2716 2220 2746 ita
2244 2717 2331 2756 quod
2355 2717 2461 2756 ipsum

1400 2760 1521 2790 iustum
1545 2760 1694 2790 consistat
1712 2760 1744 2790 in
1767 2759 1952 2790 huiusmodi
1976 2760 2171 2800 aequalitate.
2205 2760 2246 2790 Et
2273 2760 2316 2790 sic
2343 2760 2460 2791 iustitia

1401 2804 1596 2834 distributiva
1619 2804 1718 2834 utitur
1732 2804 1918 2844 aequalitate
1941 2803 2184 2843 proportionali:
2210 2810 2240 2834 et
2262 2804 2294 2833 in
2317 2804 2378 2834 hoc
2402 2804 2459 2834 dif-

1401 2848 1459 2878 fert
1482 2858 1500 2878 a
1522 2848 1640 2878 iustitia
1664 2848 1901 2884 commutativa,
1926 2857 2007 2887 quae
2030 2847 2129 2878 utitur
2151 2847 2337 2887 aequalitate
2361 2858 2460 2888 quan—

1399 2891 1519 2922 titativa
1542 2899 1578 2922 ut
1601 2891 1704 2921 forma
1725 2891 1810 2922 iusti.
1834 2909 1855 2914 —
1879 2891 2042 2927 Secundo,
2067 2898 2103 2921 ut
2130 2892 2229 2921 modo
2257 2892 2459 2931 perveniendi

1400 2936 1440 2965 ad
1463 2936 1672 2975 quantitatem
1694 2935 1738 2965 rei
1762 2941 1797 2966 ut
1819 2935 1858 2965 sit
1881 2934 2019 2975 aequalis
2041 2934 2127 2965 alteri
2142 2935 2196 2966 rei.
2219 2936 2260 2966 Et
2283 2935 2326 2966 sic
2342 2936 2459 2966 iustitia

1400 2979 1627 3010 commutativa
1650 2979 1748 3009 utitur
1770 2978 1956 3019 aequalitate
1979 2979 2210 3018 proportionali
2233 2979 2265 3009 in
2283 2986 2458 3010 commuta-

1398 3023 1537 3054 tionibus
1561 3033 1677 3059 rerum,
1702 3030 1738 3053 ut
1760 3023 1873 3053 dicitur
1895 3023 1946 3053 hic
1969 3030 2000 3053 et
2021 3022 2053 3052 in
2077 3023 2106 3054 V
2121 3023 2224 3054 Ethic.
2243 3023 2261 3042 *
2283 3023 2327 3054 Ut
2349 3024 2374 3053 si
2403 3024 2458 3054 do-

1399 3066 1554 3098 mificator
1577 3068 1688 3097 debeat
1710 3074 1906 3098 commutare
1929 3067 2074 3104 domum,
2092 3077 2174 3107 quae
2189 3074 2235 3097 est
2253 3077 2336 3107 opus
2352 3078 2456 3104 suum,

1399 3121 1473 3142 cum
1496 3111 1611 3148 calceo,
1634 3109 1723 3152 quod
1747 3118 1792 3142 est
1815 3121 1898 3152 opus
1921 3111 2077 3147 cerdonis,
2102 3118 2227 3151 oportet
2249 3113 2337 3152 quod
2360 3112 2402 3142 ita
2425 3122 2458 3142 se

1398 3155 1510 3186 habeat
1533 3156 1627 3186 cerdo
1651 3156 1690 3186 ad
1710 3155 1849 3186 calceum
1874 3155 1955 3186 sicut
1978 3154 2176 3186 domificator
2198 3156 2237 3185 ad
2261 3156 2404 3191 domum,
2422 3166 2457 3186 ac

1398 3209 1454 3239 per
1475 3200 1538 3230 hoc
1560 3206 1607 3230 tot
1631 3199 1751 3230 calceos
1775 3200 1826 3230 det
1848 3209 1906 3239 pro
1931 3199 2181 3230 commutatione
2211 3206 2291 3240 quot
2313 3200 2457 3239 aequiva-

1396 3243 1481 3274 leant
1503 3243 1626 3274 domui.
1652 3243 1786 3275 Constat
1809 3243 1894 3274 enim
1917 3244 2004 3284 quod
2028 3243 2305 3284 proportionalitas
2328 3244 2360 3273 in
2384 3253 2456 3283 pro—

1397 3287 1502 3327 posito
1526 3298 1592 3318 non
1612 3295 1658 3318 est
1681 3287 1783 3318 forma
1798 3287 1881 3323 iusti,
1907 3287 1961 3317 sed
1983 3287 2033 3317 via
2055 3287 2094 3317 ad
2118 3287 2325 3327 quantitatem
2339 3297 2456 3328 aequa-

1397 3331 1461 3361 lem
1483 3341 1598 3368 rerum,
1622 3331 1654 3361 in
1672 3341 1735 3372 qua
1757 3332 1942 3371 aequalitate
1963 3330 2103 3361 consistit
2126 3331 2228 3361 forma
2251 3331 2333 3362 iusti.
2364 3332 2455 3362 Unde

1397 3375 1587 3406 numismate
1611 3376 1683 3406 loco
1706 3375 1750 3405 rei
1774 3375 1893 3406 utimur
1915 3382 1951 3405 ut
1974 3374 2094 3405 facilius
2119 3374 2289 3415 aequalitas
2312 3385 2455 3406 commu-

1397 3419 1553 3450 tationum
1578 3419 1646 3450 fiat:
1670 3419 1777 3450 vendit
1795 3419 1952 3459 siquidem
1968 3419 2060 3448 cerdo
2084 3425 2132 3449 tot
2155 3419 2285 3456 calceos,
2309 3427 2339 3451 et
2363 3429 2454 3450 num-

1368 3462 1369 3506 ,
1396 3463 1456 3494 mis
1480 3463 1553 3494 inde
1576 3463 1689 3494 habitis
1712 3463 1865 3503 adaequat
1889 3463 2022 3493 domum
2046 3473 2142 3503 quam
2167 3463 2252 3493 emit.

1452 3507 1489 3538 ΙΙ.
1515 3508 1549 3537 In
1573 3507 1778 3547 responsione
1802 3507 1841 3537 ad
1864 3507 2003 3546 primum
2020 3507 2161 3537 eiusdem
2177 3506 2296 3538 articuli
2321 3507 2453 3538 dubium

2496 954 2507 964 ⁸
2512 953 2549 976 Cf
2557 953 2655 976 Aristot.
2662 955 2706 976 loc.

2496 983 2544 1004 cit..
2568 986 2591 1002 n.
2615 986 2651 1007 14,
2675 987 2707 1008 15;

2496 1005 2567 1028 s.Th.
2581 1007 2634 1028 lect.
2648 1013 2679 1028 ix.

2484 3025 2636 3053 ‘1bid.‚num.
2643 3027 2664 3053 8,
2671 3034 2693 3054 9.
