2860 4244
66 879 138 934 Jogtfb
152 878 210 900 infm
231 877 286 900 Nini

316 235 385 261 102

973 221 1239 269 QUAESTIO
1269 221 1422 269 LXVII,
1451 222 1748 259 ARTICULUS
1777 222 1828 258 IV

983 350 1315 384 Commentaria.
1338 349 1588 383 Cardinalis
1611 351 1812 385 Caietani

341 443 361 463 N
385 432 517 463 articulo
541 431 632 463 tertio
655 431 798 462 eiusdem
814 429 1008 470 quaestionis
1024 429 1150 460 adverte
1173 429 1272 470 quod,
1297 428 1369 460 licet
1423 430 1588 461 ordinatur
1610 431 1650 461 ad
1673 432 1795 462 bonum
1819 429 1992 471 peccantis:
2024 429 2079 460 sed
2107 438 2145 459 ex
2167 429 2338 460 rebellione
2366 430 2487 461 denun-

315 446 421 507 Iratio
445 476 478 506 in
502 485 634 516 corpore
657 475 779 506 articuli
803 475 895 506 allata
917 475 957 504 ad
981 474 1215 504 ostendendum
1230 473 1369 504 iudicem

311 527 457 561 oportere
486 519 567 551 inter
596 520 678 550 duos
704 519 842 550 iudicare
872 518 1040 549 concludat
1069 525 1135 549 tam
1164 518 1197 548 in
1227 518 1370 549 civilibus

311 574 408 606 quam
437 564 470 594 in
499 563 729 599 criminalibus,
754 570 784 593 et
802 563 856 596 ,ita
885 563 1067 604 regulariter
1096 563 1287 593 servandum
1315 562 1369 599 sit;

309 611 431 639 Auctor
453 615 558 639 tamen
582 607 736 638 conclusit
759 606 933 647 specialiter
947 607 981 638 in
997 607 1222 643 criminalibus,
1246 607 1369 638 dicens:

310 653 354 683 Et
375 652 445 682 ideo
475 653 506 682 in
530 651 750 682 criminalibus
779 660 842 681 non
867 657 974 691 potest
992 658 1067 683 etc.:
1095 651 1170 692 quia
1196 651 1370 682 evidentius

310 705 463 737 personae
495 705 678 736 comparere
708 695 876 735 exiguntur
906 695 940 726 in
971 695 1195 727 criminalibus.
1228 695 1372 736 Exigitur

310 749 448 780 namque
476 740 650 780 praesentia
673 739 865 780 personalis,
889 749 970 781 quae
994 750 1060 770 non
1084 740 1253 781 requiritur
1274 740 1307 771 in
1331 739 1371 771 ci-

310 784 434 815 vilibus.

365 828 403 859 II.
428 828 463 858 In
492 828 607 858 eodem
634 828 785 864 articulo,
811 828 845 858 in
872 829 1081 869 responsione
1109 828 1149 859 ad
1177 829 1371 864 secundum,

310 873 435 903 adverte
450 880 589 913 quatuor
599 871 618 892 ’⁸‘
632 873 710 914 poni
725 872 759 902 in
773 872 876 903 littera
891 873 1038 914 supplere
1053 872 1156 903 vicem
1172 873 1372 904 accusatoris.

310 917 432 954 Primo,
458 917 619 958 publicam
641 917 817 948 infamiam.
848 917 889 949 Et
917 917 978 948 hoc
1008 927 1083 949 cum
1114 917 1296 957 proceditur
1318 927 1374 957 per

1423 474 1489 505 tiati
1511 474 1643 505 vertitur
1664 474 1697 505 in
1721 474 1909 505 sententiam
1938 473 2137 514 punitivum,
2160 480 2290 513 propter
2314 483 2487 505 commune

1424 519 1558 549 bonum.
1588 519 1629 549 Et
1657 526 1824 559 propterea
1852 518 1886 548 in
1909 517 2065 559 principio
2093 527 2158 548 non
2182 525 2252 557 eget
2279 517 2388 559 aliquo
2412 527 2487 558 sup·

1424 563 1530 602 plente
1545 562 1655 593 locum
1670 563 1889 599 accusationis,
1906 563 1961 593 sed
1975 562 2008 592 in
2024 561 2220 593 talieventu.
2240 562 2374 602 Propter
2389 561 2488 593 istum

1426 606 1511 637 enirn
1535 608 1685 637 eventum
1707 607 1741 637 in
1757 607 1859 638 littera
1881 607 2014 638 dieitur:
2037 607 2145 637 Poena
2162 607 2245 637 enim
2263 605 2406 647 infertur
2421 604 2487 648 (de-

1426 651 1572 681 nuntiato
1596 649 1734 693 supple),
1752 656 1889 691 propter
1911 651 2114 682 rebellionem
2131 657 2189 681 etc.

1480 694 1600 731 Tertio,
1625 694 1792 734 publicum
1806 694 1962 726 iudicium
1977 695 2171 726 ordinatum.
2195 695 2237 726 Et
2259 695 2321 725 hoc
2343 693 2488 734 intelligo

1425 739 1475 769 vel
1499 739 1629 780 quando
1653 738 1772 769 crimen
1795 748 1903 769 coram
1925 739 2028 770 iudice
2052 746 2083 770 et
2105 739 2173 770 aliis
2196 738 2422 770 committitur:
2454 745 2490 769 ut

1427 793 1500 814 curn
1529 783 1624 813 iudex
1653 792 1729 813 cum
1751 782 1817 813 suis
1847 783 1936 814 audit
1963 783 2181 823 blasphemare
2210 783 2262 814 vel
2290 783 2376 814 videt
2406 782 2488 813 occi-

1426 828 1509 863 dere,
1527 834 1585 858 etc.
1608 827 1703 857 Tunc
1726 826 1812 857 enim
1834 826 1901 857 sine
1925 827 1990 857 ulla
2005 827 2065 858 alia
2079 826 2219 864 infamia,
2239 827 2488 863 denuntiatione,

1427 871 1637 908 accusatione,
1653 877 1783 911 propter
1805 870 1995 902 evidentiam
2011 870 2094 907 facti,
2109 871 2205 902 iudex
2219 872 2322 912 punit.
2349 871 2444 903 Unde
2458 877 2490 902 et

1426 915 1593 957 ponufices
1610 915 1802 946 ludaeorum
1817 914 1978 946 dixerunt.
1997 915 2141 946 Audistis
2154 916 2399 956 blasphemiam:
2414 915 2491 956 quid

1427 961 1533 992 adhuc
1558 960 1779 991 desideramus
1802 959 1954 990 testesP*
1977 959 2018 990 Et
2047 966 2174 990 sanctus
2196 959 2397 997 Ludovicus,
2422 961 2489 991 Rex
2517 965 2608 1012 Mares·
2619 969 2670 994 cap
2680 970 2720 986 xiv

310 961 394 992 viam
417 961 642 1003 inquisitionis.

366 1006 523 1043 Secundo,
548 1005 748 1037 manifestam
763 1005 969 1036 rebellionem
985 1006 1025 1036 ad
1040 1005 1223 1042 Ecclesiam,
1247 1005 1298 1036 cui
1322 1005 1374 1036 de·
1427 1005 1586 1040 Franciae,
1610 1004 1724 1044 legitur
1747 1003 1941 1045 praecepisse
1957 1003 2138 1034 cauterizari
2152 1003 2295 1044 linguam
2310 1003 2379 1035 eius
2393 1013 2491 1045 quem
2517 997 2577 1013 vers.
2592 991 2628 1019 ⁶¹³
2644 993 2682 1017 ⁰4

311 1051 493 1083 nuntiatum
510 1057 556 1082 est
576 1050 704 1082 crimen.
729 1050 770 1081 Et
790 1050 852 1081 hoc
868 1051 997 1091 quando
1014 1050 1196 1091 proceditur
1219 1060 1275 1090 per
1289 1049 1371 1080 viam
1427 1049 1575 1080 audiebat
1591 1049 1808 1089 blasphemare
1823 1048 1850 1079 *.
1866 1047 1969 1079 —Nisi
1984 1047 2065 1079 forte
2080 1048 2152 1089 quis
2168 1048 2251 1078 dicat
2265 1048 2354 1088 quod
2369 1050 2528 1079 Auctor·
2548 1056 2582 1078 ne
2604 1055 2728 1083 Joinvine,

311 1095 569 1126 denuntiationis.
586 1095 680 1125 Tunc
693 1095 789 1131 enim,
801 1094 888 1126 iuxta
900 1094 1033 1126 Domini
1045 1094 1244 1132 mandatum,
1260 1093 1372 1125 Matth.
1428 1094 1467 1124 de
1485 1093 1625 1134 quadam
1646 1093 1861 1134 inquisitionis
1877 1092 1980 1133 specie
2002 1092 2163 1134 loquitur:
2187 1092 2262 1133 quia
2277 1092 2382 1129 iudex,
2399 1102 2436 1123 ex
2451 1101 2491 1123 eo
2518 1082 2580 1104 ⁸¹¹¹
2587 1082 2645 1104 ‘¹²⁸‘
2648 1071 2728 1104 “⁰¹¹⁸''

73 1138 83 1149 ³
99 1137 210 1165 Vers.17.
311 1150 385 1170 xvm
400 1140 426 1177 *,
450 1141 478 1171 si
500 1139 678 1171 Ecclesiam
703 1149 766 1170 non
790 1139 940 1177 audierit,
957 1140 1020 1170 erit
1034 1140 1117 1170 sicut
1132 1139 1287 1176 ethnicus,
1312 1138 1373 1168 hoc
1427 1138 1517 1179 quod
1539 1137 1608 1178 ipse
1630 1137 1717 1173 vidit,
1742 1137 1895 1178 paulatim
1917 1137 2084 1177 investigat
2107 1147 2144 1168 ex
2167 1136 2284 1167 officio.

312 1191 368 1220 est,
393 1184 717 1215 excommunicandus
734 1190 789 1215 est.
814 1183 1020 1214 Denuntiatio
1037 1182 1123 1213 enim
1139 1192 1175 1213 ex
1191 1189 1303 1213 natura
1317 1192 1374 1212 sua
1482 1182 1523 1212 Et
1545 1181 1624 1212 haec
1647 1180 1805 1212 sufficiant
1827 1181 1922 1212 etiam
1945 1191 2004 1221 pro
2028 1188 2142 1222 quarto
2166 1181 2309 1218 articulo,
2327 1187 2385 1212 etc.

848 1437 1004 1469 UTRUM
1028 1437 1162 1468 IUDEX
1185 1436 1330 1468 LICITE
1352 1436 1502 1469 POSSIT
1527 1435 1709 1467 POENAM
1732 1435 1965 1466 RELAXARE

567 1521 636 1545 Part.
655 1521 695 1551 111,
715 1528 759 1553 qu.
778 1527 845 1550 var,
863 1525 913 1546 art.
933 1527 956 1550 2,
976 1520 1008 1544 ad
1029 1519 1057 1550 33
1077 1519 1086 1544 Ι
1107 1519 1190 1549 Sent„
1211 1519 1271 1544 dist.
1289 1526 1360 1550 xmu,
1379 1526 1425 1552 qu.
1443 1526 1471 1548 u.
1490 1523 1537 1544 art.
1557 1526 1581 1548 2.
1600 1518 1632 1543 ad
1652 1515 1682 1549 5;
1702 1517 1746 1550 IV,
1765 1518 1824 1543 dist.
1842 1526 1909 1549 xxm,
1929 1526 1974 1551 qu.
1993 1525 2010 1548 1,
2030 1523 2077 1543 art.
2098 1525 2121 1548 2.
2141 1518 2191 1552 qu⁸
2213 1526 2236 1544 ε.

75 1727 83 1736 ·
99 1725 165 1746 Vers.
181 1731 209 1753 ¹3·

75 2210 84 2219 ⁸
101 2208 166 2230 Vers.
182 2214 215 2237 23.
226 2218 236 2223 -
250 2208 286 2230 Cf.

76 2241 126 2263 cap.
137 2241 217 2263 xxxin,
227 2241 287 2257 vers.
315 2250 321 2256 .

76 2522 85 2532 ⁸
99 2521 167 2543 Vers.
183 2522 209 2549 8,
224 2526 247 2549 9.

78 2735 86 2743 ·
103 2732 169 2754 Vers.
185 2738 216 2759 12,
232 2738 261 2761 ¹3-

77 2788 87 2797 ⁴
102 2787 152 2807 Art.
168 2792 192 2812 2,
205 2792 225 2814 3.

340 1620 504 1727 «ὃς.
524 1619 1078 1711 2335332233253352235„
1093 1607 1377 1698 ῩέῗὲἑὲἷεῗΨὸἓ

315 1695 620 1807 jssbr'dmr
648 1716 751 1753 enim
781 1717 853 1753 Iac.
874 1727 897 1752 11
916 1715 955 1752 *ε
985 1714 1173 1751 Iudicium
1203 1714 1282 1750 sine
1310 1713 1378 1750 mi-

319 1777 351 1807 Λ
445 1779 472 1793 ν’
524 1769 730 1807 sericordia
766 1770 802 1806 ei
836 1769 903 1817 qui
934 1779 1008 1805 non
1030 1767 1136 1816 facit
1165 1767 1377 1803 misericor-

312 1823 427 1860 diam.
458 1822 536 1860 Sed
564 1823 688 1860 nullus
707 1822 863 1871 punitur
889 1828 1046 1870 propter
1065 1821 1140 1857 hoe
1168 1820 1274 1868 quod
1299 1832 1377 1857 non

312 1876 400 1913 facit
436 1875 528 1913 illud
557 1876 662 1925 quod
699 1875 795 1913 licite
824 1875 947 1912 facere
985 1886 1064 1911 non
1100 1880 1237 1922 potest.
1275 1873 1377 1921 Ergo

312 1929 468 1979 quilibet
495 1929 609 1966 iudex
635 1936 761 1978 potest
788 1928 885 1965 licite
912 1926 1213 1989 misericordiam
1242 1926 1378 1973 facere,

313 1982 516 2020 relaxando
546 1995 726 2032 poenam.

366 2048 401 2073 2.
431 2037 666 2083 PRAETEREA,
695 2034 879 2072 iudicium
907 2034 1121 2070 humanum
1151 2032 1265 2069 debet
1297 2032 1379 2069 imi-

312 2089 381 2127 tari
409 2089 590 2126 iudicium
621 2089 806 2126 divinum.
846 2086 924 2124 Sed
958 2088 1064 2124 Deus
1096 2085 1378 2134 poenitentibus

313 2144 455 2180 relaxat
482 2154 670 2191 poenam:
700 2141 788 2191 quia
816 2152 890 2177 non
919 2140 999 2176 vult
1025 2144 1183 2176 mortem
1206 2145 1378 2187 peccato-

314 2197 377 2242 ris,
404 2203 445 2232 ut
474 2196 607 2233 dicitur
635 2195 774 2232 Ezech.
804 2205 889 2230 xvm
916 2192 948 2230 *.
978 2193 1081 2240 Ergo
1111 2192 1224 2229 etiam
1257 2192 1378 2229 homo

314 2249 427 2287 iudex
455 2257 580 2298 potest
607 2247 814 2298 poenitenti
842 2246 938 2283 licite
967 2246 1091 2283 laxare
1120 2258 1301 2294 poenam.

369 2303 403 2340 3.
425 2303 658 2349 PRAETEREA,
679 2300 881 2348 unicuique
909 2299 995 2336 licet
1021 2300 1146 2336 facere
1181 2299 1285 2348 quod
1314 2299 1379 2336 ali-

315 2356 375 2392 cui
402 2357 558 2404 prodest
587 2363 622 2391 et
650 2355 740 2392 nulli
768 2360 891 2391 nocet.
931 2352 1008 2389 Sed
1036 2353 1237 2389 absolvere
1271 2365 1378 2389 reum

314 2421 337 2446 a
363 2420 490 2457 poena
527 2408 683 2457 prodest
721 2407 754 2444 ei
784 2414 820 2443 et
847 2405 938 2443 nulli
966 2414 1090 2443 nocet.
1129 2406 1231 2453 Ergo
1267 2405 1378 2443 iudex

314 2462 413 2499 licite
442 2468 567 2511 potest
595 2473 702 2498 reum
730 2473 752 2497 a
779 2472 906 2509 poena
934 2459 1146 2496 absolvere.

369 2515 443 2552 SED
480 2526 627 2552 CONTRA
655 2525 721 2550 EST
749 2513 854 2572 quod
892 2511 1026 2549 dicitur
1063 2511 1302 2548 Deut.x111*
1332 2511 1378 2548 de

316 2581 363 2605 eo
392 2567 457 2617 qui
484 2567 688 2617 persuadet
715 2566 857 2603 servire
896 2565 966 2603 diis
995 2564 1142 2602 alienis:
1171 2564 1263 2602 Non
1285 2576 1379 2613 par-

315 2627 376 2658 cat
402 2622 439 2658 ei
465 2621 594 2658 oculus
612 2627 696 2657 tuus
725 2625 766 2656 ut
790 2619 1004 2656 miserearis
1023 2624 1058 2655 et
1084 2616 1244 2655 occultes
1271 2629 1377 2655 eum:

313 2675 380 2712 sed
404 2675 528 2712 statim
557 2673 755 2722 interficies
782 2685 880 2710 eum.
910 2673 959 2709 Et
988 2672 1035 2709 de
1067 2670 1261 2708 homicida
1290 2671 1380 2708 dici-

315 2735 375 2765 tur
402 2729 513 2764 Deut.
534 2739 594 2764 x1x
612 2727 652 2764 *ε
681 2726 884 2772 Morietur,
905 2737 973 2763 nec
1000 2725 1234 2762 misereberis
1261 2725 1352 2761 eius.

369 2782 594 2824 REspounao
614 2792 798 2818 mCENDuM
826 2778 944 2828 quod,
965 2778 1060 2815 sicut
1080 2790 1125 2814 ex
1150 2777 1255 2815 dictis
1274 2777 1294 2799 '¹‘
1313 2790 1378 2826 pa-

314 2842 377 2881 tet,
399 2835 476 2871 duo
505 2842 604 2881 sunt,
634 2840 819 2882 quantum
849 2832 898 2869 ad
925 2831 1166 2881 propositum
1195 2830 1378 2879 pertinet,

315 2887 412 2925 circa
441 2887 606 2924 iudicem
644 2885 938 2924 consideranda:
968 2897 1134 2934 quorum
1167 2896 1289 2921 unum
1325 2892 1379 2920 est

315 2940 421 2989 quod
456 2940 538 2989 ipse
566 2940 681 2978 habet
717 2938 882 2976 iudicare
919 2938 1015 2975 inter
1051 2945 1313 2975 accusatorem
1343 2945 1379 2974 et

315 3005 444 3039 reum;
475 2993 577 3035 aliud
606 3000 735 3030 autem
766 3000 820 3029 est
857 2991 963 3040 quod
993 2991 1074 3040 ipse
1112 3003 1190 3028 non
1219 2991 1289 3027 fert
1322 2990 1378 3027 iu-

317 3046 403 3083 dicii
432 3046 658 3083 sententiam
687 3045 795 3094 quasi
824 3057 868 3081 ex
896 3044 1067 3093 propria,
1097 3045 1164 3081 sed
1195 3043 1303 3092 quasi
1332 3056 1375 3080 ex

316 3099 468 3148 publica
496 3106 694 3148 potestate.
737 3097 888 3146 Duplici
918 3109 1007 3145 ergo
1037 3096 1181 3134 ratione
1215 3096 1377 3145 impedi-

316 3160 377 3189 tur
409 3152 524 3189 iudex
559 3164 607 3188 ne
645 3163 753 3188 reum
791 3163 813 3187 a
850 3162 976 3198 poena
1011 3150 1210 3186 absolvere
1245 3149 1375 3197 possit.

316 3206 447 3243 Primo
476 3205 645 3254 quidem,
676 3216 721 3241 ex
757 3211 863 3252 parte
901 3202 1148 3249 accusatoris,
1183 3201 1232 3239 ad
1270 3201 1376 3239 cuius

317 3259 374 3296 ius
411 3258 644 3308 quandoque
672 3257 835 3306 pertinet
870 3263 912 3293 ut
939 3268 1026 3292 reus
1057 3231 1255 3304 puniatur,
1285 3262 1375 3303 puta

318 3319 472 3360 propter
500 3311 666 3359 aliquam
690 3309 863 3347 iniuriam
890 3309 927 3345 in
951 3309 1077 3358 ipsum
1108 3307 1374 3345 commissam.

319 3365 424 3402 cuius
454 3364 630 3401 relaxatio
661 3376 738 3401 non
768 3371 821 3400 est
849 3362 886 3399 in
916 3362 1066 3399 arbitrio
1097 3361 1252 3398 alicuius
1281 3361 1375 3398 iudi-

375 3532 399 3562 κ)
420 3530 549 3556 nocivum.
564 3544 582 3548 -
602 3533 784 3555 »τοοκ-,κνήμη
804 3530 851 3554 Pa.

1432 1607 1495 1654 cis,
1517 1606 1605 1655 quia
1631 1606 1788 1656 quilibet
1805 1606 1919 1644 iudex
1945 1614 2095 1644 tenetur
2113 1607 2172 1644 ius
2200 1619 2315 1644 suum
2335 1606 2496 1646 reddere

1431 1660 1649 1709 unicuique.

1485 1713 1571 1750 Alio
1606 1713 1727 1750 modo
1765 1712 1969 1762 impeditur
1997 1724 2042 1749 ex
2069 1720 2176 1762 parte
2204 1712 2434 1762 reipublicae
2454 1713 2533 1761 ²⁸⁸,

1433 1766 1539 1803 cuius
1557 1773 1743 1815 potestate
1771 1765 1947 1814 fungitur,
1972 1765 2022 1803 ad
2044 1765 2151 1803 cuius
2170 1766 2316 1803 bonum
2335 1765 2499 1816 pertinet

1433 1819 1539 1868 quod
1568 1819 1829 1856 malefactores
1857 1819 2072 1868 puniantur.
2110 1819 2187 1856 Sed
2215 1827 2345 1856 tamen
2377 1832 2497 1869 quan-

1432 1881 1515 1914 tum
1545 1872 1594 1909 ad
1613 1873 1687 1909 hoc
1716 1871 1840 1910 differt
1868 1871 1963 1909 inter
1981 1871 2178 1909 inferiores
2206 1871 2351 1910 iudices
2380 1881 2416 1910 et
2435 1886 2497 1911 su-

1432 1938 1613 1975 premum
1642 1925 1820 1973 iudicem,
1841 1925 1980 1962 scilicet
2008 1925 2233 1974 principem,
2255 1926 2315 1963 cui
2336 1933 2392 1962 est
2417 1927 2497 1975 ple-

1433 1979 1538 2016 narie
1566 1986 1733 2027 potestas
1761 1979 1914 2028 publica
1934 1978 2150 2017 commissa.
2181 1978 2424 2016 Iudex'enim
2444 1979 2499 2017 in-

1433 2032 1548 2069 ferior
1575 2045 1654 2069 non
1681 2033 1796 2070 habet
1823 2040 2051 2081 potestatem
2080 2032 2306 2070 absolvendi
2339 2044 2448 2070 reum
2477 2044 2500 2070 a

1433 2098 1579 2135 poena,
1610 2093 1741 2123 contra
1777 2085 1878 2134 leges
1906 2099 1929 2124 a
1956 2085 2152 2135 superiore
2185 2085 2255 2123 sibi
2288 2085 2499 2135 impositas.

1434 2139 1544 2176 Unde
1574 2151 1689 2188 super
1726 2138 1818 2176 illud
1847 2141 1951 2176 Ioan.
1980 2152 2041 2176 xix
2058 2139 2099 2186 *,
2127 2139 2220 2176 Non
2248 2140 2406 2177 haberes
2433 2139 2500 2177 ad-

1432 2204 1584 2229 versum
1612 2204 1673 2229 me
1694 2198 1914 2241 potestatem
1944 2193 2071 2238 ullam,
2093 2191 2180 2229 dicit
2206 2192 2441 2241 Augustinus
2460 2191 2499 2230 *ε

1438 2245 1567 2282 Talem
1587 2247 1691 2282 Deus
1718 2246 1872 2283 dederat
1888 2246 2008 2284 Pilato
2023 2250 2243 2294 potestatem
2264 2251 2305 2283 ut
2321 2252 2415 2283 esset
2430 2247 2501 2284 sub

1439 2299 1612 2336 Caesaris
1628 2301 1818 2347 potestate,
1839 2311 1886 2336 ne
1913 2300 1949 2336 ei
1966 2299 2119 2337 omnino
2138 2299 2298 2336 liberum
2326 2305 2421 2337 esset
2436 2311 2500 2336 ac-

1434 2358 1604 2390 cusatum
1633 2352 1837 2390 absolvere.
1869 2353 1946 2390 Sed
1973 2353 2162 2402 princeps,
2187 2352 2253 2402 qui
2279 2353 2395 2390 habet
2421 2353 2501 2401 ple·

1434 2405 1581 2443 nariam
1610 2413 1836 2454 potestatem
1846 2405 1894 2442 .in
1919 2406 2124 2454 republica,
2145 2405 2175 2442 si
2192 2405 2252 2443 ille
2280 2406 2346 2454 qui
2364 2417 2500 2454 passus

1435 2467 1490 2496 est
1527 2459 1701 2495 iniuriam
1739 2458 1829 2495 velit
1862 2471 1948 2496 eam
1977 2459 2187 2505 remittere,
2216 2458 2355 2508 poterit
2389 2471 2499 2496 reum

1433 2511 1532 2549 licite
1560 2512 1782 2558 absolvere,
1811 2511 1842 2548 si
1870 2512 1945 2549 hoc
1972 2512 2147 2561 publicae
2182 2511 2327 2549 utilitati
2363 2511 2501 2549 viderit

1435 2577 1513 2603 non
1544 2577 1626 2602 esse
1655 2564 1840 2602 nocivum
1854 2570 1888 2602 ⁴².

1486 2620 1545 2655 AD
1574 2629 1712 2655 PRIMUM
1748 2629 1847 2655 ERGO
1885 2629 2069 2656 DICENDUM
2097 2618 2202 2667 quod
2237 2617 2500 2655 misericordia

1433 2670 1567 2708 iudicis
1595 2671 1711 2708 habet
1737 2671 1866 2708 locum
1895 2670 1933 2708 in
1960 2670 2019 2708 his
2048 2683 2145 2720 quae
2183 2670 2335 2709 arbitrio
2365 2670 2499 2708 iudicis

1435 2724 1708 2773 relinquuntur,
1729 2724 1768 2760 in
1796 2724 1933 2774 quibus
1962 2725 2051 2761 boni
2075 2724 2152 2762 viri
2173 2730 2226 2761 est
2254 2730 2294 2761 ut
2318 2725 2367 2761 sit
2392 2724 2499 2762 dimi-

1434 2778 1583 2814 nutivus
1608 2789 1832 2825 poenarum,
1862 2777 1957 2815 sicut
1985 2777 2241 2827 Philosophus
2270 2777 2369 2825 dicit,
2398 2777 2438 2815 in
2463 2777 2500 2815 V

1432 2831 1552 2868 Ethic.
1573 2829 1593 2852 '¹‘
1622 2832 1664 2867 In
1692 2829 1750 2867 his
1778 2838 1907 2867 autem
1937 2842 2035 2880 quae
2064 2838 2152 2868 sunt
2171 2830 2420 2868 determinata
2440 2843 2498 2868 se·
2525 2841 2536 2852 ⁴

1434 2883 1605 2921 cundum
1633 2884 1757 2931 legem
1787 2883 1958 2921 divinam
1985 2884 2048 2921 vel
2076 2885 2306 2932 humanam,
2335 2896 2415 2921 non
2443 2892 2500 2922 est

1434 2949 1547 2975 suum
1576 2936 1874 2974 misericordiam
1904 2937 2039 2974 facere.

1485 2992 1544 3027 An
1573 3002 1763 3027 SECUNDUM
1791 3002 1976 3028 memnon
2014 2990 2121 3039 quod
2149 2991 2256 3027 Deus
2293 2990 2409 3027 habet
2437 3003 2498 3028 su-

1431 3055 1607 3092 premam
1635 3050 1862 3092 potestatem
1890 3042 2094 3091 iudicandi,
2121 3050 2157 3080 et
2184 3044 2231 3080 ad
2260 3042 2385 3092 ipsum
2414 3055 2498 3093 per-

1430 3096 1522 3133 tinet
1551 3096 1735 3145 quidquid
1755 3103 1887 3133 contra
1914 3096 2082 3144 aliquem
2110 3104 2302 3145 peccatur.
2332 3096 2382 3133 Et
2409 3095 2496 3134 ideo

1430 3148 1593 3186 liberum
1614 3156 1669 3186 est
1697 3148 1730 3185 ei
1749 3161 1917 3197 poenam
1937 3149 2147 3186 remittere:
2176 3149 2381 3198 praecipue
2407 3161 2496 3187 cum

1430 3209 1589 3250 peccato
1626 3214 1670 3238 ex
1698 3202 1773 3238 hoc
1809 3214 1936 3250 poena
1965 3202 2131 3240 maxime
2171 3202 2355 3240 debeatur
2390 3203 2496 3251 quod

1431 3262 1487 3291 est
1516 3262 1646 3291 contra
1682 3253 1821 3303 ipsum.
1860 3255 1952 3292 Non
1980 3263 2110 3293 tamen
2139 3255 2291 3293 remittit
2325 3267 2494 3304 poenam

1431 3307 1502 3345 nisi
1522 3307 1733 3345 seeundum
1763 3308 1868 3356 quod
1889 3308 1996 3352 decet
2024 3321 2132 3347 suam
2151 3308 2374 3357 bonitatem,
2397 3320 2495 3357 quae

1431 3369 1486 3398 est
1515 3360 1687 3398 omnium
1715 3362 1843 3408 legum
1872 3361 1987 3399 radix.

2547 1716 2576 1740 ὓ·
2589 1722 2646 1746 7⁹3,
2660 1722 2709 1745 795·

2525 2144 2537 2155 ⁸
2551 2143 2618 2167 Vere.
2632 2149 2659 2166 n.

2527 2193 2538 2205 '⁸
2545 2193 2624 2216 'rr-ct.
2631 2192 2706 2215 cxvi
2714 2193 2740 2215 in

2527 2220 2595 2243 toan.

2600 2841 2738 2868 .x‚u..-8

2525 2857 2723 2890 s.'r.1ect.xv1.

2856 3308 2860 3314 r
2853 2939 2860 3298 ..c-ffl-—QQ——ffl—-n
2856 2909 2860 2930 ..a
2858 2896 2860 2901 .
2856 2850 2860 2877 ....
2857 2798 2860 2831 ...-
