2860 4244
905 238 1171 285 QUAESTIO
1201 239 1339 288 XCVI,
1369 241 1664 279 ARTICULUS
1695 243 1743 278 111

236 315 309 353 ctis,
326 321 399 351 etc.;
422 315 495 346 ideo
519 315 632 347 dicitur
650 316 740 357 quod
754 318 876 347 Auctor
891 326 957 346 non
973 317 1148 347 retractavit
1163 327 1205 353 se,
1222 328 1294 357 pro-

235 359 302 399 prie
325 359 504 400 loquendo,
529 360 605 401 quia
626 360 679 390 illa
701 361 796 391 verba
825 370 893 391 non
916 360 991 391 dixit
1014 360 1046 390 in
1076 361 1203 401 propria
1226 372 1294 402 per-

235 412 329 439 sona,
354 403 409 436 sed
432 403 526 442 dixit,
548 404 659 435 Posset
684 405 802 445 aliquis
828 405 934 435 dicere
942 412 956 443 ;
986 405 1040 434 sed
1069 405 1242 436 confutavit
1265 414 1295 437 et

235 446 365 478 exclusit
387 447 449 477 hoc
472 447 506 477 in'
528 447 601 478 loco
625 449 713 489 quod
736 448 779 479 ibi
803 458 868 478 non
889 448 1028 479 exclusit.
1052 449 1148 486 Quod
1169 450 1294 480 nullum

235 496 281 521 est
295 490 534 522 inconveniens:
559 501 634 522 cum
650 492 831 523 naturaliter
846 492 945 522 homo
962 491 1104 532 proficiat
1119 494 1294 524 secundum

233 534 439 566 intellectum.
461 536 529 566 Nec
551 536 695 576 oportuit
717 536 898 566 meminisse
921 535 1095 575 specialiter
1113 536 1230 577 figurae
1248 538 1295 567 in-

233 585 391 619 quantum
413 579 538 619 reponit
560 579 594 609 in
617 580 720 620 specie
735 579 896 616 artificiati‚
921 580 1091 611 summarie
1116 582 1232 612 docens
1257 583 1295 612 de

233 622 446 653 artificialibus
460 623 651 664 inquantum
664 623 835 655 artificialia
849 630 915 655 tam
927 624 1047 655 ratione
1064 624 1184 655 formae
1197 636 1295 666 quam

233 666 390 703 materiae,
414 673 450 697 ut
471 666 504 697 in
527 666 629 698 littera
650 666 696 699 fit.

289 710 351 741 Sed
373 710 528 751 quoniam
543 712 666 741 Auctor
687 711 721 741 in
743 710 825 741 libro
845 710 966 742 Contra
992 711 1118 750 Gentes,
1137 719 1210 753 post
1233 713 1294 743 dis-

234 764 359 784 cussam
388 754 471 784 hanc
494 754 673 791 materiam,
699 755 838 785 distinxit
866 754 1000 795 figuram
1029 757 1067 786 ab
1091 757 1159 787 aliis
1182 757 1296 788 formis

234 797 455 834 artificialium,
472 804 502 828 et
524 798 634 829 videns
657 799 725 829 eius
748 799 959 839 principatum
979 800 1060 831 inter
1078 800 1161 840 ipsas
1179 802 1213 831 in
1231 801 1294 832 hoc

233 842 322 882 quod
344 841 414 882 ipsa
429 848 476 872 est
498 843 586 874 velut
609 842 712 873 forma
727 843 872 884 specifica
887 843 1105 881 artificialium,
1121 845 1207 876 illam
1224 855 1294 875 eva-

233 885 358 916 sionem
388 895 455 917 non
487 893 534 917 est
556 894 758 927 prosecutus;
788 887 912 919 videtur
940 887 1110 919 dicendum
1137 889 1244 929 quod,
1268 889 1294 919 si

234 930 313 960 bene
329 929 559 971 perspiciantur
580 932 675 962 verba
692 931 755 962 illic
774 931 856 962 dicta
869 932 903 962 in
917 931 970 962 illa
986 932 1143 968 evasione,
1167 942 1233 963 non
1249 940 1295 964 est

233 983 343 1004 sensus
366 974 455 1015 quod
478 973 588 1014 figura,
611 975 803 1016 inquantum
825 985 956 1006 causans
975 976 1114 1016 speciem
1130 975 1293 1015 artificiati,

232 1017 383 1058 suscipiat
396 1017 553 1049 influxum
569 1019 744 1055 caelestem,
761 1026 797 1050 ut
811 1020 1000 1060 praecedens
1016 1020 1180 1060 responsio
1199 1020 1293 1051 inter-

232 1067 352 1102 pretata
367 1069 431 1094 est:
455 1062 510 1092 sed
527 1069 574 1094 est
595 1073 706 1093 sensus
721 1064 811 1104 quod
826 1062 935 1103 figura,
952 1063 1144 1103 inquantum
1163 1074 1294 1095 causans

232 1106 372 1146 speciem
399 1105 551 1138 artificiati
574 1107 660 1145 talis,
684 1107 802 1138 scilicet
823 1107 908 1147 quod
934 1107 1123 1147 adipiscitur
1144 1109 1292 1139 virtutem

232 1159 274 1181 ex
288 1150 399 1189 stellis,
417 1150 574 1191 suscipere
589 1157 694 1191 potest
715 1151 882 1181 caelestem
898 1150 1069 1188 influxum;
1093 1152 1136 1182 ita
1151 1153 1240 1193 quod
1256 1163 1293 1183 ex

231 1193 294 1225 hoc
324 1194 414 1236 quod
442 1193 542 1235 figura
574 1202 620 1225 est
649 1194 832 1235 principalis
862 1194 965 1226 forma
992 1195 1073 1226 inter
1102 1196 1292 1234 artificiales,

231 1243 344 1278 utpote
367 1238 561 1269 constituens
583 1237 617 1269 in
640 1238 752 1279 specie,
777 1238 855 1269 nihil
878 1239 1024 1280 prohibet
1046 1240 1176 1281 aliquod
1199 1240 1293 1271 artifi-

209 1289 211 1291 ·
231 1281 317 1318 ciale,
341 1281 542 1322 suscipiendo
565 1280 701 1322 figuram
724 1282 814 1323 quasi
838 1282 1015 1323 specificam
1040 1283 1177 1315 formam
1200 1284 1293 1316 artifi-

231 1325 302 1357 dati
326 1325 413 1356 caelo
436 1325 627 1363 conformia,
651 1327 809 1367 suscipere
837 1327 932 1358 simul
963 1328 1128 1359 caelestem
1152 1329 1293 1370 aliquam

229 1369 380 1401 virtatem
395 1367 442 1400 ad
465 1380 502 1401 ea
525 1380 608 1411 quae
631 1371 812 1403 subduntur
833 1371 878 1402 illi
901 1372 1004 1403 sideri.
1035 1373 1076 1403 Et
1099 1373 1184 1404 iuxta
1208 1374 1293 1405 hunc

165 1435 173 1438 -
230 1423 375 1453 sensum,
398 1414 512 1445 dicitur
533 1415 623 1455 quod
646 1425 712 1446 non
736 1422 783 1446 est
804 1415 855 1446 hic
878 1423 1079 1447 retractatum
1102 1427 1157 1448 seu
1182 1418 1293 1449 confu-

229 1464 333 1491 tatum
359 1458 450 1499 quod
471 1459 505 1489 in
528 1459 610 1490 libro
636 1459 758 1490 Contra
782 1459 899 1491 Gentes
926 1460 1047 1491 dictum
1075 1470 1131 1491 seu
1159 1462 1292 1501 permis-

230 1512 304 1533 sum
327 1508 391 1533 est:
416 1509 447 1533 et
476 1503 565 1544 quod
595 1513 661 1534 non
684 1510 839 1544 repugnat
861 1504 910 1534 his
941 1514 1023 1544 quae
1050 1504 1083 1534 in
1110 1505 1169 1535 hac
1192 1506 1293 1537 littera

229 1546 407 1578 traduntur.
432 1547 597 1585 Quoniam
619 1547 720 1578 littera
741 1547 885 1589 loquitur
906 1547 957 1578 hic
981 1548 1019 1578 de
1036 1549 1222 1589 corporibus
1246 1560 1293 1580 ar-

229 1589 408 1622 tificialibus
437 1590 628 1632 inquantum
659 1590 830 1622 artificialia
857 1598 947 1628 sunt,
973 1598 1003 1623 et
1030 1599 1196 1632 propterea
1226 1594 1294 1625 sola

229 1634 360 1666 materia
386 1635 537 1666 naturalis
562 1635 750 1676 relinquitur
776 1645 872 1676 capax
895 1635 1049 1667 influxus:
1080 1636 1124 1667 ibi
1147 1647 1222 1668 vero
1246 1649 1301 1669 se--

229 1678 372 1717 cundum
394 1678 476 1710 hanc
505 1679 786 1719 singularissimarn
809 1679 982 1717 rationem,
1005 1680 1198 1721 inquantum
1217 1692 1292 1713 con-

228 1722 404 1755 stituuntur
434 1723 467 1754 in
496 1723 600 1764 specie
631 1724 771 1754 caelestis
804 1724 1034 1755 conformitatis
1062 1725 1184 1756 ratione
1213 1726 1292 1767 figu-

227 1776 281 1798 rae
303 1766 383 1798 talis.

283 1810 320 1842 In
343 1810 434 1842 cuius
457 1811 594 1851 signum,
618 1811 680 1842 hoc
703 1812 736 1842 in
759 1812 843 1848 loco,
867 1812 1016 1842 damnare
1039 1813 1149 1844 volens
1172 1817 1294 1846 Auctor

227 1854 381 1895 imagines
403 1856 641 1892 astronomicas,
658 1866 724 1886 non
747 1856 844 1886 audet
867 1866 919 1887 eas
942 1857 1091 1888 damnare
1111 1858 1178 1889 sine
1201 1859 1292 1899 signo

227 1906 359 1940 sumpto
392 1909 430 1930 ex
452 1899 699 1938 characteribus,
729 1910 766 1930 ex
795 1910 862 1941 quo
890 1900 960 1932 vult
982 1902 1071 1941 quod
1102 1902 1292 1953 imaginibus

227 1949 359 1975 utantur
381 1953 447 1974 non
471 1950 508 1975 ut
530 1943 690 1975 effectibus
714 1944 801 1980 caeli,
825 1945 879 1975 sed
895 1946 930 1976 u't
944 1945 1055 1986 signis:
1080 1947 1155 1987 quia
1171 1954 1294 1979 constat

228 1986 420 2022 characteres
443 1986 522 2019 nihil
543 1987 646 2021 valere
669 1988 709 2019 ad
732 1988 952 2039 operationem
971 1991 1157 2027 naturalem
1174 1992 1229 2022 sed
1252 1993 1292 2023 ad

229 2029 473 2072 significandum
500 2038 634 2069 tantum,
658 2032 813 2073 quoniam
839 2032 885 2063 illi
914 2033 1032 2064 nullius
1061 2041 1136 2065 sunt
1158 2036 1291 2067 actionis

227 2075 392 2116 principia.
405 2093 426 2099 -
443 2076 551 2107 Potest
566 2056 774 2107 nihilominus
789 2077 822 2118 ly
834 2087 897 2108 non
914 2079 996 2108 enim
1013 2084 1059 2109 est
1059 2079 1180 2119 figura
1193 2082 1290 2111 actio-

229 2121 280 2151 m's
298 2120 459 2151 naturalis
468 2121 675 2161 principium,
693 2120 798 2151 referri
813 2121 853 2151 ad
867 2121 971 2161 ipsam
986 2123 1201 2154 necessitatem
1219 2125 1291 2155 cha-

227 2170 403 2197 racterum:
423 2164 514 2205 quasi
528 2165 660 2196 diceret:
679 2165 760 2196 Cum
766 2165 886 2206 figura
901 2167 1053 2207 imaginis
1065 2177 1128 2198 non
1143 2169 1185 2199 sit
1201 2174 1292 2200 natu·

224 2208 310 2244 talis
323 2209 459 2240 actionis
468 2210 677 2249 principium,
689 2219 821 2241 ,necesse
836 2215 882 2240 est
895 2210 1015 2241 addere
1030 2211 1233 2244 characteres
1247 2214 1291 2244 ad

226 2251 287 2284 hoc
300 2257 336 2283 ut
351 2253 460 2294 imago
477 2253 590 2284 induat
605 2254 760 2284 rationem
784 2255 882 2294 signi,
896 2264 958 2294 quo
974 2255 1132 2286 mediante
1153 2257 1289 2288 daemon

226 2301 387 2337 operetur.
401 2298 424 2319 ‘-
448 2297 489 2328 Et
511 2307 719 2338 quocumque
743 2298 842 2328 modo
865 2298 941 2329 haec
965 2300 1059 2330 verba
1081 2300 1290 2340 applicentur,

1174 2355 1189 2365 x

1182 2391 1237 2401 κΜ

2332 243 2405 280 333

1350 326 1396 349 sat
1420 326 1466 350 est
1488 320 1654 360 proposito
1685 321 1773 361 quod
1797 320 1948 360 imagines
1963 320 2193 351 astronomicae
2223 330 2289 350 non
2313 330 2408 360 appa—

1351 370 1418 393 rent
1429 363 1480 394 hic
1495 364 1693 394 damnandae
1705 364 1765 394 nisi
1780 374 1835 404 per
1850 363 2024 404 figurarum
2040 372 2071 396 et
2083 364 2296 395 characterum
2309 364 2406 404 signa.

1404 407 1495 444 Quae
1518 407 1631 438 harum
1654 408 1853 439 solutionum
1877 409 1956 439 moti
1980 410 2019 439 ad
2049 408 2214 438 hominem
2242 408 2330 439 dubii
2354 409 2407 438 eli-

1349 451 1451 490 genda
1468 451 1507 481 sit
1523 458 1558 482 ut
1577 452 1724 483 Auctoris
1740 452 1908 483 intentioni
1924 453 2061 489 satisfiat,
2079 462 2144 483 non
2160 452 2248 483 facile
2266 452 2406 483 dixerim.

1350 495 1447 524 Valde
1467 505 1604 536 namque
1628 495 1734 536 magni
1761 496 1869 527 fecisse
1892 497 2016 528 videtur
2034 499 2154 527 Auctor
2181 496 2336 527 rationem
2366 497 2407 526 al-

1349 538 1445 568 latam
1468 539 1500 568 in
1523 539 1634 575 littera,
1659 549 1733 570 cum
1756 540 1868 571 infert:
1889 541 2023 571 Falsum
2052 546 2098 572 est
2120 550 2199 581 ergo
2222 540 2307 581 quod
2328 541 2405 570 Por-

1345 583 1465 622 phyrio
1488 583 1663 614 videbatur.

1404 626 1443 656 V.
1460 627 1511 656 Ad
1527 627 1667 667 primum
1683 627 1827 664 dubium,
1844 628 2067 668 simpliciter,
2041 629 2058 648 *
2080 629 2204 659 videtur
2218 627 2306 664 mihi,
2318 627 2443 658 salvo·

1349 670 1471 700 meliori
1494 670 1628 717 iudicio,
1653 671 1741 711 quod
1764 671 1916 711 imagines
1940 672 2169 703 astronomicae
2192 673 2311 712 absque
2335 671 2407 702 cha-

1348 714 1526 750 racteribus,
1552 725 1617 744 non
1642 722 1676 745 ut
1700 725 1831 755 corpora
1847 715 2016 746 artificialia
2035 724 2118 753 sunt,
2143 717 2197 746 sed
2221 723 2256 747 ut
2279 715 2406 746 effectus

1349 764 1423 788 sunt
1452 758 1590 788 caelestis
1618 759 1725 788 sideris
1749 757 1835 801 (licet
1857 760 2031 791 ministerio
2055 758 2228 802 humano),
2253 770 2318 790 non
2345 760 2407 791 sint

1349 801 1554 832 damnandae.
1579 802 1620 833 Et
1642 802 1720 832 ratio
1745 813 1795 832 me
1819 813 1951 834 movens
1966 811 2012 835 est
2035 804 2109 845 quia
2126 803 2302 844 impressio,
2319 804 2405 834 verbi

1348 845 1463 884 gratia,
1487 845 1605 886 figurae
1632 846 1776 876 leoninae
1804 847 1836 877 in
1860 857 1938 878 auro
1962 849 2020 878 sub
2049 848 2103 879 tali
2128 848 2225 878 sidere
2250 855 2296 878 est
2323 858 2405 888 opus

1348 890 1511 929 corporale
1535 890 1712 920 subiectum
1735 890 1821 921 caelo
1845 889 2024 932 (supposita
2044 890 2253 933 executione),
2277 898 2308 922 et
2331 902 2405 923 con-

1348 933 1469 964 stitutio
1492 934 1577 964 illius
1592 933 1738 973 imaginis
1759 941 1863 974 potest
1878 935 2034 966 influxum
2051 936 2214 966 caelestem
2231 935 2404 976 suscipere:

1347 977 1428 1007 sicut
1457 977 1614 1017 aggressio
1644 977 1875 1018 bellica‚'quae
1899 979 2076 1010 voluntaria
2099 987 2145 1010 est
2173 986 2203 1010 et
2231 979 2264 1009 in
2291 980 2406 1010 nostris

1348 1021 1489 1052 consistit
1511 1022 1650 1058 actibus,
1675 1022 1772 1051 robur
1802 1032 1838 1052 ex
1868 1023 1991 1054 caelesti
2018 1024 2117 1054 sidere
2144 1023 2274 1064 suscipit
2296 1023 2328 1053 in
2351 1023 2404 1054 tali

1347 1072 1500 1106 tempore.
1535 1066 1628 1096 Unde
1656 1065 1694 1095 de
1717 1065 1865 1096 Guidone
1887 1067 2046 1103 Bonacto,
2070 1067 2270 1103 Forliviensi‚
2293 1067 2406 1107 legitur

1347 1110 1445 1150 quod,
1470 1116 1560 1149 capta
1583 1110 1661 1140 hora
1676 1110 1851 1140 secundum
1868 1111 2080 1150 astrologiam,
2097 1111 2253 1150 impetum
2276 1111 2350 1142 fecit
2371 1112 2403 1141 in

1347 1154 1453 1184 hostes
1472 1161 1503 1184 et
1517 1153 1659 1184 liberavit
1674 1154 1806 1194 patriam
1822 1154 1848 1184 *.
1873 1155 1913 1185 Et
1928 1154 2000 1185 licet
2015 1154 2124 1195 figura,
2142 1161 2177 1185 ut
2194 1155 2228 1184 in
2243 1155 2344 1185 littera
2360 1155 2405 1185 di-

1348 1198 1437 1234 citur,
1451 1205 1481 1229 et
1496 1199 1585 1234 bene,
1599 1197 1716 1228 nullius
1732 1205 1881 1238 appareat
1896 1199 2044 1229 naturalis
2057 1198 2188 1229 actionis
2203 1198 2403 1239 principium,

1347 1249 1377 1273 et
1399 1249 1566 1283 propterea
1589 1241 1704 1272 faciens
1723 1241 1892 1282 figuratum
1917 1253 1982 1273 non
1999 1242 2072 1274 facit
2085 1242 2239 1278 activum;
2264 1243 2338 1283 quia
2361 1250 2404 1274 ta-

1347 1296 1421 1316 men
1444 1286 1543 1327 figura
1566 1293 1613 1317 est
1635 1286 1766 1317 actionis
1786 1287 1934 1317 naturalis
1951 1286 2230 1327 con-principium,
2248 1293 2278 1317 et
2301 1287 2405 1327 dispo-

1347 1330 1419 1361 sitio
1448 1331 1488 1361 ad
1511 1330 1667 1366 formam,
1692 1340 1773 1371 quae
1801 1338 1848 1361 est
1875 1331 2023 1361 naturalis
2052 1330 2185 1361 actionis
2213 1331 2404 1371 principium

1347 1373 1436 1417 (nam
1459 1375 1540 1405 sicut
1566 1374 1665 1414 figura
1687 1374 1827 1405 hominis
1850 1382 1897 1405 est
1920 1385 2117 1415 consequens
2140 1375 2277 1405 formam
2299 1375 2404 1406 homi-

1347 1419 1404 1455 nis,
1429 1419 1470 1450 ita
1495 1419 1606 1449 similis
1628 1417 1728 1458 figura
1743 1425 1789 1449 est
1805 1419 1972 1459 dispositio
1987 1419 2020 1449 in
2036 1419 2165 1449 materia
2180 1420 2219 1450 ad
2235 1420 2404 1459 suscipien-

1348 1463 1426 1493 dum
1449 1463 1586 1493 formam
1609 1462 1763 1498 hominis;
1789 1469 1819 1493 et
1841 1462 1940 1502 figura
1965 1463 2193 1504 cuiuscumque
2217 1464 2326 1503 organi
2349 1474 2403 1494 na-

1347 1506 1464 1543 turalis,
1487 1514 1564 1547 puta
1581 1506 1693 1542 cordis,
1710 1506 1840 1546 hepatis,
1857 1517 1980 1543 manus,
1996 1514 2064 1543 etc„
2088 1507 2168 1538 inter
2182 1507 2404 1547 dispositiones

1347 1557 1421 1581 sunt
1443 1551 1483 1581 ad
1507 1550 1625 1581 formas
1641 1550 1803 1590 organicas
1827 1557 1857 1581 et
1880 1551 1919 1580 ad
1942 1551 2150 1591 operationes,
2167 1561 2232 1581 non
2248 1559 2403 1592 quatenus

1347 1594 1474 1635 figurae,
1492 1595 1547 1625 sed
1570 1601 1726 1634 quatenus
1742 1594 1978 1625 terminationes
1994 1596 2151 1635 quaedam
2166 1605 2338 1636 corporum
2353 1606 2405 1626 na-

1347 1637 1530 1681 turalium);
1561 1638 1634 1668 ideo
1658 1638 1736 1668 nihil
1759 1638 1925 1678 prohibere
1947 1638 2070 1669 videtur
2095 1639 2174 1679 quin
2197 1639 2297 1679 figura
2323 1650 2404 1680 quae

1347 1684 1490 1714 humano
1513 1682 1687 1713 ministerio
1711 1682 1878 1713 terminare
1900 1682 2031 1722 ponitur
2053 1683 2114 1714 tale
2130 1693 2245 1724 corpus
2269 1685 2326 1714 sub
2350 1684 2405 1715 tali

1347 1727 1462 1764 sidere,
1487 1727 1527 1757 sit
1548 1727 1636 1757 velut
1658 1727 1814 1767 quaedam
1839 1727 1976 1757 secunda
1999 1727 2103 1763 stella,
2127 1734 2256 1768 propter
2279 1728 2404 1758 confor-

1347 1772 1489 1803 mitatem
1505 1771 1544 1801 ad
1559 1771 1621 1802 tale
1637 1770 1734 1801 sidus.
1757 1771 1831 1801 Non
1847 1771 1930 1801 enim
1947 1771 2051 1811 negari
2075 1778 2180 1811 potest
2194 1772 2272 1812 quin
2287 1771 2404 1812 figurae

1347 1816 1504 1857 quaedam
1528 1815 1614 1846 caelo
1637 1814 1896 1855 approprientur;
1928 1822 1958 1845 et
1988 1815 2066 1856 quin
2093 1816 2209 1847 occulti
2231 1816 2321 1847 valde
2344 1816 2413 1853 sint,

1347 1860 1438 1891 nobis
1454 1859 1543 1890 modi
1558 1859 1699 1890 caelestis
1714 1858 1861 1890 influxus.
1882 1859 2015 1899 Signum
2031 1869 2161 1901 quoque
2178 1860 2316 1891 caelestis
2333 1870 2405 1891 con-

1347 1904 1513 1935 formitatis
1530 1910 1575 1934 est
1591 1903 1678 1944 quod
1695 1903 1783 1933 aiunt
1798 1903 1970 1943 imaginem
1985 1904 2043 1934 sub
2059 1905 2167 1935 Leone
2184 1904 2297 1936 factam
2312 1906 2404 1945 prod-

1346 1959 1412 1979 esse
1436 1958 1502 1978 non
1518 1948 1667 1978 omnibus
1690 1947 1884 1983 hominibus,
1909 1948 1964 1978 sed
1986 1948 2130 1985 leoninis,
2156 1955 2187 1979 et
2205 1949 2248 1979 sic
2267 1950 2306 1980 de
2321 1949 2402 1980 aliis:

1346 2000 1496 2034 tanquam
1516 1998 1662 2032 oporteat
1684 1991 1823 2022 actiones
1845 1991 1912 2022 fieri
1935 1991 1967 2022 in
1991 1992 2128 2032 patiente
2150 1993 2402 2033 proportionato.

1345 2037 1495 2068 Rationes
1519 2046 1593 2076 ergo
1623 2036 1656 2066 in
1685 2036 1784 2066 littera
1812 2035 1921 2066 allatae
1954 2036 2149 2068 concludunt
2177 2037 2335 2069 intentum
2365 2038 2403 2068 de

1345 2081 1530 2122 corporibus
1543 2079 1753 2111 artificialibus
1770 2080 1960 2120 inquantum
1972 2080 2142 2112 artificialia
2155 2089 2241 2112 sunt:
2258 2082 2302 2113 sic
2318 2082 2403 2113 enim

1345 2126 1422 2156 nihil
1443 2125 1560 2156 habent
1583 2135 1601 2155 a
1622 2124 1721 2155 caelo.

1394 2170 1447 2200 VI.
1465 2170 1500 2199 In
1513 2168 1719 2209 responsione
1735 2168 1774 2198 ad
1789 2168 1926 2204 tertium,
1939 2176 2015 2200 nota
2030 2169 2167 2200 radicem
2184 2179 2281 2210 quare
2298 2169 2403 2200 omnis

1344 2214 1475 2244 societas
1491 2223 1564 2244 cum
1581 2213 1736 2243 daemone
1753 2222 1789 2243 ex
1805 2222 1864 2243 suo
1880 2223 1992 2252 genere
2009 2221 2055 2244 est
2071 2214 2203 2244 mortale
2220 2221 2401 2254 peccatum:

1344 2258 1419 2298 quia
1441 2258 1558 2288 scilicet
1581 2264 1627 2288 est
1650 2267 1723 2287 cum
1747 2257 1856 2292 hoste,
1881 2257 1944 2287 iam
1968 2257 2087 2288 indicto
2111 2258 2195 2288 bello
2219 2269 2237 2288 a
2260 2259 2402 2299 Principe

1343 2302 1481 2333 universi
1504 2301 1584 2332 int'er
1607 2312 1666 2331 nos
1690 2309 1720 2332 et
1744 2301 1925 2332 daemones.

1028 2453 1242 2495 ARTICU
1249 2454 1347 2496 LUS
1376 2453 1604 2496 TERTIUS

335 2543 498 2574 UTRUM.
515 2542 869 2575 OBSERVATIONES
893 2545 1012 2582 QUAE
1037 2545 1323 2578 ORDINANTUR
1345 2548 1404 2578 AD
1428 2545 1864 2579 PRAECOGNOSCENDA
1888 2548 2052 2585 ALIQUA
2076 2548 2297 2580 FORTUNIA

935 2589 1019 2620 VEL
1050 2590 1336 2628 INFORTUNIA,
1361 2592 1458 2623 SINT
1483 2591 1697 2622 ILLICITAE

438 2677 461 2702 D
479 2677 640 2703 TERTmM
660 2678 714 2703 Slc
738 2678 978 2704 PROCEDlTUR.
998 2668 1156 2706 Videtur
1184 2670 1290 2717 quod

279 2758 283 2767 <
378 2717 409 2775 it
438 2719 726 2756 observationes
746 2732 844 2768 quae
865 2719 1088 2757 ordinantur
1107 2722 1156 2758 ad
1182 2735 1290 2770 prae-

248 2753 395 2849 stes}
388 2774 411 2838 f<
439 2772 706 2819 cognoscenda
734 2773 859 2821 aliqua
886 2773 1050 2810 fortunia
1077 2775 1139 2811 vel
1175 2775 1289 2812 infor-

225 2875 430 2913 infortunia
454 2876 657 2914 hominum
681 2884 768 2914 sunt
793 2877 904 2914 etiam
933 2855 1181 2916 infirmitates.
1212 2880 1288 2917 Sed

226 2928 463 2967 infirmitates
499 2929 539 2966 in
566 2929 787 2967 hominibus
824 2930 1015 2978 quaedam
1043 2931 1149 2979 signa
1181 2945 1288 2981 prae-

227 2981 378 3029 cedunt,
408 2993 507 3030 quae
535 2982 649 3019 etiam
669 2995 691 3019 a
711 2982 869 3020 medicis
894 2984 1156 3022 observantur.
1186 2986 1288 3033 Ergo

227 3035 433 3072 observare
461 3034 684 3081 huiusmodi
711 3035 1005 3083 significationes
1032 3049 1111 3074 non
1139 3037 1290 3075 videtur

227 3099 310 3125 esse
338 3087 520 3125 illicitum.

282 3138 325 3178 2)
357 3141 600 3188 ΡΜΕΊῈΚΕΑ,
639 3140 891 3179 irrationabile
929 3149 986 3179 est
1023 3154 1161 3190 negare
1197 3143 1288 3181 illud

226 3194 332 3242 quod
352 3193 460 3242 quasi
488 3193 743 3232 communiter
771 3207 907 3232 omnes
927 3195 1181 3244 experiuntur.
1212 3197 1289 3234 Sed

214 3246 335 3295 'quasi
363 3258 501 3284 omnes
535 3246 777 3295 experiuntur
813 3247 918 3296 quod
956 3248 1079 3296 aliqua
1115 3256 1290 3298 tempora

225 3300 289 3337 vel
316 3300 412 3347 loca,
441 3300 504 3336 vel
531 3299 651 3336 verba
678 3300 826 3347 audita,
854 3302 917 3338 vel
953 3313 1132 3339 occursus
1167 3302 1291 3340 homi-

226 3363 321 3391 num
354 3365 422 3390 seu
455 3352 695 3399 animalium,
725 3360 788 3390 aut
816 3353 961 3391 distorti
998 3362 1062 3391 aut
1089 3355 1290 3393 inordinati

203 3413 345 3453 ‚actua
374 3405 530 3454 aliquod
556 3405 796 3454 praesagium
825 3406 968 3444 habent
994 3407 1086 3444 boni
1114 3409 1177 3444 vel
1201 3408 1290 3445 mali

279 3518 306 3550 α)
326 3521 389 3543 sunt
413 3518 515 3543 illicita.
533 3531 552 3537 —
573 3518 628 3543 sint
646 3518 739 3543 illicita
763 3518 794 3550 D,
813 3522 875 3543 sunt
899 3519 966 3551 (sint
984 3520 1034 3552 Pa)
1058 3520 1166 3546 illicitae
1191 3521 1288 3546 PGHa.

1313 3565 1316 3586 ς
1344 3557 1596 3582 immanissimarum
1615 3558 1652 3588 K;
1673 3559 1712 3583 vel
1731 3558 1848 3582 inanium
1869 3566 1958 3590 margo
1977 3559 2008 3584 K.

416 2824 553 2870 tunia,
570 2836 650 2861 non
668 2833 755 2862 sunt
771 2825 896 2862 illicita
917 2830 946 2862 α.
977 2827 1076 2863 Inter
1094 2827 1166 2863 alia
1186 2827 1287 2864 enim
1307 2850 1310 2854 ι

1344 2670 1466 2707 futuri.
1498 2671 1600 2718 Ergo
1631 2672 1836 2708 observare
1865 2671 1933 2707 ista
1962 2683 2040 2708 non
2067 2671 2217 2709 videtur
2253 2685 2333 2709 esse
2363 2673 2402 2709 il—

1343 2723 1498 2760 licitum.

1398 2777 1432 2813 3.
1454 2776 1696 2823 Pmranaa,
1726 2782 1831 2812 actus
1868 2775 2068 2812 hominum
2099 2784 2135 2813 et
2163 2785 2320 2814 eventus
2358 2790 2402 2814 ex

1344 2828 1472 2866 divina
1499 2828 1738 2876 providentia
1773 2829 2023 2877 disponuntur
2058 2830 2268 2866 secundum
2304 2831 2402 2867 ordi-

1343 2893 1432 2918 nem
1461 2880 1676 2940 quendam,
1706 2881 1754 2918 ad
1783 2894 1896 2930 quem
1916 2882 2103 2930 pertinere
2122 2882 2272 2919 videtur
2297 2883 2400 2930 quod

1342 2930 1612 2993 praecedentia
1635 2934 1707 2971 sint
1731 2934 2044 2984 subsequentium
2069 2935 2185 2983 signa.
2215 2935 2326 2973 Unde
2355 2948 2400 2972 ea

1343 2999 1442 3035 quae
1471 2986 1634 3034 antiquis
1653 2987 1827 3024 Patribus
1847 2987 2083 3035 contigerunt
2101 2988 2206 3036 signa
2234 2997 2320 3026 sunt
2339 3000 2402 3026 eo-

1343 3051 1428 3076 rum
1467 3051 1565 3087 quae
1602 3039 1641 3076 in
1677 3040 1788 3077 nobis
1825 3042 2081 3089 complentur:
2120 3049 2162 3078 ut
2193 3049 2297 3090 patet
2332 3053 2402 3090 per

1343 3093 1593 3140 Apostolum,
1633 3094 1647 3129 Ι
1685 3094 1737 3130 ad
1767 3094 1853 3130 Cor.
1893 3106 1916 3130 x
1952 3093 1983 3131 *.
2023 3094 2238 3131 Observare
2272 3102 2400 3131 autern

1344 3145 1518 3182 ordinem
1539 3157 1583 3181 ex
1605 3145 1733 3182 divina
1761 3146 2001 3195 providentia
2027 3147 2298 3195 procedentem
2323 3159 2401 3184 non

1345 3205 1400 3235 est
1427 3197 1607 3235 illicitum.
1638 3199 1742 3246 Ergo
1770 3199 1976 3237 observare
2003 3200 2222 3237 huiusmodi
2248 3212 2399 3249 praesa-

1344 3251 1403 3299 gia
1431 3263 1509 3288 non
1536 3250 1687 3288 videtur
1715 3263 1797 3288 esse
1826 3252 2005 3289 illicitum.

1399 3304 1474 3341 SED
1493 3315 1640 3340 CONTRA
1658 3316 1725 3341 EST
1743 3305 1847 3353 quod
1866 3305 2098 3353 Augustinus
2117 3305 2217 3352 dicit,
2237 3305 2275 3341 in
2304 3306 2335 3341 11
2356 3306 2401 3342 de

1344 3357 1453 3393 Doct.
1487 3357 1620 3394 Christ.
1641 3357 1673 3404 ²¹³,
1700 3358 1806 3405 quod
1833 3358 1884 3394 ad
1903 3363 2017 3405 pacta
2045 3370 2129 3394 cum
2158 3358 2401 3395 daemonibus

1344 3409 1436 3446 inita
1458 3410 1648 3458 pertinent
1677 3411 1793 3447 millia
1831 3411 1999 3447 inanium
2028 3408 2043 3439 β
2078 3411 2401 3448 observationum:

1397 3520 1423 3555 β)
1444 3523 1572 3548 inanium.
1591 3537 1608 3541 -
1628 3523 1781 3547 inaniarum
1805 3522 1849 3555 (ΑΞ
1851 3523 2033 3555 >BCEFH1sG,
2059 3524 2239 3549 inanimarum
2263 3523 2314 3558 (ΛΞ
2316 3525 2401 3558 )LpG,

2457 632 2527 655 Num.
2542 639 2568 655 u.

2431 1161 2514 1183 ’Vide
2523 1161 2639 1188 Muratori,

2430 1187 2499 1215 Scrip
2499 1190 2519 1209 t.
2528 1187 2582 1209 Rer
2590 1188 2639 1209 Ita-

2430 1194 2638 1241 11c.tom.xxll,

2430 1239 2640 1267 Annal.1-'oroliv..,

2430 1272 2489 1288 vers.
2502 1266 2541 1288 fin.

2429 3102 2438 3110 ⁸
2453 3100 2520 3122 Vera.
2535 3100 2556 3125 6,
2573 3107 2598 3122 11.

2429 3365 2437 3373 ⁸
2452 3363 2508 3391 Cap.
2523 3370 2561 3384 xx.

2526 3416 2540 3450 β
