<?xml version="1.0" encoding="UTF-8"?>
<!DOCTYPE html PUBLIC "-//W3C//DTD XHTML 1.0 Transitional//EN"
    "http://www.w3.org/TR/xhtml1/DTD/xhtml1-transitional.dtd">
<html xmlns="http://www.w3.org/1999/xhtml" xml:lang="en" lang="en">
 <head>
  <title>
</title>
<meta http-equiv="Content-Type" content="text/html;charset=utf-8" />
  <meta name='ocr-system' content='tesseract 3.04.00' />
  <meta name='ocr-capabilities' content='ocr_page ocr_carea ocr_par ocr_line ocrx_word'/>
</head>
<body>
  <div class='ocr_page' id='page_1' title='image "./operaomniaiussui09thom/operaomniaiussui09thom_0322.png"; bbox 0 0 2860 4244; ppageno 0'>
   <div class='ocr_carea' id='block_1_1' title="bbox 125 701 318 775">
    <p class='ocr_par' dir='ltr' id='par_1_1' title="bbox 125 701 318 775">
     <span class='ocr_line' id='line_1_1' title="bbox 177 701 317 727; baseline 0 -5"><span class='ocrx_word' id='word_1_1' title='bbox 177 708 210 723; x_wconf 84' lang='lat' dir='ltr'>us.</span> <span class='ocrx_word' id='word_1_2' title='bbox 239 701 317 727; x_wconf 85' lang='lat' dir='ltr'>xxn,</span> 
     </span>
     <span class='ocr_line' id='line_1_2' title="bbox 125 727 318 758; baseline 0 -9"><span class='ocrx_word' id='word_1_3' title='bbox 125 734 147 749; x_wconf 86' lang='lat' dir='ltr'>u.</span> <span class='ocrx_word' id='word_1_4' title='bbox 160 734 184 758; x_wconf 64' lang='lat' dir='ltr'>xj,</span> <span class='ocrx_word' id='word_1_5' title='bbox 203 733 252 749; x_wconf 78' lang='lat' dir='ltr'>can.</span> <span class='ocrx_word' id='word_1_6' title='bbox 272 727 318 749; x_wconf 91' lang='lat' dir='ltr'>De—</span> 
     </span>
     <span class='ocr_line' id='line_1_3' title="bbox 135 760 170 775; baseline 0 0"><span class='ocrx_word' id='word_1_7' title='bbox 135 760 170 775; x_wconf 79' lang='lat' dir='ltr'>em</span> 
     </span>
    </p>
   </div>
   <div class='ocr_carea' id='block_1_2' title="bbox 104 1174 312 1223">
    <p class='ocr_par' dir='ltr' id='par_1_2' title="bbox 104 1174 312 1223">
     <span class='ocr_line' id='line_1_4' title="bbox 104 1174 312 1202; baseline 0 -6"><span class='ocrx_word' id='word_1_8' title='bbox 104 1176 113 1186; x_wconf 77' lang='lat'>⁸</span> <span class='ocrx_word' id='word_1_9' title='bbox 128 1175 202 1202; x_wconf 83' lang='lat' dir='ltr'><strong>Epist.</strong></span> <span class='ocrx_word' id='word_1_10' title='bbox 221 1174 312 1201; x_wconf 86' lang='lat' dir='ltr'>XLVII,</span> 
     </span>
     <span class='ocr_line' id='line_1_5' title="bbox 104 1201 228 1223; baseline 0 0"><span class='ocrx_word' id='word_1_11' title='bbox 104 1202 133 1223; x_wconf 80' lang='lat' dir='ltr'>al.</span> <span class='ocrx_word' id='word_1_12' title='bbox 150 1201 228 1223; x_wconf 90' lang='lat' dir='ltr'>CLIV.</span> 
     </span>
    </p>
   </div>
   <div class='ocr_carea' id='block_1_3' title="bbox 351 259 426 295">
    <p class='ocr_par' dir='ltr' id='par_1_3' title="bbox 351 259 426 295">
     <span class='ocr_line' id='line_1_6' title="bbox 351 259 426 295; baseline -0.013 -10"><span class='ocrx_word' id='word_1_13' title='bbox 351 259 426 295; x_wconf 87' lang='lat'>290</span> 
     </span>
    </p>
   </div>
   <div class='ocr_carea' id='block_1_4' title="bbox 347 322 1406 479">
    <p class='ocr_par' dir='ltr' id='par_1_4' title="bbox 347 322 1406 479">
     <span class='ocr_line' id='line_1_7' title="bbox 349 322 1406 375; baseline -0.006 -12"><span class='ocrx_word' id='word_1_14' title='bbox 349 327 391 363; x_wconf 88' lang='lat' dir='ltr'>Si</span> <span class='ocrx_word' id='word_1_15' title='bbox 416 326 497 375; x_wconf 82' lang='lat' dir='ltr'>quis</span> <span class='ocrx_word' id='word_1_16' title='bbox 519 327 728 373; x_wconf 79' lang='lat' dir='ltr'><em>presbyter,</em></span> <span class='ocrx_word' id='word_1_17' title='bbox 757 324 863 372; x_wconf 91' lang='lat' dir='ltr'>quod</span> <span class='ocrx_word' id='word_1_18' title='bbox 890 323 1099 360; x_wconf 81' lang='lat' dir='ltr'><em>sacerdotes</em></span> <span class='ocrx_word' id='word_1_19' title='bbox 1126 334 1176 358; x_wconf 86' lang='lat' dir='ltr'>ex</span> <span class='ocrx_word' id='word_1_20' title='bbox 1201 322 1275 358; x_wconf 75' lang='lat' dir='ltr'>levi</span> <span class='ocrx_word' id='word_1_21' title='bbox 1291 333 1406 358; x_wconf 83' lang='lat' dir='ltr'>causa</span> 
     </span>
     <span class='ocr_line' id='line_1_8' title="bbox 349 373 1404 423; baseline -0.007 -7"><span class='ocrx_word' id='word_1_22' title='bbox 349 381 478 416; x_wconf 87' lang='lat' dir='ltr'>iurare</span> <span class='ocrx_word' id='word_1_23' title='bbox 497 390 570 415; x_wconf 90' lang='lat' dir='ltr'>non</span> <span class='ocrx_word' id='word_1_24' title='bbox 590 379 729 414; x_wconf 84' lang='lat' dir='ltr'>debent.</span> <span class='ocrx_word' id='word_1_25' title='bbox 760 378 910 413; x_wconf 86' lang='lat' dir='ltr'><strong>Tamen</strong></span> <span class='ocrx_word' id='word_1_26' title='bbox 929 387 1000 423; x_wconf 93' lang='lat' dir='ltr'>pro</span> <span class='ocrx_word' id='word_1_27' title='bbox 1021 375 1143 422; x_wconf 89' lang='lat' dir='ltr'>aliqua</span> <span class='ocrx_word' id='word_1_28' title='bbox 1170 373 1404 421; x_wconf 84' lang='lat' dir='ltr'>necessitate,</span> 
     </span>
     <span class='ocr_line' id='line_1_9' title="bbox 347 427 1406 479; baseline -0.007 -10"><span class='ocrx_word' id='word_1_29' title='bbox 347 433 409 470; x_wconf 88' lang='lat' dir='ltr'>vel</span> <span class='ocrx_word' id='word_1_30' title='bbox 429 443 566 479; x_wconf 87' lang='lat' dir='ltr'>magna</span> <span class='ocrx_word' id='word_1_31' title='bbox 586 430 750 475; x_wconf 87' lang='lat' dir='ltr'>utilitate,</span> <span class='ocrx_word' id='word_1_32' title='bbox 772 429 914 465; x_wconf 87' lang='lat' dir='ltr'>licitum</span> <span class='ocrx_word' id='word_1_33' title='bbox 941 435 995 464; x_wconf 89' lang='lat' dir='ltr'>est</span> <span class='ocrx_word' id='word_1_34' title='bbox 1016 428 1068 463; x_wconf 92' lang='lat' dir='ltr'>eis</span> <span class='ocrx_word' id='word_1_35' title='bbox 1088 427 1222 472; x_wconf 87' lang='lat' dir='ltr'>iurare,</span> <span class='ocrx_word' id='word_1_36' title='bbox 1245 434 1281 463; x_wconf 88' lang='lat' dir='ltr'>et</span> <span class='ocrx_word' id='word_1_37' title='bbox 1298 438 1406 474; x_wconf 92' lang='lat' dir='ltr'>prae-</span> 
     </span>
    </p>
   </div>
   <div class='ocr_carea' id='block_1_5' title="bbox 349 479 1432 536">
    <p class='ocr_par' dir='ltr' id='par_1_5' title="bbox 349 479 1432 536">
     <span class='ocr_line' id='line_1_10' title="bbox 349 479 1432 536; baseline -0.006 -15"><span class='ocrx_word' id='word_1_38' title='bbox 349 485 457 533; x_wconf 87' lang='lat' dir='ltr'>cipue</span> <span class='ocrx_word' id='word_1_39' title='bbox 471 496 540 532; x_wconf 88' lang='lat' dir='ltr'>pro</span> <span class='ocrx_word' id='word_1_40' title='bbox 557 482 808 532; x_wconf 86' lang='lat' dir='ltr'>spiritualibus</span> <span class='ocrx_word' id='word_1_41' title='bbox 823 480 993 528; x_wconf 88' lang='lat' dir='ltr'>negotiis.</span> <span class='ocrx_word' id='word_1_42' title='bbox 1005 500 1029 507; x_wconf 96' lang='lat'>-</span> <span class='ocrx_word' id='word_1_43' title='bbox 1046 480 1120 516; x_wconf 90' lang='lat' dir='ltr'>Pro</span> <span class='ocrx_word' id='word_1_44' title='bbox 1137 479 1275 527; x_wconf 90' lang='lat' dir='ltr'>quibus</span> <span class='ocrx_word' id='word_1_45' title='bbox 1292 479 1404 516; x_wconf 89' lang='lat' dir='ltr'>etiam</span> <span class='ocrx_word' id='word_1_46' title='bbox 1431 527 1432 536; x_wconf 13' lang='grc' dir='ltr'>ἵ</span> 
     </span>
    </p>
   </div>
   <div class='ocr_carea' id='block_1_6' title="bbox 344 532 1404 899">
    <p class='ocr_par' dir='ltr' id='par_1_6' title="bbox 346 532 1404 743">
     <span class='ocr_line' id='line_1_11' title="bbox 347 532 1404 583; baseline -0.005 -9"><span class='ocrx_word' id='word_1_47' title='bbox 347 537 557 574; x_wconf 90' lang='lat' dir='ltr'>iuramenta</span> <span class='ocrx_word' id='word_1_48' title='bbox 585 534 764 583; x_wconf 87' lang='lat' dir='ltr'>competit</span> <span class='ocrx_word' id='word_1_49' title='bbox 790 541 980 581; x_wconf 89' lang='lat' dir='ltr'>praestare</span> <span class='ocrx_word' id='word_1_50' title='bbox 1009 532 1046 569; x_wconf 91' lang='lat' dir='ltr'>in</span> <span class='ocrx_word' id='word_1_51' title='bbox 1067 532 1300 569; x_wconf 81' lang='lat' dir='ltr'>solemnibus</span> <span class='ocrx_word' id='word_1_52' title='bbox 1327 532 1404 570; x_wconf 90' lang='lat' dir='ltr'>die-</span> 
     </span>
     <span class='ocr_line' id='line_1_12' title="bbox 347 586 1404 638; baseline -0.004 -12"><span class='ocrx_word' id='word_1_53' title='bbox 347 591 430 636; x_wconf 82' lang='lat' dir='ltr'>bus,</span> <span class='ocrx_word' id='word_1_54' title='bbox 442 590 578 638; x_wconf 92' lang='lat' dir='ltr'>quibus</span> <span class='ocrx_word' id='word_1_55' title='bbox 598 596 653 624; x_wconf 89' lang='lat' dir='ltr'>est</span> <span class='ocrx_word' id='word_1_56' title='bbox 668 586 918 636; x_wconf 88' lang='lat' dir='ltr'>spiritualibus</span> <span class='ocrx_word' id='word_1_57' title='bbox 935 586 1048 622; x_wconf 88' lang='lat' dir='ltr'>rebus</span> <span class='ocrx_word' id='word_1_58' title='bbox 1064 586 1303 622; x_wconf 86' lang='lat' dir='ltr'>vacandum:</span> <span class='ocrx_word' id='word_1_59' title='bbox 1326 598 1404 622; x_wconf 92' lang='lat' dir='ltr'>non</span> 
     </span>
     <span class='ocr_line' id='line_1_13' title="bbox 346 639 1404 687; baseline -0.004 -8"><span class='ocrx_word' id='word_1_60' title='bbox 346 650 473 679; x_wconf 90' lang='lat' dir='ltr'>autem</span> <span class='ocrx_word' id='word_1_61' title='bbox 501 650 589 678; x_wconf 92' lang='lat' dir='ltr'>tunc</span> <span class='ocrx_word' id='word_1_62' title='bbox 609 647 695 676; x_wconf 92' lang='lat' dir='ltr'>sunt</span> <span class='ocrx_word' id='word_1_63' title='bbox 714 639 925 687; x_wconf 83' lang='lat' dir='ltr'>iuramenta</span> <span class='ocrx_word' id='word_1_64' title='bbox 953 639 1181 686; x_wconf 88' lang='lat' dir='ltr'>praestanda</span> <span class='ocrx_word' id='word_1_65' title='bbox 1199 651 1270 687; x_wconf 90' lang='lat' dir='ltr'>pro</span> <span class='ocrx_word' id='word_1_66' title='bbox 1291 639 1404 675; x_wconf 91' lang='lat' dir='ltr'>rebus</span> 
     </span>
     <span class='ocr_line' id='line_1_14' title="bbox 346 691 1402 743; baseline -0.003 -12"><span class='ocrx_word' id='word_1_67' title='bbox 346 694 627 743; x_wconf 79' lang='lat' dir='ltr'>temporalibus,</span> <span class='ocrx_word' id='word_1_68' title='bbox 659 692 729 729; x_wconf 92' lang='lat' dir='ltr'>nisi</span> <span class='ocrx_word' id='word_1_69' title='bbox 757 692 852 728; x_wconf 87' lang='lat' dir='ltr'>forte</span> <span class='ocrx_word' id='word_1_70' title='bbox 883 704 928 728; x_wconf 87' lang='lat' dir='ltr'>ex</span> <span class='ocrx_word' id='word_1_71' title='bbox 957 703 1096 739; x_wconf 90' lang='lat' dir='ltr'>magna</span> <span class='ocrx_word' id='word_1_72' title='bbox 1128 691 1349 728; x_wconf 89' lang='lat' dir='ltr'>necessitate</span> <span class='ocrx_word' id='word_1_73' title='bbox 1372 692 1402 728; x_wconf 69' lang='lat'>³¹.</span> 
     </span>
    </p>

    <p class='ocr_par' dir='ltr' id='par_1_7' title="bbox 344 745 1404 899">
     <span class='ocr_line' id='line_1_15' title="bbox 396 745 1404 793; baseline -0.003 -9"><span class='ocrx_word' id='word_1_74' title='bbox 396 749 454 784; x_wconf 88' lang='lat' dir='ltr'>AD</span> <span class='ocrx_word' id='word_1_75' title='bbox 483 758 619 783; x_wconf 86' lang='lat' dir='ltr'>PRIMUM</span> <span class='ocrx_word' id='word_1_76' title='bbox 647 756 745 782; x_wconf 83' lang='lat' dir='ltr'>ERGO</span> <span class='ocrx_word' id='word_1_77' title='bbox 773 756 959 782; x_wconf 83' lang='lat' dir='ltr'><strong>DICENDUM</strong></span> <span class='ocrx_word' id='word_1_78' title='bbox 987 745 1092 792; x_wconf 90' lang='lat' dir='ltr'>quod</span> <span class='ocrx_word' id='word_1_79' title='bbox 1131 745 1284 793; x_wconf 90' lang='lat' dir='ltr'>quidam</span> <span class='ocrx_word' id='word_1_80' title='bbox 1318 752 1404 782; x_wconf 92' lang='lat' dir='ltr'>sunt</span> 
     </span>
     <span class='ocr_line' id='line_1_16' title="bbox 344 798 1404 848; baseline -0.002 -12"><span class='ocrx_word' id='word_1_81' title='bbox 344 800 407 848; x_wconf 91' lang='lat' dir='ltr'>qui</span> <span class='ocrx_word' id='word_1_82' title='bbox 428 800 568 836; x_wconf 90' lang='lat' dir='ltr'>dictum</span> <span class='ocrx_word' id='word_1_83' title='bbox 590 810 702 835; x_wconf 89' lang='lat' dir='ltr'>suum</span> <span class='ocrx_word' id='word_1_84' title='bbox 724 798 952 834; x_wconf 87' lang='lat' dir='ltr'>confirmare</span> <span class='ocrx_word' id='word_1_85' title='bbox 972 810 1052 834; x_wconf 93' lang='lat' dir='ltr'>non</span> <span class='ocrx_word' id='word_1_86' title='bbox 1070 806 1231 847; x_wconf 90' lang='lat' dir='ltr'>possunt</span> <span class='ocrx_word' id='word_1_87' title='bbox 1249 806 1404 847; x_wconf 89' lang='lat' dir='ltr'>propter</span> 
     </span>
     <span class='ocr_line' id='line_1_17' title="bbox 344 851 1401 899; baseline -0.001 -10"><span class='ocrx_word' id='word_1_88' title='bbox 344 864 477 889; x_wconf 88' lang='lat' dir='ltr'>eorum</span> <span class='ocrx_word' id='word_1_89' title='bbox 499 852 706 889; x_wconf 83' lang='lat' dir='ltr'>defectum:</span> <span class='ocrx_word' id='word_1_90' title='bbox 737 858 773 887; x_wconf 90' lang='lat' dir='ltr'>et</span> <span class='ocrx_word' id='word_1_91' title='bbox 792 851 946 899; x_wconf 90' lang='lat' dir='ltr'>quidam</span> <span class='ocrx_word' id='word_1_92' title='bbox 968 858 1055 888; x_wconf 90' lang='lat' dir='ltr'>sunt</span> <span class='ocrx_word' id='word_1_93' title='bbox 1074 863 1239 899; x_wconf 89' lang='lat' dir='ltr'>quorum</span> <span class='ocrx_word' id='word_1_94' title='bbox 1260 851 1401 888; x_wconf 91' lang='lat' dir='ltr'>dictum</span> 
     </span>
    </p>
   </div>
   <div class='ocr_carea' id='block_1_7' title="bbox 342 904 2518 1007">
    <p class='ocr_par' dir='ltr' id='par_1_8' title="bbox 342 904 2518 1007">
     <span class='ocr_line' id='line_1_18' title="bbox 342 904 1402 941; baseline -0.001 0"><span class='ocrx_word' id='word_1_95' title='bbox 342 905 439 941; x_wconf 93' lang='lat' dir='ltr'>adeo</span> <span class='ocrx_word' id='word_1_96' title='bbox 461 905 573 941; x_wconf 88' lang='lat' dir='ltr'>debet</span> <span class='ocrx_word' id='word_1_97' title='bbox 602 916 684 940; x_wconf 87' lang='lat' dir='ltr'>esse</span> <span class='ocrx_word' id='word_1_98' title='bbox 711 911 856 940; x_wconf 87' lang='lat' dir='ltr'>certum</span> <span class='ocrx_word' id='word_1_99' title='bbox 907 904 986 941; x_wconf 92' lang='lat' dir='ltr'>uod</span> <span class='ocrx_word' id='word_1_100' title='bbox 1007 904 1298 941; x_wconf 87' lang='lat' dir='ltr'>confirmatione</span> <span class='ocrx_word' id='word_1_101' title='bbox 1324 916 1402 941; x_wconf 89' lang='lat' dir='ltr'>non</span> 
     </span>
     <span class='ocr_line' id='line_1_19' title="bbox 881 917 2518 1007; baseline 0.001 -14"><span class='ocrx_word' id='word_1_102' title='bbox 881 917 906 953; x_wconf 79' lang='lat' dir='ltr'>q</span> <span class='ocrx_word' id='word_1_103' title='bbox 1428 945 1429 972; x_wconf 49' lang='lat'><em>³</em></span> <span class='ocrx_word' id='word_1_104' title='bbox 1455 956 1645 994; x_wconf 88' lang='lat' dir='ltr'>inducitur</span> <span class='ocrx_word' id='word_1_105' title='bbox 1664 969 1742 993; x_wconf 91' lang='lat' dir='ltr'>non</span> <span class='ocrx_word' id='word_1_106' title='bbox 1770 964 1926 1005; x_wconf 92' lang='lat' dir='ltr'>propter</span> <span class='ocrx_word' id='word_1_107' title='bbox 1945 957 2136 994; x_wconf 89' lang='lat' dir='ltr'>defectum</span> <span class='ocrx_word' id='word_1_108' title='bbox 2156 957 2285 1006; x_wconf 86' lang='lat' dir='ltr'>ipsius,</span> <span class='ocrx_word' id='word_1_109' title='bbox 2305 957 2413 1007; x_wconf 86' lang='lat' dir='ltr'>quasi</span> <span class='ocrx_word' id='word_1_110' title='bbox 2439 969 2518 995; x_wconf 93' lang='lat' dir='ltr'>non</span> 
     </span>
    </p>
   </div>
   <div class='ocr_carea' id='block_1_8' title="bbox 342 965 459 1006">
    <p class='ocr_par' dir='ltr' id='par_1_9' title="bbox 342 965 459 1006">
     <span class='ocr_line' id='line_1_20' title="bbox 342 965 459 1006; baseline 0 -12"><span class='ocrx_word' id='word_1_111' title='bbox 342 965 459 1006; x_wconf 88' lang='lat' dir='ltr'>egeat.</span> 
     </span>
    </p>
   </div>
   <div class='ocr_carea' id='block_1_9' title="bbox 393 1010 2519 1112">
    <p class='ocr_par' dir='ltr' id='par_1_10' title="bbox 393 1010 2519 1112">
     <span class='ocr_line' id='line_1_21' title="bbox 393 1010 1429 1058; baseline 0.001 -12"><span class='ocrx_word' id='word_1_112' title='bbox 393 1012 452 1047; x_wconf 83' lang='lat' dir='ltr'>AD</span> <span class='ocrx_word' id='word_1_113' title='bbox 481 1021 672 1047; x_wconf 79' lang='lat' dir='ltr'>SECUNDUM</span> <span class='ocrx_word' id='word_1_114' title='bbox 699 1021 884 1047; x_wconf 79' lang='lat' dir='ltr'>DicENDUM</span> <span class='ocrx_word' id='word_1_115' title='bbox 910 1010 1015 1058; x_wconf 92' lang='lat' dir='ltr'>quod</span> <span class='ocrx_word' id='word_1_116' title='bbox 1043 1010 1316 1058; x_wconf 78' lang='lat' dir='ltr'>iuramentum,</span> <span class='ocrx_word' id='word_1_117' title='bbox 1346 1022 1402 1047; x_wconf 91' lang='lat' dir='ltr'>se·</span> <span class='ocrx_word' id='word_1_118' title='bbox 1428 1046 1429 1055; x_wconf 59' lang='grc'>,</span> 
     </span>
     <span class='ocr_line' id='line_1_22' title="bbox 1428 1058 2519 1112; baseline 0.001 -13"><span class='ocrx_word' id='word_1_119' title='bbox 1428 1058 1429 1071; x_wconf 67' lang='grc'>’</span> <span class='ocrx_word' id='word_1_120' title='bbox 1456 1063 1628 1100; x_wconf 89' lang='lat' dir='ltr'>dendum</span> <span class='ocrx_word' id='word_1_121' title='bbox 1656 1063 1694 1100; x_wconf 89' lang='lat' dir='ltr'>id</span> <span class='ocrx_word' id='word_1_122' title='bbox 1723 1063 1829 1112; x_wconf 91' lang='lat' dir='ltr'>quod</span> <span class='ocrx_word' id='word_1_123' title='bbox 1858 1063 1992 1100; x_wconf 89' lang='lat' dir='ltr'>dicitur</span> <span class='ocrx_word' id='word_1_124' title='bbox 2011 1075 2056 1100; x_wconf 87' lang='lat' dir='ltr'>ex</span> <span class='ocrx_word' id='word_1_125' title='bbox 2085 1062 2266 1100; x_wconf 86' lang='lat' dir='ltr'>infallibili</span> <span class='ocrx_word' id='word_1_126' title='bbox 2293 1063 2365 1100; x_wconf 92' lang='lat' dir='ltr'>Dei</span> <span class='ocrx_word' id='word_1_127' title='bbox 2391 1063 2519 1112; x_wconf 92' lang='lat' dir='ltr'>dispo-</span> 
     </span>
    </p>
   </div>
   <div class='ocr_carea' id='block_1_10' title="bbox 340 1062 1403 1165">
    <p class='ocr_par' dir='ltr' id='par_1_11' title="bbox 340 1062 1403 1165">
     <span class='ocr_line' id='line_1_23' title="bbox 341 1062 1403 1109; baseline -0.001 -9"><span class='ocrx_word' id='word_1_128' title='bbox 341 1064 579 1100; x_wconf 86' lang='lat' dir='ltr'>cundumse</span> <span class='ocrx_word' id='word_1_129' title='bbox 608 1062 902 1109; x_wconf 85' lang='lat' dir='ltr'>consideratum,</span> <span class='ocrx_word' id='word_1_130' title='bbox 929 1070 1033 1100; x_wconf 92' lang='lat' dir='ltr'>tanto</span> <span class='ocrx_word' id='word_1_131' title='bbox 1057 1063 1223 1100; x_wconf 87' lang='lat' dir='ltr'>sanctius</span> <span class='ocrx_word' id='word_1_132' title='bbox 1242 1062 1255 1086; x_wconf 63' lang='lat'>1</span> <span class='ocrx_word' id='word_1_133' title='bbox 1283 1070 1339 1100; x_wconf 92' lang='lat' dir='ltr'>est</span> <span class='ocrx_word' id='word_1_134' title='bbox 1367 1070 1403 1099; x_wconf 90' lang='lat' dir='ltr'>et</span> 
     </span>
     <span class='ocr_line' id='line_1_24' title="bbox 340 1116 1401 1165; baseline -0.001 -12"><span class='ocrx_word' id='word_1_135' title='bbox 340 1117 460 1164; x_wconf 88' lang='lat' dir='ltr'>magis</span> <span class='ocrx_word' id='word_1_136' title='bbox 489 1116 629 1164; x_wconf 90' lang='lat' dir='ltr'>obligat</span> <span class='ocrx_word' id='word_1_137' title='bbox 657 1124 799 1164; x_wconf 92' lang='lat' dir='ltr'>quanto</span> <span class='ocrx_word' id='word_1_138' title='bbox 828 1116 952 1156; x_wconf 88' lang='lat' dir='ltr'>maius</span> <span class='ocrx_word' id='word_1_139' title='bbox 982 1123 1036 1152; x_wconf 91' lang='lat' dir='ltr'>est</span> <span class='ocrx_word' id='word_1_140' title='bbox 1064 1116 1102 1153; x_wconf 90' lang='lat' dir='ltr'>id</span> <span class='ocrx_word' id='word_1_141' title='bbox 1130 1128 1199 1165; x_wconf 93' lang='lat' dir='ltr'>per</span> <span class='ocrx_word' id='word_1_142' title='bbox 1218 1116 1322 1164; x_wconf 88' lang='lat' dir='ltr'>quod</span> <span class='ocrx_word' id='word_1_143' title='bbox 1347 1116 1401 1152; x_wconf 92' lang='lat' dir='ltr'>iu-</span> 
     </span>
    </p>
   </div>
   <div class='ocr_carea' id='block_1_11' title="bbox 339 1169 1429 1217">
    <p class='ocr_par' dir='ltr' id='par_1_12' title="bbox 339 1169 1429 1217">
     <span class='ocr_line' id='line_1_25' title="bbox 339 1169 1429 1217; baseline -0.001 -11"><span class='ocrx_word' id='word_1_144' title='bbox 339 1177 452 1216; x_wconf 84' lang='lat' dir='ltr'>ratur,</span> <span class='ocrx_word' id='word_1_145' title='bbox 481 1177 523 1206; x_wconf 90' lang='lat' dir='ltr'>ut</span> <span class='ocrx_word' id='word_1_146' title='bbox 550 1169 781 1217; x_wconf 91' lang='lat' dir='ltr'>Augustinus</span> <span class='ocrx_word' id='word_1_147' title='bbox 811 1169 910 1216; x_wconf 84' lang='lat' dir='ltr'>dicit,</span> <span class='ocrx_word' id='word_1_148' title='bbox 940 1170 991 1207; x_wconf 87' lang='lat' dir='ltr'>ad</span> <span class='ocrx_word' id='word_1_149' title='bbox 1016 1169 1249 1206; x_wconf 85' lang='lat' dir='ltr'>Publicolam</span> <span class='ocrx_word' id='word_1_150' title='bbox 1275 1169 1305 1206; x_wconf 74' lang='lat'>²¹².</span> <span class='ocrx_word' id='word_1_151' title='bbox 1353 1170 1402 1205; x_wconf 91' lang='lat' dir='ltr'>Et</span> <span class='ocrx_word' id='word_1_152' title='bbox 1427 1179 1429 1204; x_wconf 77' lang='lat'>;</span> 
     </span>
    </p>
   </div>
   <div class='ocr_carea' id='block_1_12' title="bbox 338 1222 1401 1324">
    <p class='ocr_par' dir='ltr' id='par_1_13' title="bbox 338 1222 1401 1324">
     <span class='ocr_line' id='line_1_26' title="bbox 340 1222 1401 1270; baseline -0.001 -11"><span class='ocrx_word' id='word_1_153' title='bbox 340 1223 553 1260; x_wconf 88' lang='lat' dir='ltr'>secundum</span> <span class='ocrx_word' id='word_1_154' title='bbox 577 1223 662 1269; x_wconf 90' lang='lat' dir='ltr'>hoc,</span> <span class='ocrx_word' id='word_1_155' title='bbox 683 1222 807 1259; x_wconf 89' lang='lat' dir='ltr'>maius</span> <span class='ocrx_word' id='word_1_156' title='bbox 829 1230 884 1259; x_wconf 89' lang='lat' dir='ltr'>est</span> <span class='ocrx_word' id='word_1_157' title='bbox 902 1223 1026 1259; x_wconf 87' lang='lat' dir='ltr'>iurare</span> <span class='ocrx_word' id='word_1_158' title='bbox 1053 1234 1122 1270; x_wconf 91' lang='lat' dir='ltr'>per</span> <span class='ocrx_word' id='word_1_159' title='bbox 1136 1223 1264 1258; x_wconf 88' lang='lat' dir='ltr'>Deum</span> <span class='ocrx_word' id='word_1_160' title='bbox 1284 1233 1401 1270; x_wconf 84' lang='lat' dir='ltr'>quarn</span> 
     </span>
     <span class='ocr_line' id='line_1_27' title="bbox 338 1275 1401 1324; baseline -0.001 -12"><span class='ocrx_word' id='word_1_161' title='bbox 338 1288 406 1324; x_wconf 91' lang='lat' dir='ltr'>per</span> <span class='ocrx_word' id='word_1_162' title='bbox 434 1275 652 1323; x_wconf 86' lang='lat' dir='ltr'>Evangelia.</span> <span class='ocrx_word' id='word_1_163' title='bbox 684 1276 760 1313; x_wconf 91' lang='lat' dir='ltr'>Sed</span> <span class='ocrx_word' id='word_1_164' title='bbox 789 1283 913 1324; x_wconf 91' lang='lat' dir='ltr'>potest</span> <span class='ocrx_word' id='word_1_165' title='bbox 942 1287 1023 1312; x_wconf 90' lang='lat' dir='ltr'>esse</span> <span class='ocrx_word' id='word_1_166' title='bbox 1053 1287 1073 1311; x_wconf 91' lang='lat' dir='ltr'>e</span> <span class='ocrx_word' id='word_1_167' title='bbox 1097 1287 1285 1311; x_wconf 89' lang='lat' dir='ltr'>converso</span> <span class='ocrx_word' id='word_1_168' title='bbox 1313 1286 1401 1322; x_wconf 93' lang='lat' dir='ltr'>pro-</span> 
     </span>
    </p>
   </div>
   <div class='ocr_carea' id='block_1_13' title="bbox 1427 325 1434 1323">
    <p class='ocr_par' dir='ltr' id='par_1_14' title="bbox 1427 325 1434 1323">
     <span class='ocr_line' id='line_1_28' title="bbox 1427 325 1434 1323; baseline 0 0"><span class='ocrx_word' id='word_1_169' title='bbox 1427 325 1434 1323; x_wconf 95' lang='lat' dir='ltr'> </span> 
     </span>
    </p>
   </div>
   <div class='ocr_carea' id='block_1_14' title="bbox 985 243 1888 291">
    <p class='ocr_par' dir='ltr' id='par_1_15' title="bbox 985 243 1888 291">
     <span class='ocr_line' id='line_1_29' title="bbox 985 243 1888 291; baseline 0.001 -10"><span class='ocrx_word' id='word_1_170' title='bbox 985 244 1250 291; x_wconf 88' lang='lat' dir='ltr'>QUAESTIO</span> <span class='ocrx_word' id='word_1_171' title='bbox 1285 243 1499 291; x_wconf 85' lang='lat' dir='ltr'>LXXXIX,</span> <span class='ocrx_word' id='word_1_172' title='bbox 1528 244 1823 282; x_wconf 90' lang='lat' dir='ltr'><strong>ARTICULUS</strong></span> <span class='ocrx_word' id='word_1_173' title='bbox 1852 245 1888 281; x_wconf 91' lang='lat' dir='ltr'>X</span> 
     </span>
    </p>
   </div>
   <div class='ocr_carea' id='block_1_15' title="bbox 1456 323 2522 953">
    <p class='ocr_par' dir='ltr' id='par_1_16' title="bbox 1459 323 2522 529">
     <span class='ocr_line' id='line_1_30' title="bbox 1460 323 2522 372; baseline 0.003 -14"><span class='ocrx_word' id='word_1_174' title='bbox 1460 329 1543 370; x_wconf 90' lang='lat' dir='ltr'>pter</span> <span class='ocrx_word' id='word_1_175' title='bbox 1561 323 1723 360; x_wconf 89' lang='lat' dir='ltr'>modum</span> <span class='ocrx_word' id='word_1_176' title='bbox 1743 323 1909 360; x_wconf 87' lang='lat' dir='ltr'>iurandi:</span> <span class='ocrx_word' id='word_1_177' title='bbox 1939 329 2069 371; x_wconf 91' lang='lat' dir='ltr'>utpote</span> <span class='ocrx_word' id='word_1_178' title='bbox 2089 323 2120 359; x_wconf 90' lang='lat' dir='ltr'>si</span> <span class='ocrx_word' id='word_1_179' title='bbox 2139 323 2396 360; x_wconf 88' lang='lat' dir='ltr'>iuramentum</span> <span class='ocrx_word' id='word_1_180' title='bbox 2415 324 2522 372; x_wconf 91' lang='lat' dir='ltr'>quod</span> 
     </span>
     <span class='ocr_line' id='line_1_31' title="bbox 1459 375 2521 427; baseline 0.002 -16"><span class='ocrx_word' id='word_1_181' title='bbox 1459 375 1503 410; x_wconf 89' lang='lat' dir='ltr'>fit</span> <span class='ocrx_word' id='word_1_182' title='bbox 1528 386 1597 423; x_wconf 86' lang='lat' dir='ltr'>per</span> <span class='ocrx_word' id='word_1_183' title='bbox 1617 376 1837 427; x_wconf 86' lang='lat' dir='ltr'>Evangelia,</span> <span class='ocrx_word' id='word_1_184' title='bbox 1858 376 1926 412; x_wconf 89' lang='lat' dir='ltr'>fiat</span> <span class='ocrx_word' id='word_1_185' title='bbox 1954 387 2042 412; x_wconf 88' lang='lat' dir='ltr'>cum</span> <span class='ocrx_word' id='word_1_186' title='bbox 2063 376 2229 424; x_wconf 89' lang='lat' dir='ltr'>quadarn</span> <span class='ocrx_word' id='word_1_187' title='bbox 2251 375 2521 414; x_wconf 88' lang='lat' dir='ltr'>deliberatione</span> 
     </span>
     <span class='ocr_line' id='line_1_32' title="bbox 1461 428 2522 478; baseline 0.003 -15"><span class='ocrx_word' id='word_1_188' title='bbox 1461 434 1497 463; x_wconf 89' lang='lat' dir='ltr'>et</span> <span class='ocrx_word' id='word_1_189' title='bbox 1523 428 1782 474; x_wconf 81' lang='lat' dir='ltr'>solemnitate3</span> <span class='ocrx_word' id='word_1_190' title='bbox 1812 428 2069 464; x_wconf 90' lang='lat' dir='ltr'>iuramentum</span> <span class='ocrx_word' id='word_1_191' title='bbox 2097 435 2225 465; x_wconf 89' lang='lat' dir='ltr'>autem</span> <span class='ocrx_word' id='word_1_192' title='bbox 2249 429 2355 478; x_wconf 91' lang='lat' dir='ltr'>quod</span> <span class='ocrx_word' id='word_1_193' title='bbox 2383 429 2426 466; x_wconf 93' lang='lat' dir='ltr'>fit</span> <span class='ocrx_word' id='word_1_194' title='bbox 2452 442 2522 478; x_wconf 90' lang='lat' dir='ltr'>per</span> 
     </span>
     <span class='ocr_line' id='line_1_33' title="bbox 1459 480 2404 529; baseline 0.002 -13"><span class='ocrx_word' id='word_1_195' title='bbox 1459 480 1600 527; x_wconf 88' lang='lat' dir='ltr'>Deum,</span> <span class='ocrx_word' id='word_1_196' title='bbox 1629 481 1696 518; x_wconf 91' lang='lat' dir='ltr'>fiat</span> <span class='ocrx_word' id='word_1_197' title='bbox 1722 481 1854 518; x_wconf 91' lang='lat' dir='ltr'>leviter</span> <span class='ocrx_word' id='word_1_198' title='bbox 1883 488 1919 518; x_wconf 90' lang='lat' dir='ltr'>et</span> <span class='ocrx_word' id='word_1_199' title='bbox 1947 481 2091 529; x_wconf 86' lang='lat' dir='ltr'>absque</span> <span class='ocrx_word' id='word_1_200' title='bbox 2121 481 2404 519; x_wconf 87' lang='lat' dir='ltr'>deliberatione.</span> 
     </span>
    </p>

    <p class='ocr_par' dir='ltr' id='par_1_17' title="bbox 1456 534 2520 888">
     <span class='ocr_line' id='line_1_34' title="bbox 1511 534 2520 582; baseline 0.002 -13"><span class='ocrx_word' id='word_1_201' title='bbox 1511 534 1570 570; x_wconf 83' lang='lat' dir='ltr'>AD</span> <span class='ocrx_word' id='word_1_202' title='bbox 1598 544 1759 571; x_wconf 73' lang='lat' dir='ltr'>TERTmM</span> <span class='ocrx_word' id='word_1_203' title='bbox 1787 546 1972 572; x_wconf 84' lang='lat' dir='ltr'><strong>DICENDUM</strong></span> <span class='ocrx_word' id='word_1_204' title='bbox 2001 534 2106 582; x_wconf 92' lang='lat' dir='ltr'>quod</span> <span class='ocrx_word' id='word_1_205' title='bbox 2134 534 2225 571; x_wconf 89' lang='lat' dir='ltr'>nihil</span> <span class='ocrx_word' id='word_1_206' title='bbox 2253 534 2429 582; x_wconf 88' lang='lat' dir='ltr'>prohibet</span> <span class='ocrx_word' id='word_1_207' title='bbox 2457 534 2520 571; x_wconf 89' lang='lat' dir='ltr'>ali-</span> 
     </span>
     <span class='ocr_line' id='line_1_35' title="bbox 1459 585 2520 636; baseline 0.002 -15"><span class='ocrx_word' id='word_1_208' title='bbox 1459 585 1548 633; x_wconf 91' lang='lat' dir='ltr'>quid</span> <span class='ocrx_word' id='word_1_209' title='bbox 1577 586 1656 622; x_wconf 90' lang='lat' dir='ltr'>tolli</span> <span class='ocrx_word' id='word_1_210' title='bbox 1676 599 1720 623; x_wconf 87' lang='lat' dir='ltr'>ex</span> <span class='ocrx_word' id='word_1_211' title='bbox 1741 587 1936 623; x_wconf 91' lang='lat' dir='ltr'>contrariis</span> <span class='ocrx_word' id='word_1_212' title='bbox 1961 587 2083 624; x_wconf 88' lang='lat' dir='ltr'>causis</span> <span class='ocrx_word' id='word_1_213' title='bbox 2111 599 2181 636; x_wconf 87' lang='lat' dir='ltr'>per</span> <span class='ocrx_word' id='word_1_214' title='bbox 2200 587 2362 624; x_wconf 88' lang='lat' dir='ltr'>modum</span> <span class='ocrx_word' id='word_1_215' title='bbox 2391 598 2520 635; x_wconf 86' lang='lat' dir='ltr'>super-</span> 
     </span>
     <span class='ocr_line' id='line_1_36' title="bbox 1458 638 2520 688; baseline 0.001 -13"><span class='ocrx_word' id='word_1_216' title='bbox 1458 638 1715 676; x_wconf 88' lang='lat' dir='ltr'>abundantiae</span> <span class='ocrx_word' id='word_1_217' title='bbox 1745 648 1781 676; x_wconf 94' lang='lat' dir='ltr'>et</span> <span class='ocrx_word' id='word_1_218' title='bbox 1800 641 1980 677; x_wconf 90' lang='lat' dir='ltr'>defectus.</span> <span class='ocrx_word' id='word_1_219' title='bbox 2011 641 2060 677; x_wconf 91' lang='lat' dir='ltr'>Et</span> <span class='ocrx_word' id='word_1_220' title='bbox 2077 641 2152 677; x_wconf 91' lang='lat' dir='ltr'>hoc</span> <span class='ocrx_word' id='word_1_221' title='bbox 2172 640 2291 677; x_wconf 91' lang='lat' dir='ltr'>modo</span> <span class='ocrx_word' id='word_1_222' title='bbox 2312 640 2425 688; x_wconf 88' lang='lat' dir='ltr'>aliqui</span> <span class='ocrx_word' id='word_1_223' title='bbox 2451 640 2520 676; x_wconf 88' lang='lat' dir='ltr'>im-</span> 
     </span>
     <span class='ocr_line' id='line_1_37' title="bbox 1456 691 2520 742; baseline 0.002 -15"><span class='ocrx_word' id='word_1_224' title='bbox 1456 691 1663 739; x_wconf 92' lang='lat' dir='ltr'>pediuntur</span> <span class='ocrx_word' id='word_1_225' title='bbox 1690 704 1711 728; x_wconf 91' lang='lat' dir='ltr'>a</span> <span class='ocrx_word' id='word_1_226' title='bbox 1740 692 1953 730; x_wconf 90' lang='lat' dir='ltr'>iuramento</span> <span class='ocrx_word' id='word_1_227' title='bbox 1979 693 2067 742; x_wconf 92' lang='lat' dir='ltr'>quia</span> <span class='ocrx_word' id='word_1_228' title='bbox 2095 701 2182 730; x_wconf 90' lang='lat' dir='ltr'>sunt</span> <span class='ocrx_word' id='word_1_229' title='bbox 2209 693 2363 730; x_wconf 90' lang='lat' dir='ltr'>maioris</span> <span class='ocrx_word' id='word_1_230' title='bbox 2392 700 2520 729; x_wconf 90' lang='lat' dir='ltr'>aucto-</span> 
     </span>
     <span class='ocr_line' id='line_1_38' title="bbox 1458 744 2520 795; baseline 0.002 -15"><span class='ocrx_word' id='word_1_231' title='bbox 1458 744 1573 781; x_wconf 88' lang='lat' dir='ltr'>ritatis</span> <span class='ocrx_word' id='word_1_232' title='bbox 1593 756 1708 792; x_wconf 88' lang='lat' dir='ltr'>quam</span> <span class='ocrx_word' id='word_1_233' title='bbox 1739 746 1844 793; x_wconf 93' lang='lat' dir='ltr'>quod</span> <span class='ocrx_word' id='word_1_234' title='bbox 1872 758 1939 782; x_wconf 91' lang='lat' dir='ltr'>eos</span> <span class='ocrx_word' id='word_1_235' title='bbox 1967 745 2090 783; x_wconf 87' lang='lat' dir='ltr'>iurare</span> <span class='ocrx_word' id='word_1_236' title='bbox 2111 746 2262 783; x_wconf 92' lang='lat' dir='ltr'>deceat:</span> <span class='ocrx_word' id='word_1_237' title='bbox 2293 745 2406 795; x_wconf 90' lang='lat' dir='ltr'>aliqui</span> <span class='ocrx_word' id='word_1_238' title='bbox 2425 757 2520 783; x_wconf 91' lang='lat' dir='ltr'>vero</span> 
     </span>
     <span class='ocr_line' id='line_1_39' title="bbox 1457 797 2519 848; baseline 0.002 -14"><span class='ocrx_word' id='word_1_239' title='bbox 1457 797 1546 846; x_wconf 91' lang='lat' dir='ltr'>quia</span> <span class='ocrx_word' id='word_1_240' title='bbox 1573 805 1661 834; x_wconf 92' lang='lat' dir='ltr'>sunt</span> <span class='ocrx_word' id='word_1_241' title='bbox 1689 798 1845 835; x_wconf 88' lang='lat' dir='ltr'>minoris</span> <span class='ocrx_word' id='word_1_242' title='bbox 1865 799 2096 836; x_wconf 85' lang='lat' dir='ltr'>auctoritatis</span> <span class='ocrx_word' id='word_1_243' title='bbox 2115 812 2234 848; x_wconf 84' lang='lat' dir='ltr'>quam</span> <span class='ocrx_word' id='word_1_244' title='bbox 2253 799 2358 848; x_wconf 90' lang='lat' dir='ltr'>quod</span> <span class='ocrx_word' id='word_1_245' title='bbox 2384 811 2519 836; x_wconf 86' lang='lat' dir='ltr'>eorum</span> 
     </span>
     <span class='ocr_line' id='line_1_40' title="bbox 1456 857 1829 888; baseline 0.003 -1"><span class='ocrx_word' id='word_1_246' title='bbox 1456 858 1671 887; x_wconf 78' lang='lat' dir='ltr'>iuramento</span> <span class='ocrx_word' id='word_1_247' title='bbox 1701 857 1829 888; x_wconf 84' lang='lat' dir='ltr'>stetur.</span> 
     </span>
    </p>

    <p class='ocr_par' dir='ltr' id='par_1_18' title="bbox 1509 904 2519 953">
     <span class='ocr_line' id='line_1_41' title="bbox 1509 904 2519 953; baseline 0.001 -13"><span class='ocrx_word' id='word_1_248' title='bbox 1509 905 1568 940; x_wconf 84' lang='lat' dir='ltr'>An</span> <span class='ocrx_word' id='word_1_249' title='bbox 1589 915 1762 946; x_wconf 84' lang='lat' dir='ltr'><strong>QUARTUM</strong></span> <span class='ocrx_word' id='word_1_250' title='bbox 1786 915 1971 941; x_wconf 74' lang='lat' dir='ltr'>DICENDUM</span> <span class='ocrx_word' id='word_1_251' title='bbox 1991 905 2097 953; x_wconf 93' lang='lat' dir='ltr'>quod</span> <span class='ocrx_word' id='word_1_252' title='bbox 2120 904 2375 941; x_wconf 87' lang='lat' dir='ltr'>iuramentum</span> <span class='ocrx_word' id='word_1_253' title='bbox 2396 905 2519 953; x_wconf 89' lang='lat' dir='ltr'>angeli</span> 
     </span>
    </p>
   </div>
   <div class='ocr_carea' id='block_1_16' title="bbox 1458 1009 2518 1058">
    <p class='ocr_par' dir='ltr' id='par_1_19' title="bbox 1458 1009 2518 1058">
     <span class='ocr_line' id='line_1_42' title="bbox 1458 1009 2518 1058; baseline 0.002 -12"><span class='ocrx_word' id='word_1_254' title='bbox 1458 1010 1503 1046; x_wconf 92' lang='lat' dir='ltr'>sit</span> <span class='ocrx_word' id='word_1_255' title='bbox 1532 1010 1612 1046; x_wconf 91' lang='lat' dir='ltr'>eius</span> <span class='ocrx_word' id='word_1_256' title='bbox 1632 1009 1793 1058; x_wconf 90' lang='lat' dir='ltr'>simplici</span> <span class='ocrx_word' id='word_1_257' title='bbox 1822 1010 1922 1047; x_wconf 93' lang='lat' dir='ltr'>dicto</span> <span class='ocrx_word' id='word_1_258' title='bbox 1942 1009 2199 1047; x_wconf 87' lang='lat' dir='ltr'>credendum:</span> <span class='ocrx_word' id='word_1_259' title='bbox 2229 1010 2297 1047; x_wconf 92' lang='lat' dir='ltr'>sed</span> <span class='ocrx_word' id='word_1_260' title='bbox 2325 1011 2375 1047; x_wconf 89' lang='lat' dir='ltr'>ad</span> <span class='ocrx_word' id='word_1_261' title='bbox 2393 1018 2518 1048; x_wconf 87' lang='lat' dir='ltr'>osten-</span> 
     </span>
    </p>
   </div>
   <div class='ocr_carea' id='block_1_17' title="bbox 1456 1116 2519 1217">
    <p class='ocr_par' dir='ltr' id='par_1_20' title="bbox 1456 1116 2519 1217">
     <span class='ocr_line' id='line_1_43' title="bbox 1456 1116 2517 1164; baseline 0.001 -12"><span class='ocrx_word' id='word_1_262' title='bbox 1456 1116 1592 1153; x_wconf 88' lang='lat' dir='ltr'>sitione</span> <span class='ocrx_word' id='word_1_263' title='bbox 1619 1116 1840 1164; x_wconf 90' lang='lat' dir='ltr'>procedere.</span> <span class='ocrx_word' id='word_1_264' title='bbox 1872 1116 1978 1153; x_wconf 92' lang='lat' dir='ltr'>Sicut</span> <span class='ocrx_word' id='word_1_265' title='bbox 1997 1116 2110 1153; x_wconf 91' lang='lat' dir='ltr'>etiam</span> <span class='ocrx_word' id='word_1_266' title='bbox 2132 1123 2168 1153; x_wconf 90' lang='lat' dir='ltr'>et</span> <span class='ocrx_word' id='word_1_267' title='bbox 2186 1117 2293 1152; x_wconf 92' lang='lat' dir='ltr'>Deus</span> <span class='ocrx_word' id='word_1_268' title='bbox 2312 1116 2517 1163; x_wconf 88' lang='lat' dir='ltr'>aliquando</span> 
     </span>
     <span class='ocr_line' id='line_1_44' title="bbox 1456 1169 2519 1217; baseline 0.001 -12"><span class='ocrx_word' id='word_1_269' title='bbox 1456 1169 1494 1206; x_wconf 91' lang='lat' dir='ltr'>in</span> <span class='ocrx_word' id='word_1_270' title='bbox 1523 1169 1724 1217; x_wconf 89' lang='lat' dir='ltr'>Scripturis</span> <span class='ocrx_word' id='word_1_271' title='bbox 1759 1170 1886 1206; x_wconf 90' lang='lat' dir='ltr'>iurans</span> <span class='ocrx_word' id='word_1_272' title='bbox 1914 1169 2125 1217; x_wconf 76' lang='lat' dir='ltr'>inducitur,</span> <span class='ocrx_word' id='word_1_273' title='bbox 2154 1169 2204 1206; x_wconf 92' lang='lat' dir='ltr'>ad</span> <span class='ocrx_word' id='word_1_274' title='bbox 2237 1169 2519 1206; x_wconf 90' lang='lat' dir='ltr'>ostendendum</span> 
     </span>
    </p>
   </div>
   <div class='ocr_carea' id='block_1_18' title="bbox 1455 1222 2518 1321">
    <p class='ocr_par' dir='ltr' id='par_1_21' title="bbox 1455 1222 2518 1321">
     <span class='ocr_line' id='line_1_45' title="bbox 1456 1222 2518 1272; baseline 0.001 -14"><span class='ocrx_word' id='word_1_275' title='bbox 1456 1222 1760 1259; x_wconf 86' lang='lat' dir='ltr'>immobilitatem</span> <span class='ocrx_word' id='word_1_276' title='bbox 1782 1222 1862 1259; x_wconf 92' lang='lat' dir='ltr'>eius</span> <span class='ocrx_word' id='word_1_277' title='bbox 1883 1223 1988 1272; x_wconf 92' lang='lat' dir='ltr'>quod</span> <span class='ocrx_word' id='word_1_278' title='bbox 2008 1222 2161 1260; x_wconf 87' lang='lat' dir='ltr'>dicitur:</span> <span class='ocrx_word' id='word_1_279' title='bbox 2191 1222 2287 1259; x_wconf 90' lang='lat' dir='ltr'>sicut</span> <span class='ocrx_word' id='word_1_280' title='bbox 2310 1223 2518 1272; x_wconf 90' lang='lat' dir='ltr'>Apostolus</span> 
     </span>
     <span class='ocr_line' id='line_1_46' title="bbox 1455 1274 1866 1321; baseline 0.005 -11"><span class='ocrx_word' id='word_1_281' title='bbox 1455 1274 1555 1321; x_wconf 78' lang='lat' dir='ltr'>dicit,</span> <span class='ocrx_word' id='word_1_282' title='bbox 1584 1275 1636 1311; x_wconf 86' lang='lat' dir='ltr'>ad</span> <span class='ocrx_word' id='word_1_283' title='bbox 1651 1275 1751 1312; x_wconf 86' lang='lat' dir='ltr'>Heb.</span> <span class='ocrx_word' id='word_1_284' title='bbox 1781 1287 1816 1312; x_wconf 88' lang='lat' dir='ltr'>vl</span> <span class='ocrx_word' id='word_1_285' title='bbox 1834 1275 1866 1312; x_wconf 72' lang='lat'>³¹⁶.</span> 
     </span>
    </p>
   </div>
   <div class='ocr_carea' id='block_1_19' title="bbox 390 1439 1611 1474">
    <p class='ocr_par' dir='ltr' id='par_1_22' title="bbox 390 1439 1611 1474">
     <span class='ocr_line' id='line_1_47' title="bbox 390 1439 1611 1474; baseline 0 -9"><span class='ocrx_word' id='word_1_286' title='bbox 390 1439 415 1471; x_wconf 85' lang='grc' dir='ltr'>ζ)</span> <span class='ocrx_word' id='word_1_287' title='bbox 434 1441 560 1465; x_wconf 81' lang='lat' dir='ltr'>sanctius.</span> <span class='ocrx_word' id='word_1_288' title='bbox 573 1455 591 1459; x_wconf 91' lang='lat'><em>-</em></span> <span class='ocrx_word' id='word_1_289' title='bbox 609 1440 707 1465; x_wconf 81' lang='lat' dir='ltr'>certius</span> <span class='ocrx_word' id='word_1_290' title='bbox 732 1440 808 1470; x_wconf 75' lang='lat' dir='ltr'>BKK.</span> <span class='ocrx_word' id='word_1_291' title='bbox 821 1440 925 1474; x_wconf 75' lang='lat' dir='ltr'>fortius</span> <span class='ocrx_word' id='word_1_292' title='bbox 949 1441 1001 1472; x_wconf 85' lang='lat' dir='ltr'>PD,</span> <span class='ocrx_word' id='word_1_293' title='bbox 1026 1440 1145 1466; x_wconf 83' lang='lat' dir='ltr'>securius</span> <span class='ocrx_word' id='word_1_294' title='bbox 1170 1440 1204 1471; x_wconf 90' lang='lat' dir='ltr'>E,</span> <span class='ocrx_word' id='word_1_295' title='bbox 1228 1440 1348 1467; x_wconf 77' lang='lat' dir='ltr'>strictius</span> <span class='ocrx_word' id='word_1_296' title='bbox 1368 1440 1399 1471; x_wconf 90' lang='lat' dir='ltr'>G,</span> <span class='ocrx_word' id='word_1_297' title='bbox 1419 1444 1483 1472; x_wconf 84' lang='lat' dir='ltr'>spat.</span> <span class='ocrx_word' id='word_1_298' title='bbox 1503 1447 1558 1466; x_wconf 77' lang='lat' dir='ltr'>vac.</span> <span class='ocrx_word' id='word_1_299' title='bbox 1577 1440 1611 1465; x_wconf 87' lang='lat' dir='ltr'>H.</span> 
     </span>
    </p>
   </div>
   <div class='ocr_carea' id='block_1_20' title="bbox 1112 2222 1756 2756">
    <p class='ocr_par' dir='ltr' id='par_1_23' title="bbox 1112 2222 1756 2756">
     <span class='ocr_line' id='line_1_48' title="bbox 1112 2222 1756 2756; baseline 0 1488"><span class='ocrx_word' id='word_1_300' title='bbox 1112 2222 1756 2756; x_wconf 95' lang='lat' dir='ltr'> </span> 
     </span>
    </p>
   </div>
   <div class='ocr_carea' id='block_1_21' title="bbox 2547 1276 2686 1304">
    <p class='ocr_par' dir='ltr' id='par_1_24' title="bbox 2547 1276 2686 1304">
     <span class='ocr_line' id='line_1_49' title="bbox 2547 1276 2686 1304; baseline 0 -5"><span class='ocrx_word' id='word_1_301' title='bbox 2547 1276 2557 1287; x_wconf 76' lang='lat'>⁸</span> <span class='ocrx_word' id='word_1_302' title='bbox 2571 1276 2640 1299; x_wconf 75' lang='lat' dir='ltr'>ven.</span> <span class='ocrx_word' id='word_1_303' title='bbox 2653 1282 2686 1304; x_wconf 75' lang='grc' dir='ltr'>η.</span> 
     </span>
    </p>
   </div>
   <div class='ocr_carea' id='block_1_22' title="bbox 2850 1585 2860 2579">
    <p class='ocr_par' dir='ltr' id='par_1_25' title="bbox 2850 1585 2860 2579">
     <span class='ocr_line' id='line_1_50' title="bbox 2850 1585 2860 2579; textangle 90"><span class='ocrx_word' id='word_1_304' title='bbox 2855 2574 2858 2579; x_wconf 82' lang='grc'>.</span> <span class='ocrx_word' id='word_1_305' title='bbox 2857 2555 2860 2565; x_wconf 80' lang='grc'>.,</span> <span class='ocrx_word' id='word_1_306' title='bbox 2853 2475 2860 2530; x_wconf 52' lang='grc' dir='ltr'><em>ΜΗ...</em></span> <span class='ocrx_word' id='word_1_307' title='bbox 2854 2404 2860 2445; x_wconf 41' lang='lat'>„⁴1</span> <span class='ocrx_word' id='word_1_308' title='bbox 2850 2120 2860 2395; x_wconf 57' lang='lat' dir='ltr'>annu-..mun—</span> <span class='ocrx_word' id='word_1_309' title='bbox 2850 1601 2860 2111; x_wconf 50' lang='lat' dir='ltr'>-a-n—-n———ffl—»2—2——n--2-n—-u</span> <span class='ocrx_word' id='word_1_310' title='bbox 2859 1585 2860 1588; x_wconf 62' lang='lat'><em>„</em></span> 
     </span>
    </p>
   </div>
   <div class='ocr_carea' id='block_1_23' title="bbox 2850 2626 2860 2914">
    <p class='ocr_par' dir='ltr' id='par_1_26' title="bbox 2848 2626 2860 2937">
     <span class='ocr_line' id='line_1_51' title="bbox 2850 2626 2860 2914; textangle 90"><span class='ocrx_word' id='word_1_311' title='bbox 2850 2805 2860 2914; x_wconf 45' lang='lat' dir='ltr'>..tu-&amp;finan</span> <span class='ocrx_word' id='word_1_312' title='bbox 2853 2767 2855 2770; x_wconf 89' lang='lat'><em>—</em></span> <span class='ocrx_word' id='word_1_313' title='bbox 2858 2750 2860 2754; x_wconf 86' lang='lat'>.</span> <span class='ocrx_word' id='word_1_314' title='bbox 2853 2733 2858 2738; x_wconf 56' lang='grc' dir='ltr'>ι</span> <span class='ocrx_word' id='word_1_315' title='bbox 2856 2717 2860 2720; x_wconf 89' lang='grc'><em>,</em></span> <span class='ocrx_word' id='word_1_316' title='bbox 2852 2690 2860 2703; x_wconf 51' lang='lat' dir='ltr'>n</span> <span class='ocrx_word' id='word_1_317' title='bbox 2853 2658 2860 2681; x_wconf 49' lang='grc' dir='ltr'>Ν,</span> <span class='ocrx_word' id='word_1_318' title='bbox 2856 2626 2859 2630; x_wconf 44' lang='lat'><em>⁴</em></span> 
     </span>
    </p>
   </div>
   <div class='ocr_carea' id='block_1_24' title="bbox 2833 3037 2860 3769">
    <p class='ocr_par' dir='ltr' id='par_1_27' title="bbox 2833 3037 2860 3769">
     <span class='ocr_line' id='line_1_52' title="bbox 2833 3037 2860 3769; textangle 90"><span class='ocrx_word' id='word_1_319' title='bbox 2845 3768 2849 3769; x_wconf 68' lang='lat'>¹</span> <span class='ocrx_word' id='word_1_320' title='bbox 2833 3037 2860 3718; x_wconf 41' lang='lat' dir='ltr'>‘anwffi=bm=sffiwmmmwm.</span> 
     </span>
    </p>
   </div>
  </div>
 </body>
</html>
