2860 4238
240 299 249 308 ·
257 298 313 325 Cap.
326 298 379 318 Cum
390 296 448 318 dile-

239 323 337 371 ῗιΐιᾶῗςιέε
347 323 449 344 Consue-

238 912 247 921 ·
261 910 330 932 Num.
346 916 375 931 ιν.

239 1472 247 1479 “
261 1469 292 1490 Ca
311 1484 316 1489 .
331 1475 364 1494 ιιι,
375 1474 397 1489 n.
409 1474 425 1488 1.
437 1479 447 1483 -

237 1497 262 1518 S.
276 1495 320 1516 T1.
336 1495 387 1516 lect.
402 1500 437 1515 ιιι.

237 1645 245 1653 “
261 1643 297 1665 Cf.
313 1649 375 1664 num.
389 1649 432 1664 xu-

481 218 557 264 482

477 299 633 335 interpres
645 294 671 331 *,
686 305 749 334 qua
763 294 823 329 vix,
844 299 873 323 et
888 292 966 321 forte
989 300 1064 325 non,
1082 289 1140 318 nisi
1157 288 1280 323 alicubi,
1299 287 1364 317 sine
1384 286 1530 317 scandalo

475 342 624 372 toleratur
648 337 830 368 huiusmodi
854 337 975 366 labores
999 333 1063 363 fieri
1083 333 1115 362 in
1140 331 1330 372 obsequium
1356 340 1530 370 paupercu-

475 387 577 415 larum
601 382 809 412 ecclesiarum.

525 428 574 458 Ad
590 427 724 467 primam
741 434 814 463 ergo
832 421 1043 453 obiectionem
1059 420 1091 449 in
1109 419 1296 459 oppositum
1312 418 1426 448 dicitur
1442 417 1530 457 quod

475 473 534 502 alia
549 479 593 501 est
617 470 695 500 ratio
719 470 757 498 de
781 468 827 497 his
850 475 931 506 quae
947 472 1019 495 sunt
1043 464 1074 493 in
1098 463 1202 503 primo
1227 470 1256 492 et
1275 462 1306 491 in
1324 461 1464 491 secundo
1481 471 1531 490 or-
1555 467 1557 500 g

475 516 563 550 dine,
589 521 618 544 et
642 513 700 543 alia
724 513 762 541 de
786 511 833 541 his
856 519 936 550 quae
961 514 1034 539 sunt
1058 507 1090 537 in
1114 506 1215 537 tertio.
1241 505 1325 542 Quia
1348 505 1401 535 illa
1424 514 1480 544 per
1499 514 1531 534 se
1555 506 1557 527 ἕ

473 559 629 600 pertinent
652 557 690 586 ad
714 555 771 585 Dei
787 554 978 588 servitutem,
1004 561 1077 581 cum
1101 551 1162 580 sint
1185 557 1239 580 aut
1262 559 1333 588 pars
1357 549 1460 579 cultus
1484 548 1530 578 di—
1555 582 1557 591 ,

1555 594 1557 601 '
1582 592 1752 622 exercenda
1775 592 1892 622 iudicia
1917 600 1947 622 et
1969 602 2146 632 processus,
2172 599 2207 622 ut
2230 599 2315 632 patet
2334 602 2370 622 ex
2386 601 2480 631 supra
2495 591 2513 611 *
2535 591 2647 630 allega-

472 603 552 637 vini‚
578 608 631 631 aut
655 599 906 640 praeparationes
929 597 968 626 ad
991 596 1098 625 illurn:
1132 594 1190 624 ista
1213 603 1287 623 vero
1312 599 1470 628 extranea,
1496 602 1531 622 ac

473 656 528 686 per
547 645 688 675 accidens
712 643 897 673 ordinantur
920 640 958 670 ad
982 639 1041 670 Dei
1065 638 1236 668 servitium.

527 690 577 719 Ad
604 687 773 718 secundam
798 695 871 715 vero
901 684 1014 714 dicitur
1045 682 1132 723 quod
1163 683 1202 711 ad
1233 682 1294 711 hoc
1326 687 1529 720 praeceptum

473 740 591 772 spectat
615 730 762 770 occupari
786 730 816 759 in
842 728 991 768 operibus
1014 737 1096 767 quae
1119 736 1175 766 per
1198 736 1229 755 se
1254 731 1395 764 spectant
1417 725 1456 754 ad
1474 724 1530 754 Dei

473 776 669 807 servitutem:
695 784 760 804 non
783 780 889 803 autem
904 772 936 802 in
961 771 1109 811 operibus
1133 769 1294 805 extraneis,
1311 778 1393 808 quae
1409 778 1464 808 per
1483 778 1529 798 ac-

473 821 578 851 cidens
594 819 779 849 ordinantur
794 818 834 847 ad
852 816 911 846 Dei
927 815 1098 851 servitium,
1116 814 1222 854 qualia
1238 820 1312 843 sunt
1331 822 1427 852 opera
1451 812 1531 843 tertii

473 863 602 894 ordinis.

527 908 564 938 X.
590 908 624 936 In
648 906 786 936 secundo
812 914 884 934 casu
899 903 925 939 *,
951 904 989 933 de
1013 901 1170 941 corporali
1192 901 1338 931 exercitio
1362 900 1532 940 spiritualis

472 958 576 988 actus,
602 951 666 980 duo
690 955 860 979 occurrunt
884 947 988 978 dubia.
1023 947 1167 977 Alterum
1199 946 1236 975 de
1265 946 1333 985 ipsa
1364 944 1532 974 universali

473 996 591 1035 regula,
615 994 775 1024 videlicet:
804 992 936 1023 Nullius
958 990 1137 1031 spiritualis
1159 994 1251 1020 actus
1274 990 1461 1020 exercitium
1486 993 1533 1018 est

472 1045 584 1070 contra
608 1038 839 1069 observantiam
863 1036 993 1066 sabbati.
1014 1052 1034 1058 -
1054 1034 1200 1065 Alterum
1220 1034 1258 1064 de
1275 1033 1430 1073 exemplo,
1446 1032 1531 1062 vide·
1557 1066 1559 1072 γ

1557 1074 1559 1119 ζ
1585 1077 1691 1113 Quare
1713 1083 1821 1106 autem
1843 1077 2038 1116 quandoque
2061 1075 2101 1106 sit
2123 1075 2245 1106 licitum
2265 1083 2295 1106 et
2318 1075 2513 1115 quandoque
2535 1074 2650 1104 nonin

527 1127 696 1157 Dubitatur
727 1134 864 1164 namque
894 1124 932 1154 de
956 1123 1083 1153 veritate
1112 1121 1197 1151 illius
1225 1121 1361 1160 regulae.
1395 1120 1478 1149 Nam
1507 1119 1532 1148 si
1557 1122 1559 1128 ¹

471 1083 558 1113 licet:
584 1082 697 1112 docere
720 1081 813 1112 verbo
837 1081 886 1110 vel
908 1081 1034 1119 scripto.

471 1171 640 1211 spirituale
662 1170 775 1200 dicitur
797 1179 814 1198 a
838 1168 954 1207 Spiritu
975 1167 1099 1201 Sancto,
1118 1175 1155 1195 eo
1171 1165 1270 1194 modo
1294 1174 1360 1204 quo
1384 1163 1533 1193 dicuntur

472 1214 643 1254 spiritualia
660 1219 852 1244 sacramenta
870 1219 899 1241 et
914 1221 999 1241 sacra
1015 1210 1166 1244 doctrina,
1183 1209 1226 1238 sic
1243 1213 1426 1247 sequeretur
1445 1206 1534 1246 quod

473 1260 585 1289 docere
610 1257 845 1298 philosophiam
869 1265 934 1285 non
954 1260 1034 1284 esset
1057 1253 1178 1284 licitum
1193 1252 1225 1282 in
1242 1252 1339 1282 festo:
1365 1251 1454 1291 quod
1478 1250 1534 1280 fal·
1558 1261 1559 1271 ι

473 1313 545 1334 sum
569 1311 624 1333 est.
639 1319 659 1325 -
684 1301 716 1331 Si
739 1310 813 1330 vero
837 1298 996 1338 spirituale
1020 1297 1156 1328 sumitur
1178 1306 1196 1326 a
1220 1302 1325 1326 mente
1347 1302 1467 1331 nostra,
1494 1304 1532 1324 eo

473 1348 571 1377 modo
589 1356 654 1386 quo
677 1345 806 1374 virtutes
830 1352 942 1373 omnes
958 1349 988 1372 et
1003 1351 1099 1381 opera
1122 1340 1298 1370 intellectus
1323 1339 1471 1369 dicuntur
1487 1348 1534 1368 res

473 1398 503 1421 et
517 1397 604 1421 actus
620 1389 804 1429 spirituales,
823 1387 865 1417 sic
881 1393 1063 1427 sequeretur
1078 1385 1167 1426 quod
1182 1384 1290 1414 omnia
1307 1393 1404 1423 opera
1418 1382 1534 1413 artium

473 1442 575 1465 essent
596 1434 679 1464 licita
702 1434 735 1463 in
759 1433 808 1462 die
831 1431 929 1461 festo:
955 1430 1029 1470 quia
1053 1439 1101 1459 ars
1125 1436 1171 1459 est
1188 1429 1287 1458 virtus
1303 1427 1533 1463 intellectualis,

474 1486 508 1509 ut
531 1485 616 1519 patet
638 1478 670 1507 in
694 1478 734 1507 VI
751 1477 854 1507 Ethic.
870 1475 887 1494 *
910 1478 956 1505 Ac
980 1484 1035 1514 per
1056 1474 1128 1509 hoc,
1151 1473 1258 1503 liceret
1273 1472 1306 1502 in
1322 1472 1408 1502 festis
1431 1478 1533 1502 texere

473 1533 528 1553 seu
551 1522 709 1557 fabricare,
727 1528 756 1551 et
778 1518 972 1550 huiusmodi.
989 1535 1007 1540 —
1027 1518 1217 1558 Sequeretur
1240 1516 1333 1547 etiam
1358 1516 1447 1556 quod
1469 1516 1534 1545 lici·
1559 1545 1560 1553 ¹

473 1575 542 1598 tum
558 1573 638 1596 esset
654 1565 763 1595 diebus
780 1564 865 1594 festis
881 1562 1040 1593 advocatis
1056 1561 1244 1602 patrocinari
1260 1561 1293 1590 in
1309 1560 1411 1590 causis
1427 1560 1532 1590 iustis:

473 1621 547 1642 cum
571 1617 658 1640 actus
681 1610 738 1639 iste
762 1609 800 1639 sit
823 1607 969 1638 scientiae
993 1616 1080 1636 usus,

527 1654 696 1684 Dubitatur
715 1662 844 1694 quoque
865 1651 902 1681 de
918 1658 989 1681 actu
1009 1649 1163 1680 scribendi
1178 1649 1204 1684 *‚
1227 1658 1267 1678 an
1286 1658 1322 1678 ex
1342 1658 1401 1678 suo
1420 1657 1534 1687 genere

474 1699 513 1729 sit
536 1709 618 1738 opus
642 1697 760 1727 servile.
793 1697 833 1726 Et
862 1702 908 1726 est
937 1694 1016 1725 ratio
1041 1693 1128 1724 dubii
1151 1693 1226 1733 quia
1249 1692 1407 1722 invenitur
1431 1692 1534 1722 licitus
1559 1712 1560 1716 ,

474 1743 667 1783 quandoque
690 1741 723 1771 in
747 1741 837 1776 festo,
863 1745 939 1779 puta
964 1738 1125 1769 docendo:
1151 1743 1181 1767 et
1204 1736 1317 1766 dicitur
1340 1737 1534 1776 quandoque

474 1787 507 1816 in
530 1786 610 1817 festo
634 1785 770 1820 illicitus,
794 1791 871 1824 puta
895 1782 1127 1813 transcribendo
1151 1781 1259 1811 libros.
1290 1780 1321 1810 Si
1346 1781 1428 1810 enim
1455 1787 1536 1810 esset

475 1841 511 1860 ex
535 1841 593 1860 suo
617 1839 729 1869 genere
753 1838 835 1868 opus
859 1827 978 1862 servile,
1003 1836 1127 1866 semper
1149 1831 1229 1855 esset
1244 1824 1370 1854 servile:
1395 1831 1426 1855 et
1448 1824 1534 1854 simi-

474 1875 544 1905 liter
566 1874 591 1904 si
616 1880 695 1903 esset
718 1883 800 1912 opus
822 1872 968 1908 liberum,
994 1879 1117 1910 semper
1140 1875 1220 1899 esset
1243 1869 1388 1898 liberum.

529 1919 581 1948 XI.
606 1918 656 1948 Ad
684 1917 824 1958 primum
852 1916 968 1945 horum
998 1915 1111 1945 dicitur
1138 1913 1227 1953 quod
1255 1912 1424 1952 spiritualis
1446 1918 1534 1942 actus

475 1962 540 1992 sive
563 1972 580 1992 a
604 1961 714 2001 spiritu
739 1959 851 1990 mentis
875 1965 1009 1995 nostrae,
1034 1959 1098 1988 sive
1120 1968 1138 1987 a
1154 1957 1272 1997 Spiritu
1294 1957 1410 1996 gratiae
1426 1966 1534 1986 suma-

475 2013 534 2042 tur,
553 2015 618 2036 non
634 2005 727 2035 refert
741 2005 774 2034 in
793 2003 969 2044 proposito,
987 2002 1046 2033 nisi
1062 1999 1238 2032 secundum
1254 2001 1355 2041 magis
1371 2007 1401 2031 et
1416 2001 1533 2031 minus.

475 2050 559 2087 Quia
582 2049 698 2079 scilicet
720 2048 895 2088 spirituales
919 2054 1004 2077 actus
1028 2056 1124 2086 penes
1148 2045 1301 2085 Spiritum
1324 2045 1440 2084 gratiae
1467 2054 1533 2075 non

475 2095 581 2124 solum
610 2093 685 2123 liciti
709 2101 797 2129 sunt,
822 2092 876 2122 sed
900 2091 990 2132 quasi
1020 2089 1177 2130 praecepti
1201 2096 1275 2119 sunt
1301 2089 1334 2119 in
1364 2088 1464 2119 festis:
1498 2095 1534 2119 ut

475 2147 576 2174 orare,
601 2137 793 2177 praedicare,
817 2136 944 2166 laudare
967 2135 1088 2171 Deum,
1114 2135 1225 2164 docere
1253 2143 1373 2163 sacram
1396 2133 1534 2173 Scriptu—

475 2192 558 2218 ram,
583 2182 758 2212 ministrare
786 2186 995 2215 sacramenta,
1023 2178 1146 2209 visitar'e
1174 2177 1318 2208 ecclesias
1348 2184 1378 2208 et
1406 2177 1534 2208 clericos

476 2235 564 2256 more
581 2225 727 2265 religioso
749 2225 867 2264 absque
882 2223 1012 2263 strepitu
1029 2222 1177 2258 iudiciali,
1202 2228 1232 2251 et
1255 2221 1315 2251 alia
1338 2221 1534 2257 huiusmodi,

476 2279 557 2310 quae
580 2269 612 2299 in
636 2275 691 2299 art.
712 2270 727 2299 3
753 2267 945 2309 quaestionis
969 2267 1157 2298 centesimae
1181 2266 1325 2305 superius
1350 2266 1456 2302 habes,
1479 2265 1534 2295 ubi

477 2315 516 2344 de
539 2313 658 2343 actibus
681 2312 894 2352 spiritualibus
922 2311 1064 2352 quaestio
1088 2310 1226 2341 vertitur.
1244 2312 1342 2340 Actus
1369 2320 1443 2340 vero
1472 2309 1535 2349 spi-

477 2357 602 2387 rituales
625 2366 721 2396 penes
744 2357 890 2396 spiritum
914 2356 1027 2386 mentis
1056 2362 1180 2385 nostrae
1204 2353 1280 2384 liciti
1306 2354 1455 2394 quidem,
1480 2355 1534 2384 sed

477 2411 544 2431 non
567 2401 706 2430 mandati
729 2407 803 2430 sunt
825 2400 858 2430 in
881 2399 971 2430 festo.

528 2445 589 2475 Sed
605 2454 622 2474 a
637 2454 842 2485 quocumque
858 2443 968 2483 spiritu
984 2450 1070 2472 actus
1086 2442 1227 2472 dicantur
1242 2442 1427 2482 spirituales„
1441 2451 1535 2481 opor-

478 2495 523 2519 tet
545 2488 740 2518 considerare
763 2488 852 2527 quod
875 2487 906 2516 in
931 2486 1095 2526 proposito
1112 2486 1259 2516 dicuntur
1275 2486 1450 2526 spirituales
1470 2495 1535 2515 non

479 2533 585 2563 solum
608 2542 625 2562 a
648 2532 813 2572 principio,
838 2532 893 2561 sed
915 2530 1009 2561 etiam
1033 2540 1049 2559 a
1068 2530 1220 2560 termino:
1244 2529 1287 2559 ita
1310 2530 1397 2570 quod
1421 2529 1466 2559 illi
1490 2529 1535 2558 di-

473 2584 593 2607 cuntur
616 2576 791 2616 spirituales
815 2575 871 2615 qni
893 2584 949 2614 per
964 2584 996 2604 se
1019 2574 1227 2604 terminantur
1242 2574 1281 2602 ad
1296 2573 1465 2614 spirituale.
1491 2573 1536 2603 lta

479 2621 567 2660 quod
591 2619 615 2649 si
631 2620 712 2650 actio
736 2629 753 2649 a
769 2619 922 2659 spirituali
938 2618 1093 2658 principio
1116 2617 1280 2658 proveniat
1303 2627 1358 2657 per
1373 2617 1536 2657 corporale

479 2664 702 2699 ministerium,
728 2670 872 2702 oportet,
897 2663 936 2692 ad
962 2663 1023 2692 hoc
1051 2662 1140 2702 quod
1167 2661 1207 2691 sit
1234 2661 1422 2700 spiritualis,
1446 2661 1536 2701 quod

478 2718 534 2748 per
556 2718 588 2738 se
611 2708 772 2738 ordinetur
794 2708 833 2737 ad
856 2707 1050 2746 spiritualem
1069 2706 1250 2746 passionem
1268 2705 1477 2735 inferendam:
1502 2711 1538 2735 ut

479 2752 559 2782 actio
584 2752 742 2782 doctrinae
759 2751 920 2781 ordinatur
943 2751 982 2780 ad
1004 2749 1200 2780 inferendam
1224 2749 1432 2788 disciplinam,
1454 2759 1536 2789 quae

480 2803 526 2827 est
549 2795 708 2836 spirituale
724 2804 819 2835 opus;
845 2801 874 2825 et
893 2794 1034 2825 similiter
1056 2794 1124 2824 laus
1139 2794 1197 2824 Dei
1221 2793 1404 2824 terminatur
1428 2794 1467 2823 ad
1487 2803 1536 2823 ex-

480 2840 660 2871 citationem
688 2839 881 2879 spiritualem
905 2838 1018 2869 mentis
1042 2845 1072 2868 et
1101 2838 1159 2868 Dei
1188 2837 1336 2877 gloriam;
1369 2844 1400 2867 et
1426 2837 1470 2868 sic
1498 2837 1536 2867 de

479 2884 556 2915 aliis.
588 2884 737 2914 Actiones
759 2893 833 2914 vero
861 2893 941 2923 quae
965 2883 1003 2912 ad
1028 2882 1225 2922 corporalem
1248 2881 1443 2911 inferendam
1466 2892 1536 2921 pas-

479 2929 602 2958 sionem
625 2938 680 2968 per
702 2938 734 2958 se
757 2927 950 2962 ordinantur,
976 2937 1040 2956 non
1057 2933 1283 2966 computantur
1298 2926 1378 2956 inter
1393 2925 1537 2965 spiritua-

480 2973 534 3008 les,
550 2972 694 3012 quamvis
711 2982 728 3001 a
743 2971 895 3011 spirituali
918 2971 980 3001 sint
1002 2970 1173 3010 principio:
1198 2977 1234 3000 ut
1256 2976 1342 3010 patet
1364 2970 1402 3000 de
1418 2970 1536 3000 artibus

481 3026 562 3056 quae
585 3025 640 3055 per
663 3025 695 3045 se
719 3015 904 3045 ordinantur
927 3015 966 3045 ad
990 3014 1215 3055 perfectionem
1232 3014 1445 3054 corporalium
1461 3024 1536 3054 ope-

481 3070 569 3095 rum,
594 3066 628 3089 ut
658 3059 773 3089 fabrilis
801 3059 839 3088 ad
869 3059 1025 3098 gladium,
1049 3069 1138 3095 vasa,
1168 3059 1302 3095 domos,
1323 3066 1397 3095 etc.,
1422 3059 1535 3091 consti-

480 3104 646 3135 tuendum.

538 3147 628 3178 Unde
652 3153 736 3187 patet
760 3146 877 3177 solutio
901 3146 1019 3186 primae
1043 3146 1238 3176 obiectionis.

536 3191 587 3221 Ad
609 3191 780 3221 secundam
793 3197 902 3220 autem
926 3190 1038 3220 dicitur
1061 3190 1149 3230 quod
1173 3190 1252 3220 sicut
1274 3190 1396 3221 licitum
1412 3197 1458 3221 est
1481 3191 1536 3221 do-

483 3245 550 3266 cere
573 3234 809 3274 philosophiam
823 3241 854 3264 et
869 3241 984 3264 ceteras
1001 3234 1188 3274 disciplinas,
1212 3234 1254 3264 ita
1277 3234 1399 3264 licitum
1415 3242 1461 3265 est
1484 3235 1538 3264 ad-

482 3279 599 3309 vocatis
618 3286 772 3318 praestare
787 3278 1008 3318 patrocinium.
1032 3278 1204 3309 Ordinatur
1219 3278 1304 3308 enim
1327 3279 1539 3318 patrocinium

483 3322 625 3353 advocati
640 3323 677 3352 ad
698 3322 843 3353 notitiam
858 3329 889 3352 et
906 3322 1142 3362 persuasionem
1159 3322 1296 3353 veritatis
1313 3332 1438 3353 causae:
1464 3333 1538 3354 con-

483 3373 542 3397 stat
564 3373 671 3396 autem
693 3376 786 3397 nosse
808 3373 839 3397 et
861 3366 1040 3406 persuaderi
1063 3376 1130 3396 esse
1153 3366 1334 3406 spiritualia.

538 3410 579 3440 Et
601 3420 638 3440 ex
660 3410 707 3440 his
736 3417 821 3450 patet
848 3410 936 3450 quod
964 3410 996 3440 in
1019 3410 1099 3441 festo
1129 3411 1251 3441 licitum
1275 3417 1322 3442 est
1352 3411 1471 3441 civibus
1499 3411 1538 3440 ad

485 3453 612 3484 consilia
636 3454 811 3484 convenire.
840 3454 1002 3491 Quoniam
1025 3454 1182 3484 consiliari
1205 3454 1364 3494 spirituale
1388 3465 1470 3495 opus
1493 3462 1540 3485 est

485 3497 640 3538 undique:
672 3498 823 3538 quoniam
848 3507 884 3527 ex
907 3498 1073 3537 prudentia
1095 3498 1209 3534 oritur,
1234 3505 1264 3528 et
1289 3498 1441 3529 terminus
1465 3509 1539 3529 con-

486 3540 546 3570 silii
569 3540 679 3571 electio
703 3548 759 3579 est,
783 3551 864 3581 quae
878 3541 1045 3580 spiritualis
1061 3549 1107 3572 est
1130 3548 1160 3572 et
1183 3542 1271 3572 omni
1286 3549 1430 3583 tempore
1445 3543 1539 3574 licita.

1085 211 1352 256 QUAESTIO
1384 210 1542 256 CXXII,
1573 182 1871 245 ARTlCIlLUS
1902 208 1953 244 IV

1584 287 1649 316 Nec
1673 287 1777 317 obstat
1807 286 1895 326 quod
1923 285 1958 315 fit
1981 285 2092 315 electio
2117 285 2156 314 ad
2179 285 2367 326 temporalia
2391 285 2493 316 officia
2516 292 2570 315 aut
2594 294 2647 314 ne-

1583 330 1681 368 gotia:
1707 329 1861 370 quoniam
1878 330 1952 359 haec
1969 328 2170 359 materialiter
2191 338 2224 358 se
2247 328 2363 359 habent
2385 329 2426 358 ad
2449 329 2647 364 electionem,

1583 383 1664 413 quae
1689 372 1863 404 formaliter
1886 381 1916 403 et
1939 383 1994 412 per
2018 382 2050 402 se
2075 379 2121 402 est
2143 372 2296 402 terminus
2320 372 2453 403 consilii.

1638 417 1774 447 Adverte
1791 424 1896 447 tamen
1912 417 1945 446 in
1962 417 2019 447 hac
2032 416 2139 455 regula
2155 417 2243 456 quod
2260 416 2460 456 intelligenda
2477 423 2533 452 est,
2546 426 2647 456 quan-

1584 465 1650 490 tum
1675 466 1722 491 est
1745 470 1786 490 ex
1807 471 1927 501 genere
1950 461 2063 500 operis.
2089 461 2187 497 Quod
2210 467 2378 499 propterea
2401 460 2486 496 dico,
2512 460 2588 500 quia
2611 469 2647 490 ex

1583 504 1797 543 prohibitione
1821 505 1979 535 Ecclesiae
2003 504 2117 544 aliquis
2140 511 2228 534 actus
2252 504 2422 544 spiritualis
2452 511 2499 534 est
2521 503 2648 534 illicitus

1582 548 1614 577 in
1638 548 1729 584 festo,
1754 549 1871 578 scilicet
1893 558 1970 579 usus
1993 548 2161 588 spiritualis
2185 548 2348 588 potestatis
2371 548 2584 588 praelatorum
2609 548 2648 577 ad

1582 636 1631 666 tis.
1656 636 1696 666 Et
1720 643 1887 675 propterea
1903 636 2008 666 omnis
2025 644 2112 667 actus
2128 636 2297 676 spiritualis
2321 637 2375 677 qui
2393 646 2459 666 non
2474 635 2648 675 specialiter

1583 686 1628 710 est
1651 680 1831 719 prohibitus
1855 681 1893 710 ab
1917 680 2056 710 Ecclesia
2071 680 2103 710 in
2121 681 2211 716 festo,
2228 688 2274 711 est
2293 681 2405 721 procul
2421 679 2519 710 dubio
2543 679 2648 709 licitus

1583 724 1615 753 in
1638 723 1729 754 festo.
1761 724 1801 754 Et
1823 724 1897 753 hinc
1920 722 1955 754 fit
1985 724 2073 763 quod
2097 725 2226 764 praelati
2250 731 2386 764 possunt
2412 730 2567 763 potestate
2591 732 2648 753 sua

1582 768 1614 797 in
1639 767 1724 798 festis
1748 768 1810 803 uti,
1836 767 1895 797 nisi
1918 767 1951 796 in
1973 768 2142 806 prohibitis
2172 778 2254 808 quae
2280 769 2362 799 dicta
2385 775 2459 798 sunt
2482 775 2513 798 et
2534 767 2616 797 infra
2630 766 2648 786 '¹‘
2673 771 2684 783 ·

1584 811 1791 842 discutientur
1814 811 2006 850 singillatim.

1638 856 1705 886 XII.
1731 856 1781 886 Ad
1805 856 1982 885 secundum
2005 855 2140 885 dubium
2155 854 2172 873 *
2195 855 2309 885 dicitur
2336 856 2425 895 quod
2453 855 2586 885 scribere
2609 854 2648 884 de
2675 862 2685 871 ⁸

1582 910 1695 939 genere
1719 910 1778 930 suo
1803 909 1868 929 non
1892 906 1938 929 est
1961 905 2048 929 actus
2064 898 2192 934 servilis,
2213 899 2268 928 sed
2291 898 2472 929 communis
2494 898 2599 928 liberis
2618 904 2650 928 et

1583 944 1689 974 servis.
1715 944 1807 975 Unde
1823 951 1852 974 et
1872 953 1959 983 reges
1982 943 2203 983 praelatosque
2219 953 2330 973 omnes
2346 952 2412 972 non
2427 943 2557 973 dedecet
2575 941 2648 972 scri-

1584 989 1675 1019 bere:
1700 988 1778 1029 quin
1802 987 1909 1028 potius
1932 994 2057 1027 turpem
2083 987 2259 1026 principem
2282 993 2433 1027 putamus
2457 986 2649 1017 nescientem

1584 1033 1756 1072 exprimere
1786 1039 1977 1071 conceptum
2004 1038 2058 1062 aut
2082 1038 2237 1062 secretum
2261 1041 2355 1061 suum
2386 1030 2512 1071 propria
2539 1040 2648 1061 manu.

1585 1121 1695 1150 diebus
1719 1120 1821 1156 festis,-
1847 1120 1924 1150 ratio
1949 1126 1996 1150 est
2018 1119 2092 1160 quia
2116 1119 2248 1150 scribere
2272 1120 2468 1160 quandoque
2489 1126 2536 1148 est
2559 1118 2650 1159 quasi

1585 1164 1703 1203 species
1727 1165 1884 1204 quaedam
1907 1164 2093 1194 locutionis:
2119 1171 2150 1194 et
2171 1170 2247 1194 tunc
2263 1171 2310 1194 est
2333 1165 2415 1203 opiis
2434 1163 2570 1193 liberum
2592 1160 2649 1204 (ita

1585 1208 1674 1248 quod
1696 1207 1817 1238 locutio
1848 1208 1939 1248 quasi
1968 1207 2117 1238 dividitur
2143 1208 2176 1237 in
2203 1208 2400 1238 locutionem
2423 1207 2648 1243 successivam,

1585 1259 1615 1282 et
1633 1252 1831 1282 locutionem
1851 1257 2103 1291 permanentem:
2127 1251 2181 1281 illa
2199 1251 2234 1281 fit
2255 1251 2346 1282 labiis
2370 1258 2400 1282 et
2422 1251 2531 1291 lingua
2553 1257 2585 1281 et
2602 1250 2650 1281 in—

1586 1296 1769 1327 strumentis
1789 1295 1984 1326 naturalibus
2001 1302 2141 1330 tantum;
2166 1294 2224 1325 ista
2243 1294 2279 1325 fit
2293 1296 2472 1337 scriptura).
2496 1295 2651 1332 Quando-

1586 1351 1648 1381 que
1677 1348 1784 1371 autem
1815 1350 1881 1370 non
1911 1339 2069 1378 egreditur
2094 1338 2293 1369 latitudinem
2325 1339 2497 1379 corporalis
2528 1339 2648 1379 operis,

1586 1386 1666 1416 sicut
1690 1384 1910 1415 mechanicum
1933 1383 2096 1424 quoddam
2122 1393 2204 1422 opus
2229 1383 2378 1419 existens,
2403 1389 2440 1413 ut
2469 1383 2597 1423 pingere
2620 1389 2652 1414 et

1586 1437 1723 1460 statuam
1746 1428 1866 1459 facere:
1891 1434 1922 1458 et
1944 1435 2020 1458 tunc
2043 1434 2089 1458 est
2114 1436 2195 1466 opus
2219 1427 2339 1458 servile.

1642 1474 1774 1513 Propter
1796 1482 1893 1514 quae,
1919 1472 2051 1502 scribere
2074 1471 2206 1507 litteras,
2231 1471 2364 1501 scribere
2388 1480 2445 1510 per
2467 1481 2499 1501 se
2521 1470 2572 1502 vel
2595 1478 2652 1510 per

1586 1518 1684 1548 alium
1708 1518 1867 1553 docendo,
1892 1524 1923 1547 et
1946 1515 2147 1551 huiusmodi,
2173 1515 2295 1545 licitum
2320 1522 2367 1546 est
2389 1515 2422 1545 in
2445 1514 2541 1545 festo:
2569 1523 2652 1557 qno-

1587 1562 1672 1592 niam
1695 1562 1756 1592 hoc
1780 1571 1845 1591 non
1871 1568 1918 1591 est
1940 1560 2025 1590 aliud
2049 1569 2147 1600 quam
2178 1559 2268 1600 loqui
2292 1566 2523 1600 permanenter.
2547 1559 2651 1590 Tran-

1586 1606 1718 1637 scribere
1735 1613 1842 1636 autem
1867 1604 2013 1635 illicitum
2036 1611 2100 1635 est:
2125 1603 2280 1644 quoniam
2303 1603 2544 1640 mechanicum,
2568 1612 2650 1644 quo-

1586 1651 1672 1680 niam
1696 1649 1867 1689 corporalis
1891 1649 1995 1688 operis
2017 1648 2115 1678 limen
2139 1650 2208 1678 non‘
2228 1647 2300 1678 exit.

1641 1694 1722 1725 XIII.
1749 1694 1783 1723 In
1806 1693 1898 1724 tertio
1924 1702 2016 1728 casu,
2042 1699 2073 1723 et
2095 1692 2222 1722 duobus
2246 1691 2450 1732 sequentibus
2466 1691 2499 1727 *,
2524 1690 2652 1721 adverte

1586 1738 1750 1777 diligenter
1773 1744 1804 1767 et
1826 1737 2046 1777 perspicaciter
2069 1746 2182 1766 eorum
2205 1736 2371 1766 rationem.
2399 1736 2450 1766 Ad
2474 1735 2565 1766 cuius
2587 1734 2652 1765 evi-

1587 1782 1745 1818 dentiam,
1771 1781 1849 1812 scito
1877 1781 1965 1821 quod
1994 1790 2129 1820 operum
2158 1780 2373 1820 corporalium
2396 1780 2554 1820 quaedam
2577 1785 2653 1810 sunt

1587 1836 1624 1856 ex
1639 1835 1698 1856 suo
1714 1835 1827 1865 genere
1843 1825 1974 1860 servilia,
1992 1832 2022 1855 et
2036 1825 2112 1855 haec
2129 1831 2204 1854 sunt
2221 1824 2350 1864 propria
2367 1824 2480 1854 servis:
2503 1830 2539 1854 ut
2555 1831 2653 1863 open

1587 1870 1780 1901 mechanica.
1811 1870 1978 1906 Quaedam
2001 1879 2038 1899 ex
2061 1878 2121 1899 suo
2145 1878 2258 1908 genere
2281 1868 2394 1904 libera,
2423 1875 2455 1899 et
2476 1867 2554 1898 haec
2577 1865 2653 1898 aunt

1587 1914 1714 1954 propria
1729 1914 1850 1944 liberis:
1876 1920 1911 1944 ut
1934 1923 2031 1952 opera
2046 1912 2163 1943 artium
2178 1912 2367 1943 liberalium.
2392 1911 2559 1949 Quaedam
2573 1920 2653 1942 vero

1587 1969 1624 1989 ex
1648 1968 1708 1989 suo
1730 1967 1844 1998 genere
1871 1957 2056 1988 communia
2079 1956 2175 1987 servis
2199 1963 2230 1987 et
2251 1956 2375 1987 liberis:
2406 1962 2442 1986 ut
2465 1955 2598 1987 scribere
2620 1961 2654 1986 et

1587 2003 1741 2033 itinerare.
1766 2002 1853 2033 Cum
1876 2009 1982 2032 autem
2006 2002 2074 2032 sola
2098 2001 2220 2031 servilia
2243 2000 2401 2040 prohibita
2417 2000 2480 2031 sint
2501 2000 2535 2030 in
2557 1999 2650 2036 feam,

1586 2047 1683 2077 libera
1707 2053 1814 2077 autem
1837 2053 1868 2076 et
1890 2045 2075 2076 communia
2098 2044 2303 2076 remanserint
2324 2044 2410 2075 licita
2431 2044 2465 2074 in
2489 2043 2581 2080 festo,
2603 2043 2652 2075 in-

1586 2098 1711 2121 tantum
1733 2091 1833 2121 littera
1849 2090 1948 2121 utitur
1969 2089 2094 2120 licentia
2110 2089 2334 2120 communium
2357 2089 2447 2130 quod
2462 2097 2528 2119 non
2543 2087 2652 2119 sokun

1588 2135 1772 2166 communia
1795 2145 1832 2165 ex
1855 2144 1914 2164 suo
1937 2144 2060 2174 genere,
2085 2134 2140 2164 sed
2163 2133 2259 2165 etiam
2282 2142 2364 2174 quae
2380 2132 2503 2164 servilia
2517 2139 2593 2164 sunt
2614 2142 2652 2163 ex

1586 2190 1646 2210 suo
1670 2189 1792 2219 genere,
1818 2179 1843 2208 si
1866 2179 1898 2209 in
1923 2188 1996 2209 casu
2019 2178 2158 2208 induunt
2180 2177 2337 2208 rationem
2356 2177 2593 2213 communium
2613 2176 2662 2207 ti·-

1587 2224 1646 2254 cita
1670 2224 1746 2260 sint,
1772 2229 1883 2263 utpote
1914 2229 2007 2253 exuta
2034 2222 2174 2253 tunicam
2197 2221 2374 2252 servilitatis
2402 2228 2434 2252 et
2455 2221 2566 2252 vestim
2588 2220 2652 2252 for—

1586 2278 1673 2298 mam
1697 2267 1930 2298 communium.
1955 2267 2095 2298 Induunt
2118 2273 2225 2297 autem
2244 2266 2400 2296 rationem
2416 2265 2651 2301 communium,

1587 2319 1623 2343 ut
1646 2312 1679 2342 in
1701 2312 1802 2342 littera
1825 2311 1947 2347 dicitur,
1973 2321 2047 2341 cum
2070 2317 2145 2341 sunt
2167 2310 2340 2341 necessaria
2361 2310 2402 2340 ad
2425 2310 2560 2341 salutem
2583 2315 2652 2340 cor-

1587 2357 1729 2397 poralem
1746 2355 1907 2396 propriam
1926 2355 1975 2385 vel
1995 2355 2140 2395 proximi,
2157 2355 2207 2385 vel
2226 2355 2265 2384 ad
2280 2354 2464 2385 evitandum
2479 2353 2652 2385 imminens

1588 2402 1742 2431 damnum
1758 2399 1947 2430 exteriorum
1965 2409 2070 2429 rerum
2090 2406 2156 2429 tam
2175 2408 2304 2429 suarum
2324 2408 2422 2438 quam
2441 2398 2587 2438 proximi.
2610 2398 2654 2429 Et

1588 2452 1754 2485 propterea
1777 2444 1905 2479 tertius,
1929 2450 2061 2483 quartus
2085 2450 2116 2473 et
2145 2442 2276 2483 quintus
2304 2452 2394 2473 casus
2420 2442 2499 2473 liciti
2521 2449 2597 2473 sunt
2617 2442 2651 2472 in

1589 2489 1680 2519 festo.

1644 2533 1684 2562 Et
1707 2532 1780 2561 hinc
1803 2537 1888 2570 patet
1911 2530 2089 2560 multorum
2111 2529 2236 2560 licentia
2259 2539 2395 2570 operum
2417 2529 2450 2559 in
2473 2529 2568 2560 festo:
2593 2529 2652 2560 sei·

1588 2577 1660 2606 licet
1691 2576 1888 2606 medicorum
1917 2581 1983 2604 tam
2014 2573 2220 2614 physicorum
2251 2583 2349 2614 quam
2381 2573 2650 2614 chirurgicorum,

1588 2619 1910 2660 phlebotomantium,
1935 2618 2137 2648 tendentium
2160 2618 2272 2658 capita,
2297 2625 2328 2648 et
2351 2617 2566 2649 universaliter
2587 2628 2653 2649 ser-

1587 2664 1727 2695 vitorum
1760 2663 1907 2694 omnium
1941 2661 2190 2692 necessariorum
2224 2662 2263 2691 ad
2297 2662 2464 2693 sanitatem
2496 2662 2657 2703 corporis:

1589 2708 1673 2739 Hinc
1705 2708 1818 2747 longae
1851 2706 1943 2746 fugae
1971 2713 2002 2736 et
2029 2706 2110 2736 bella
2138 2706 2171 2736 in
2195 2704 2280 2736 festis
2309 2706 2413 2737 licent.
2445 2706 2530 2738 Hinc
2554 2707 2651 2738 etiam

1587 2753 1694 2793 ipsum
1723 2751 1867 2781 divinum
1889 2750 2012 2781 cultum
2043 2749 2212 2780 auditionis
2243 2749 2357 2780 missae
2389 2750 2471 2781 licite
2499 2751 2655 2783 omittunt

1589 2796 1736 2827 custodes
1759 2805 1794 2826 ac
1818 2795 1986 2825 servientes
2009 2793 2151 2830 infirmis,
2175 2794 2305 2834 quando
2321 2801 2493 2835 utrumque
2514 2794 2583 2826 fieri
2597 2803 2652 2826 ne·

1589 2841 1667 2881 quit.
1693 2840 1779 2870 Haec
1803 2839 1889 2869 enim
1912 2838 2031 2874 omnia,
2056 2845 2086 2868 et
2109 2837 2233 2874 similia,
2259 2847 2296 2868 ex
2314 2838 2376 2869 hoc
2391 2838 2463 2878 ipso
2485 2840 2575 2879 quod
2596 2843 2653 2870 ιη’·

1589 2884 1719 2915 cessaria
1738 2890 1812 2914 sunt
1831 2883 1870 2913 ad
1889 2882 2087 2922 corporalem
2103 2882 2247 2918 salutem,
2265 2882 2449 2913 communia
2464 2890 2539 2914 sunt
2556 2880 2652 2914 fervis

1589 2936 1619 2959 et
1642 2928 1798 2958 dominis:
1823 2937 1858 2958 ac
1881 2936 1937 2968 per
1960 2926 2031 2962 hoc,
2055 2926 2122 2957 sine
2145 2926 2206 2956 alia
2228 2926 2462 2967 dispensatione
2484 2927 2578 2964 licita,
2600 2933 2653 2958 ut-

1589 2980 1664 3013 pote
1688 2979 1772 3002 extra
1795 2981 1894 3011 genus
1917 2970 2152 3011 prohibitorum
2175 2970 2346 3001 existentia.

1644 3017 1728 3047 Hinc
1751 3025 1892 3056 quoque,
1908 3015 2094 3046 imminente
2109 3014 2204 3050 bello,
2219 3014 2303 3045 licite
2325 3015 2486 3046 laboratur
2508 3014 2652 3046 faciendo

1589 3061 1699 3096 fossas,
1723 3069 1863 3100 aggeres,
1887 3059 2128 3099 propugnacula
2151 3065 2181 3089 et
2203 3058 2407 3096 huiusmodi,
2430 3058 2464 3090 in
2487 3058 2585 3090 festo:
2617 3066 2654 3090 ut

1589 3105 1706 3135 scilicet
1729 3104 1861 3135 evitetur
1883 3103 2054 3133 imminens
2077 3103 2232 3133 damnum
2255 3102 2445 3133 exteriorum
2467 3112 2584 3135 rerum.
2611 3103 2654 3134 Et

1589 3149 1670 3179 sicut
1692 3148 1878 3178 imminente
1901 3147 2031 3187 publico
2055 3147 2139 3178 bello
2163 3157 2198 3178 ac
2222 3147 2340 3177 damno
2364 3146 2441 3178 haec
2463 3146 2575 3184 licent,
2596 3147 2651 3183 ita,

1589 3192 1775 3223 imminente
1804 3191 1877 3222 huic
1907 3191 2039 3231 pauperi
2069 3191 2191 3231 privato
2220 3191 2339 3221 damno
2362 3200 2399 3221 ex
2422 3190 2544 3231 privato
2566 3191 2652 3231 bello

1589 3237 1708 3267 iniusto
1731 3236 1819 3277 quod
1843 3235 1994 3266 dominus
2017 3245 2094 3266 suus
2118 3235 2211 3266 habet
2229 3235 2377 3266 adversus
2394 3244 2469 3266 eum
2492 3235 2570 3265 dum
2584 3235 2654 3266 vuIt

1590 3281 1698 3320 ipsum
1721 3278 1922 3310 damnificare
1945 3279 1978 3309 in
2001 3280 2094 3310 rebus
2117 3286 2172 3310 aut
2194 3289 2329 3319 persona
2352 3279 2412 3309 nisi
2430 3278 2531 3310 fodiat
2551 3278 2585 3310 in
2608 3278 2652 3310 fe-

1591 3333 1658 3361 sto,
1682 3324 1781 3361 licite,
1806 3324 1845 3354 ad
1868 3323 2034 3354 vitandum
2063 3323 2237 3354 imminens
2263 3324 2437 3360 damnum,
2466 3323 2589 3354 laborat
2617 3322 2651 3353 in

1592 3369 1682 3399 festo.
1711 3368 1808 3404 Hinc,
1831 3367 2017 3398 imminente
2041 3367 2162 3408 pluvia,
2186 3367 2301 3398 vitatur
2323 3367 2406 3398 licite
2429 3367 2583 3397 damnum
2605 3375 2652 3397 re·

2675 602 2685 613 ⁸
2699 601 2771 624 Num.
2785 607 2807 623 v.

2676 1693 2689 1705 ⁸
2700 1691 2772 1716 Num.
2788 1699 2819 1715 ιν.

1592 3422 1664 3443 rum
1687 3413 1746 3443 sub
1769 3412 1843 3442 divo
1867 3411 2171 3442 damnificandarum
2194 3411 2367 3442 auferendo
2381 3411 2456 3441 inde
2471 3419 2533 3446 eas,
2556 3411 2652 3451 Quae·
2687 3434 2692 3439 .

1593 3464 1731 3497 cumque
1747 3466 1795 3486 res
1819 3456 1890 3486 sint.
1916 3455 1966 3486 Sic
1988 3455 2071 3486 licite
2095 3456 2299 3486 sublevantur
2325 3454 2440 3486 bestiae
2463 3463 2482 3484 a
2505 3463 2597 3490 casu,
2622 3460 2653 3485 et

1592 3500 1788 3531 huiusmodi.
1813 3499 1896 3530 Hinc
1920 3505 2019 3530 mater
2033 3499 2259 3530 rationabiliter
2281 3499 2394 3530 timens
2413 3498 2568 3529 damnum
2586 3505 2652 3529 stu*

1594 3545 1641 3584 pri
1664 3544 1697 3574 in
1726 3544 1848 3584 puella,
1874 3553 1972 3583 quam
1996 3553 2061 3573 non
2085 3544 2173 3574 decet
2205 3552 2312 3574 secum
2341 3542 2456 3573 ducere
2486 3542 2526 3572 ad
2555 3542 2652 3573 eccle-
