2860 4244
30 215 47 239 ἓν.

29 296 114 326 ,ἲς-ι.
128 306 136 322 ι
153 314 160 321 .
218 325 223 330 1

36 329 66 347 -14
89 328 134 350 -.A
163 331 233 348 mam.

36 3907 51 3922 ζ·
39 3883 54 3899 ,ς’
33 3843 54 3877 μ”.ῑ
32 3787 53 3833 „reus
34 3720 53 3772 *stu-s
43 3705 44 3708 „

54 3903 66 3925 5⁴-
57 3876 73 3885 ἣ
58 3838 70 3858 *e
55 3786 71 3827 ff-a‘
55 3763 72 3774 ’ἶ
56 3708 72 3747 <⁴¹ss
67 3663 73 3671 ἦ
62 3640 70 3652 r*

212 1074 219 1080 ·
263 1057 348 1093 Deo
387 1055 549 1103 dubitat,
579 1057 675 1094 sicut
711 1058 854 1095 dictum
889 1067 944 1095 est
971 1057 1002 1095 ³¹⁶.
1042 1058 1119 1094 Sed
1153 1058 1353 1095 dubitare'

263 1316 611 1371 Qnempraepdrd
631 1322 801 1359 animam
830 1328 946 1369 tuam,
967 1328 1002 1359 et
1019 1323 1097 1359 noli
1123 1335 1201 1360 esse
1219 1324 1327 1372 quasi

255 1746 408 1782 ‘tentare
434 1746 558 1782 Deum
586 1751 641 1782 est
665 1746 791 1783 dolose
811 1746 1027 1795 postulare.-
1066 1752 1106 1783 ut
1132 1747 1169 1783 in
1206 1747 1330 1784 verbis

897 225 1163 271 QUAESTIO
1192 226 1347 274 XCVII,

1378 228 1673 265 ARTICULUS
1703 229 1764 275 111,
1787 229 1838 265 IV
2361 230 2435 278 339

260 301 352 333 Unde
368 301 469 332 Iudic.
485 312 515 332 vx
526 301 544 321 *
558 302 705 333 laudatur
722 313 739 332 a
751 303 864 334 Glossa
875 303 910 322 **
925 303 1056 333 Gedeon
1073 304 1201 343 quando
1218 305 1321 344 primo
1348 308 1350 324 ³
1374 306 1422 336 De
1446 313 1581 346 utroque
1607 307 1693 336 enim
1709 307 1826 337 horum
1842 307 1964 338 licitum
1979 314 2025 338 est
2041 308 2197 338 dubitare:
2223 315 2253 338 et
2275 308 2437 339 humiliter

261 345 421 385 explorare
444 346 546 377 voluit
569 357 609 376 an
633 354 714 378 esset
737 347 866 387 angelus
881 347 960 377 lucis
983 347 1038 387 qui
1056 348 1083 377 ei
1100 349 1255 388 apparuit.
1281 350 1322 380 Et
1348 346 1349 358 ¹
1374 357 1479 388 petere
1503 350 1631 390 signum
1661 361 1720 391 pro
1745 358 1927 392 opportuna
1950 352 2156 383 instructione
2180 352 2305 383 nullum
2329 363 2436 392 pecca-

260 389 401 419 similiter
420 390 446 419 si
470 390 591 421 dubitet
614 401 654 421 an
670 391 710 421 sit
733 391 902 430 promissio
917 392 1070 427 absolute,
1089 402 1128 422 an
1145 393 1318 423 secundum
1347 413 1348 437 l
1374 401 1443 424 tum
1468 401 1522 425 est.

260 433 370 463 merita
394 434 605 464 secundarum
629 444 812 466 causarum:
845 435 974 476 quando
998 435 1060 465 hoc
1085 437 1208 476 expedit
1232 437 1318 468 scire.
1346 455 1348 463 ι

1064 588 1379 631 ARTICULUS
1408 589 1635 632 TERTIUS

728 679 881 710 UTRUM
905 680 1130 711 TENTATIO
1154 681 1224 711 DEI
1249 681 1513 712 OPPONATUR
1536 682 1714 713 leTUTI
1740 684 1981 715 RELlGlONlS

1159 770 1203 794 Ad
1221 769 1296 798 Heb„
1316 777 1372 802 cap.
1390 777 1426 799 111,
1446 769 1504 794 lect.
1523 777 1551 794 11.

297 863 361 899 gagg(
378 863 450 906 μζ(
473 857 496 882 D
511 857 670 883 TERTmM
685 858 738 883 sm
753 857 982 884 moeson-ua
995 847 1025 884 ³¹³.
1042 847 1202 884 Videtur
1216 847 1321 896 quod
1350 890 1351 896 ¹

271 904 275 906 ’
296 886 628 957 ν’ἳᾼῐεῐιῒειῒίο
657 899 729 936 Dei
749 911 827 936 non
847 907 1065 949 opponatur
1084 906 1101 921 ‘²
1119 900 1246 936 virtuti
1266 912 1321 936 re·
1350 898 1351 919 ³

280 950 407 1030 '4523
418 954 443 993 ’ἦ
475 951 631 999 ligionis.
669 953 846 989 Tentatio
877 953 978 989 enim
1017 953 1089 989 Dei
1117 953 1232 990 habet
1267 964 1324 988 ra-

270 1012 279 1022 ¹
318 1021 330 1031 a
352 1024 358 1026 ν
372 1025 382 1028 ,
396 1013 415 1034 r)

431 994 617 1041 tionem
646 1005 791 1053 peccati
820 1017 865 1042 ex
892 1007 966 1042 hoc
996 1005 1101 1053 quod
1125 1006 1245 1042 homo
1275 1006 1323 1042 de
1351 1007 1352 1027 ³

264 1109 310 1146 de
339 1108 423 1146 Deo
453 1110 614 1158 pertinet
641 1112 688 1147 ad
717 1118 916 1159 peccatum
946 1111 1190 1158 infidelitatis,
1221 1111 1326 1160 quod
1352 1131 1354 1160 ς

264 1161 470 1211 opponitur
496 1162 599 1200 fidei.
629 1164 731 1211 Ergo
759 1162 916 1201 tentatio
946 1163 1019 1200 Dei
1047 1164 1168 1212 magis
1205 1177 1325 1213 oppo-
1352 1166 1353 1171 ’

264 1214 364 1252 nitur
390 1214 480 1251 fidei
509 1217 624 1263 quam
655 1216 836 1264 religioni.
1352 1252 1354 1272 s

318 1279 353 1305 2.
384 1269 624 1316 PRAETEREA‚
653 1269 768 1306 Ecclz'.
798 1281 882 1306 xvm
901 1269 921 1291 ’¹‘
945 1269 1093 1306 dicitur:
1121 1270 1220 1306 Ante
1238 1282 1324 1307 ora-

314 1374 377 1420 mo
405 1374 471 1422 qui
497 1379 613 1411 tentat
637 1376 784 1412 Deum.-
811 1375 877 1412 ubi
908 1375 996 1412 dicit
1024 1376 1273 1413 Interlinearis
1293 1374 1324 1413 βε

334 1427 352 1473 ’,
382 1426 522 1464 scilicet
549 1435 697 1465 tentans
717 1429 856 1476 Deum,
878 1434 965 1465 orat
981 1429 1083 1477 quod
1109 1430 1243 1475 docuit,
1263 1430 1328 1465 sed
1353 1426 1355 1452 ³

264 1490 343 1517 non
354 1479 461 1528 facit
486 1481 587 1532 quod
613 1481 726 1518 iussit.
757 1481 834 1518 Sed
862 1482 937 1518 hoc
964 1482 1125 1530 pertinet
1144 1483 1191 1518 ad
1218 1493 1327 1530 prae-

265 1586 370 1635 quod
397 1587 553 1623 tentatio
582 1587 654 1624 Dei
682 1587 729 1624 sit
754 1594 957 1636 peccatum
986 1588 1205 1636 oppositum
1234 1588 1326 1636 spei.
1355 1601 1356 1618 1

319 1639 354 1676 3.
375 1638 608 1687 Pmmnm,
639 1652 754 1689 super
781 1640 871 1677 illud
907 1641 1047 1676 Psalm.
1073 1639 1108 1686 ²⁸,
1135 1641 1188 1677 Et
1213 1646 1328 1678 tenta-

263 1697 401 1728 verunt
424 1692 549 1729 Deum
569 1693 606 1730 in
626 1693 800 1730 cordibus
817 1694 904 1739 suis,
926 1693 1015 1730 dicit
1033 1693 1171 1730 Glossa
1184 1693 1205 1715 '¹‘
1224 1694 1328 1743 quod

262 1795 313 1837 H:
334 1792 561 1846 simplicitas,
591 1811 676 1836 cum
704 1799 751 1836 sit
777 1799 813 1836 in
843 1800 956 1836 corde
974 1799 1129 1837 malitia.
1162 1800 1239 1836 Sed
1260 1800 1327 1837 do-
1356 1798 1357 1801 ’

263 1848 322 1889 lus
350 1851 558 1901 opponitur
583 1852 711 1889 virtuti
738 1853 918 1889 veritatis.
949 1853 1051 1901 Ergo
1072 1853 1227 1890 tentatio
1256 1853 1328 1890 Dei
1356 1854 1358 1902 ff

264 1904 343 1941 n'on
372 1905 581 1954 opponitur
608 1905 789 1953 religioni,
820 1906 887 1943 sed
915 1905 1074 1948 veritati.

265 2063 416 2100 stulare.
447 2064 525 2101 Sed
545 2064 674 2101 debito
703 2065 824 2102 modo
843 2066 1035 2113 postulare
1056 2073 1111 2102 est
1139 2073 1243 2102 actus
1272 2078 1330 2102 re-

319 2222 545 2260 RsssPoNDEo
582 2235 766 2261 melerinum
804 2224 929 2272 quod,
959 2224 1055 2261 sicut
1091 2236 1138 2261 ex
1171 2236 1285 2272 supra
1311 2223 1332 2246 '¹‘
1358 2253 1359 2260 ,

265 2273 373 2313 dictis
399 2283 515 2325 patet,
543 2276 631 2314 finis
659 2276 850 2324 religionis
879 2285 934 2314 est
961 2278 1048 2314 Deo
1077 2277 1330 2314 reverentiam

267 2328 456 2366 exhibere.
496 2329 608 2366 Unde
640 2330 772 2367 omnia
810 2330 871 2367 illa
909 2342 1008 2378 quae
1045 2330 1186 2367 directe
1220 2330 1332 2379 perti-

265 2389 358 2419 nent
380 2382 430 2419 ad
458 2382 742 2420 irreverentiam
762 2383 847 2430 Dei,
874 2383 1042 2431 religioni
1071 2390 1329 2432 opponuntur.

265 2434 512 2472 Manifestum
539 2443 594 2472 est
612 2444 740 2472 autem
759 2441 776 2464 Υ
795 2437 901 2484 quod
921 2443 1063 2473 tentare
1084 2437 1250 2485 aliquem
1281 2437 1329 2473 ad

265 2486 550 2527 irreverentiam
585 2489 665 2525 eius
702 2490 888 2538 pertinet:
917 2490 1042 2526 nullus
1080 2489 1183 2526 enim
1221 2502 1329 2538 prae·
1357 2501 1358 2504 ¹

319 2602 348 2635 α)
366 2606 527 2635 opponatur.
541 2616 560 2622 -
578 2602 721 2635 opponitur
739 2603 959 2635 ABEFGILpCK.

319 2636 346 2671 β)
365 2638 558 2664 Interlinearis.
570 2651 589 2658 -
610 2639 706 2663 Glossa
726 2638 908 2664 interlinearis
927 2639 975 2665 Pa.

1378 847 1493 883 sumit
1528 855 1671 884 tentare
1711 861 1798 885 eum
1837 851 1884 886 de
1925 852 2030 887 cuius
2069 853 2286 889 excellentia
2315 861 2438 890 certus

1379 907 1445 936 est.
1476 900 1587 937 Unde
1625 902 1867 939 manifestum
1897 911 1952 940 est
1989 904 2094 951 quod
2131 912 2273 942 tentare
2310 907 2438 943 Deum

1350 954 1352 998 ζ
1380 961 1435 989 est
1460 961 1659 1002 peccatum
1690 955 1859 1002 religioni
1889 957 2119 1005 oppositum.

1431 1007 1491 1042 AD
1520 1018 1657 1043 PRIMUM
1685 1018 1783 1044 ERGO
1812 1020 1995 1046 DICENDUM
2024 1010 2140 1058 quod,
2163 1010 2256 1047 sicut
2289 1023 2402 1060 supra
2420 1011 2440 1033 ’¹‘

1380 1059 1520 1095 dictum
1555 1067 1628 1106 est,
1659 1059 1707 1096 ad
1738 1060 1957 1108 religionem
1986 1062 2147 1110 pertinet
2173 1065 2369 1111 protestari
2396 1065 2440 1101 fi-

1381 1112 1469 1149 dem
1496 1124 1566 1160 per
1597 1112 1722 1161 aliqua
1750 1113 1855 1161 signa
1892 1115 1940 1151 ad
1979 1115 2148 1151 divinam
2187 1117 2438 1154 reverentiam

1380 1164 1614 1214 pertinentia.
1655 1167 1704 1202 Et
1731 1166 1818 1203 ideo
1848 1169 1895 1204 ad
1932 1167 2242 1215 irreligiositatem
2281 1170 2440 1218 pertinet

1352 1236 1354 1239 »
1381 1218 1486 1267 quod
1521 1229 1565 1254 ex
1592 1218 1852 1256 incertitudine
1890 1220 1979 1257 fidei
2016 1222 2135 1263 homo
2173 1222 2297 1270 aliqua
2333 1223 2441 1259 faciat

1381 1283 1479 1320 quae
1509 1271 1557 1308 ad
1587 1271 1756 1309 divinam
1786 1273 2068 1311 irreverentiam
2097 1274 2295 1322 pertinent,
2319 1276 2439 1312 cuius-

1353 1364 1354 1372 *
1381 1324 1488 1361 modi
1518 1332 1573 1360 est
1592 1332 1735 1362 tentare
1773 1327 1912 1363 Deum.
1948 1327 1996 1363 Et
2024 1327 2110 1364 ideo
2147 1335 2203 1364 est
2231 1328 2440 1376 irreligiosi-

1381 1377 1464 1414 tatis
1493 1377 1650 1425 species.

1440 1432 1498 1466 AD
1527 1441 1717 1467 SECUNDUM
1736 1443 1920 1468 DICENDUM
1949 1432 2053 1480 quod
2072 1432 2131 1469 ille
2152 1433 2216 1481 qui
2245 1442 2329 1470 ante
2359 1447 2440 1471 ora-

142 1511 143 1514 ,
1354 1512 1355 1528 ,
1383 1482 1527 1519 tionem
1557 1495 1664 1519 suam
1694 1484 1861 1520 animam
1890 1496 1968 1521 non
1995 1494 2206 1534 praeparat,
2227 1487 2440 1524 dimittendo

151 1556 153 1563 «
193 1544 208 1587 Ἰ)
263 1532 535 1582 sumptionem,
564 1536 664 1582 quae
693 1534 901 1583 opponitur
926 1534 1018 1583 spei.
1049 1535 1150 1582 Ergo
1178 1535 1328 1572 videtur
1354 1534 1356 1574 Ξ

1381 1538 1417 1572 si
1441 1535 1531 1584 quid
1561 1536 1761 1573 adversum
1790 1538 1952 1585 aliquem
1980 1539 2091 1575 habet
2114 1538 2149 1585 ²¹⁸,
2179 1540 2240 1575 vel
2277 1540 2366 1576 alias
2401 1553 2440 1576 se

1384 1588 1432 1625 ad
1462 1588 1709 1625 devotionem
1739 1602 1815 1626 non
1846 1590 2096 1638 disponendo,
2126 1603 2204 1629 non
2233 1592 2319 1628 facit
2337 1593 2442 1641 quod

1355 1656 1357 1688 ς
1384 1641 1422 1678 in
1451 1653 1490 1677 se
1521 1649 1576 1677 est
1612 1649 1654 1678 ut
1690 1642 1910 1679 exaudiatur
1943 1655 1964 1679 a
1992 1645 2089 1680 Deo.
2128 1645 2177 1680 Et
2212 1644 2298 1681 ideo
2335 1646 2443 1693 quasi

1356 1738 1357 1744 ἵ
1383 1694 1663 1742 interpretative
1701 1702 1819 1732 tentat
1846 1696 1986 1732 Deum.
2025 1697 2074 1733 Et
2110 1698 2285 1745 quamvis
2314 1698 2444 1735 huius-

1385 1747 1492 1784 modi
1511 1747 1793 1796 interpretativa
1811 1749 1966 1785 tentatio
1995 1749 2170 1786 videatur
2186 1762 2230 1786 ex
2248 1763 2442 1799 praesum-

1384 1800 1514 1849 ptione
1552 1813 1619 1838 seu
1652 1801 1917 1838 indiscretione
1953 1803 2175 1850 provenire,
2209 1810 2338 1841 tamen
2369 1804 2444 1841 hoc

1384 1853 1510 1902 ipsum
1539 1854 1588 1890 ad
1626 1854 1909 1892 irreverentiam
1947 1855 2019 1892 Dei
2056 1856 2217 1905 pertinet
2249 1863 2290 1893 ut
2323 1857 2443 1894 homo

321 1957 395 1994 SED
433 1969 480 1995 co
799 1959 823 1995 d
901 1958 907 1965 ·
963 1965 976 1995 t
1034 1971 1057 1995 X
1090 1957 1284 2007 praedicta
1310 1959 1330 1981 ,Β
1385 1914 1702 1956 praesumptuose
1740 1915 1776 1944 et
1804 1908 1882 1944 sine
1919 1908 2045 1945 debita
2080 1909 2269 1957 diligentia
2305 1922 2345 1946 se
2377 1911 2444 1946 ha-

483 1970 579 1995 NTRA
615 1970 682 1995 EST
719 1971 795 2007 quo
835 1988 844 2005 ,
881 1971 960 1995 sxcu
1013 1971 1032 1995 e
1357 1973 1359 1989 ᾳ

266 2009 403 2047 Glossa
430 2011 601 2058 habetur,
622 2018 765 2048 tentare
785 2012 913 2048 Deum
942 2019 998 2048 est
1025 2012 1235 2049 inordinate
1263 2025 1332 2061 po-

1385 1961 1473 1997 beat
1492 1959 1529 1996 in
1548 1960 1606 1996 his
1626 1972 1723 2008 quae
1744 1961 1792 1997 ad
1812 1962 1939 1997 Deum
1959 1961 2165 2010 pertinent:
2188 1962 2322 2000 dicitur
2340 1963 2443 2000 enim

1386 2014 1400 2049 Ι
1429 2014 1510 2050 Pet.
1539 2025 1563 2050 v
1581 2013 1621 2049 *z
1649 2014 1921 2050 Humiliamim·
1945 2016 2014 2051 sub
2035 2016 2181 2063 potenti
2210 2027 2326 2052 manu
2353 2017 2445 2061 Dei,-

1386 2119 1496 2155 bilem
1524 2120 1701 2156 exhibere
1727 2121 1821 2157 Deo.
1851 2121 1962 2157 Unde
1992 2120 2104 2158 etiam
2123 2121 2341 2158 huiusmodi
2365 2130 2443 2159 ten-

1358 2192 1359 2218 3
1385 2172 1475 2208 tatio
1506 2172 1786 2220 irreligiositatis
1815 2173 1960 2221 species
1989 2181 2055 2210 est.

1438 2227 1497 2261 AD
1526 2237 1685 2263 TERTIUM
1713 2238 1897 2263 DICENDUM
1939 2226 2044 2274 quod
2081 2227 2119 2263 in
2158 2227 2444 2276 comparatione

1386 2277 1434 2314 ad
1463 2279 1603 2325 Deum,
1632 2279 1698 2327 qui
1726 2279 1834 2316 novit
1862 2279 1987 2316 cordis
2015 2280 2254 2326 abscondita,
2284 2292 2363 2317 non
2393 2281 2444 2317 di-

1387 2330 1481 2367 citur
1500 2331 1633 2380 aliquis
1654 2332 1784 2369 dolose
1805 2333 2016 2381 postulare:
2047 2333 2114 2370 sed
2133 2345 2202 2381 per
2229 2341 2444 2382 respectum

1386 2384 1434 2421 ad
1462 2384 1650 2422 homines.
1681 2386 1792 2422 Unde
1822 2385 1932 2422 dolus
1961 2397 2028 2434 per
2056 2385 2232 2422 accidens
2261 2399 2301 2423 se
2329 2387 2444 2423 habet

1386 2437 1435 2474 ad
1463 2437 1710 2474 tentationem
1729 2438 1814 2475 Dei.
1844 2439 1893 2475 Et
1919 2446 2076 2487 propter
2095 2439 2170 2475 hoc
2189 2451 2267 2476 non
2296 2447 2445 2488 oportet

1386 2491 1490 2537 quod
1519 2491 1673 2527 tentatio
1702 2491 1774 2528 Dei
1803 2491 1940 2528 directe
1969 2500 2186 2540 opponatur
2212 2492 2372 2529 veritati.

1438 2605 1465 2638 γ)
1479 2607 1578 2630 autem.
1589 2618 1609 2623 -
1627 2605 1688 2629 Om.
1708 2604 1798 2636 ABEI;
1818 2605 1896 2630 Dei...
1915 2605 2117 2631 irreverentiam
2136 2614 2189 2632 om.
2207 2606 2260 2632 FL.

937 2716 1272 2750 Commenta-ia
1294 2718 1546 2750 Cardinalis
1568 2717 1770 2750 Caietam
1792 2760 1797 2765 ἱ

296 2806 317 2828 u
341 2796 473 2828 arficulo
496 2795 598 2832 tertio,
617 2795 651 2826 in
675 2795 882 2835 responsione
897 2796 937 2826 ad
953 2798 1139 2832 secundum,
1155 2796 1251 2836 legito
1276 2796 1325 2827 lit·
1349 2799 1351 2803 '

269 2809 397 2873 Iterum
412 2840 595 2881 prudenter:
617 2847 653 2871 ut
671 2839 745 2870 inde
761 2839 925 2870 sollicitior
936 2839 992 2870 fias
1011 2847 1047 2871 ut
1061 2850 1239 2880 praepares
1254 2842 1324 2871 ani-

1377 2796 1518 2827 incurras
1547 2795 1668 2837 peccati
1699 2798 1883 2828 tentationis
1906 2798 1965 2829 Dei
1989 2799 2015 2829 si
2039 2799 2200 2839 negligens
2224 2799 2336 2835 fueris,
2361 2809 2442 2839 quo-

1349 2851 1351 2870 ε
1378 2841 1465 2871 niam
1489 2851 1557 2871 non
1577 2839 1636 2871 nisi
1661 2848 1788 2872 extenso
1810 2843 1967 2873 vocabulo
1990 2843 2188 2873 irreverentia
2211 2844 2287 2874 haec
2311 2843 2441 2874 tentatio

266 2895 352 2916 mam
376 2890 463 2916 tuam
487 2889 562 2915 ante
584 2884 761 2914 orationem
775 2883 803 2920 *‚
818 2891 867 2920 ut,
885 2884 974 2924 quod
997 2883 1030 2914 in
1046 2890 1076 2914 te
1099 2891 1146 2914 est
1168 2883 1322 2921 faciendo,
1349 2917 1350 2920 ¹
1378 2885 1436 2915 Dei
1462 2892 1509 2916 est
1533 2883 1631 2926 (unde
1656 2892 1686 2916 et
1709 2885 1821 2916 dicitur
1843 2889 1936 2927 quasi
1957 2887 2088 2918 tentatio
2112 2885 2195 2929 Dei).

265 2929 300 2960 in
322 2928 555 2960 irreverentiam
579 2927 719 2958 divinam
742 2937 808 2958 non
833 2927 969 2964 incidas;
993 2935 1023 2958 et
1046 2928 1235 2968 scrupulum
1258 2938 1323 2958 non
1349 2944 1351 2967 ,

1048 3078 1365 3122 ARTICULUS
1396 3080 1667 3132 QUARTUS

599 3172 754 3203 UTRUM
777 3171 1002 3203 TENTATIO
1025 3172 1098 3202 DEI
1125 3172 1191 3203 siT
1215 3172 1401 3204 GRAvlus
1423 3173 1663 3205 PECCATUM
1687 3175 1812 3212 QUAM
1836 3175 2115 3207 SUPERSTITIO

306 3279 362 3319 '0⁴32
387 3292 451 3323 ἐς(

480 3271 503 3296 D
523 3270 696 3301 QUARTUM
715 3271 769 3296 sm
789 3271 1029 3298 pnocemrun.
1048 3259 1208 3298 Videtur
1221 3261 1327 3309 quod
1351 3260 1354 3291 l
1378 3261 1555 3310 punitum
1600 3261 1638 3298 in
1681 3262 1828 3299 Iudaeis
1873 3271 2072 3311 peccatum
2115 3263 2329 3300 tentationis
2371 3265 2442 3301 Dei

401 3324 449 3360 ’,ι’,η
480 3313 635 3349 tentatio
664 3312 737 3349 Dei
756 3312 802 3349 sit
819 3313 972 3361 gravius
990 3321 1190 3362 peccatum
1209 3325 1326 3362 quam
1352 3338 1354 3368 i
1380 3326 1497 3362 quarn
1512 3322 1716 3363 peccatum
1731 3315 1974 3363 idololatriae,
1991 3316 2094 3364 quod
2115 3323 2244 3353 tamen
2264 3325 2320 3353 est
2332 3329 2440 3365 prae-

417 3352 440 3374 'l
463 3365 467 3369 Α

427 3371 448 3408 '6
482 3364 707 3414 superstitio.
737 3365 862 3402 Maior
880 3365 982 3403 enim
1000 3378 1128 3415 poena
1146 3379 1217 3415 pro
1245 3379 1326 3404 ma·
1352 3370 1354 3422 ff
1381 3367 1536 3416 cipuum
1575 3367 1672 3405 inter
1709 3368 2009 3417 superstitiones:
2047 3369 2135 3417 quia
2171 3381 2242 3418 pro
2283 3378 2440 3418 peccato

306 3407 307 3412 =
437 3412 551 3456 iori
577 3425 735 3468 peccato
771 3418 937 3456 infertur.
976 3418 1052 3456 Sed
1085 3419 1235 3466 gravius
1272 3427 1328 3456 est
1351 3425 1354 3470 ξ
1379 3420 1617 3457 idololatriae
1646 3421 1826 3458 interfecti
1855 3428 1941 3458 sunt
1969 3433 2014 3458 ex
2035 3422 2087 3458 eis
2115 3421 2183 3459 tria
2203 3427 2220 3444 ²
2239 3422 2355 3462 millia
2374 3423 2442 3460 ho-

323 3533 351 3565 α)
371 3534 434 3558 tria.
447 3547 466 3552 -
484 3533 581 3566 viginti
600 3533 654 3558 tria
673 3533 701 3557 P.

2466 1016 2477 1027 ·
2490 1016 2559 1044 1bid.,
2573 1020 2614 1038 an.
2629 1022 2650 1043 7.

2470 1546 2480 1556 ⁸
2493 1546 2561 1568 Marc.
2578 1553 2627 1574 cap.
2646 1554 2679 1574 xi,

2469 1578 2530 1595 vers.
2543 1578 2577 1600 ²5-

2473 2023 2482 2034 ⁸
2496 2022 2562 2044 Ven-
2578 2024 2599 2045 6.

1358 2105 1359 2121 ,
1387 2073 1423 2102 et
1451 2067 1482 2102 ΙΙ
1511 2066 1562 2102 ad
1592 2067 1686 2103 Tim.
1709 2067 1791 2103 11*:
1821 2067 1982 2104 Sollicite
2009 2079 2102 2105 cura
2126 2069 2280 2116 teipsum
2304 2071 2444 2117 proha·
2473 2078 2482 2087 ·

233 2135 240 2142 ·
264 2116 431 2164 ligionis‚
461 2124 503 2154 ut
537 2130 653 2166 supra
680 2117 700 2138 *
732 2117 905 2154 habitum
941 2126 1007 2155 est.
1046 2119 1148 2166 Ergo
1186 2126 1330 2156 tentare
1357 2127 1359 2135 ⁴

211 2189 214 2191 ·
265 2170 392 2207 Deum
423 2177 478 2206 est
505 2178 706 2219 peccatum
735 2171 906 2219 religioni
934 2171 1166 2220 oppositum.

2496 2076 2563 2099 Vei-s.
2578 2083 2607 2105 15·
