2860 4238
1030 252 1295 298 QUAESTIO
1327 253 1410 299 CX,
1440 253 1735 290 ARTICULUS
1768 254 1778 289 l
2412 262 2485 296 421

782 469 1193 547 QUAESTIO
1238 470 2023 525 CENTESIMADECIMA

925 589 1008 628 DE
1040 588 1217 628 vlTns
1251 588 1560 629 OPPOSITIS
1595 589 1883 629 VERITATI

1092 704 1126 728 IN
1156 703 1329 734 QUATUOR
1356 703 1558 728 ARTICULOS
1587 704 1702 728 DIVISA

313 807 504 889 DEmDE
540 798 860 835 considerandum
900 806 954 834 est
988 799 1035 835 de
1060 798 1160 834 vitiis
1189 797 1373 846 oppositis
1480 797 1626 833 Primo:
1656 806 1784 834 utrum
1813 799 2056 836 mendacium
2088 812 2238 848 semper
2270 809 2488 849 opponatur

75 854 213 902 {gg-'qm'
250 854 272 876 ¹¹¹
395 852 541 888 veritati
559 851 590 888 *.
621 852 669 888 Et
692 851 834 899 primo,
863 851 910 888 de
940 851 1159 895 mendaci03
1190 850 1372 897 secundo,
1532 850 1690 896 veritati,
1721 851 1827 900 quasi
1857 852 2054 889 continens
2083 853 2294 890 falsitatem.

74 908 83 918 ”
99 907 146 934 Qu·
162 913 191 929 ‘²¹
313 903 360 940 de
380 904 618 942 simulatione
644 905 723 942 sive
751 904 943 953 hypocrisi
960 905 1000 949 *;
1025 904 1146 951 tertio,
1167 904 1214 940 de
1235 903 1373 940 iactan-
1482 903 1676 939 Secundo:
1707 905 1754 940 de
1783 905 1982 952 speciebus
2010 905 2210 942 mendacii.

73 955 284 982 ’Q”·⁰¹¹¹›‘³‘¹¹¹·
312 956 363 994 tia
391 965 427 994 et
456 958 634 1006 opposito
662 958 755 995 vitio
774 957 805 994 ³³⁸.

313 1010 423 1047 Circa
452 1011 696 1048 mendacium
726 1018 960 1060 quaeruntur
988 1017 1163 1057 quatuor.

1481 956 1627 992 Tertio:
1644 964 1772 993 utrum
1788 958 2032 994 mendacium
2049 971 2200 1007 semper
2215 959 2259 995 sit
2273 967 2484 1007 peccatum.

1482 1009 1651 1054 Quarto:
1681 1016 1808 1046 utrum
1838 1022 1988 1058 semper
2014 1011 2061 1047 sit
2088 1019 2286 1059 pecca-tum
2313 1013 2484 1049 mortale.

1116 1125 1435 1167 ARTICULUS
1475 1125 1678 1167 PRIMUS

828 1218 983 1249 UTRUM
1005 1216 1271 1248 MENDACIUM
1288 1217 1460 1247 saman
1484 1217 1759 1249 opportuna
1771 1218 1978 1250 VERITATI

1175 1296 1206 1320 111
1226 1296 1309 1325 Sent.‚
1329 1296 1388 1320 dist.
1406 1303 1508 1325 xxxvm,
1528 1300 1573 1321 art.
1597 1304 1619 1322 1.

0 1666 8 1684 i
69 1690 80 1701 ⁸
97 1690 134 1712 De
155 1690 280 1718 Mendac„

69 1722 120 1745 cap.
135 1723 169 1740 tu.

68 2060 83 2107 ἒ
87 2059 151 2090 ung.
163 2059 196 2080 111
204 2058 278 2086 sm„

69 2089 122 2134 ciit'
128 2091 278 2140 ΑᾜἝῃᾰηι.

67 2138 178 2188 acridae.
188 2154 198 2166 ,
227 2144 277 2166 cap.

0 2385 35 2423 ἦ)

344 1393 354 1418 ἶῑ
393 1403 399 1420 2
427 1418 430 1422 ,

340 1433 368 1487 t

413 1475 429 1483 ζ
440 1442 479 1491 κ),

326 1487 406 1536 (Ῠίῖἓ

309 1601 397 1626 cum
416 1590 594 1628 veritate:
624 1590 690 1639 qui
709 1589 812 1626 enim
831 1601 968 1626 verum
988 1588 1154 1637 loquitur
1181 1589 1285 1636 quod
1305 1587 1369 1624 fal-

309 1654 395 1680 sum
425 1655 507 1679 esse
537 1643 674 1690 credit,
704 1642 902 1688 mentitur,
931 1650 973 1678 ut
999 1641 1233 1689 Augustinus
1261 1641 1368 1688 dicit,

307 1695 346 1732 in
372 1695 470 1732 libro
505 1702 636 1733 contra
663 1696 910 1734 Mendacium
929 1694 959 1731 ³¹².
995 1695 1097 1743 Ergo
1126 1694 1370 1731 mendacium

307 1760 387 1786 non
415 1749 622 1798 opponitur
647 1749 807 1786 veritati.

363 1813 398 1838 2.
426 1803 660 1849 ΡΒΑΕΤΕΒΕΑ,
689 1802 809 1839 virtus
828 1801 994 1838 veritatis
1023 1813 1101 1838 non
1125 1801 1251 1837 solum
1281 1813 1370 1837 con-

307 1853 400 1892 sistit
427 1854 466 1892 in
492 1856 631 1902 verbis,
657 1856 725 1892 sed
755 1855 867 1892 etiam
897 1854 935 1891 in
963 1855 1089 1891 factis:
1119 1853 1208 1902 quia
1236 1866 1370 1890 secun-

67 1900 159 1975 239⁸&
169 1907 215 1950 ἦζῖ
225 1907 280 1951 100¹}ss
307 1907 401 1944 dum
422 1908 712 1958 Philosophum,
734 1908 772 1945 in
791 1908 842 1944 IV
855 1907 1018 1954 Ethic.*‚
1040 1907 1252 1944 secundum
1270 1907 1370 1944 hanc

305 1960 485 1998 virtutem
514 1962 646 2011 aliquis
674 1973 811 1999 verum
841 1961 929 1997 dicit
955 1966 993 1997 et
1017 1961 1054 1997 in
1082 1971 1256 1997 sermone
1279 1966 1315 1996 et
1330 1961 1368 1996 in

305 2014 393 2051 vita.
425 2014 502 2051 Sed
530 2015 775 2053 mendacium
805 2013 973 2051 consistit
1001 2014 1124 2050 solum
1153 2013 1192 2050 in
1218 2013 1369 2050 verbis:

307 2066 441 2104 dicitur
472 2068 574 2105 enim
594 2068 615 2090 ’¹‘
643 2067 748 2117 quod
776 2066 1021 2106 mendacium
1050 2075 1106 2103 est
1125 2067 1234 2116 falsa
1268 2067 1370 2103 uocis

304 2121 542 2170 significatio.
565 2122 668 2169 Ergo
685 2127 702 2143 α
720 2120 872 2158 videtur
891 2120 996 2168 qu'od
1017 2120 1262 2157 mendacium
1289 2132 1369 2157 non
1394 2139 1396 2144 2

307 2174 448 2211 directe
469 2182 686 2223 opponatur
712 2174 839 2211 virtuti
867 2173 1046 2210 veritatis.

362 2228 395 2264 3.
416 2228 650 2275 PRAETEREA,
671 2227 904 2275 Augustinus
934 2226 1033 2273 dicit,
1053 2226 1092 2262 in
1112 2226 1207 2262 libro
1237 2231 1368 2263 contra

67 2269 277 2324 seqffiff‘n‘affi
305 2280 552 2318 Mendacium
569 2281 602 2328 ³¹²,
631 2280 737 2330 quod
764 2280 874 2328 culpa
901 2279 1110 2316 mentientis
1137 2284 1191 2315 est
1203 2279 1372 2327 fallendi

251 2356 254 2358 v
306 2330 498 2382 cupiditas.
538 2333 615 2371 Sed
643 2334 718 2371 hoc
753 2346 834 2370 non
868 2332 1074 2382 opponitur
1105 2331 1270 2378 veritati,
1301 2332 1367 2370 sed

306 2387 427 2434 magis
460 2387 749 2424 benevolentiae
776 2387 839 2423 vel
866 2386 1037 2423 iustitiae.
1074 2386 1176 2433 Ergo
1211 2386 1368 2422 menda·

306 2440 407 2476 cium
438 2452 515 2477 non
540 2440 752 2489 opponitur
778 2439 939 2476 veritati.

360 2493 435 2530 SED
455 2505 601 2530 CONTRA
620 2503 686 2530 EST
703 2494 806 2542 quod
828 2492 1062 2540 Augustinus
1087 2491 1186 2537 dicit,
1212 2491 1249 2527 in
1270 2491 1365 2528 libro

67 2546 78 2558 ⁸
92 2547 165 2573 “fid-2
179 2552 231 2574 0⁸¹²·
246 2552 277 2568 ”-
304 2551 436 2583 contra
459 2547 706 2584 Mendacium
727 2547 768 2582 *z
797 2546 923 2583 Nemo
943 2545 1082 2582 dubitet
1104 2545 1256 2581 mentiri
1280 2557 1365 2582 eum

305 2599 371 2648 qui
385 2599 534 2647 falsum
571 2599 740 2639 enuntiat
774 2595 890 2636 causa
909 2598 1087 2646 fallendi.
1131 2599 1368 2646 Quapropter

305 2652 596 2690 enuntiationem
613 2653 712 2701 falsi
737 2664 823 2689 cum
858 2652 1048 2690 voluntate
1080 2652 1132 2688 ad
1146 2648 1148 2650 ’
1153 2651 1365 2698 fallendum
1392 2692 1394 2700 ξ

300 2706 493 2754 prolatam
508 2703 547 2752 θ,
577 2707 816 2754 manffestum
844 2711 899 2742 est
915 2717 993 2741 esse
1015 2705 1266 2741 mendacium.
1290 2705 1366 2741 Sed

305 2759 380 2795 hoc
406 2758 616 2808 opponitur
641 2758 800 2810 veritati.
830 2759 933 2806 Ergo
952 2757 1199 2794 mendacium
1218 2758 1367 2815 veritati
1393 2766 1394 2769 ’

306 2824 330 2848 o
387 2819 522 2848 onitur.

330 2823 585 2903 ppRi-:sponnsso
600 2875 784 2903 meramnum
799 2863 903 2910 quod
919 2870 1023 2900 actus
1039 2862 1193 2899 moralis
1209 2875 1254 2900 ex
1274 2863 1368 2900 duo-

307 2919 379 2955 bus
405 2917 575 2966 speciem
604 2917 772 2954 sortitur:
802 2916 942 2954 scilicet
979 2927 1023 2951 ex
1053 2915 1224 2962 obiecto,
1256 2923 1292 2952 et
1323 2929 1369 2952 ex

306 2971 396 3007 fine.
426 2971 528 3006 Nam
548 2969 636 3006 finis
657 2978 711 3006 est
737 2968 930 3005 obiectum
949 2968 1167 3014 voluntatis,
1196 2980 1294 3016 quae
1315 2977 1369 3006 est

306 3023 475 3075 primum
503 3032 668 3071 movens
697 3023 734 3059 in
763 3021 972 3058 moralibus
1001 3021 1158 3057 actibus.
1197 3022 1370 3065 Potentia

308 3084 437 3113 autem
466 3088 488 3112 a
515 3076 711 3113 voluntate
740 3083 845 3113 mota
872 3074 988 3111 habet
1016 3086 1128 3111 suum
1158 3073 1368 3122 obiectum,
1397 3101 1398 3105 ,

309 3129 413 3178 quod
429 3137 485 3166 est
497 3128 717 3177 proximum
730 3133 745 3156 Υ
765 3128 956 3166 obiectum
971 3126 1174 3165 voluntarii
1194 3135 1318 3164 actus:
1337 3135 1372 3165 et
1398 3150 1399 3175 ᾗ

309 3195 349 3220 se
363 3183 479 3219 habet
492 3182 532 3218 in
546 3189 631 3219 actu
643 3182 848 3220 voluntatis
862 3181 912 3218 ad
926 3181 1046 3218 finem
1066 3181 1161 3218 sic‘ut
1178 3181 1372 3218 materiale
1399 3201 1400 3221 ;

232 3241 246 3256 ”
274 3251 280 3262 ⁵
309 3237 358 3273 ad
378 3236 550 3280 formale,
566 3242 607 3271 ut
622 3246 666 3271 ex
686 3246 800 3283 supra
813 3234 834 3256 ²¹³
852 3233 960 3271 dictis
974 3241 1088 3282 patet.
1104 3253 1128 3261 -
1149 3233 1300 3270 Dictum
1314 3241 1373 3270 >est

118 3293 132 3307 ¹¹
151 3293 165 3308 ⁶
192 3303 198 3313 ‘
243 3303 250 3309 ·
274 3304 280 3314 ²
309 3297 437 3326 autem
466 3287 486 3309 ’¹‘
514 3288 617 3336 quod
635 3287 753 3324 virtus
771 3287 954 3341 veritatis,
985 3294 1021 3323 et
1047 3298 1116 3335 per
1135 3298 1373 3335 consequens

310 3341 485 3391 opposita
512 3340 623 3387 vitia,
652 3340 690 3378 in
719 3339 1020 3377 manifestatione
1050 3339 1240 3385 consistit,
1275 3352 1373 3388 quae

363 3454 392 3485 α)
410 3454 495 3487 ‹Eo-30.
511 3466 533 3472 -
552 3453 598 3479 Sic
612 3460 680 3486 ergo
700 3453 746 3477 Pa.

362 3488 389 3522 fi)
404 3489 647 3515 enuntiationem...
666 3489 815 3520 prolatam.
839 3501 858 3506 -
883 3487 1058 3513 enuntiatio...
1080 3488 1191 3520 prolata
1215 3487 1291 3516 Pem-
1316 3495 1371 3514 esse

310 3531 363 3548 om.
381 3522 598 3549 PBCDEFGIKa.

364 3559 390 3592 γ)
405 3559 573 3590 proximum.
591 3573 610 3579 -·
623 3559 765 3591 proprium
785 3557 887 3587 DEGK.
902 3558 1021 3589 primum
1042 3559 1059 3582 1.

423 1397 455 1418 ν,
520 1390 543 1415 ι)
570 1389 709 1414 ptumum
731 1389 785 1414 sic
813 1387 1053 1413 PROCEDITUR.
1081 1375 1241 1412 Videtur
1266 1377 1371 1423 quod
1394 1387 1397 1421 ξ

520 1430 765 1467 mendacium
792 1442 870 1466 non
899 1441 1050 1478 semper
1069 1436 1286 1478 opponatur
1303 1440 1370 1465 ve-
1394 1461 1395 1467 ,

410 1500 445 1526 ν,
466 1491 504 1536 ἧς
521 1483 628 1521 ritati.
659 1482 848 1532 Opposita
877 1482 978 1519 enim
999 1493 1076 1519 non
1104 1489 1266 1530 possunt
1286 1493 1368 1518 esse
1394 1505 1396 1520 l

328 1531 460 1572 A‘Vq')
479 1534 507 1572 kx
521 1537 644 1574 simul.
663 1538 739 1574 Sed
754 1535 1000 1573 mendacium
1015 1535 1127 1572 simul
1145 1542 1271 1583 potest
1287 1547 1371 1571 esse
1394 1547 1396 1591 !

1422 1375 1464 1411 fit
1478 1387 1546 1423 per
1561 1375 1686 1424 aliqua
1700 1376 1817 1424 signa.
1828 1377 1938 1424 Quae
1953 1378 2108 1425 quidem
2123 1380 2391 1427 manifestatio,
2404 1382 2487 1418 sive

1423 1428 1640 1475 enuntiatio,
1659 1437 1714 1466 est
1732 1430 1886 1467 rationis
1900 1438 2005 1467 actus
2021 1432 2248 1470 conferentis
2269 1433 2416 1481 signum
2438 1435 2486 1472 ad

1423 1480 1628 1528 signatum:
1658 1483 1783 1519 omnis
1805 1483 1906 1520 enirn
1927 1485 2220 1532 repraesentatio
2255 1487 2421 1524 consistit
2447 1488 2486 1525 in

1423 1534 1590 1581 quadam
1610 1535 1820 1582 collatione,
1843 1549 1940 1584 quae
1959 1538 2110 1586 proprie
2126 1539 2285 1587 pertinet
2308 1541 2357 1578 ad
2377 1541 2486 1578 ratio-

1423 1598 1534 1631 nem;
1570 1588 1673 1625 unde
1703 1589 1771 1625 etsi
1799 1588 1908 1626 bruta
1943 1590 2119 1629 animalia
2150 1591 2292 1641 aliquid
2328 1593 2486 1631 manife-

1423 1647 1532 1686 stent,
1554 1653 1632 1678 non
1659 1649 1789 1679 tamen
1819 1643 2163 1681 manifestationem
2183 1645 2396 1693 intendunt,
2418 1648 2485 1684 sed

1423 1693 1581 1730 naturali
1610 1693 1785 1732 instinctu
1815 1695 1956 1744 aliquid
1985 1705 2100 1744 agunt
2127 1698 2176 1735 ad
2204 1699 2310 1746 quod
2329 1700 2487 1736 manife-

1424 1746 1532 1782 statio
1554 1747 1734 1796 sequitur.
1766 1750 1997 1796 lnquantum
2017 1758 2146 1788 tamen
2165 1751 2385 1790 huiusmodi
2405 1765 2485 1790 ma—

1424 1799 1611 1837 nifestatio
1636 1798 1715 1838 sive
1743 1802 1949 1839 enuntiatio
1980 1811 2034 1840 est
2058 1811 2163 1841 actus
2187 1805 2353 1852 moralis,
2375 1819 2488 1855 opor-

1423 1860 1475 1888 tet
1489 1853 1594 1900 quod
1614 1853 1659 1890 sit
1677 1855 1912 1892 voluntarius
1931 1863 1968 1893 et
1987 1868 2032 1892 ex
2050 1856 2259 1895 intentione
2279 1859 2486 1896 voluntatis

1424 1905 1656 1953 dependens.
1695 1907 1900 1945 Obiectum
1934 1908 2065 1946 autem
2093 1911 2291 1959 proprium
2327 1912 2486 1949 manife-

1423 1959 1593 1996 stationis
1622 1960 1702 1997 sive
1733 1961 1997 1998 enuntiationis
2023 1970 2078 1999 est
2095 1975 2232 2001 verum
2251 1965 2314 2001 vel
2335 1965 2484 2002 falsum.

1424 2012 1583 2049 Intentio
1603 2025 1697 2050 vero
1716 2014 1922 2052 voluntatis
1941 2015 2176 2053 inordinatae
2194 2024 2320 2066 potest
2339 2019 2387 2055 ad
2409 2019 2484 2055 duo

1423 2065 1508 2101 ferri
1529 2063 1558 2102 8:
1589 2078 1754 2114 quorum
1783 2080 1904 2105 unum
1933 2075 1990 2105 est
2017 2077 2058 2106 ut
2085 2069 2220 2107 falsum
2250 2071 2484 2119 enuntietur;

1424 2118 1525 2155 aliud
1553 2119 1710 2167 quidem
1741 2128 1800 2157 est
1823 2121 1984 2159 effectus
2011 2122 2188 2171 proprius
2222 2123 2337 2160 falsae
2367 2137 2486 2162 enun-

1422 2173 1602 2220 nationis,
1631 2182 1672 2210 ut
1699 2174 1839 2211 scilicet
1864 2174 1998 2223 aliquis
2027 2175 2184 2212 fallatur.
2221 2177 2260 2213 Si
2290 2189 2379 2225 ergo
2415 2178 2485 2215 ista

1422 2226 1491 2263 tria
1518 2234 1754 2273 concurrant,
1785 2227 1924 2264 scilicet
1953 2228 2058 2276 quod
2085 2229 2221 2266 falsum
2242 2229 2288 2266 sit
2310 2230 2348 2267 id
2381 2231 2484 2280 quod

1424 2280 1647 2326 enuntiatur,
1679 2288 1715 2317 et
1742 2281 1846 2328 quod
1875 2281 1971 2318 adsit
1998 2282 2174 2318 voluntas
2202 2283 2338 2320 falsum
2368 2296 2487 2321 enun-

1422 2333 1550 2379 tiandi,
1572 2341 1607 2370 et
1627 2335 1763 2370 iterum
1793 2334 1948 2370 intentio
1973 2335 2136 2382 fallendi,
2156 2343 2246 2372 tunc
2266 2344 2321 2372 est
2345 2337 2485 2374 falsitas

1422 2386 1673 2432 materialiter,
1708 2386 1798 2434 quia
1830 2387 1966 2424 falsum
2003 2387 2156 2434 dicitur3
2194 2396 2230 2425 et
2260 2389 2485 2437 formaliter,

1420 2447 1576 2488 propter
1602 2440 1837 2476 voluntatem
1867 2440 2002 2476 falsum
2037 2440 2207 2487 dicendi;
2238 2449 2274 2477 et
2300 2442 2485 2491 effective,

1420 2500 1576 2541 propter
1615 2493 1852 2529 voluntatem
1880 2493 2084 2530 ‘falsitatem
2114 2493 2371 2542 imprimendi.
2409 2496 2484 2534 Sed

1420 2553 1548 2582 tamen
1568 2546 1662 2582 ratio
1682 2546 1871 2591 mendacii
1900 2546 2060 2583 sumitur
2084 2559 2105 2583 a
2133 2547 2280 2584 formali
2308 2549 2484 2586 falsitate:

1421 2611 1466 2636 ex
1493 2599 1569 2636 hoc
1597 2604 1608 2619 Ε
1637 2598 1781 2637 scilicet
1803 2599 1910 2647 quod
1937 2599 2070 2647 aliquis
2097 2600 2213 2637 habet
2247 2602 2485 2639 voluntatem

1420 2652 1556 2689 falsum
1579 2651 1811 2689 enuntiandi.
1841 2651 1952 2689 Unde
1982 2660 2017 2689 et
2039 2653 2286 2690 mendacium
2311 2656 2485 2692 nomina-

1421 2713 1481 2741 tur
1507 2717 1553 2741 ex
1583 2717 1630 2740 eo
1660 2705 1763 2753 quod
1792 2711 1923 2741 contra
1951 2711 2111 2742 mentem
2141 2706 2276 2742 dicitur
2303 2706 2333 2743 ²⁸.

1489 2759 1538 2794 Et
1564 2757 1652 2794 ideo
1681 2758 1711 2793 si
1741 2758 1823 2806 quis
1850 2758 1989 2794 falsum
2009 2758 2178 2794 enuntiet
2206 2759 2365 2796 credens
2393 2760 2485 2797 illud
2513 2787 2538 2802 σε

1421 2822 1558 2847 verum
1588 2822 1682 2858 esse,
1714 2820 1769 2846 est
1797 2810 1952 2858 quidem
1982 2810 2117 2847 falsum
2146 2811 2396 2859 materialiter,
2417 2813 2484 2850 sed

1423 2876 1500 2900 non
1529 2863 1751 2901 formaliter:
1779 2863 1871 2910 quia
1898 2863 2037 2900 falsitas
2067 2871 2123 2900 est
2139 2872 2289 2912 praeter
2310 2865 2484 2902 intentio-

1423 2929 1511 2954 nem
1541 2916 1709 2957 dicentis.
1746 2916 1858 2953 Unde
1887 2929 1965 2953 non
1990 2917 2108 2954 habet
2133 2918 2340 2965 perfectam
2372 2919 2484 2955 ratio-

1423 2981 1511 3005 nem
1547 2969 1761 3006 mendacii:
1785 2969 1824 3006 id
1848 2969 1954 3005 -enim
1989 2970 2094 3017 quod
2131 2978 2280 3018 praeter
2309 2971 2484 3008 intentio-

1424 3032 1513 3058 nem
1538 3021 1550 3046 ῑ
1578 3030 1654 3068 est,
1690 3033 1761 3070 per
1796 3022 1971 3058 accidens
2000 3029 2073 3068 est3
2109 3023 2212 3060 unde
2250 3035 2328 3060 non
2361 3031 2485 3073 potest

1425 3073 1724 3125 essespspecifica
1762 3073 1986 3111 differentia..
2020 3095 2045 3103 -
2081 3075 2120 3112 Si
2152 3087 2245 3113 vero
2279 3077 2486 3115 formaliter

1425 3127 1575 3178 aliquis,
1592 3127 1728 3177 falsum
1758 3127 1875 3174 dicat,
1904 3128 2050 3176 habens
2077 3129 2313 3166 voluntatem
2349 3130 2483 3167 falsum

1427 3179 1586 3225 dicendi,
1614 3180 1700 3216 licet
1726 3181 1771 3216 sit
1798 3193 1934 3218 verum
1962 3181 2000 3218 id
2029 3181 2133 3230 quod
2162 3182 2306 3229 dicitur,
2328 3182 2486 3230 inquan-

1425 3241 1507 3270 tum
1531 3241 1663 3269 tamen
1697 3233 1918 3271 huiusmodi
1951 3241 2055 3271 actus
2092 3243 2146 3271 est
2178 3235 2413 3272 voluntarius
2451 3244 2486 3272 et

1427 3286 1593 3333 moralis,
1624 3286 1739 3323 ha'bet
1757 3298 1825 3335 per
1853 3299 1892 3323 se
1921 3287 2132 3333 falsitatem,
2155 3295 2191 3323 et
2218 3300 2286 3336 per
2310 3288 2485 3326 accidens

1401 3371 1402 3384 ἶ
1428 3338 1638 3376 veritatem.
1654 3339 1766 3376 Unde
1782 3341 1830 3377 ad
1846 3340 2011 3388 speciem
2028 3340 2215 3377 mendacii
2228 3340 2404 3389 pertingit
2417 3341 2448 3379 *.
2461 3363 2484 3370 -

1462 3452 1504 3485 ss)
1517 3453 1599 3487 ferri.
1615 3465 1635 3472 —
1653 3453 1750 3487 referri
1767 3454 1797 3483 B,
1812 3453 1874 3485 fieri
1890 3454 1924 3478 D.

1479 3489 1500 3520 ε)
1521 3495 1557 3514 ex
1576 3488 1632 3514 hoc.
1651 3503 1668 3507 —
1686 3489 1829 3514 secundum
1849 3488 1897 3514 hoc
1916 3489 1972 3518 Pla,
1993 3488 2065 3520 quod
2083 3489 2114 3514 D.

1478 3522 1504 3556 ζ)
1524 3523 1705 3549 intentionem.
1722 3537 1741 3543 —
1758 3523 1869 3549 dicentis
1888 3524 1957 3549 addit
1976 3523 2004 3548 P.

2513 2701 2564 2723 Ὀἱ
2571 2701 2723 2723 Gulie1m.A1-

2524 2728 2580 2749 'ssio
2598 2743 2613 2753 .,
2637 2728 2722 2749 Summ.

2512 2755 2574 2776 Part.
2580 2754 2620 2780 111,
2627 2759 2722 2779 mxxxii,

2513 3341 2523 3351 ⁸
2537 3340 2564 3362 D.
2581 3340 2631 3367 867,
2646 3340 2696 3366 874.
