2860 4244
186 1991 255 2020 ''ArL
265 2004 344 2026 praece
363 2013 369 2019 .

443 249 489 284 58
919 254 924 259 ·
1110 245 1375 291 QUAESTIO
1406 245 1526 292 LXII,
1556 246 1852 283 ARTICULUS
1880 246 1947 282 VII

1220 365 1536 407 ARTICULUS
1568 366 1834 409 SEPTIMUS

838 460 991 491 UTRUM
1017 459 1098 489 1LL1
1124 459 1198 496 QUI
1222 458 1314 490 NON
1338 458 1629 490 ACCEPERUNT
1653 460 1922 492 TENEANTUR
1945 462 2218 492 RESTITUERE

1223 535 1255 560 1V
1276 535 1357 565 Sent„
1378 536 1436 561 dist.
1454 544 1495 567 xv,
1515 544 1560 568 qu.
1579 543 1597 566 1,
1617 541 1664 562 art.
1685 535 1708 568 5,
1729 537 1778 570 qu*
1798 537 1822 563 3.

459 632 622 728 4⁸2⁴<

472 702 505 728 μμ
569 698 604 736 xl,
611 696 618 717 l
626 719 633 726 ,

534 738 559 756 V

431 879 501 916 nisi
531 879 594 928 qui
624 880 779 928 accepit.

485 943 519 969 2.
541 933 774 980 PRAETEREA,
800 932 936 969 iustitia
970 944 1046 969 non
1082 932 1222 980 obligat
1249 932 1415 980 aliquem
1445 933 1493 970 ad
1519 960 1520 970 ἶ

429 986 504 1021 hoc
524 986 626 1033 quod
648 998 728 1023 rem
759 986 912 1023 alterius
941 993 1087 1033 augeat.
1118 986 1194 1023 Sed
1215 986 1246 1022 si
1275 987 1320 1022 ad
1350 985 1494 1022 restitu·
1518 1001 1520 1027 l

429 1038 573 1074 tionem
594 1047 783 1076 teneretur
799 1045 816 1060 ‘²
836 1051 914 1075 non
935 1039 1060 1075 solum
1081 1038 1141 1075 ille
1162 1039 1226 1087 qui
1249 1039 1403 1088 accepit,
1425 1039 1493 1076 sed
1518 1042 1520 1072 ξ

430 1091 542 1127 etiam
573 1090 623 1128 illi
642 1092 707 1140 qui
737 1092 1065 1140 qualitercumque
1094 1099 1359 1140 cooperantur,
1380 1103 1493 1139 auge-

429 1151 531 1181 retur
551 1157 594 1181 ex
614 1146 688 1182 hoc
714 1158 773 1182 res
796 1145 893 1181 illius
919 1145 978 1182 cui
999 1153 1054 1181 est
1073 1145 1214 1194 aliquid
1239 1142 1491 1182 subtractum:

428 1204 509 1234 tum
525 1198 613 1246 quia
633 1198 702 1236 sibi
721 1198 911 1235 multoties
932 1197 1111 1234 restitutio
1132 1198 1255 1244 fieret;
1277 1206 1359 1234 tum
1381 1198 1492 1234 etiam

428 1250 518 1298 quia
538 1252 771 1300 quandoque
791 1251 905 1299 aliqui
925 1263 1084 1299 operam
1107 1251 1197 1287 dant
1225 1252 1272 1287 ad
1294 1252 1368 1287 hoc
1387 1252 1492 1299 quod

428 1303 554 1352 aliqua
593 1317 652 1341 res
681 1304 791 1340 alicui
820 1305 1030 1350 auferatur,
1062 1315 1159 1351 quae
1188 1310 1317 1340 tamen
1352 1303 1384 1339 ei
1414 1315 1492 1339 non

428 1356 605 1393 aufertur.
650 1358 752 1404 Ergo
795 1369 873 1392 non
915 1363 1091 1393 tenentur
1132 1356 1192 1392 alii
1222 1354 1236 1385 β
1267 1356 1317 1392 ad
1346 1356 1491 1392 restitu-

427 1410 583 1446 tionem.

482 1463 516 1498 3.
538 1462 771 1508 PRAETEREA,
802 1463 927 1499 nullus
955 1469 1104 1498 tenetur
1123 1474 1163 1498 se
1188 1461 1356 1510 periculo
1378 1474 1492 1510 expo-

427 1527 518 1551 nere
547 1515 596 1552 ad
624 1516 699 1551 hoc
727 1516 833 1564 quod
862 1528 943 1552 rem
973 1515 1125 1552 alterius
1154 1516 1284 1552 salvet.
1323 1515 1399 1552 Sed
1429 1515 1493 1551 ali—

645 629 665 654 ι)
686 627 865 653 SEPTIMUM
885 626 938 651 sm
953 626 1194 651 PROCEDthJR.
1215 614 1376 651 Videtur
1390 615 1496 663 quod
1521 614 1523 634 ³

643 669 693 706 illi
708 669 771 716 qui
788 680 866 704 non
881 675 1111 716 acceperunt
1126 679 1205 704 non
1225 675 1425 704 teneantur
1439 681 1496 704 re·
1521 705 1522 708 ,

449 724 558 785 sp:
590 726 612 770 (ξ
643 722 807 758 stituere.
825 720 1025 757 Restitutio
1043 720 1144 757 enim
1161 721 1353 768 quaedam
1369 733 1495 781 poena
1521 739 1522 755 ι

487 746 585 809 ἰᾷ)
599 766 698 810 est
726 773 954 822 accipientis.
986 774 1062 811 Sed
1084 774 1209 810 nullus
1229 774 1343 810 debet
1370 774 1494 833 puniri
1520 795 1521 823 ;

432 826 500 863 nisi
530 827 593 875 qui
626 826 808 875 peccavit.
857 827 958 878 Ergo
997 827 1120 863 nullus
1150 827 1263 863 debet
1300 827 1493 864 restituere

1519 887 1521 917 ἲ
1546 892 1661 926 vens;
1690 880 1792 916 unde
1824 879 1904 928 ipse
1931 880 2186 929 principaliter
2213 889 2361 919 tenetur
2388 883 2437 920 ad
2466 884 2612 921 restitu-

1549 615 1693 661 silium,
1723 627 1934 663 consensus,
1961 617 2092 668 palpo,
2128 629 2324 654 recursus.-
2365 619 2614 668 Participans,

1549 673 1684 713 mutus,
1715 680 1790 705 non
1820 670 1981 715 obstans,
2012 682 2086 707 non
2115 671 2372 719 manifestans.

1603 720 1812 757 Sciendum
1832 729 1961 759 tamen
1981 723 2086 771 quod
2115 723 2283 772 quinque
2310 724 2611 772 praemissorum

1547 785 1700 822 semper
1718 773 1884 821 obligant
1912 775 1960 811 ad
1985 775 2271 813 restitutionem.
2303 777 2446 825 Primo,
2474 778 2611 815 iussio:

1548 827 1637 876 quia
1666 825 1836 863 scilicett
1864 826 1923 863 ille
1944 827 2008 875 qui
2036 828 2142 864 iubet
2170 836 2226 866 est
2251 829 2506 879 principaliter
2530 843 2612 868 mo-

1547 933 1701 970 endum.
1733 933 1923 979 Secundo,
1945 946 2174 970 consensus:
2203 934 2242 971 in
2262 946 2308 971 eo
2328 935 2466 972 scilicet
2485 941 2504 964 η
2532 937 2612 974 sine

1547 998 1624 1034 quo
1658 986 1790 1035 rapina
1826 986 1909 1023 fieri
1936 998 2015 1023 non
2046 994 2182 1035 potest.
2230 987 2379 1034 Tertio,
2416 1000 2611 1026 recursus:

1547 1039 1701 1087 quando
1722 1036 1739 1060 θ
1764 1039 1904 1076 scilicet
1932 1039 2066 1087 aliquis
2097 1047 2152 1076 est
2180 1047 2392 1088 receptator
2419 1042 2611 1079 latronum

1518 1118 1519 1140 3
1548 1099 1584 1128 et
1602 1092 1656 1128 eis
1678 1092 1931 1140 patrocinium
1960 1099 2137 1141 praestat.
2169 1093 2328 1139 Quarto,
2354 1093 2612 1144 participatio:

1546 1144 1701 1192 quando
1718 1145 1857 1182 scilicet
1871 1145 2005 1193 aliquis
2020 1146 2217 1194 participat
2234 1145 2271 1182 in
2288 1145 2444 1183 crimine
2464 1147 2613 1185 latroci-

1546 1197 1597 1234 nii
1614 1205 1649 1234 et
1664 1197 1703 1234 in
1717 1198 1870 1246 praeda.
1893 1198 2050 1245 Quinto,
2061 1206 2210 1236 tenetur
2224 1198 2284 1235 ille
2300 1199 2460 1247 quinon
2475 1201 2611 1248 obstat,

1547 1262 1635 1286 cum
1651 1251 1803 1287 obstare
1822 1258 2009 1288 teneatur:
2031 1251 2126 1288 sicut
2139 1251 2341 1300 principes,
2357 1252 2423 1301 qui
2437 1259 2614 1291 tenentur

1547 1303 1735 1339 custodire
1751 1303 1930 1340 iustitiam
1947 1303 1984 1340 in
1998 1311 2108 1350 terra,
2122 1305 2152 1340 si
2162 1311 2171 1325 ⁸
2185 1315 2254 1354 per
2270 1317 2404 1342 eorum
2421 1305 2612 1345 defectum

1518 1384 1520 1396 ς
1545 1356 1709 1392 latrones
1724 1355 1946 1403 increscant,
1959 1356 2008 1393 ad
2023 1357 2298 1394 restitutionem
2312 1365 2503 1405 tenentur;
2523 1359 2614 1408 quia

1518 1429 1520 1460 3
1546 1408 1715 1446 redditus
1734 1421 1831 1456 quos
1850 1410 1993 1446 habent
2011 1417 2098 1446 sunt
2120 1409 2226 1457 quasi
2253 1410 2439 1460 stipendia
2465 1412 2513 1451 ad
2537 1412 2613 1450 hoc

1546 1461 1713 1498 instituta
1736 1470 1777 1498 ut
1795 1461 1974 1499 iustitiam
1999 1470 2227 1500 conservent
2245 1462 2285 1500 in
2313 1471 2423 1501 terra.

426 1568 595 1615 quando,
625 1568 904 1605 manifestando
925 1569 1111 1605 latronem
1131 1569 1193 1604 vel
1215 1568 1247 1604 ei
1268 1568 1520 1615 resistendos

1518 1630 1520 1634 ’
1545 1633 1698 1670 semper
1717 1620 1917 1658 consilium
1937 1622 1999 1658 vel
2026 1621 2204 1668 adulatio,
2230 1623 2291 1658 vel
2316 1622 2460 1670 aliquid
2483 1622 2613 1665 huius-

426 1621 558 1669 aliquis
587 1621 754 1670 periculo
784 1621 916 1658 mortis
945 1634 984 1658 se
1014 1629 1231 1670 exponeret.
1281 1622 1371 1658 Non
1401 1633 1491 1669 ergo

426 1682 574 1711 tenetur
588 1674 725 1723 aliquis
746 1675 793 1712 ad
824 1675 1098 1711 restitutionem
1118 1682 1273 1724 propter
1291 1675 1366 1711 hoc
1386 1674 1492 1722 quod
1518 1723 1519 1726 Ἰ

426 1740 504 1764 non
533 1727 748 1765 manifestat
775 1729 975 1774 latronem,
1004 1728 1066 1765 vel
1095 1740 1173 1764 non
1202 1727 1236 1764 ei
1265 1727 1410 1764 resistit.

481 1781 555 1817 SED
585 1792 730 1817 CONTRA
758 1793 824 1818 EST
843 1781 948 1828 quod
978 1781 1112 1818 dicitur
1138 1782 1249 1817 Rom.
1272 1780 1341 1816 1³¹²:
1371 1781 1492 1830 Digni
1518 1787 1519 1798 ²

1518 1847 1519 1850 ¹
1545 1834 1650 1882 quod
1681 1845 1725 1869 ex
1753 1832 1990 1870 huiusmodi
2002 1833 2124 1870 causis
2145 1833 2255 1871 fuerit
2283 1834 2418 1886 iniusta
2439 1835 2611 1885 acceptio

424 1839 511 1870 sunt
537 1839 657 1871 morte
685 1846 759 1871 non
787 1834 908 1871 solum
929 1834 994 1882 qui
1009 1834 1175 1882 faciunt,
1204 1834 1270 1870 sed
1296 1833 1408 1870 etiam
1428 1845 1491 1882 qut

426 1888 659 1924 consentiunt
667 1887 911 1935 facientibus.
943 1887 1057 1934 Ergo,
1087 1886 1169 1935 pari
1197 1887 1356 1933 ratione,
1379 1886 1491 1923 etiam

426 1940 703 1978 consentientes
733 1940 873 1977 debent
901 1939 1108 1976 restituere.

479 1995 704 2030 RespoNoEo
732 2005 916 2031 DlCENDUM
945 1993 1063 2041 quod,
1091 1992 1186 2030 sicut
1210 1991 1353 2029 dictum
1382 1999 1437 2029 est
1458 1993 1478 2014 '¹‘

425 2046 472 2083 ad
502 2047 775 2083 restitutionem
811 2055 958 2083 tenetur
987 2046 1119 2094 aliquis
1155 2058 1233 2082 non
1270 2046 1395 2082 solum
1433 2058 1490 2082 ra-

424 2100 527 2136 tione
547 2099 599 2136 rei
619 2099 764 2136 alienae
780 2112 896 2148 quam
917 2099 1064 2147 accepit
1078 2103 1105 2144 Υ,
1127 2099 1194 2135 sed
1214 2098 1326 2134 etiam
1345 2098 1490 2135 ratione

424 2152 626 2189 iniuriosae
643 2153 882 2202 acceptionis.
913 2153 961 2189 Et
980 2152 1066 2189 ideo
1083 2152 1316 2200 quicumque
1333 2159 1388 2188 est
1404 2164 1490 2188 cau·
1516 2161 1534 2195 ,·

425 2218 466 2242 sa
494 2205 653 2242 iniustae
682 2205 914 2255 acceptionis
942 2213 1092 2242 tenetur
1122 2204 1169 2242 ad
1200 2204 1488 2242 restitutionem.

425 2259 543 2306 Quod
563 2259 716 2307 quidem
741 2258 920 2307 contingit
941 2258 1155 2307 dupliciter:
1183 2258 1322 2295 directe
1338 2258 1489 2305 scilicet,

426 2320 461 2349 et
489 2312 681 2349 indirecte.
711 2312 862 2349 Directe
883 2312 1050 2360 quidem,
1079 2311 1235 2359 quando
1265 2311 1407 2348 inducit
1428 2311 1492 2348 ali-

426 2365 510 2414 quis
530 2365 645 2402 alium
668 2365 715 2402 ad
736 2365 1013 2414 accipiendum.
1037 2365 1085 2401 Et
1104 2365 1179 2401 hoc
1198 2364 1354 2424 quidem
1374 2364 1490 2413 tripli-

426 2419 526 2455 citer.
552 2418 690 2455 Primo
712 2416 912 2467 quidem&
934 2417 1131 2454 movendo
1156 2418 1205 2454 ad
1230 2417 1353 2465 ipsam
1383 2429 1489 2454 acce-

425 2471 617 2520 ptionem:
649 2471 754 2520 quod
783 2471 940 2520 quidem
969 2471 1011 2508 fit
1039 2470 1324 2519 praecipiendo,
1354 2482 1489 2507 consu-

426 2524 554 2571 lendo,
570 2525 844 2562 consentiendo
862 2536 1051 2572 expresse,
1064 2531 1100 2560 et
1113 2523 1306 2561 laudando
1323 2523 1488 2572 aliquem

1601 1515 1642 1551 In
1672 1514 1754 1552 aliis
1790 1522 1918 1551 autem
1955 1515 2104 1558 casibus
2142 1515 2371 1552 enumeratis
2399 1528 2479 1553 non
2513 1520 2614 1554 sem'-

1545 1580 1614 1616 per
1633 1568 1820 1616 obligatur
1839 1568 1973 1616 aliquis
1999 1569 2049 1605 ad
2069 1568 2358 1606 restituendum.
2388 1569 2480 1606 Non
2509 1569 2612 1607 enim

1546 1674 1665 1721 modi,
1687 1681 1742 1711 est
1762 1674 1894 1711 efficax
1916 1687 2029 1711 causa
2049 1674 2216 1723 rapinae.
2245 1674 2358 1712 Unde
2377 1683 2466 1712 tunc
2485 1676 2612 1721 solum

1545 1734 1694 1764 tenetur
1722 1727 1939 1764 consiliator
1967 1735 2031 1765 aut
2057 1727 2189 1776 palpo,
2205 1728 2533 1774 'idest.adulator‚
2562 1729 2611 1767 ad

1545 1779 1835 1826 restitutionem,
1852 1780 2007 1828 quando
2023 1780 2270 1829 probabiliter
2282 1781 2472 1818 aestimari
2486 1789 2614 1830 potest

1545 1887 1759 1923 subsecuta.

1598 1941 1657 1976 An
1697 1950 1835 1976 ptumum
1873 1950 1970 1976 ERGO
2004 1951 2190 1977 DlCENDUM
2224 1939 2330 1988 quod
2365 1951 2445 1977 non
2482 1935 2610 1985 solum

1481 2007 1518 2045 ,ζ
1543 1999 1677 2041 peccat
1695 1991 1754 2029 ille
1776 1991 1840 2041 qui
1859 2000 2059 2040 peccatum
2081 1992 2290 2041 exequitur,
2311 1993 2380 2030 sed
2409 1992 2522 2031 etiam
2544 1993 2613 2042 qui

1517 2053 1518 2056 ’
1545 2056 1793 2104 quocumque
1822 2045 1941 2082 modo
1970 2045 2115 2093 peccati
2145 2053 2200 2082 est
2229 2058 2354 2092 causa,
2384 2045 2466 2084 sive
2488 2045 2621 2084 consi-⁷

1543 2098 1684 2145 liand0,
1706 2098 1787 2135 sive
1810 2098 2095 2147 praecipiendo,
2117 2098 2198 2135 sive
2218 2098 2356 2148 quovis
2375 2098 2449 2136 alio
2476 2099 2610 2139 modo.¹
2618 2103 2620 2106 ’

1597 2153 1656 2189 An
1689 2162 1881 2188 SECUNDUM
1918 2162 2103 2188 memnon
2133 2151 2239 2199 quod
2275 2151 2532 2201 principaliter
2558 2156 2613 2203 ‚teyss

1545 2212 1655 2242 netur
1683 2203 1879 2242 restituere
1907 2203 1967 2241 ille
1996 2205 2060 2252 qui
2090 2212 2145 2242 est
2171 2203 2390 2253 principalis
2421 2204 2460 2243 in
2489 2204 2623 2252 factqk.

1516 2292 1517 2303 2
1544 2257 1800 2307 principaliter
1828 2257 1983 2306 quidem
2012 2257 2263 2306 praecipiens,
2292 2257 2519 2297 secundario
2549 2269 2611 2297 exa

1525 2323 1700 2359 equens,
1731 2319 1766 2347 et
1795 2317 2075 2360 consequenter
2102 2311 2170 2347 alii.
2192 2323 2262 2359 per
2289 2310 2478 2348 ordinem.
2521 2310 2610 2349 Uno

1516 2402 1517 2407 ,
1543 2372 1672 2401 tamen
1710 2363 1927 2400 restituente
1966 2363 2016 2400 illi
2050 2363 2115 2412 qui
2143 2375 2280 2412 passus
2313 2371 2369 2400 est
2401 2365 2609 2413 damnum,

1516 2414 1517 2453 l
1544 2417 1638 2454 alius
1668 2417 1794 2454 eidem
1833 2417 2028 2453 restituere
2057 2428 2135 2452 non
2163 2424 2330 2453 tenetur.
2368 2416 2436 2454 sed
2465 2415 2515 2455 illi
2534 2415 2613 2476 'qui

1544 2478 1631 2507 sunt
1656 2469 1911 2519 principales'
1903 2481 1941 2507 in
1961 2470 2074 2516 facto,
2096 2476 2132 2506 et
2150 2469 2198 2506 ad
2209 2481 2317 2528 'quos
2337 2481 2397 2506 res
2421 2469 2611 2518 pervenit,¹

1516 2524 1518 2529 ’
1544 2530 1721 2560 tenentur
1735 2523 1815 2559 aliis
1836 2522 2030 2559 restituere
2045 2522 2112 2571 qui
2130 2521 2384 2560 restituerunt.
2396 2542 2420 2550 -
2441 2521 2609 2569 Quando

1516 2556 1518 2576 l

426 2578 534 2626 quasi
564 2586 761 2615 strenuum
781 2578 827 2615 de
856 2579 931 2614 hoc
951 2578 1054 2625 quod
1084 2576 1206 2613 aliena
1227 2576 1372 2625 accipit.
1403 2576 1489 2612 Alio
1517 2579 1518 2612 Ξ

426 2631 567 2678 modo,
598 2643 643 2667 ex
671 2638 778 2679 parte
807 2631 923 2680 ipsius
952 2629 1190 2678 accipientis:
1234 2629 1322 2678 quia
1350 2629 1518 2680 scilicet

427 2696 517 2721 eum
537 2691 714 2733 receptat,
730 2684 791 2720 vel
812 2683 1137 2733 qualitercumque
1154 2682 1186 2719 ei
1206 2682 1386 2725 auxilium
1408 2682 1488 2720 fert.

426 2737 558 2776 Tertio
579 2737 711 2783 mod0‚
734 2750 778 2774 ex
797 2745 903 2786 parte
927 2737 980 2773 -rei
1009 2743 1207 2785 acceptae:
1238 2735 1327 2784 quia
1353 2735 1518 2772 scilicet

427 2799 482 2828 est
500 2790 690 2839 particeps
713 2790 798 2827 furti
818 2791 880 2827 vel
910 2789 1075 2838 rapinae,
1096 2789 1235 2838 quasi
1264 2789 1388 2826 socius
1411 2801 1491 2826 ma·
1517 2788 1518 2834 j

425 2844 550 2881 leficii.
582 2843 765 2880 Indirecte
778 2856 886 2889 vero,
903 2843 1058 2890 quando
1077 2842 1211 2890 aliquis
1227 2854 1305 2878 non
1320 2842 1518 2891 impedit

428 2909 514 2934 cum
535 2897 655 2945 possit
675 2903 711 2932 et
730 2897 867 2933 debeat
886 2895 1088 2945 impedire:
1118 2896 1180 2932 vel
1201 2895 1287 2944 quia
1307 2889 1519 2931 subtrahit

426 2957 673 2998 praeceptum
694 2949 774 2986 sive
796 2949 993 2986 consilium
1015 2949 1227 2998 impediens
1247 2948 1388 2984 furtum
1410 2947 1489 2985 sive

427 3003 621 3052 rapinam,
650 3003 712 3039 vel
732 3002 822 3050 quia
850 3002 1034 3040 subtrahit
1057 3014 1167 3039 suum
1198 3001 1391 3048 auxilium,
1413 3013 1489 3050 quo
1517 3025 1518 3063 ἱ

1517 3068 1518 3090 ς
1543 3054 1718 3092 imminet
1745 3053 1978 3102 periculum:
2008 3059 2163 3112 propter
2189 3053 2265 3090 hoc
2293 3052 2395 3091 enim
2424 3059 2610 3102 potestate

1517 3128 1519 3143 ι
1544 3107 1696 3155 publica
1724 3106 1931 3156 potiuntur,
1960 3113 2002 3142 ut
2029 3106 2103 3142 sint
2130 3105 2292 3142 iustitiae
2321 3105 2510 3144 custodes.
2601 3116 2603 3118 ·

427 3064 556 3105 posset
584 3055 788 3100 obsistere;
822 3056 884 3092 vel
913 3055 1002 3103 quia
1029 3055 1193 3092 occultat
1220 3062 1307 3103 post
1334 3054 1489 3092 factum.

429 3110 538 3156 Quae
558 3108 616 3145 his
634 3108 808 3145 versibus
829 3109 1225 3156 comprehenduntur:
1249 3107 1383 3153 Iussio,
1403 3119 1491 3144 con-

1544 2584 1673 2613 autem
1689 2575 1823 2624 aliquis
1838 2574 2023 2624 praecipit
2036 2574 2213 2612 iniustam
2229 2574 2494 2624 acceptionem
2509 2587 2609 2625 quae

1544 2641 1624 2666 non
1643 2628 1926 2688 subsequitur,
1943 2640 2023 2665 non
2039 2635 2096 2665 est
2109 2628 2293 2665 restitutio
2309 2628 2498 2666 facienda:
2520 2639 2608 2666 cum

1517 2661 1727 2720 irestitutio
1747 2657 2000 2731 principaliter
2019 2681 2215 2718 ordinetur
2235 2681 2283 2718 ad
2305 2681 2609 2730 reintegrandam

1545 2747 1626 2772 rem
1654 2735 1734 2772 eius
1763 2733 1827 2784 qui
1854 2734 1990 2772 iniuste
2021 2742 2076 2771 est
2104 2734 2381 2772 damnificatus.

1598 2790 1657 2825 An
1672 2800 1832 2826 TERTIUM
1851 2799 2037 2826 DICENDUM
2056 2788 2163 2835 quod
2183 2799 2261 2824 non
2289 2799 2443 2836 semper
2466 2787 2526 2826 ille
2545 2780 2611 2836 qui

1544 2854 1623 2878 non
1642 2841 1857 2878 manifestat
1876 2842 2063 2877 latronem
2083 2848 2232 2877 tenetur
2251 2840 2300 2877 ad
2322 2840 2608 2886 restitutionem,

1545 2902 1610 2931 aut
1629 2895 1693 2943 qui
1718 2905 1796 2931 non
1815 2894 1952 2941 obstat,
1972 2894 2035 2930 vel
2055 2893 2120 2941 qui
2144 2905 2223 2930 non
2247 2893 2511 2943 reprehendit:
2536 2893 2622 2942 sed·

1545 2949 1671 2984 solum
1710 2948 1865 2996 quando
1895 2946 2081 2984 incumbit
2116 2945 2226 2984 alicui
2261 2957 2306 2983 ex
2335 2946 2485 2995 officio,
2514 2946 2611 2999 sicut

1544 2999 1777 3050 principibus
1806 3008 1940 3038 terrae.
1983 2999 2134 3047 Quibus
2163 3011 2209 3036 ex
2235 2999 2310 3036 hoc
2338 3012 2417 3037 non
2444 2994 2621 3049 multum'

482 3240 507 3269 α)
528 3242 671 3264 teneretur.
689 3253 708 3257 —
727 3242 882 3263 tenerentur
902 3239 943 3269 DI,
963 3241 1088 3263 tenentur
1107 3239 1139 3268 H,
1159 3241 1264 3263 tenetur
1283 3239 1312 3263 L.

483 3274 507 3306 β)
527 3277 650 3299 tenentur
669 3274 724 3299 alii.
738 3288 756 3293 -
775 3277 879 3299 tenetur
897 3274 945 3298 alii
963 3274 1122 3306 ABFIpCKK
1142 3279 1166 3298 et
1184 3281 1209 3302 a,
1230 3277 1334 3299 tenetur
1353 3274 1377 3298 ei
1396 3273 1427 3298 G.

482 3311 507 3342 γ)
528 3310 636 3342 accepit.
650 3323 669 3329 —-
686 3310 784 3341 accipit
803 3309 966 3341 PBCHILpK
987 3314 1012 3334 et
1030 3317 1057 3334 κ.

481 3344 506 3377 ὃ)
527 3346 640 3377 quidem.
651 3359 669 3364 -
684 3345 762 3370 modo
775 3345 880 3377 quidem
895 3345 935 3369 ed.
948 3352 973 3374 a,
988 3345 1093 3377 quidem
1107 3345 1186 3369 modo
1202 3345 1235 3375 P;
1251 3344 1380 3369 movendo
1395 3352 1449 3369 om.
1459 3344 1490 3368 D.
1516 3358 1518 3362 ν

483 3382 504 3413 ε)
523 3381 608 3413 quasi.
622 3394 640 3399 —
659 3381 700 3405 vel
717 3381 794 3413 quasi
813 3381 858 3405 Pa.

1597 3238 1622 3270 ζ)
1642 3238 1750 3263 scilicet.
1762 3251 1781 3256 —
1798 3238 1822 3262 si
1840 3238 1872 3268 H,
1892 3246 1945 3262 om.
1964 3237 2011 3263 Pa.

1598 3273 1624 3306 η)
1645 3274 1670 3298 in
1691 3280 1721 3298 eo
1740 3273 1848 3298 scilicet.
1861 3287 1880 3292 -
1899 3273 1959 3298 Om.
1979 3273 2009 3304 E,
2029 3273 2055 3297 in
2074 3279 2104 3298 eo
2123 3273 2169 3298 Pa.

1598 3306 1622 3341 θ)
1642 3308 1760 3340 quando.
1772 3322 1791 3328 -
1809 3308 1872 3340 quia
1892 3308 1920 3333 P.

1598 3344 1617 3375 ι)
1636 3344 1698 3368 siz—
1716 3344 1763 3368 sed
1782 3345 1822 3368 ed.
1841 3351 1874 3373 a‚·
1893 3352 1941 3376 pro
1960 3344 2118 3373 increscant,
2138 3344 2289 3369 increscunt
2308 3343 2376 3368 Pca.

1598 3380 1623 3412 κ)
1642 3379 1818 3412 subsequitur.
1832 3393 1850 3398 -
1869 3379 1989 3412 sequitur
2008 3379 2075 3404 PsK.
