2860 4244
440 248 490 283 74
1105 237 1369 283 QUAESTIO
1400 239 1536 285 LXIV,
1566 239 1860 278 ARTICULUS
1889 242 1956 278 Vll

297 321 311 335 ²
439 315 654 351 occiderunt
681 320 707 361 α,
728 315 762 350 si
794 321 920 362 postea
952 327 1024 362 per
1049 316 1314 368 poenitentiam
1348 322 1500 363 possent
1522 315 1524 376 s
1549 317 1707 354 veniens
1739 318 1884 356 illicitus
1919 320 2024 357 reddi
2059 320 2088 356 si
2117 332 2194 356 non
2224 320 2269 356 sit
2299 321 2607 370 proportionatus

438 367 489 403 ad
500 367 700 414 pristinum
719 373 853 404 statum
881 368 1003 403 redire
1021 373 1088 403 aut
1104 368 1155 403 ad
1172 367 1342 404 altiorem
1369 379 1496 404 ascen-
1521 381 1523 418 ἦ
1549 369 1628 406 fini.
1659 370 1708 406 Et
1725 370 1811 408 ideo
1832 372 1862 408 si
1882 372 2016 419 aliquis
2040 373 2087 408 ad
2108 372 2390 410 defendendum
2413 375 2614 423 propriam

438 420 536 464 dere,
556 420 644 456 scito
666 431 731 456 nos
751 420 890 456 nullam
916 420 1147 455 occasionem
1168 420 1270 465 dare,
1292 432 1360 456 nec
1381 420 1495 457 ullam
1521 419 1523 455 ἒ
1548 421 1666 458 vitam
1694 430 1820 460 utatur
1845 425 1978 461 maiori
1998 425 2178 461 violentia
2197 437 2314 473 quam
2335 434 2518 475 oporteat,
2541 428 2608 464 erit

438 472 599 508 tribuere
627 472 812 508 licentiam
833 473 884 508 eis
903 472 1101 519 quemlibet
1126 473 1316 509 hominem
1336 473 1500 521 quolibet
1521 463 1522 514 l
1548 474 1727 512 illicitum.
1766 477 1806 512 Si
1833 489 1927 514 vero
1963 478 2158 514 moderate
2187 477 2407 515 violentiam
2441 480 2606 527 repellat,

437 525 547 560 modo
576 525 776 560 occidendi.
819 525 894 560 Sed
924 525 972 560 ad
999 532 1202 572 praecepta
1231 526 1391 563 moralia
1419 538 1495 562 ser-
1550 526 1618 562 erit
1644 526 1742 564 licita
1770 529 1962 566 defensio:
1998 541 2087 566 narn
2123 531 2335 567 secundum
2371 531 2452 567 iura
2469 531 2501 578 ³⁸,
2530 533 2606 569 vim

436 577 563 613 vanda
591 585 764 613 tenentur
783 576 1034 612 communiter
1054 577 1178 614 clerici
1207 585 1243 613 et
1268 578 1362 615 laici.
1393 579 1494 626 Ergo
1520 598 1522 617 l
1547 579 1587 615 vi
1613 580 1790 627 repellere
1816 582 1902 618 licet
1918 594 2003 619 cum
2031 584 2289 620 moderamine
2316 584 2528 632 inculpatae
2553 590 2608 621 tu-

2634 534 2846 592 Ζὲἓῗὲέἶὶἷῗέἧῧί

2635 593 2687 608 mxc·
2704 587 2790 610 volunt.
2809 587 2848 609 vel

2635 613 2726 635 caeual.
2792 617 2845 641 gg&

196 1216 204 1224 ⁸
219 1214 284 1236 Vers.
301 1220 331 1242 17,
347 1214 377 1236 18.

194 1268 204 1278 ⁴
219 1267 284 1289 Vers.
301 1273 331 1295 19.

193 1428 202 1437 ⁸
218 1424 284 1445 Vers.
300 1429 321 1445 2.

253 2132 258 2137 .
265 2123 330 2142 iti-111,
336 2120 377 2138 art.
384 2123 403 2145 3;

239 2143 325 2171 l⁸⁰,qu.
334 2150 404 2169 Lxxu,

196 2173 238 2191 art.
251 2176 265 2191 ι.

437 629 547 665 etiam
576 629 676 665 laicis
705 641 782 665 non
811 636 866 665 est
894 629 1035 666 licitum
1065 630 1240 667 occidere
1269 631 1432 680 aliquem
1453 644 1494 667 se

436 681 688 718 defendendo.
1471 683 1474 685 ’

486 746 523 780 4.
536 735 767 779 PRAETEREA,
784 733 1032 770 homicidium
1049 742 1106 772 est
1124 735 1275 783 gravius
1294 744 1494 784 peccatum

435 798 550 832 quam
570 786 726 834 simplex
742 787 937 823 fornicatio
953 788 1014 824 vel
1034 788 1274 825 adulterium.
1306 789 1382 826 Sed
1403 790 1494 826 nulli

433 838 518 874 licet
533 839 768 876 committere
783 839 994 888 simplicem
1010 841 1298 878 fornicationem
1313 843 1375 878 vel
1390 843 1495 879 adul·
1519 847 1520 884 ξ

433 891 582 937 terium,
601 893 664 928 vel
683 893 955 941 quodcumque
981 894 1082 930 aliud
1101 902 1301 943 peccatum
1322 896 1492 942 mortale,
1519 911 1520 924 ³

432 956 502 992 pro
532 945 820 982 conservatione
849 946 1025 994 propriae
1053 946 1173 983 vitae:
1204 947 1292 996 quia
1314 948 1392 984 vita
1420 948 1493 996 spi·
1519 950 1520 955 ’

433 997 572 1034 ritualis
594 999 840 1046 praeferenda
860 1006 915 1035 est
935 1000 1133 1048 corporali.
1164 1001 1265 1048 Ergo
1285 1000 1376 1037 nulli
1396 1000 1491 1048 licet,

434 1050 672 1088 defendendo
699 1051 879 1099 seipsum,
901 1052 1016 1089 alium
1037 1053 1210 1089 occidere
1239 1061 1280 1090 ut
1297 1053 1492 1102 propriam

432 1111 548 1140 vitam
579 1112 789 1141 conservet.

490 1157 521 1193 5.
543 1157 775 1203 PRAETEREA,
806 1157 836 1193 si
864 1158 978 1194 arbor
1007 1165 1062 1194 est
1081 1159 1193 1205 mala,
1221 1166 1257 1194 et
1277 1158 1430 1204 fructus,
1450 1166 1493 1194 ut

434 1209 566 1245 dicitur
586 1211 718 1246 Matth.
739 1222 786 1246 vu
806 1211 835 1246 *.
868 1210 943 1247 Sed
972 1211 1053 1258 ipsa
1073 1210 1242 1247 defensio
1267 1211 1324 1246 sui
1344 1211 1492 1248 videtur

433 1273 514 1298 esse
535 1262 679 1299 illicita:
709 1264 921 1299 secundum
942 1263 1031 1299 illud
1050 1264 1162 1299 Rom.
1183 1275 1230 1299 ΧΠ
1250 1262 1286 1298 *t
1314 1264 1406 1300 Non
1425 1274 1492 1299 vos

432 1315 685 1362 defendentes,
715 1315 910 1352 carissimi.
955 1317 1057 1362 Ergo
1091 1323 1127 1351 et
1156 1315 1296 1352 occisio
1326 1315 1492 1352 hominis

433 1367 567 1404 exinde
595 1368 808 1416 procedens
837 1376 892 1404 est
920 1368 1055 1404 illicita.

485 1421 558 1456 SED
579 1432 724 1457 CONTRA
752 1432 818 1457 EST
843 1420 947 1468 quod
974 1421 1097 1456 Exod.
1118 1432 1190 1456 xxn
1216 1419 1236 1441 ²²
1265 1419 1412 1457 dicitur:
1452 1421 1494 1457 Si

430 1472 636 1522 effringens
656 1474 726 1520 fur
744 1474 897 1509 domum
916 1473 994 1510 sive
1011 1473 1215 1522 suffodiens
1221 1473 1347 1521 fuerit
1365 1474 1492 1511 inven-

431 1531 499 1571 tus,
520 1532 565 1571 et,
594 1532 744 1574 accepto
763 1526 929 1572 vulnere,
950 1532 1119 1563 mortuus
1135 1526 1270 1574 fuerit,
1289 1533 1492 1574 percussor

431 1591 504 1615 non
525 1579 596 1615 erit
613 1591 698 1615 reus
725 1579 932 1628 sanguinis.
963 1579 1041 1616 Sed
1067 1580 1186 1616 multo
1208 1579 1329 1626 magis
1348 1579 1490 1616 licitum

431 1640 486 1668 est
519 1632 724 1668 defendere
761 1632 957 1680 propriam
992 1632 1111 1668 vitam
1140 1643 1258 1679 quam
1295 1633 1489 1680 propriam

431 1686 604 1721 domurn.
626 1686 728 1733 Ergo
745 1685 858 1722 etiarn
879 1685 908 1721 si
924 1685 1058 1733 aliquis
1074 1685 1221 1721 occidat
1240 1685 1405 1733 aliquem
1420 1697 1491 1734 pro

431 1738 651 1774 defensione
678 1738 779 1775 vitae
815 1750 925 1784 suae,
955 1750 1035 1774 non
1063 1738 1130 1774 erit
1162 1749 1248 1773 reus
1281 1738 1490 1775 homicidii.

485 1792 710 1828 Respommo
730 1802 914 1828 DlCENDUM
933 1791 1037 1839 quod
1066 1790 1156 1827 nihil
1179 1790 1356 1838 prohibet
1378 1791 1491 1828 unius

431 1852 534 1880 actus
564 1856 646 1880 esse
667 1845 764 1881 duos
793 1843 962 1890 effectus,
983 1855 1150 1891 quorum
1179 1844 1272 1879 alter
1295 1844 1420 1880 solum
1447 1844 1493 1880 sit

429 1897 467 1933 in
495 1897 714 1943 intentione,
745 1896 838 1933 alius
856 1908 949 1933 vero
979 1896 1025 1933 sit
1052 1903 1202 1945 praeter
1229 1895 1490 1934 intentionem.

430 1949 596 1986 Morales
616 1956 743 1986 autem
764 1956 869 1986 actus
889 1949 1074 1998 recipiunt
1092 1949 1258 1998 speciem
1279 1950 1492 1987 secundum

430 2003 468 2039 id
497 2004 602 2051 quod
630 2002 851 2047 intenditur,
886 2014 965 2039 non
993 2009 1120 2039 autem
1150 2002 1198 2039 ab
1227 2014 1274 2038 eo
1303 2003 1409 2050 quod
1437 2010 1494 2040 est

430 2063 580 2104 praeter
606 2055 866 2102 intentionem,
895 2067 983 2091 curn
1011 2055 1057 2091 sit
1083 2067 1153 2104 per
1171 2055 1358 2102 accidens,
1387 2063 1429 2092 ut
1448 2067 1492 2092 ex

432 2108 653 2157 supradictis
668 2108 689 2131 '¹‘
707 2117 820 2157 patet.
850 2109 907 2145 Ex
923 2115 1009 2144 actu
1027 2108 1136 2156 igitur
1151 2108 1306 2145 alicuius
1325 2108 1493 2157 seipsum
1519 2155 1521 2160 ι

433 2162 667 2199 defendentis
704 2162 843 2210 duplex
877 2161 1033 2198 effectus
1066 2161 1173 2209 sequi
1206 2168 1349 2210 potest:
1391 2173 1493 2198 unus

432 2215 589 2263 quidem
618 2214 856 2251 conservatio
886 2214 1062 2263 propriae
1089 2214 1210 2259 vitae;
1241 2214 1335 2251 alius
1364 2221 1492 2252 autern

433 2268 570 2304 occisio
590 2268 813 2305 invadentis.
843 2269 959 2303 Actus
979 2267 1088 2315 igitur
1106 2267 1324 2304 huiusmodi
1349 2279 1394 2304 ex
1420 2267 1494 2304 hoc

433 2321 539 2369 quod
568 2320 770 2357 intenditur
800 2321 1039 2357 conservatio
1068 2320 1247 2369 propriae
1274 2320 1387 2367 vitae,
1417 2333 1496 2357 non

432 2374 547 2410 habet
575 2374 760 2410 rationem
789 2373 922 2409 illiciti:
960 2385 1047 2410 cum
1076 2373 1151 2409 hoc
1179 2373 1224 2409 sit
1253 2373 1403 2409 cuilibet
1429 2385 1494 2410 na-

432 2428 551 2463 turale
571 2427 676 2475 quod
701 2438 740 2462 se
762 2433 961 2463 conservet
986 2426 1024 2462 in
1045 2438 1127 2462 esse
1147 2433 1333 2473 quantum
1357 2433 1493 2474 potest.

433 2481 562 2517 Potest
580 2487 708 2516 tamen
728 2479 861 2528 aliquis
876 2486 979 2515 actus
1000 2491 1045 2515 ex
1061 2479 1163 2515 bona
1182 2478 1389 2515 intentione
1407 2491 1495 2531 pro-

485 2593 513 2624 α)
532 2592 694 2617 occiderunt.
706 2605 726 2611 -
743 2591 894 2616 occiderent
910 2592 929 2616 P
935 2598 943 2620 ;
962 2599 1010 2624 pro
1024 2594 1120 2624 postea
1129 2599 1189 2623 per,
1205 2596 1269 2624 post
1286 2595 1375 2617 actam
1393 2592 1429 2623 ὓς
1448 2600 1495 2624 pro

428 2630 546 2660 possent,
560 2627 668 2660 possint
682 2627 712 2656 K,
727 2630 843 2659 possunt
860 2627 909 2657 Da,
929 2627 1063 2652 emendati
1076 2630 1193 2659 possunt
1211 2628 1240 2652 P.

486 2662 510 2696 β)
531 2663 616 2688 homo.
630 2676 649 2681 —
667 2662 736 2687 hunc
754 2663 801 2687 Pa.

1520 637 1521 682 Ῑ
1547 632 1651 668 telae.
1682 633 1767 669 Nee
1794 642 1849 670 est
1867 635 2123 672 necessarium
2149 636 2197 672 ad
2217 637 2379 673 salutem
2397 644 2440 673 ut
2457 637 2576 673 homo
2592 636 2608 666 β

1520 689 1521 723 ζ
1547 692 1675 721 actum
1713 686 1933 723 moderatae
1970 689 2108 724 tutelae
2146 689 2414 737 praetermittat
2448 689 2497 726 ad
2530 690 2608 726 evi-

1519 738 1704 777 }tandum
1743 739 1974 775 occisionem
2011 741 2182 777 alterius:
2221 742 2307 790 quia
2339 743 2424 790 plus
2458 749 2608 779 tenetur

1546 791 1666 827 homo
1694 790 1794 826 vitae
1823 803 1914 827 suae
1943 792 2145 840 providere
2173 805 2290 840 quam
2318 794 2418 831 vitae
2448 795 2606 832 alienae.

1601 843 1678 880 Sed
1698 843 1787 891 quia
1815 844 1989 880 occidere
2015 845 2213 882 hominem
2240 859 2317 883 non
2346 847 2431 884 licet
2449 847 2519 884 nisi
2537 860 2608 896 pu-

1547 896 1643 932 blica
1672 896 1889 933 auctoritate
1918 904 2073 945 propter
2092 898 2246 934 bonum'
2263 911 2482 946 commune,
2502 908 2543 937 ut
2562 913 2607 937 ex

1547 949 1768 997 supradictis
1787 949 1807 971 ’¹‘
1835 957 1956 997 patet3
1987 949 2154 986 illicitum
2187 957 2244 987 est
2271 953 2375 1000 quod
2402 953 2522 990 homo
2553 953 2608 990 in—
2635 959 2644 969 ⁸

1519 996 1520 1034 l
1546 1003 1675 1038 tendat
1708 1002 1882 1039 occidere
1918 1002 2116 1039 hominem
2151 1011 2192 1039 ut
2220 1003 2387 1052 seipsum
2417 1005 2605 1052 defendat,

1545 1054 1615 1091 nisi
1645 1054 1678 1090 ei
1698 1055 1762 1102 qui
1790 1055 1904 1091 habet
1931 1055 2123 1104 publicam
2151 1056 2424 1103 auctoritatem,
2454 1058 2531 1106 qui,
2552 1058 2607 1094 in-

1545 1107 1704 1144 tendens
1731 1108 1927 1145 hominem
1957 1108 2131 1145 occidere
2160 1109 2208 1145 ad
2242 1109 2300 1145 sui
2329 1109 2605 1158 defensionem,

1517 1199 1519 1210 Α
1544 1160 1656 1196 refert
1683 1161 1758 1196 hoc
1786 1161 1834 1197 ad
1861 1161 2057 1208 publicum
2087 1162 2251 1198 bonum:
2281 1169 2322 1198 ut
2348 1169 2452 1210 patet
2479 1162 2518 1199 in
2537 1164 2607 1200 rni-

1544 1212 1606 1248 lite
1625 1219 1816 1260 pugnante
1836 1221 1967 1250 contra
1995 1214 2135 1261 hostes,
2157 1222 2193 1250 et
2217 1214 2254 1251 in
2274 1214 2444 1252 ministro
2474 1215 2606 1253 iudicis

1544 1271 1736 1313 pugnante
1757 1273 1888 1302 contra
1907 1266 2070 1302 latrones
2084 1271 2111 1303 Υ.
2141 1267 2331 1313 Quamvis
2356 1275 2391 1304 et
2409 1268 2468 1305 isti
2491 1268 2605 1306 etiam

1543 1324 1703 1366 peccent
1731 1317 1760 1353 si
1789 1317 1936 1366 privata
1963 1318 2117 1355 libidine
2147 1327 2385 1357 moveantur.

1597 1371 1655 1406 AD
1684 1381 1819 1406 PRIMUM
1849 1381 1946 1407 ERGO
1975 1382 2160 1408 meantum
2179 1373 2284 1420 quod
2307 1373 2509 1410 auctoritas
2528 1375 2606 1410 Au-

1544 1421 1682 1470 gustini
1701 1421 1939 1470 intelligenda
1959 1431 2015 1460 est
2034 1423 2072 1460 in
2100 1435 2147 1460 eo
2169 1436 2258 1461 casu
2285 1437 2364 1474 quo
2383 1425 2468 1473 quis
2487 1426 2606 1463 inten-

1545 1475 1598 1512 dit
1617 1475 1793 1512 occidere
1811 1476 2010 1512 hominem
2030 1484 2072 1513 ut
2090 1476 2259 1526 seipsum
2278 1490 2301 1514 a
2320 1485 2442 1515 morte
2461 1478 2606 1516 liberet.

1598 1529 1639 1564 In
1655 1540 1732 1576 quo
1749 1528 1862 1565 etiam
1879 1541 1969 1565 casu
1984 1529 2198 1577 intelligitur
2211 1530 2413 1567 auctoritas
2427 1531 2614 1569 inducta⁸'
2633 1537 2645 1550 ⁴

1545 1593 1590 1617 ex
1609 1581 1704 1617 libro
1733 1582 1779 1618 de
1796 1582 1934 1618 Libero
1953 1582 2132 1619 Arbitrio.
2161 1583 2272 1620 Unde
2302 1583 2491 1631 signanter
2519 1583 2609 1621 dici-

1543 1641 1615 1680 tur,
1631 1645 1707 1682 pro
1734 1635 1791 1670 his
1810 1636 1941 1672 rebus.-
1969 1634 2007 1671 in
2026 1647 2103 1683 quo
2125 1635 2342 1684 designatur
2359 1636 2529 1674 intentio.
2559 1637 2609 1674 Et

1543 1698 1612 1735 per
1632 1687 1707 1723 hoc
1734 1694 1838 1735 patet
1865 1688 2063 1735 responsio
2092 1689 2140 1725 ad
2170 1689 2394 1728 secundum.

1597 1741 1655 1775 An
1678 1750 1838 1776 marum
1862 1751 2045 1777 DICENDUM
2069 1742 2172 1789 quod
2200 1741 2450 1789 irregularitas
2474 1752 2608 1779 conse-

1545 1792 1671 1840 quitur
1691 1800 1820 1829 actum
1848 1793 2042 1830 homicidii
2071 1793 2183 1830 etiam
2213 1795 2243 1831 si
2271 1795 2319 1831 sit
2345 1795 2492 1843 absque
2520 1806 2609 1844 pec-

1545 1852 1650 1881 cato:
1688 1852 1729 1881 ut
1757 1853 1860 1893 patet
1887 1845 1925 1882 in
1954 1845 2077 1882 iudice
2106 1846 2171 1894 qui
2198 1847 2294 1884 iuste
2323 1847 2489 1897 aliquem
2518 1859 2609 1885 con-

1546 1897 1700 1934 demnat
1713 1898 1763 1934 ad
1783 1906 1960 1935 mortem.
1982 1899 2031 1935 Et
2045 1906 2201 1947 propter
2218 1900 2294 1936 hoc
2309 1900 2477 1947 clericus,
2495 1900 2609 1938 etiam

1545 1950 1576 1987 si
1603 1963 1644 1987 se
1673 1950 1915 1989 defendendo
1953 1951 2152 1988 interficiat
2179 1952 2365 2001 aliquem,
2399 1953 2611 2001 irregularis
2665 1995 2667 1998 ,

1546 2010 1612 2050 est,
1633 2004 1810 2052 quamvis
1829 2015 1908 2041 non
1928 2004 2098 2041 intendat
2117 2005 2291 2043 occidere
2305 2003 2331 2053 ὅ,
2353 2006 2421 2043 sed
2440 2006 2610 2054 seipsum

1548 2056 1763 2093 defendere.

1599 2112 1658 2146 An
1679 2121 1852 2152 QUARTUM
1881 2121 2065 2147 memnon
2085 2110 2191 2159 quod
2219 2118 2324 2148 actus
2352 2111 2610 2149 fornicationis

1546 2163 1609 2199 vel
1646 2162 1819 2199 adulterii
1854 2174 1933 2199 non
1970 2163 2167 2200 ordinatur
2195 2163 2244 2200 ad
2279 2164 2610 2202 conservationem

1547 2215 1725 2264 propriae
1747 2215 1849 2252 vitae
1878 2227 1923 2252 ex
1951 2215 2186 2262 necessitate,
2216 2216 2309 2253 sicut
2337 2224 2442 2254 actus
2468 2229 2513 2254 ex
2531 2229 2610 2266 quo

1548 2268 1783 2316 quandoque
1812 2268 1982 2315 sequitur
2009 2268 2272 2306 homicidium.

1601 2322 1659 2358 An
1675 2332 1837 2363 Qumrum
1857 2333 2041 2358 mesanum
2057 2322 2162 2370 quod
2178 2321 2228 2358 ibi
2243 2321 2466 2371 prohibetur
2481 2321 2611 2360 defen-

1549 2374 1605 2410 sio
1629 2386 1726 2421 quae
1752 2381 1807 2410 est
1827 2386 1914 2410 cum
1938 2374 2055 2411 livore
2076 2374 2279 2412 vindictae.
2309 2374 2420 2412 Unde
2439 2375 2578 2412 Glossa
2591 2374 2614 2397 '²

1550 2426 1656 2463 dicit:
1685 2427 1777 2463 Non
1805 2438 1872 2463 vos
1899 2427 2157 2475 defendentes.-
2176 2427 2277 2473 idest,
2297 2427 2388 2464 Non
2415 2427 2494 2464 sitis
2516 2428 2612 2476 refe-

1549 2479 1684 2516 rientes
1711 2479 1960 2516 adversarios.

1600 2592 1627 2626 γ)
1648 2593 1775 2617 latrones.
1788 2606 1807 2611 -
1824 2593 1956 2617 latronem
1975 2592 2004 2618 P.

1601 2627 1627 2660 ὃ)
1646 2628 1774 2652 occidere.
1787 2641 1806 2647 -
1825 2627 1973 2660 interficere
1991 2627 2060 2653 PCa.

1101 2723 1712 2766 Commentanacardinans
1734 2732 1936 2765 Caietam

435 2816 482 2879 IN
503 2805 633 2836 articulo
653 2805 789 2845 septimo
814 2804 956 2835 eiusdem
981 2804 1176 2844 quaestionis
1196 2805 1497 2845 sexagesimaequar·
1521 2807 1524 2839 l
1549 2804 1590 2835 Et
1613 2804 1656 2835 sic
1678 2804 1736 2835 iste
1764 2814 1830 2835 non
1853 2803 1969 2834 occidit
1992 2803 2052 2834 nisi
2077 2813 2134 2843 per
2157 2803 2313 2834 accidens:
2346 2803 2399 2834 ille
2423 2810 2530 2834 autem
2559 2812 2616 2844 per

463 2857 521 2886 tae,
538 2849 676 2889 intellige
695 2850 774 2879 bene
790 2848 1024 2879 distinctionem
1047 2848 1176 2885 litterae,
1194 2848 1311 2879 scilicet
1325 2849 1414 2889 quod
1437 2849 1495 2878 du-

431 2895 551 2934 pliciter
563 2900 668 2934 potest
683 2893 788 2923 referri
804 2893 921 2923 occisio
938 2893 1064 2923 alterius
1076 2893 1115 2923 ad
1129 2893 1400 2923 conservationem
1414 2892 1496 2923 vitae

455 2949 490 2969 ro
515 2938 593 2968 riae:
641 2937 722 2967 rimo
758 2944 793 2967 ut
817 2937 958 2967 medium
983 2937 1021 2967 ad
1045 2936 1157 2966 finem·
1183 2938 1322 2967 secundo
1363 2943 1399 2968 ut
1421 2946 1496 2967 con·
1522 2928 1524 2960 ἶ

432 2949 451 2978 p
493 2949 512 2978 Ρ
618 2949 638 2978 p
726 2961 733 2973 ’
1151 2959 1159 2974 ⁹
1331 2960 1338 2973 ‚
1523 2971 1524 2990 ³
1547 2980 1635 3011 illam
1654 2980 1810 3011 rationem
1833 2979 1987 3010 redditam
2005 2979 2038 3010 in
2055 2979 2158 3010 littera
2181 2988 2277 3019 quare
2293 2989 2359 3009 non
2375 2985 2498 3010 tenetur
2513 2978 2613 3010 homo

432 2992 567 3022 sequens
590 2992 627 3011 ex
649 2981 830 3012 necessitate
854 2980 934 3012 finis.
966 2981 1007 3011 Et
1029 2988 1064 3012 ut
1087 2981 1119 3011 in
1143 2981 1245 3012 littera
1268 2981 1389 3018 dicitur,
1414 2980 1496 3011 mul-

431 3033 500 3057 tum
523 3025 650 3056 interest
673 3025 770 3056 altero
795 3025 893 3056 modo
918 3035 950 3055 se
973 3025 1096 3055 habere.
1123 3025 1206 3056 Nam
1230 3032 1260 3055 et
1282 3025 1352 3056 finis
1376 3031 1407 3056 et
1429 3034 1496 3055 me-

433 3070 522 3100 dium
541 3070 580 3100 ad
602 3068 700 3099 finem
723 3069 839 3099 cadunt
855 3069 914 3099 sub
930 3068 1117 3099 intentione:
1143 3076 1179 3100 ut
1202 3075 1287 3109 patet
1309 3069 1342 3099 in
1361 3068 1495 3104 medico,
1523 3094 1524 3100 ,

433 3114 487 3155 qui
507 3113 641 3145 intendit
659 3113 824 3143 sanitatem
847 3123 903 3153 per
918 3113 1084 3152 potionem
1100 3113 1149 3143 vel
1168 3113 1312 3144 diaetam.
1339 3113 1373 3143 Id
1389 3119 1497 3144 autern

433 3158 522 3199 quod
545 3157 751 3198 consequitur
774 3167 810 3187 ex
829 3157 1010 3188 necessitate
1034 3155 1105 3186 finis
1129 3166 1195 3187 non
1215 3156 1297 3187 cadit
1319 3157 1378 3187 sub
1396 3156 1496 3187 inten-

432 3203 535 3238 tione,
560 3202 615 3232 sed
642 3207 764 3242 praeter
786 3201 996 3232 intentionem
1020 3200 1153 3231 existens
1178 3200 1323 3241 emergit:
1354 3207 1390 3231 ut
1412 3206 1498 3241 patet
1523 3235 1525 3247 ,

433 3247 471 3277 de
495 3246 709 3277 debilitatione
733 3245 851 3286 aegroti
874 3255 956 3286 quae
975 3245 1118 3286 sequitur
1133 3255 1170 3275 ex
1185 3244 1341 3275 medicina
1357 3251 1495 3275 sanante.

433 3291 474 3321 Et
496 3290 581 3320 iuxta
605 3290 686 3320 duos
710 3289 769 3319 hos
793 3289 909 3320 modos
933 3289 1143 3319 diversimode
1168 3289 1309 3319 occidere
1333 3295 1438 3330 potest
1461 3288 1498 3318 li-
1523 3302 1525 3312 ι

433 3334 492 3365 cite
516 3344 650 3374 persona
674 3333 809 3374 publica,
828 3340 858 3364 et
876 3333 1006 3373 privata.
1030 3333 1114 3363 Nam
1138 3342 1272 3373 persona
1296 3332 1437 3372 publica,
1462 3339 1499 3362 ut
1523 3334 1525 3377 j

434 3378 533 3414 miles,
551 3378 675 3408 ordinat
690 3377 882 3408 occisionem
902 3377 1001 3407 hostis
1025 3384 1061 3408 ut
1083 3377 1226 3407 medium
1251 3376 1290 3406 ad
1312 3375 1410 3407 finem
1426 3376 1498 3406 sub-

434 3422 616 3452 ordinatum
639 3422 726 3452 bono
750 3421 932 3458 communi,
957 3428 993 3452 ut
1015 3421 1047 3451 in
1075 3421 1175 3451 littera
1203 3420 1331 3452 dicitur:
1364 3430 1498 3461 persona

434 3472 541 3496 autem
564 3466 683 3506 privata
707 3475 772 3495 non
791 3465 923 3496 intendit
939 3465 1081 3496 occidere
1097 3471 1132 3495 ut
1150 3465 1292 3504 seipsum
1309 3465 1420 3500 salvet,
1444 3464 1499 3494 sed

435 3510 568 3540 intendit
591 3510 708 3539 salvare
732 3509 888 3549 seipsum,
914 3519 979 3540 non
1010 3509 1180 3540 destiturus
1204 3519 1222 3539 a
1245 3508 1294 3539 sui
1315 3508 1498 3539 defensione

436 3554 530 3584 etiam
554 3553 579 3584 si
601 3553 725 3584 alterius
741 3560 877 3584 mortem
901 3563 937 3583 ex
951 3563 1009 3584 sua
1024 3553 1207 3584 defensione
1231 3559 1375 3593 oporteat
1398 3553 1499 3593 sequi.

1522 2865 1523 2869 =
1549 2858 1582 2878 se
1605 2848 1729 2878 occidit.
1755 2848 1796 2878 Et
1818 2854 1985 2888 propterea
2008 2847 2048 2878 ad
2069 2847 2149 2878 illud
2172 2847 2342 2888 requiritur
2364 2847 2492 2888 publiea
2510 2854 2616 2878 aucto-

1549 2892 1633 2928 ritas,
1658 2892 1698 2922 ad
1720 2892 1782 2922 hoc
1805 2901 1882 2922 non.

1605 2936 1642 2966 11.
1667 2936 1703 2966 In
1731 2936 1845 2966 eodem
1875 2935 2007 2966 articulo
2038 2934 2174 2975 septimo
2205 2934 2340 2965 dubium
2371 2934 2506 2965 occurrit
2535 2933 2615 2965 circa

1549 3024 1795 3064 praetermittere
1818 3030 1926 3055 actum
1951 3023 2068 3054 tutelae
2090 3022 2237 3064 propriae
2259 3022 2341 3054 vitae
2368 3022 2408 3052 ad
2431 3022 2615 3054 evitandum

1551 3067 1744 3099 occisionem
1774 3067 1916 3098 alterius:
1948 3068 2022 3108 quia
2046 3067 2125 3108 plus
2155 3072 2282 3098 tenetur
2309 3067 2402 3097 homo
2429 3067 2514 3098 vitae
2534 3074 2614 3098 suae

1544 3111 1718 3153 providere
1740 3122 1835 3153 quam
1855 3113 1940 3143 vitae
1956 3111 2091 3142 alienae.
2116 3110 2157 3141 Et
2177 3117 2224 3141 est
2242 3110 2322 3141 ratio
2339 3110 2428 3141 dubii
2449 3109 2524 3152 quia
2546 3109 2612 3152 qui,

1550 3155 1749 3186 defendendo
1773 3165 1815 3192 se,
1840 3165 1936 3186 suum
1958 3154 2074 3186 occidit
2094 3154 2284 3192 invasorem,
2302 3164 2368 3185 non
2384 3154 2491 3185 solum
2512 3153 2614 3194 privat

1549 3200 1642 3230 illum
1663 3200 1728 3230 vita
1753 3199 1828 3236 hac,
1854 3199 1908 3230 sed
1937 3198 2032 3230 etiam
2053 3198 2117 3229 vita
2142 3205 2285 3230 aeterna:
2318 3198 2472 3240 quoniam
2499 3197 2615 3229 occidit

1549 3244 1641 3274 illum
1664 3243 1697 3274 in
1721 3243 1839 3284 peccati
1862 3243 2004 3274 mortalis
2027 3249 2109 3279 actu,
2133 3253 2200 3284 quo
2223 3242 2338 3274 iniuste
2361 3241 2538 3282 aggreditur
2561 3241 2613 3272 de-

1550 3288 1720 3318 fensorem.
1749 3287 1883 3319 Constat
1907 3293 2013 3318 autem
2042 3286 2130 3328 quod
2154 3286 2302 3318 defensor
2327 3293 2451 3321 tenetur
2473 3286 2545 3326 plus
2568 3284 2613 3316 di-

1549 3332 1644 3372 ligere
1655 3332 1753 3362 vitam
1769 3331 1963 3371 spiritualem
1979 3331 2102 3361 animae
2118 3330 2255 3371 proximi
2271 3330 2499 3371 cuiuscumque
2515 3338 2614 3371 quam

1550 3375 1647 3406 vitam
1674 3375 1836 3417 propriam
1860 3375 2073 3415 corporalem,
2098 3375 2274 3406 secundum
2298 3373 2431 3405 caritatis
2458 3373 2612 3404 ordinem.

1551 3421 1694 3450 Tenetur
1715 3429 1790 3459 ergo
1814 3419 2059 3460 praetermittere
2081 3426 2188 3450 actum
2210 3418 2326 3450 tutelae
2349 3417 2495 3459 propriae
2516 3417 2613 3454 vitae,

1552 3474 1618 3495 non
1634 3470 1670 3494 ut
1685 3464 1817 3494 evitetur
1833 3463 1949 3494 occisio
1967 3463 2093 3494 alterius
2108 3469 2265 3504 quantum
2281 3462 2320 3492 ad
2341 3461 2439 3492 vitam
2454 3467 2613 3501 tempora-

1552 3508 1625 3544 lem,
1640 3508 1694 3538 sed
1710 3514 1746 3538 ut
1762 3507 1894 3538 evitetur
1908 3507 2025 3538 occisio
2038 3507 2163 3538 alterius
2179 3513 2335 3548 quantum
2350 3506 2391 3536 ad
2405 3505 2503 3536 vitam
2519 3511 2614 3536 aeter-

1553 3562 1641 3588 nam,
1666 3552 1819 3593 quoniam
1843 3551 1973 3592 ponitur
1997 3561 2032 3582 ex
2056 3551 2118 3582 hoc
2141 3557 2224 3581 extra
2247 3557 2363 3581 statum
2387 3549 2610 3590 poenitentiae.

2733 2400 2740 2408 .
2749 2385 2850 2408 ethter—
