2860 4244
0 3969 11 4023 ’τπ-
0 3924 9 3966 -,-.-
0 3857 9 3917 -γνν
0 3821 5 3851 -ι-

928 251 1194 298 QUAESTIO
1225 252 1344 299 LXII,
1374 252 1670 290 ARTICULUS
1698 252 1748 289 Vl
1933 253 1940 258 ”
2371 253 2418 300 57

237 333 322 364 ribus
338 332 422 363 illius
443 331 494 362 cui
518 341 624 362 rerum
643 338 905 371 consumptarum
921 331 1058 371 pretium
1075 331 1246 361 debebatur
1262 331 1299 361 ab
1326 330 1328 381 ζ

236 377 284 407 his
301 376 356 416 qui
373 382 648 416 consumpserunt.
673 376 713 406 Et
736 385 791 415 per
812 375 873 405 hoc
893 381 993 414 patet:
1018 374 1093 414 quia
1108 374 1166 405 ista
1182 374 1300 405 refusio

237 421 330 451 debet
352 419 418 450 fieri
442 421 508 450 iure
524 419 729 450 restitutionis
751 419 871 449 ratione
886 419 930 449 rei
946 426 1090 458 acceptae
1106 419 1236 449 extantis
1251 419 1300 449 vel
1327 428 1328 432 ¹

237 465 320 495 mala
343 463 406 494 fide
430 470 654 503 consumptae;
685 463 841 504 quoniam
862 462 898 493 fit
920 462 966 492 illi
995 462 1051 503 qui
1074 463 1213 493 succedit
1243 464 1301 493 do·
1327 460 1329 490 15

238 509 326 539 mino
350 508 401 538 vel
423 508 456 538 in
480 507 625 538 dominio
649 514 792 547 respectu
809 507 983 537 extantium
999 516 1114 542 rerum,
1135 507 1184 537 vel
1206 507 1238 537 in
1254 507 1301 537 iu-

237 553 323 583 ribus
346 559 489 592 respectu
514 559 786 591 consumptarum.
818 551 858 581 Et
880 551 941 580 hoc
965 557 1011 580 est
1037 551 1124 591 quod
1157 551 1301 581 doctores

239 597 348 627 dicunt
378 596 457 626 dum
480 596 595 626 docent
624 595 714 635 quod
743 601 867 625 tenetur
893 595 1058 625 refundere
1086 595 1216 635 quilibet
1243 605 1301 635 pro

238 639 386 681 portione
408 648 490 680 quae
513 639 553 669 ad
576 646 651 669 eum
675 637 809 669 devenit.

294 684 328 714 In
352 683 444 714 tertio
468 692 552 719 casu,
564 704 565 707 =
576 682 706 722 quando
722 682 762 712 ad
778 681 905 713 nullum
923 681 1029 722 portio
1045 682 1150 723 aliqua
1167 682 1300 718 devenit,

239 729 411 760 obscurum
434 733 481 757 est
503 737 544 758 an
566 725 619 757 alii
641 732 808 758 teneantur
826 726 1001 758 refundere.
1025 726 1109 758 Nam
1122 726 1243 757 ratione
1259 726 1302 756 rei

238 771 346 803 nullus
368 777 508 807 tenetur,
532 770 614 800 sicut
634 769 668 800 in
691 770 849 810 prioribus
873 771 1005 802 casibus.
1037 771 1172 803 Ratione
1194 777 1303 800 autem

238 814 386 852 actionis,
410 824 474 855 qua
496 814 684 845 tenebantur
706 814 874 851 iniuriam,
897 825 964 845 non
987 822 1134 856 tenentur
1155 814 1206 845 isti
1235 820 1302 844 tan-

238 868 336 900 quam
360 858 532 898 subrogato
555 857 588 888 in
611 857 739 888 iniuria:
764 859 839 900 quia
854 858 912 889 iste
927 859 982 900 qui
997 859 1132 890 restituit
1150 867 1216 887 non
1233 857 1304 887 sub-

238 909 368 944 rogatur
387 902 422 933 in
445 901 569 937 iniuria,
595 909 630 932 ut
652 908 747 942 patet.
772 902 905 934 Videtur
927 909 1034 934 autem
1058 901 1136 933 mihi
1160 899 1303 931 conside-

239 1079 335 1117 currit
358 1079 512 1111 damnum
543 1089 610 1110 non
633 1079 775 1119 sequitur
797 1078 886 1119 quod
909 1077 1023 1119 aliquis
1046 1083 1189 1110 teneatur
1211 1076 1304 1108 illum

239 1134 256 1154 a
275 1119 400 1154 ‘damno
423 1123 570 1158 relevare,
594 1128 630 1152 ut
651 1129 752 1162 patet:
777 1121 831 1152 sed
855 1131 892 1151 ex
915 1121 977 1152 hoc
1000 1122 1089 1162 quod
1113 1121 1226 1162 aliquis
1250 1131 1303 1162 pa-

239 1168 315 1199 titur
336 1167 376 1198 ab
406 1167 514 1207 aliquo
537 1165 691 1196 damnum
722 1165 801 1196 bene
830 1165 973 1206 sequitur
1001 1166 1091 1206 quod
1117 1165 1156 1196 sit
1186 1166 1224 1195 ab
1248 1165 1304 1195 illo

239 1211 435 1242 relevandus.
459 1210 510 1240 Ad
525 1209 588 1240 hoc
602 1215 710 1240 autem
725 1209 971 1240 discernendum
986 1216 1113 1250 oportet
1127 1209 1303 1250 perspicere
1330 1213 1332 1238 Ρ

238 1265 279 1291 an
301 1255 355 1287 ille
377 1264 461 1286 unus
491 1253 547 1294 qui
569 1253 691 1293 integre
712 1254 847 1285 restituit
874 1253 968 1285 fuen't
990 1254 1154 1290 inductus,
1178 1261 1235 1284 aut
1256 1253 1305 1284 in·
1330 1270 1332 1277 ν

239 1300 375 1335 ducens,
397 1305 454 1329 aut
475 1307 576 1341 aeque
598 1304 794 1338 spontaneus
823 1298 863 1328 ad
889 1298 1189 1329 damnificationem.
1221 1297 1305 1335 Quia
1331 1309 1332 1312 ¹

238 1340 265 1386 si
282 1340 349 1382 *fuit
370 1341 708 1385 indgmsytenentur
730 1342 800 1379 alii,
831 1342 887 1383 qui
911 1342 1018 1382 ipsum
1047 1343 1087 1373 ad
1111 1341 1304 1374 maleficium

215 1382 442 1421 νᾼίἥάῦὶεὲιῖῐία
463 1386 503 1416 ad
526 1385 760 1417 refundendum
776 1386 805 1416 ei
827 1386 938 1417 saltem
959 1387 1067 1427 aequis
1086 1386 1304 1427 portionibus:

238 1428 395 1474 qtzoniam
412 1429 562 1460 inductus
584 1431 624 1460 ad
647 1430 850 1467 maleficium,
875 1440 912 1461 ex
930 1431 992 1461 hoc
1006 1431 1078 1470 ipso
1102 1430 1190 1471 quod
1213 1430 1305 1460 indu-

239 1483 308 1508 ctus
327 1482 374 1506 est
395 1474 728 1505 advdamnificandum
744 1474 854 1511 alium,
879 1481 1108 1515 consequenter
1131 1475 1245 1504 ductus
1261 1481 1308 1505 est

239 1520 422 1554 ad‘statum
451 1519 484 1550 in
507 1528 575 1559 quo
603 1525 728 1551 tenetur
750 1519 790 1549 ad
813 1518 1070 1549 satisfaciendum
1092 1518 1125 1548 in
1147 1518 1304 1554 solidum;

239 1573 354 1608 seper
372 1563 444 1599 hoc,
458 1563 499 1594 ab
522 1562 745 1605 inducentibus
769 1572 881 1602 passus
905 1569 951 1592 est
974 1572 1030 1602 per
1051 1562 1136 1593 viam
1160 1562 1306 1602 sequelae

239 1605 303 1644 hoc
325 1604 496 1644 damnum;
519 1613 551 1637 et
572 1605 618 1642 sic
639 1606 697 1637 iste
719 1605 869 1638 inductus
890 1616 957 1636 non
981 1606 1088 1637 solum
1112 1606 1251 1637 succedit
1274 1605 1307 1636 in

240 1647 370 1688 diffluo,
391 1651 446 1682 sed
468 1649 620 1694 etia'm'in
642 1648 836 1681 damnificari
853 1651 890 1680 ab
908 1650 1037 1680 eisdem.
1061 1668 1083 1673 -
1106 1650 1139 1680 Si
1155 1660 1230 1680 vero
1246 1649 1306 1681 fuit

239 1694 389 1727 inductor
408 1693 547 1725 aliorum
560 1692 613 1724 s'ad
636 1693 830 1725 maleficium
852 1694 905 1724 ille
933 1693 989 1734 qui
1011 1695 1131 1734 integre
1155 1694 1305 1729 restituit,

239 1742 308 1771 nun
329 1744 477 1771 tenentur
490 1738 612 1769 inducti
627 1739 668 1769 ad
683 1739 919 1770 refundendum
935 1738 1048 1770 eidem.
1073 1739 1158 1776 Quia
1172 1738 1223 1769 isti
1240 1747 1305 1768 non

240 1783 522 1819 manaverunt
537 1783 724 1815 deducendo
738 1783 846 1823 ipsum
861 1783 902 1813 ad
917 1789 1036 1814 statum
1051 1783 1084 1813 in
1099 1793 1167 1823 quo
1183 1789 1308 1814 tenetur

239 1828 286 1872 *di
299 1827 535 1862 „restituendum
555 1827 588 1858 in
611 1827 764 1863 solidum,
788 1827 842 1858 sed
867 1837 883 1857 e
899 1833 1018 1858 contra.
1043 1827 1136 1858 Unde
1159 1827 1217 1857 iste
1240 1837 1306 1858 non

239 1870 379 1904 succedit
401 1871 461 1902 nisi
480 1871 609 1902 damno.
633 1889 654 1894 -
678 1871 711 1902 Si
727 1878 834 1902 autem
849 1881 949 1912 aeque
965 1878 1159 1911 spontaneus
1177 1870 1236 1901 fuit
1254 1871 1306 1902 ille

240 1916 297 1967 qui
311 1916 431 1956 integre
445 1915 589 1951 restituit,
606 1915 649 1946 ita
672 1915 761 1956 quod
780 1925 837 1946 nec
853 1915 976 1946 induxit
995 1925 1052 1945 nec
1068 1915 1216 1946 inductus
1236 1914 1305 1951 fuit,

239 1958 661 2001 trineaubdistinguendum
685 1966 739 1990 est.
771 1961 838 1990 Aut
860 1958 1095 1990 illesinealiis
1124 1959 1163 1989 ad
1187 1958 1306 1990 malefi-

241 2005 328 2043 ἅλιξι
347 2004 598 2046 perpetrandum
619 2013 685 2034 non
708 2003 829 2034 ivisset:
853 2009 931 2043 puta
954 2003 1029 2043 quia
1051 2003 1229 2043 periculosa
1253 2013 1306 2043 ag-

240 2049 375 2090 grenio,
398 2048 449 2079 vel
469 2048 540 2081 sine
555 2047 652 2079 sociis
674 2057 740 2079 non
764 2047 876 2081 fuisset
897 2057 1012 2084 ausus,
1036 2049 1087 2078 vel
1109 2048 1306 2080 huiusmodi.

239 2093 457 2135 Etffiicrcum
479 2102 537 2133 par
557 2092 598 2123 sit
620 2092 660 2122 de
682 2091 832 2123 omnibus
856 2092 1041 2123 huiusmodi
1061 2092 1151 2129 ratio,
1175 2092 1308 2133 quilibet

240 2133 340 2174 alium
361 2135 524 2179 praedicto
539 2135 639 2168 modo
655 2135 868 2170 damnificavit
882 2136 1042 2172 indirecte,
1062 2137 1218 2177 quoniam
1237 2136 1307 2177 qui-

238 2178 316 2212 libet
337 2179 447 2221 pbsuit
468 2180 593 2212 socium
612 2180 646 2211 in
662 2186 744 2210 statu
760 2178 945 2211 restituendi
958 2180 991 2210 in
1008 2180 1167 2211 solidum:
1192 2190 1228 2211 ac
1250 2190 1307 2220 per

239 2223 312 2262 hoc,
332 2225 441 2266 aequis
464 2222 576 2255 saltem
597 2223 970 2264 portionibustenentur
985 2225 1013 2255 ei
1032 2225 1088 2265 qui
1102 2225 1238 2255 restituit
1259 2234 1307 2254 re-
1331 2231 1332 2252 l

239 2270 383 2305 fundere,
406 2275 438 2300 et
459 2268 582 2309 gratias,
596 2277 686 2308 agere
704 2268 749 2298 illi
769 2268 877 2308 quod-
885 2268 1001 2308 eripuit
1023 2278 1079 2299 eos
1093 2268 1133 2299 ab
1149 2279 1246 2300 onere
1260 2278 1306 2299 re·
1331 2290 1333 2295 .

239 2313 392 2350 stituendi
419 2313 454 2344 in
476 2313 626 2344 solidum.
652 2315 726 2345 Aut
746 2312 888 2352 quilibet
917 2312 984 2343 sine
1011 2313 1080 2343 aliis
1107 2313 1228 2350 ivisset,
1251 2313 1307 2344 sed

239 2365 347 2391 tamen
362 2357 518 2389 socialiter
532 2357 669 2389 iverunt.
691 2357 734 2388 Et
755 2363 833 2387 tunc
856 2357 896 2387 de
911 2356 1014 2397 rigore
1029 2357 1106 2388 iuris
1131 2367 1198 2387 non
1212 2357 1306 2388 video

239 2398 330 2445 <pind
358 2408 525 2434 teneantur
546 2401 599 2437 alii
626 2400 729 2434 eidem
753 2400 938 2433 refundere:
969 2402 1044 2442 quia
1072 2401 1180 2432 nullus
1207 2402 1307 2432 aliurn

240 2444 462 2489 damnificavit.
488 2444 642 2483 Quamvis
666 2445 705 2475 de
724 2445 880 2485 aequitate
904 2445 1052 2476 deberent
1075 2445 1240 2476 refundere
1265 2446 1308 2476 ei-

241 2488 331 2531 dem:
354 2498 495 2531 aequum
509 2489 629 2530 quippe
645 2495 692 2519 est
714 2495 749 2520 ut
773 2488 850 2519 socii
871 2489 905 2519 in
925 2489 1044 2520 damno
1061 2489 1226 2520 inferendo
1246 2490 1308 2521 sint

197 2570 205 2571 ἶ
241 2535 338 2567 etiam
360 2533 493 2568 socii-in
517 2533 857 2564 damno-sustinendo.

259 2579 353 2613 fflAd,
363 2585 589 2618 argumentum
596 2578 695 2617 igitur
710 2587 748 2608 ex
763 2577 867 2609 littera
876 2585 1080 2618 assumptum
1092 2578 1205 2609 dicitur
1219 2578 1308 2619 quod

240 2626 363 2666 Auctor
390 2622 535 2665 loquitur
557 2622 591 2653 in
611 2622 714 2653 littera
742 2622 783 2652 de
805 2622 1048 2662 surripientibus
1070 2632 1136 2659 res,
1161 2629 1196 2653 ut
1221 2628 1309 2662 patet

240 2668 251 2699 i
277 2673 495 2709 ‚argumentm
519 2676 601 2708 quos
622 2675 810 2702 concessum
824 2673 871 2698 est
893 2667 992 2698 teneri
1010 2667 1050 2698 ad
1072 2666 1309 2698 refundendum

240 2711 362 2743 ratione
386 2711 440 2747 rei,
465 2721 547 2751 quae
570 2710 610 2740 ad
633 2720 688 2741 eos
710 2710 862 2751 pervenit.
886 2711 954 2741 Nos
970 2717 1076 2742 autem
1096 2710 1261 2752 loquimur
1275 2710 1308 2741 in

241 2756 304 2794 hoc
318 2755 434 2786 ultimo
458 2755 497 2785 de
519 2754 658 2796 praecise
677 2753 952 2786 damnificantibns
968 2755 1103 2786 alterum
1121 2755 1188 2785 sine
1205 2755 1309 2786 cuius-

242 2805 383 2839 cumque
409 2799 517 2829 lucro:
546 2799 586 2829 de
613 2798 730 2839 quibus
754 2799 850 2830 etiarn
879 2799 943 2830 dixi
969 2800 1060 2840 quod
1083 2799 1163 2829 mihi
1185 2799 1310 2830 videtur

242 2843 358 2877 rationi
381 2852 573 2876 consonum.

296 2887 338 2920 X.
361 2886 398 2917 In
420 2886 531 2918 eadem
554 2886 761 2927 responsione
785 2887 824 2917 ad
847 2887 976 2918 tertium
1000 2886 1143 2919 eiusdem
1165 2887 1242 2918 sexti
1262 2897 1309 2917 ar-

242 2931 331 2963 ticuli
354 2929 489 2963 dubium
512 2930 716 2971 quorundam
739 2930 875 2962 occurrit
898 2930 978 2962 circa
1000 2931 1113 2962 ultima
1127 2931 1231 2967 verba,
1252 2930 1310 2961 sci-

242 2975 336 3012 licet,
360 2974 444 3017 quod
457 2974 476 2994 *
498 2979 603 3005 tamen
621 2979 728 3015 potest
750 2975 943 3012 condonare,
968 2985 1008 3004 an
1031 2974 1057 3004 is
1081 2974 1136 3016 qui
1158 2974 1199 3004 ad
1222 2973 1309 3005 resti-

244 3019 402 3051 tuendum
423 3025 548 3050 tenetur
577 3018 742 3049 absolutus
766 3018 805 3049 sit
827 3027 936 3049 coram
958 3018 1029 3049 Deo
1052 3029 1070 3048 a
1094 3018 1200 3049 debito
1223 3017 1310 3049 resti-

243 3063 377 3095 tutionis
399 3073 438 3094 ex
455 3063 516 3094 hoc
538 3063 629 3104 quod
650 3063 742 3103 petiit
760 3063 799 3094 ab
816 3069 855 3093 eo
871 3063 922 3094 cui
938 3068 1063 3094 tenetur
1078 3062 1309 3099 remissionem,

245 3114 276 3139 et
297 3107 410 3140 habuit
430 3107 470 3139 ab
485 3117 525 3140 eo
541 3107 696 3148 gratiam:
721 3117 762 3138 an
777 3107 953 3148 requiratur
975 3107 1064 3148 quod
1083 3107 1193 3138 offerat
1214 3116 1310 3147 pecu-

245 3152 332 3183 niam
354 3152 405 3182 vel
427 3161 495 3182 rem
516 3151 549 3182 in
569 3158 732 3192 promptu.
757 3151 798 3182 Et
821 3157 867 3182 est
889 3151 968 3183 ratio
991 3150 1142 3182 movendi
1165 3151 1227 3182 hoc
1250 3151 1308 3182 du-

244 3196 335 3227 bium
359 3195 519 3227 diversitas
542 3195 743 3236 scriptorum.

393 3607 501 3631 Summa
521 3606 622 3632 Tui-701..
642 3607 672 3630 D.
693 3607 806 3631 Tantum:
826 3606 857 3630 Τ.
877 3606 920 3630 Vl.

1412 332 1463 361 Ad
1483 331 1543 362 hoc
1566 331 1699 361 breviter
1718 331 1830 361 dicitur
1849 330 1937 371 quod
1961 340 2167 371 quocumque
2190 330 2289 360 modo
2314 341 2420 370 perve-

1355 374 1459 406 niatur
1489 376 1527 405 ad
1551 375 1612 406 hoc
1636 375 1723 415 quod
1753 375 1903 405 dominus
1928 374 1990 410 rei,
2015 384 2069 404 seu
2095 372 2145 404 cui
2170 374 2324 405 restitutio
2355 374 2423 405 fieri

1355 420 1456 455 debet,
1481 420 1577 449 libere
1601 419 1699 449 donat
1722 427 1776 450 aut
1800 418 1939 454 remittit,
1965 419 2129 448 absolutus
2154 426 2199 449 est
2223 418 2345 449 debitor
2369 429 2422 448 co-

1355 473 1423 493 ram
1446 463 1532 493 Deo:
1562 463 1640 492 nihil
1663 463 1749 493 enim
1772 463 1865 493 refert
1886 462 2049 503 precibus,
2075 463 2230 503 obsequio
2255 462 2304 492 vel
2328 463 2422 493 inter-

1356 507 1496 537 cessione
1521 513 1575 537 aut
1603 506 1762 537 oblatione
1790 514 1844 537 aut
1874 506 1988 547 quovis
2016 506 2078 536 alio
2108 507 2207 537 modo
2237 516 2421 546 procurare,

1355 551 1534 580 dummodo
1559 550 1758 590 perveniatur
1782 551 1820 581 ad
1843 551 1876 581 id
1899 551 1984 580 unde
2008 550 2124 590 pendet
2146 551 2312 581 vinculum
2335 551 2422 581 resti-

1355 594 1496 630 tutionis,
1521 594 1651 624 liberam
1667 594 1784 624 scilicet
1805 595 2003 625 voluntatem
2027 594 2159 630 domini,
2184 604 2240 635 per
2263 604 2360 635 quam
2377 601 2422 625 est

1355 647 1520 678 possessor
1543 644 1573 668 et
1597 638 1780 668 distributor
1803 645 1834 669 et
1861 638 1996 669 donator
2019 647 2124 669 rerum
2149 648 2291 670 suarum.
2321 638 2422 676 Quid-

1355 681 1433 722 quid
1453 688 1559 711 autem
1578 681 1802 712 rationabiliter
1821 682 1853 712 in
1868 683 1926 713 hac
1942 692 1974 712 re
1998 683 2159 714 dubitatur
2182 690 2230 713 est
2250 693 2310 723 pro
2333 689 2422 714 tanto

1356 725 1431 766 quia
1454 725 1615 756 dubitatur
1637 735 1676 755 an
1699 726 1795 756 libere
1819 726 1871 757 ille
1894 727 2072 757 donet'sua
2098 737 2179 767 quae
2203 737 2269 758 non
2292 733 2368 758 sunt
2388 727 2422 757 in

1355 779 1412 800 sua
1428 775 1583 809 potestate
1599 770 1711 808 posita.
1729 770 1788 800 Sed
1806 770 1867 800 hoc
1884 777 1914 800 et
1929 777 2031 801 cetera
2045 771 2140 801 dubia
2157 777 2279 802 cessant
2291 771 2422 812 quando

1357 819 1480 843 constat
1503 823 1539 843 ex
1559 813 1661 843 verbis
1686 814 1843 849 donantis,
1868 815 1986 854 absque
2010 822 2107 851 metu,
2132 814 2251 851 fraude,
2277 815 2421 855 despera-

1328 877 1330 897 ;
1355 857 1442 887 tione
1458 855 1501 887 rei
1517 857 1757 896 recuperandae,
1775 864 1814 893 et,
1832 858 1974 894 breviter,
1992 858 2141 889 omnibus
2157 859 2342 890 facientibus
2365 869 2421 889 vo-

1328 900 1330 938 }
1356 900 1529 931 luntarium
1553 900 1697 935 mixtum,
1722 902 1809 941 quod
1833 901 1900 941 ipse
1924 902 2019 932 libere
2044 903 2150 933 donat.
2180 903 2246 933 Nec
2270 903 2373 933 obstat
2396 903 2423 933 si

238 947 374 978 randum
402 953 435 977 et
462 946 725 985 distinguendum
749 956 815 977 esse
845 957 885 977 an
915 947 967 977 ille
991 957 1074 978 unus
1104 944 1160 986 qui
1183 945 1303 984 integre
1329 951 1330 971 ἢ

238 991 374 1027 restituit
395 991 543 1022 succedat
564 990 768 1022 damnificato
790 991 822 1021 in
847 991 966 1022 damno
988 997 1123 1027 tantum,
1148 998 1188 1018 an
1209 988 1303 1019 etiam
1329 1002 1330 1010 κ

238 1035 450 1069 induentium
473 1035 538 1076 pati
559 1035 599 1065 ab
615 1035 742 1066 eisdem.
767 1035 850 1065 Nam
873 1044 910 1064 ex
932 1034 994 1065 hoc
1017 1035 1106 1075 quod
1129 1032 1244 1073 aliquis
1259 1033 1304 1063 in-
1329 1037 1331 1076 ζ

1358 943 1437 974 forte
1461 944 1564 979 idem,
1589 944 1695 974 oblata
1718 954 1766 980 re,
1792 955 1856 975 non
1882 946 1979 976 donat
2008 953 2063 976 aut
2085 947 2227 977 donaret.
2259 946 2422 984 Quoniam

1357 988 1530 1028 praesentia
1553 988 1596 1018 rei
1620 995 1727 1019 movet
1750 989 1790 1018 ad
1813 989 1991 1029 cupiditatis
2018 990 2215 1029 passionem,
2242 1000 2278 1020 ex
2301 1000 2364 1031 qua
2387 990 2424 1021 fit

1357 1032 1409 1062 ille
1430 1032 1603 1068 illiberalis;
1628 1039 1711 1062 extra
1735 1042 1833 1072 quam
1856 1033 2036 1072 passionem
2060 1034 2203 1070 existens,
2228 1034 2260 1064 in
2284 1034 2423 1065 absentia

1358 1086 1481 1112 rerum,
1506 1075 1672 1106 liberaliter
1696 1077 1809 1106 donat:
1840 1076 1961 1107 facilius
1986 1085 2031 1108 est
2059 1077 2144 1108 enim
2174 1087 2239 1108 esse
2263 1078 2423 1109 liberalem

1356 1120 1389 1150 in
1413 1120 1563 1150 donando
1584 1130 1640 1150 sua
1663 1130 1745 1160 quae
1768 1129 1834 1150 non
1858 1121 2008 1160 possidet,
2034 1131 2132 1161 quarn
2149 1121 2339 1152 extrahendo
2356 1132 2373 1152 a
2390 1133 2422 1152 se

1357 1173 1438 1204 quae
1467 1164 1616 1204 possidet.
1649 1164 1741 1194 Unde
1765 1165 1933 1204 scrupulus
1956 1165 2013 1195 iste
2043 1165 2222 1205 superfluus
2247 1173 2301 1196 est.
2335 1162 2422 1203 Quin

1358 1208 1482 1248 potius,
1506 1209 1532 1238 si
1556 1208 1716 1238 restitutor
1743 1208 1775 1238 in
1803 1208 1931 1239 veritate
1962 1216 2089 1248 paratus
2114 1217 2160 1239 est
2191 1217 2220 1240 et
2243 1219 2364 1249 pauper
2394 1218 2424 1240 et

1357 1253 1493 1284 creditor
1515 1252 1611 1288 dives,
1636 1259 1668 1283 et
1689 1252 1906 1283 universaliter
1928 1254 2058 1293 quando
2084 1253 2214 1284 donatio
2237 1260 2318 1284 esset
2341 1264 2424 1294 opus

1358 1297 1498 1337 pietatis,
1523 1296 1755 1327 consulendum
1785 1303 1832 1327 est
1861 1304 1897 1327 ut
1924 1297 2104 1328 absentibus
2128 1298 2220 1328 rebus
2252 1304 2338 1337 petat
2368 1299 2424 1328 do-

1358 1341 1538 1372 nationem:
1570 1350 1608 1371 ne
1632 1340 1725 1371 intret
1752 1340 1886 1371 creditor
1914 1341 1946 1372 in
1975 1342 2182 1372 tentationem
2210 1341 2424 1372 illiberalitatis

1331 1408 1333 1412 ,
1357 1395 1394 1415 ex
1412 1385 1586 1424 praesentia
1605 1394 1720 1420 rerum,
1742 1385 1805 1420 sed,
1823 1390 1907 1415 extra
1924 1395 2055 1416 omnem
2079 1386 2260 1426 passionem
2278 1385 2421 1422 existens,

1357 1429 1525 1460 liberaliter
1548 1429 1654 1459 donet.
1687 1429 1876 1468 Experimur
1899 1430 1983 1459 enim
2006 1430 2039 1459 in
2064 1429 2132 1459 aliis
2162 1430 2251 1470 quod
2274 1430 2423 1461 virtutem

1357 1473 1480 1504 facilius
1503 1483 1665 1503 servamus
1689 1473 1802 1503 remoti
1819 1483 1836 1503 a
1851 1474 2026 1513 praesentia
2043 1474 2256 1504 obiectorum:
2281 1481 2317 1504 ut
2339 1481 2424 1514 patet

1358 1517 1391 1547 in
1407 1517 1484 1548 cibis
1506 1523 1537 1547 et
1551 1517 1701 1547 venereis.
1726 1518 1791 1547 Nec
1815 1524 1980 1556 propterea
2003 1528 2068 1548 non
2091 1518 2198 1549 libere.
2212 1518 2422 1549 abstinemus:

1359 1561 1433 1602 quia
1457 1567 1541 1591 extra
1568 1560 1777 1600 praesentiam
1801 1561 2000 1591 obiectorum
2023 1562 2119 1592 sobrii
2142 1568 2172 1592 et
2196 1562 2270 1592 casti
2294 1571 2422 1598 sumus,

1359 1605 1415 1646 qui
1438 1604 1518 1635 forte
1541 1604 1574 1634 in
1598 1604 1773 1644 praesentia
1796 1604 1984 1635 laberemur.

1413 1648 1468 1679 XI.
1494 1647 1585 1679 Circa
1609 1648 1767 1689 praedicta
1791 1649 1927 1679 occurrit
1950 1658 2072 1678 novum
2096 1649 2246 1685 dubium,
2272 1660 2327 1686 an,
2352 1649 2424 1689 plu-

1332 1702 1333 1726 ]
1359 1692 1445 1723 ribus
1461 1693 1494 1722 in
1510 1692 1650 1723 solidum
1666 1692 1812 1731 obligatis
1828 1693 1867 1722 ad
1883 1693 2127 1728 restitutionem,
2151 1693 2251 1733 possit
2274 1693 2424 1723 dominus

1358 1738 1490 1777 gratiam
1506 1737 1700 1767 remissionis
1724 1736 1916 1777 quibusdam
1934 1737 2035 1767 facere
2055 1743 2085 1767 et
2105 1743 2210 1767 toturn
2226 1738 2264 1767 ab
2281 1747 2347 1767 uno
2363 1738 2424 1767 exi-

1359 1791 1441 1821 gere,
1465 1781 1497 1812 in
1522 1781 1593 1812 foro
1611 1780 1830 1812 conscientiae.
1854 1781 1895 1811 Et
1914 1788 1961 1812 est
1975 1781 2054 1812 ratio
2071 1781 2158 1811 dubii
2173 1781 2249 1821 quia
2265 1781 2424 1817 dominus,

1358 1825 1549 1856 remittendo
1572 1825 1774 1866 quibusdam,
1799 1825 1897 1856 donat
1911 1825 1956 1855 eis
1979 1825 2135 1865 quidquid
2158 1825 2275 1856 habent
2298 1826 2336 1855 de
2353 1836 2422 1856 suo.

1360 1870 1458 1907 Quod
1481 1877 1588 1900 autem
1611 1869 1727 1900 donavi
1753 1869 1825 1906 uni,
1850 1879 1916 1900 non
1941 1869 2040 1900 debeo
2065 1869 2202 1909 amplius
2229 1870 2267 1900 ab
2291 1869 2353 1900 alio
2378 1880 2425 1900 re-

1359 1921 1480 1954 petere:
1506 1913 1648 1954 alioquin
1666 1923 1732 1943 non
1748 1913 1911 1954 simplum,
1937 1914 1991 1943 sed
2014 1913 2260 1954 multiplicatum
2284 1913 2424 1944 restitue-

1358 1966 1452 1989 retur.
1478 1976 1498 1981 —
1523 1959 1558 1988 In
1583 1958 1771 1998 oppositum
1794 1965 1902 1988 autem
1925 1964 1972 1988 est
1995 1957 2070 1997 quia
2093 1957 2201 1987 omnia
2223 1958 2292 1988 iura
2315 1967 2425 1988 conce-

1359 2003 1440 2033 dunt
1463 2009 1572 2033 contra
1595 2002 1770 2043 quemlibet
1793 2011 1906 2032 eorum
1930 2001 1985 2042 qui
2008 2008 2155 2032 tenentur
2177 2001 2210 2031 in
2227 2001 2367 2032 solidum
2386 2002 2424 2032 ad

1358 2047 1602 2084 restitutionem,
1626 2056 1719 2087 posse
1743 2044 1804 2085 agi.

1415 2092 1468 2122 Ad
1489 2091 1552 2121 hoc
1575 2090 1689 2122 dicitur
1711 2090 1800 2131 quod
1831 2099 1905 2120 cum
1930 2090 2060 2120 donatio
2085 2090 2124 2120 de
2144 2099 2218 2126 suo,
2244 2096 2274 2120 et
2297 2100 2363 2120 non
2387 2090 2424 2120 de

1330 2149 1336 2166 ι
1359 2136 1462 2166 alieno
1487 2142 1541 2166 aut
1564 2134 1616 2166 alii
1636 2134 1743 2165 debito
1769 2134 1836 2164 fieri
1857 2133 1972 2174 possit;
1997 2134 2022 2164 si
2037 2134 2186 2164 dominus
2204 2134 2254 2164 cui
2270 2134 2424 2164 restitutio

1358 2180 1500 2210 facienda
1524 2186 1570 2210 est
1596 2177 1764 2209 liberaliter
1788 2178 1902 2214 donat,
1927 2188 1993 2208 non
2020 2178 2111 2208 debet
2138 2177 2170 2207 in
2196 2177 2425 2218 praeiudicium

1359 2224 1495 2254 aliorum
1521 2222 1707 2253 huiusmodi
1736 2222 1866 2252 donatio
1893 2222 2078 2252 redundare.
2112 2222 2292 2252 Verteretur
2318 2229 2425 2252 autem

1357 2269 1390 2298 in
1414 2268 1645 2308 praeiudicium
1661 2267 1797 2297 aliorum
1821 2267 1857 2302 si,
1874 2266 1943 2297 istis
1959 2266 2015 2306 qui
2030 2272 2178 2296 tenentur
2192 2273 2247 2296 aut
2265 2266 2425 2296 restituere

1338 2319 1414 2350 *aut
1442 2312 1609 2343 refundere
1640 2310 1872 2343 restitutoribus
1900 2310 2072 2347 absolutis,
2095 2310 2156 2350 ipsi
2183 2310 2244 2340 soli
2271 2311 2425 2340 damnum

1358 2364 1465 2388 totum
1487 2356 1691 2387 incurrerent.
1723 2356 1827 2386 Immo
1856 2355 2037 2395 contingere
2061 2354 2154 2384 etiam
2185 2362 2293 2394 posset
2316 2364 2425 2385 secun-

1359 2402 1438 2435 dum
1465 2401 1528 2431 hoc
1559 2401 1647 2442 quod
1671 2400 1726 2441 qui
1751 2399 1829 2430 nihil
1857 2399 2058 2435 habuissent,
2084 2398 2277 2429 restituendo
2301 2405 2423 2434 totum,

1359 2446 1513 2475 damnum
1537 2444 1744 2480 incurrerent;
1770 2450 1800 2474 et
1823 2442 1867 2473 illi
1891 2444 1946 2483 qui
1966 2443 2069 2473 adhuc
2092 2453 2139 2473 res
2155 2442 2254 2472 salvas
2278 2442 2427 2473 haberent

1359 2491 1485 2520 lucrum
1509 2494 1705 2528 reportarent
1726 2497 1832 2518 rerum
1855 2487 1994 2523 illarum;
2020 2494 2050 2517 et
2073 2486 2235 2522 dominus,
2261 2486 2316 2527 qui
2339 2487 2426 2526 prius

1359 2533 1579 2564 damnificatus
1602 2539 1682 2569 erat,
1708 2539 1739 2562 et
1761 2532 1793 2562 in
1818 2532 1907 2562 nullo
1935 2537 2110 2561 remaneret
2137 2530 2371 2567 damnificatus,
2397 2537 2427 2561 et

1360 2578 1488 2609 effectus
1511 2584 1592 2608 esset
1614 2577 1750 2608 liberalis
1773 2586 1879 2606 rerum
1901 2576 1987 2606 illius
2011 2575 2066 2615 qui
2089 2575 2235 2606 restituit:
2260 2575 2348 2615 quod
2371 2575 2427 2605 ini-

1360 2623 1481 2664 quitate
1503 2622 1637 2662 plenum
1661 2628 1715 2654 est,
1739 2621 1815 2651 Non
1837 2627 1942 2661 potest
1965 2629 2040 2659 ergo
2064 2619 2213 2649 dominus
2238 2619 2288 2649 cui
2305 2618 2426 2649 restitui

1360 2667 1454 2697 debet
1484 2666 1602 2696 donare
1629 2665 1661 2696 in
1685 2675 1759 2695 casu
1789 2664 1822 2694 in
1843 2674 1909 2704 quo
1940 2669 2086 2695 tenentur
2113 2663 2165 2694 alii
2192 2662 2358 2694 refundere
2380 2673 2426 2693 re-

1361 2710 1518 2746 stituenti,
1554 2710 1586 2739 in
1621 2708 1850 2749 praeiudicium
1883 2706 2084 2738 re‘stituentis.
2126 2707 2167 2737 Et
2196 2713 2363 2747 propterea
2401 2707 2427 2737 si

1361 2754 1491 2785 donavit
1514 2753 1706 2794 quibusdam
1729 2753 1860 2788 talibus,
1883 2751 1939 2792 qui
1963 2751 2079 2782 scilicet
2108 2751 2299 2781 tenebuntur
2320 2751 2425 2781 refun-

1361 2799 1434 2829 dere
1456 2798 1502 2828 illi
1526 2798 1581 2838 qui
1605 2797 1755 2833 restituet,
1780 2806 1846 2827 non
1869 2802 1974 2836 potest
1996 2796 2028 2825 in
2053 2795 2123 2825 foro
2141 2795 2349 2825 conscientiae
2373 2804 2426 2834 pe-

1361 2850 1426 2874 tere
1456 2843 1495 2872 ab
1524 2851 1592 2872 uno
1621 2842 1777 2880 integram
1806 2840 2054 2875 restitutionem,
2079 2839 2134 2869 sed
2164 2845 2289 2870 tantum
2318 2838 2426 2869 minus

1362 2893 1521 2927 quantum
1549 2885 1679 2916 donavit
1708 2884 1794 2915 aliis:
1825 2891 1856 2915 et
1882 2884 1941 2914 sibi
1963 2883 2024 2923 ipsi
2046 2884 2192 2923 imputet,
2217 2883 2273 2923 qui
2296 2882 2426 2912 donavit

1362 2940 1468 2965 suum,
1492 2929 1518 2960 si
1540 2929 1621 2960 illud
1643 2939 1709 2959 non
1732 2927 1835 2960 habet.

1417 2973 1514 3004 Secus
1529 2980 1635 3004 autem
1652 2978 1732 3003 esset
1753 2972 1778 3002 si
1794 2982 1859 3002 non
1876 2971 2033 3007 donasset,
2050 2970 2105 3000 sed
2120 2970 2219 3000 nollet
2235 2980 2289 3000 eos
2305 2980 2425 3005 vexare,

1362 3018 1416 3048 sed
1440 3018 1479 3048 ab
1502 3027 1570 3047 uno
1593 3023 1718 3048 tanturn
1741 3015 1878 3056 exigere:
1903 3022 1934 3046 et
1955 3015 2016 3055 ipsi
2039 3015 2120 3045 inter
2143 3023 2175 3045 se
2198 3014 2424 3054 postmodum,

1361 3062 1417 3103 qui
1439 3068 1587 3092 tenentur
1604 3061 1642 3097 ,in
1657 3061 1807 3096 solidum,
1824 3060 1968 3090 viderint.
1991 3060 2033 3090 Et
2055 3059 2117 3089 hoc
2140 3059 2319 3089 concedunt
2341 3058 2425 3088 iura:

1362 3113 1392 3137 et
1414 3115 1482 3137 non
1504 3106 1594 3147 quod
1617 3105 1779 3145 portiones
1797 3105 1932 3135 donatae
1948 3103 2141 3144 quibusdam
2156 3103 2318 3142 exigantur
2340 3108 2426 3142 post-

1362 3151 1499 3181 modum
1518 3151 1556 3180 ab
1576 3160 1642 3180 uno
1659 3156 1712 3180 aut
1731 3149 1875 3190 pluribus
1891 3148 2103 3188 obligatorum
2119 3148 2152 3177 in
2168 3147 2316 3177 solidum.
2337 3147 2426 3183 Quo-

1363 3195 1449 3225 niam
1473 3194 1545 3231 hoc,
1570 3202 1605 3225 ut
1627 3200 1712 3234 patet
1736 3203 1772 3224 ex
1795 3193 1969 3234 praedictis,
1994 3192 2140 3233 iniquum
2165 3198 2219 3221 est.
