2860 4244
126 804 133 811 ·
154 802 188 823 Cf.
212 808 248 829 qu.
271 807 332 828 xcrx,

125 828 210 849 Introd.

124 1684 130 1691 ·
140 1683 172 1703 lta
181 1682 314 1710 lurisperiti.
323 1695 332 1699 -
362 1703 364 1705 .

123 1709 156 1730 Ct'.
165 1709 330 1740 B.Alb.Magn.

122 1735 154 1756 lv
175 1736 253 1762 Sent.,
278 1736 331 1757 dist.

122 1769 174 1784 xxv.
189 1767 230 1783 art.
245 1769 264 1783 2.

124 1788 240 1819 ’ἅλω-ΕΜ
247 1789 332 1816 quipe-r

121 1821 239 1842 pecunias.

123 2271 129 2278 ·
147 2269 193 2296 Qu.
213 2276 235 2295 x,
255 2274 296 2291 art.
311 2276 330 2291 2.

219 2542 235 2558 α

125 2797 132 2805 ·
154 2796 239 2818 Homil.
264 2796 286 2818 V

123 2822 230 2856 Εναηέζ.ν

221 2856 234 2882 Ῥ

124 3013 132 3021 ·
149 3011 213 3033 Vei-s.
229 3012 259 3039 18,
274 3019 305 3040 ¹9·

308 2798 332 2818 in
360 2795 463 2832 milia
481 2795 520 2832 *ς
549 2797 727 2845 Regnum
747 2797 938 2833 caelorum
959 2802 1101 2832 tantum
1121 2795 1221 2832 valet
1238 2802 1418 2844 quantum

362 243 434 279 352

1090 240 1355 288 QUAESTIO
1386 240 1433 286 C,
1464 239 1758 276 ARTlCULUS
1789 241 1802 275 I

974 455 1388 532 QUAESTIO
1434 455 1908 511 CENTESIMA

1258 573 1341 613 DE
1383 573 1635 614 SIMONIA

1201 690 1234 714 ΙΝ
1263 689 1327 714 SEX
1356 689 1556 714 ARTICULOS
1584 689 1701 714 DIVISA

444 801 550 826 ElNDE
580 788 897 825 considerandum
929 796 983 824 est
1012 788 1058 824 de
1089 787 1249 824 simonia
1277 788 1307 825 ⁷⁸.
1447 786 1449 838 Ι

364 802 492 882 DEt
521 842 616 878 circa
644 843 718 877 hoc
748 850 981 889 quaeruntur
1009 853 1085 877 sex.
1447 841 1449 852 ¹

414 896 565 932 Primo:
596 894 687 943 quid
717 894 761 930 sit
789 894 962 931 simonia.

415 948 610 985 Secundo:
640 954 766 984 utrum
796 947 903 984 liceat
931 960 1001 996 pro
1031 947 1274 983 sacramentis
1308 959 1422 996 pecu-

466 1001 567 1037 niam
598 1000 781 1049 accipere.

413 1054 562 1090 Tertio:
601 1061 726 1090 utrum
762 1053 868 1090 liceat
904 1053 1075 1102 accipere
1112 1052 1315 1101 pecuniam
1350 1065 1420 1101 pro

466 1107 720 1155 spiritualibus
750 1106 906 1143 actibus.

1530 789 1694 835 Quarto:
1734 797 1861 826 utrum
1900 789 2010 826 liceat
2038 791 2207 828 vendere
2242 803 2286 827 ea
2324 803 2423 838 quae
2453 798 2540 827 sunt
2579 814 2582 816 v

1581 850 1834 899 spiritualibus
1863 862 2022 887 annexa.

1529 912 1693 958 Quinto:
1724 919 1851 948 utrum
1890 912 2014 948 solum
2054 924 2194 949 munus
2224 925 2246 949 a
2274 925 2391 950 manu
2428 913 2539 950 faciat

1582 976 1845 1022 simoniacum,
1867 988 1916 1012 an
1945 976 2059 1012 etiam
2080 988 2219 1014 munus
2240 990 2261 1014 a
2285 978 2413 1025 lingua
2433 985 2470 1014 et
2488 979 2536 1014 ab

1583 1040 1781 1088 obsequio.

1530 1106 1665 1142 Sexto:
1696 1106 1742 1142 de
1771 1118 1898 1154 poena
1928 1105 2137 1142 simoniaci.

1159 1226 1475 1269 ARTICULUS
1507 1226 1713 1269 PRIMUS

360 1366 384 1396 S
389 1365 580 1396 TUDIOSA
607 1363 841 1394 VOLUNTAS
860 1362 1047 1393 EMENDI
1065 1362 1132 1392 ET
1155 1318 1391 1392 VEIiIJgERIngI
1403 1317 1504 1392 3152?
1497 1318 1752 1399 gislJDSIgPIRI
1756 1362 1904 1393 TUALE
1931 1363 2011 1393 VEL
2035 1363 2295 1394 SPIRITUALI
2312 1364 2544 1396 ANNEXUM

1132 1441 1164 1465 IV
1186 1441 1268 1470 Seni„
1290 1441 1348 1465 dist.
1366 1448 1422 1470 xxm
1441 1449 1486 1473 qu.
1505 1448 1541 1470 111,
1562 1446 1608 1465 art.
1631 1447 1652 1469 1.
1672 1440 1721 1473 qu⁸
1745 1449 1766 1465 1.

570 1534 591 1559 D
616 1534 754 1559 PRIMUM
783 1534 835 1558 stc
863 1533 1102 1558 PROCEDrrUR.
1133 1521 1289 1558 Videtur
1313 1521 1418 1570 quod
1445 1520 1447 1568 l

570 1575 732 1612 simonia
752 1587 829 1612 non
845 1575 890 1611 sit
904 1575 1067 1611 studiosa
1083 1575 1255 1611 voluntas
1274 1574 1422 1612 emendi
1446 1570 1447 1619 l

407 1626 411 1633 ’
435 1644 498 1677 *⁷4
516 1627 605 1671 (et
630 1628 813 1665 vendendi
840 1628 983 1676 aliquid
1007 1628 1199 1676 spirituale
1226 1627 1286 1664 vel
1311 1628 1419 1676 spiri·
1446 1622 1447 1671 i

414 1656 504 1711 (⁴³53
526 1674 663 1719 &tuali
680 1693 872 1718 annexum
887 1681 917 1717 ²⁸.
941 1681 1113 1717 Simonia
1135 1681 1236 1717 enim
1257 1688 1312 1717 est
1329 1681 1418 1717 hae-

360 1735 450 1771 resis
474 1736 684 1782 quaedam:
716 1735 849 1771 dicitur
881 1734 981 1771 enim
1004 1736 1028 1780 Ι,
1059 1747 1120 1782 qu.
1143 1733 1202 1770 1³¹⁶:
1234 1734 1421 1770 Tolerahi-
1447 1739 1448 1782 l

359 1788 431 1824 lior
468 1794 521 1824 est
555 1788 791 1833 Macedonii,
828 1793 864 1823 et
897 1800 1027 1824 eorum
1066 1788 1131 1835 qui
1161 1787 1262 1823 circa
1300 1787 1419 1835 ipsum
1447 1785 1448 1844 l

358 1847 445 1877 sunt
462 1842 590 1878 Sancti
609 1842 766 1889 Spiritus
782 1841 1102 1890 impugnatorum,
1120 1840 1234 1888 impia
1258 1840 1421 1876 haeresis
1447 1846 1449 1884 ξ

360 1906 473 1942 quam
492 1895 797 1931 simoniacorum.
827 1894 890 1930 Illi
916 1894 1015 1930 enim
1044 1898 1270 1938 creaturam,
1292 1899 1329 1930 et
1344 1905 1420 1930 ser·

359 1959 447 1983 vum
476 1948 551 1984 Dei
575 1948 698 1984 Patris
726 1953 760 1983 et
786 1947 890 1992 Filii,
920 1947 1099 1995 Spiritum
1128 1947 1307 1983 Sanctum
1336 1947 1421 1983 deli-
1447 1953 1449 1989 ξ

359 2000 478 2037 rando
496 2002 692 2048 fatentur:
721 2001 780 2036 isti
805 2012 894 2036 uero
932 2001 1089 2036 eundem
1119 2000 1297 2047 Spiritum
1327 2000 1420 2036 San-
1447 2005 1449 2048 ὲ

359 2060 457 2090 ctum
478 2054 646 2102 efficiunt
660 2065 809 2090 servum
830 2066 951 2090 suum.
982 2053 1111 2090 Omnis
1129 2053 1227 2089 enim
1248 2053 1421 2089 dominus

359 2107 458 2155 quod
475 2108 599 2152 habet,
619 2108 653 2143 si
677 2107 765 2153 vult,
786 2107 930 2143 vendit:
958 2107 1036 2143 sive
1053 2117 1216 2152 servum,
1236 2106 1314 2142 sive
1333 2106 1423 2154 quid
1447 2104 1448 2144 l

359 2160 462 2196 aliud
488 2172 618 2196 eorum
657 2171 753 2207 quae
782 2160 955 2208 possidet.
993 2160 1069 2196 Sed
1103 2158 1303 2195 infidelitas
1342 2172 1420 2196 non

361 2213 526 2249 consistit
560 2214 597 2249 in
634 2215 849 2259 voluntate,
888 2213 955 2249 sed
990 2212 1110 2259 magis
1143 2212 1179 2248 in
1213 2212 1418 2259 intellectu,

360 2266 454 2302 sicut
488 2274 524 2302 et
560 2266 674 2313 fides,
705 2274 745 2303 ut
774 2279 818 2302 ex
848 2279 962 2315 supra
986 2266 1005 2286 '¹‘
1034 2265 1139 2302 dictis
1167 2273 1280 2313 patet.
1317 2267 1419 2314 Ergo

360 2319 522 2355 simonia
551 2332 628 2355 non
658 2320 770 2356 debet
798 2332 866 2367 per
893 2320 1129 2355 voluntatem
1160 2318 1318 2355 definiri.
1446 2323 1448 2367 ξ

415 2384 448 2408 2.
475 2373 706 2418 PRAETEREA,
738 2373 903 2409 studiose
932 2385 1090 2420 peccare
1121 2379 1175 2408 est
1204 2385 1248 2408 ex
1278 2372 1419 2408 malitia

359 2437 529 2473 peccare,
560 2426 662 2472 quod
694 2434 747 2461 est
775 2438 933 2473 peccare
958 2425 994 2461 in
1017 2425 1197 2473 Spiritum
1223 2426 1418 2462 Sanctum.

361 2478 400 2514 Si
431 2490 518 2525 ergo
549 2478 712 2514 simonia
742 2486 796 2514 est
825 2479 989 2515 studiosa
1016 2479 1193 2514 voluntas
1222 2479 1418 2526 peccandi,
1446 2480 1448 2518 ξ

360 2530 530 2577 sequitur
559 2531 662 2579 quod
683 2543 835 2579 semper
855 2531 899 2568 sit
918 2538 1117 2579 peccatum
1138 2536 1155 2551 α
1175 2531 1212 2566 in
1238 2531 1419 2579 Spiritum

361 2584 554 2620 Sanctum.
1078 2586 1080 2588 ’

414 2638 448 2673 3.
474 2638 706 2683 PRAETEREA,
736 2636 826 2673 nihil
854 2636 973 2684 magis
1004 2644 1058 2672 est
1086 2636 1273 2684 spirituale
1302 2649 1418 2684 quam
1447 2659 1448 2663 =

361 2701 519 2737 regnum
550 2690 755 2726 caelorum.
787 2690 862 2726 Sed
887 2690 972 2726 licet
1001 2702 1128 2725 emere
1148 2701 1306 2737 regnum
1337 2702 1419 2727 cae-

361 2743 506 2779 lorum:
547 2743 634 2779 dicit
673 2743 772 2779 enim
810 2743 1035 2790 Gregorius,
1076 2743 1112 2779 in
1149 2743 1315 2791 quadam
1349 2744 1419 2780 ho-

359 2850 482 2886 habes.
513 2850 615 2897 Ergo
645 2862 721 2886 non
752 2858 807 2886 est
835 2849 996 2887 simonia
1025 2847 1039 2878 β
1067 2849 1164 2885 velle
1194 2861 1322 2886 emere
1356 2850 1420 2887 ali—

360 2902 451 2949 quid
480 2902 680 2950 spirituale.

412 2967 448 3001 4.
470 2956 702 3002 PRAETEREA,
725 2967 867 2992 nomen
887 2955 1069 2992 simoniae
1084 2968 1105 2992 a
1128 2955 1285 2992 Simone
1302 2957 1416 3004 Mago

360 3016 558 3056 acceptum
588 3017 653 3055 est,
676 3010 721 3045 de
743 3021 819 3056 quo
845 3008 977 3056 legitur
994 3009 1077 3045 Act.
1098 3021 1158 3045 vlu
1179 3008 1209 3055 ³3,
1231 3010 1335 3056 quod
1355 3011 1418 3046 ob-
1444 3026 1445 3037 π

360 3061 441 3096 tulit
466 3061 651 3109 Apostolis
673 3062 875 3110 pecuniam
911 3062 958 3098 ad
988 3062 1220 3110 spiritualem
1255 3070 1417 3110 potesta-
1444 3081 1445 3096 ι

360 3121 436 3149 tem
468 3115 682 3161 emendam,
714 3120 762 3159 ut,
793 3114 941 3160 scilicet,
972 3115 1264 3163 quibuscumque
1283 3127 1418 3153 manus
1444 3130 1445 3140 ¹

360 3167 575 3215 imponeret,
597 3168 803 3216 reciperent
823 3168 1000 3214 Spiritum
1021 3169 1211 3204 Sanctum.
1242 3169 1333 3205 Non
1353 3181 1417 3205 au·
1444 3188 1445 3220 3

360 3227 436 3256 tem
466 3220 598 3268 legitur
633 3220 738 3269 quod
775 3220 915 3268 aliquid
943 3220 1063 3256 voluit
1091 3221 1270 3258 vendere.
1315 3222 1416 3270 Ergo

361 3273 522 3310 simonia
550 3286 627 3310 non
657 3281 711 3310 est
738 3274 914 3310 voluntas
942 3273 1136 3310 vendendi
1170 3273 1310 3321 aliquid
1344 3274 1416 3322 spi·
1444 3279 1446 3313 ἑ

361 3326 501 3363 rituale.

1532 1523 1563 1558 5.
1599 1522 1838 1569 PRAETEREA,
1877 1523 2019 1559 multae
2058 1523 2152 1560 aliae
2182 1531 2269 1560 sunt
2303 1524 2540 1562 voluntariae

1476 1575 1795 1611 commutationes
1831 1583 1981 1623 praeter
2017 1577 2251 1625 emptionem
2291 1585 2327 1614 et
2354 1578 2540 1624 venditio-

1475 1640 1583 1664 nem:
1614 1628 1708 1664 sicut
1735 1629 1976 1676 permutatio,
2007 1626 2219 1667 transactio.
2258 1631 2360 1679 Ergo
2389 1631 2542 1669 videtur
2578 1639 2582 1644 '

1475 1682 1580 1729 quod
1610 1681 1880 1718 insufficienter
1908 1682 2110 1720 definiatur
2139 1683 2315 1721 simonia.

1529 1735 1564 1770 6.
1596 1735 1827 1781 PRAETEREA,
1849 1747 1965 1772 omne
1995 1737 2099 1783 quod
2130 1744 2185 1774 est
2213 1737 2394 1785 spirituali
2420 1750 2540 1774 anne-

1474 1799 1566 1824 xum
1596 1795 1650 1823 est
1679 1787 1880 1835 spirituale.
1913 1789 2114 1837 Super-flue
2143 1790 2255 1838 igitur
2287 1785 2452 1828 additur:
2481 1791 2542 1828 vel

1473 1840 1659 1889 spirituali
1685 1853 1890 1877 annexum.

1529 1907 1564 1942 7.
1591 1895 1824 1941 PRAETEREA,
1840 1895 1957 1942 Papa,
1974 1895 2187 1932 secundum
2208 1894 2396 1944 quosdam
2411 1896 2444 1944 ³¹⁸,
2461 1909 2540 1935 non
2568 1905 2655 1960 2323}
2664 1905 2781 1954 3332?

1475 1955 1599 1995 potest
1619 1947 1857 1983 committere
1877 1947 2095 1985 simoniam.
2116 1949 2390 1986 potestantem
2411 1962 2539 1987 emere
2567 1947 2651 1990 dosia
2663 1963 2780 1985 Simoni-a.

1475 2002 1536 2037 vel
1563 2001 1732 2037 vendere
1753 2000 1894 2047 aliquid
1915 2000 2118 2048 spirituale.
2149 2002 2251 2049 Ergo
2272 2002 2433 2039 simonia
2461 2014 2540 2040 non

1476 2061 1531 2090 est
1558 2054 1734 2090 voluntas
1764 2053 1915 2091 emendi
1947 2055 2009 2091 vel
2037 2054 2231 2092 vendendi
2265 2054 2407 2105 aliquid
2436 2057 2550 2106 spiri-'

1475 2108 1574 2144 tuale
1603 2107 1665 2143 vel
1694 2106 1873 2155 spirituali
1904 2119 2108 2145 annexum.

1529 2161 1604 2197 SED
1633 2172 1779 2197 CONTRA
1804 2172 1871 2197 EST
1899 2160 2003 2208 quod
2042 2161 2248 2209 Gregorius
2277 2160 2376 2209 dicit,
2395 2161 2436 2200 in
2463 2162 2539 2200 Re-

1474 2213 1588 2261 gistro
1617 2213 1653 2249 ³¹⁶:
1682 2214 1814 2250 Altare
1842 2219 1877 2249 et
1902 2214 2065 2250 decimas
2093 2220 2128 2251 et
2155 2215 2334 2263 Spiritum
2359 2216 2537 2253 Sanctum
2565 2210 2780 2277 :gfssssrffibygffi

1447 2279 1448 2283 ¹
1474 2279 1598 2303 emere
1616 2267 1677 2303 vel
1702 2267 1863 2303 vendere
1880 2267 2128 2304 simoniacam
2147 2269 2332 2305 haeresim
2361 2281 2439 2306 esse
2458 2270 2538 2306 nul·
2565 2264 2655 2324 ἐξέτι,
2673 2281 2723 2298 0⁸¹¹·
2737 2275 2778 2298 Α’-

1474 2320 1531 2356 lus
1554 2320 1724 2366 fidelium
1754 2321 1918 2370 ignorat.

1529 2374 1753 2410 RESPONDEO
1787 2385 1972 2411 mOENDUM
2006 2374 2129 2422 quod,
2160 2374 2255 2411 sieut
2292 2386 2407 2423 supra
2434 2374 2454 2396 ²³⁶
2483 2375 2536 2412 di·
2564 2381 2623 2430 {vg
2644 2381 2714 2430 ⁸1523
2737 2388 2777 2409 qu·

1475 2434 1577 2462 ctum
1608 2435 1680 2472 est,
1711 2434 1815 2462 actus
1852 2426 1983 2474 aliquis
2013 2435 2066 2463 est
2095 2428 2217 2463 malus
2247 2439 2292 2464 ex
2324 2440 2462 2475 genere
2492 2441 2538 2466 ex
2623 2424 2630 2435 ’
2682 2424 2687 2429 ’
2717 2423 2722 2430 ’

1476 2491 1521 2515 eo
1541 2484 1556 2507 Υ
1586 2480 1689 2527 quod
1711 2479 1809 2516 cadit
1838 2492 1951 2527 super
1971 2480 2167 2516 materiam
2194 2476 2413 2517 indebitam.
2445 2482 2537 2518 Em·
2663 2492 2680 2518 ·.‘

1447 2532 1613 2582 ¹ptionis
1648 2540 1775 2568 autern
1813 2540 1849 2568 et
1881 2532 2110 2569 venditionis
2145 2541 2200 2569 est
2237 2533 2395 2570 materia
2431 2534 2536 2571 inde—

1447 2585 1448 2594 *
1475 2585 1551 2621 bita
1580 2597 1639 2621 res
1677 2585 1896 2633 spiritualis,
1924 2585 2056 2633 triplici
2085 2586 2241 2622 ratione.
2285 2586 2415 2623 Primo
2454 2587 2536 2636 qui-

1475 2638 1585 2685 dem,
1616 2638 1703 2686 quia
1732 2650 1790 2674 res
1819 2638 2019 2686 spiritualis
2048 2651 2126 2675 non
2154 2646 2278 2688 potest
2306 2640 2435 2688 aliquo
2464 2648 2537 2678 ter-

1474 2703 1567 2728 reno
1587 2691 1708 2740 pretio
1729 2692 1988 2739 compensari:
2015 2691 2110 2728 sicut
2134 2693 2180 2729 de
2201 2692 2385 2740 sapientia
2405 2693 2538 2731 dicitur

1473 2745 1586 2781 Ρνον.
1604 2756 1639 2781 111
1653 2744 1688 2780 *ε
1708 2745 1912 2781 Pretiosior
1931 2751 1984 2781 est
2001 2746 2140 2781 cunctis
2160 2746 2290 2793 opibus
2304 2744 2334 2782 ὅ;
2354 2752 2390 2782 et
2408 2747 2536 2784 omnia
2564 2753 2574 2763 ⁴
2589 2751 2655 2774 Vm-
2663 2758 2699 2805 B¹5·

1473 2808 1570 2846 quae
1597 2798 1855 2834 desiderantur
1881 2799 1968 2835 huic
1992 2811 2065 2835 non
2086 2799 2213 2836 valent
2229 2800 2456 2848 comparari.
2488 2801 2537 2837 Et

1445 2892 1446 2895 Ἰ
1473 2850 1560 2887 ideo
1581 2856 1592 2871 ε
1621 2852 1766 2898 Petrus,
1796 2850 1834 2887 in
1862 2850 1944 2899 ipsa
1973 2852 2030 2888 sui
2059 2851 2185 2888 radice
2215 2852 2383 2890 Simonis
2411 2853 2536 2901 pravi·
2662 2869 2673 2886 ε

1445 2898 1446 2932 l
1473 2910 1588 2940 tatem
1611 2904 1884 2951 condemnans,
1907 2905 1998 2941 dixit
2012 2904 2051 2942 *ε
2081 2905 2246 2942 Pecunia
2265 2911 2328 2942 tua
2349 2912 2469 2943 tecum
2489 2907 2538 2943 sit
2562 2911 2574 2923 ⁸
2587 2911 2638 2934 Δεῖ·
2653 2912 2698 2933 ¹00·
2714 2911 2764 2940 cit.

2562 2944 2622 2960 vers.
2637 2943 2675 2965 πο,

1473 2957 1509 2994 in
1532 2957 1799 3005 perditionem:
1828 2959 2006 3006 quoniam
2043 2959 2184 2995 donum
2217 2959 2293 2995 Dei
2317 2960 2539 2997 existimasti

1468 3011 1629 3058 pecunia
1654 3011 1855 3058 possidere.
1886 3033 1910 3039 -
1941 3012 2141 3058 Secundo,
2172 3012 2260 3060 quia
2288 3012 2379 3049 illud
2413 3020 2538 3061 potest

1473 3076 1554 3100 esse
1593 3064 1720 3100 debita
1755 3064 1987 3101 venditionis
2022 3065 2177 3102 materia
2216 3065 2322 3102 cuius
2359 3065 2537 3103 venditor

1473 3124 1528 3153 est
1556 3116 1567 3142 t
1596 3117 1794 3154 dominus:
1829 3125 1870 3154 ut
1907 3125 2010 3166 patet
2042 3118 2080 3155 in
2118 3118 2337 3155 auctoritate
2375 3131 2488 3168 supra
2516 3118 2536 3141 '¹‘
2563 3152 2572 3161 ,
2660 3116 2675 3145 ζ

1472 3170 1636 3206 inducta.
1670 3171 1864 3207 Praelatus
1894 3179 2021 3207 autem
2050 3171 2243 3209 Ecclesiae
2272 3184 2350 3209 non
2379 3180 2435 3209 est
2468 3172 2535 3210 do-

1473 3223 1598 3258 minus
1635 3222 1883 3271 spiritualium
1911 3236 2058 3270 rerum,
2088 3225 2156 3262 sed
2186 3224 2443 3274 dispensator:
2478 3237 2535 3262 se-

1473 3275 1641 3312 cundum
1670 3276 1759 3312 illud
1790 3277 1803 3312 Ι
1833 3276 1884 3313 ad
1914 3277 2000 3313 Cor.
2032 3289 2067 3314 ιν
2094 3277 2129 3314 *z
2169 3278 2231 3314 Sic
2258 3290 2326 3315 nos
2353 3278 2536 3314 existimet
2562 3286 2645 3308 ‘Vera
2659 3293 2676 3308 ι-

1445 3363 1446 3366 ,
1471 3329 1583 3364 homo
1620 3334 1660 3364 ut
1694 3329 1881 3365 ministros
1915 3330 2069 3376 Christi,
2099 3336 2135 3367 et
2162 3331 2432 3379 dispensatores
2466 3331 2535 3367 mi—

413 3448 440 3479 α)
456 3450 602 3479 peccatum.
615 3462 634 3466 -
648 3455 700 3479 per
713 3452 852 3480 peccatum
872 3449 900 3472 P.

414 3482 438 3515 β)
458 3483 579 3507 simonia.
592 3497 609 3501 -
628 3483 660 3508 de
678 3483 791 3508 simonia
810 3483 839 3508 P.

413 3519 438 3550 γ)
459 3525 495 3542 ex
513 3525 551 3542 eo.
564 3532 582 3536 -
600 3525 630 3542 eo
650 3519 719 3542 PGa.
1444 3524 1445 3564 l

413 3552 438 3585 ὃ)
457 3553 556 3584 opibus.
569 3567 586 3571 —
605 3554 725 3585 operibus
743 3554 873 3586 FHpACE
893 3559 917 3578 et
936 3561 961 3578 a.

1525 3450 1546 3482 ε)
1568 3450 1603 3475 Et
1622 3450 1688 3475 ideo.
1702 3465 1720 3470 —
1741 3451 1802 3475 Ideo
1821 3451 1901 3476 etiam
1921 3452 1966 3477 Pa.
1979 3466 1998 3471 —
2017 3453 2068 3477 Pro
2087 3453 2204 3478 Simonis
2218 3452 2396 3485 pravitatem,
2417 3452 2537 3477 Simonis

1467 3485 1613 3516 primatem
1632 3486 1816 3519 ABELpCFK,
1831 3487 1948 3512 Simonis
1956 3488 2106 3520 primatum
2126 3489 2159 3518 H,
2173 3488 2301 3513 simoniae
2315 3487 2461 3519 primatem
2480 3487 2535 3517 lsC,

1470 3520 1643 3546 simoniacam
1657 3522 1821 3553 pravitatem
1843 3522 1895 3548 Pa:
1912 3531 1959 3554 pro
1974 3523 2120 3555 possidere,
2138 3523 2272 3554 possideri
2289 3522 2392 3548 EILsK.

1524 3555 1548 3587 ζ)
1564 3559 1681 3587 potest...
1700 3560 1748 3582 est.
1761 3571 1780 3576 —
1799 3565 1851 3582 non
1868 3562 1983 3589 potest...
2003 3566 2055 3583 non
2075 3561 2114 3583 est
2133 3558 2162 3582 P.
