2860 4244
136 1420 146 1430 '⁶
156 1419 203 1446 Qu.
210 1424 266 1445 exn,
273 1421 315 1440 art.
323 1424 345 1444 4.

136 1680 145 1688 ⁴·
167 1678 202 1699 Cf.
222 1683 286 1699 num.
305 1683 346 1704 111,

135 1705 183 1726 Pra
186 1706 263 1726 eterea
267 1719 272 1725 .

136 1854 146 1864 ⁸
159 1854 210 1874 Art.
225 1859 248 1878 4.

382 287 450 322 162

376 371 532 395 teneretur
556 373 620 393 non
641 363 746 393 solum
770 368 888 391 tantam
913 359 1092 400 pecuniam,
1117 366 1194 399 puta
1210 358 1296 388 mille
1313 368 1435 395 aureos,

376 409 513 443 reddere,
532 407 586 437 sed
610 406 728 446 aliquid
753 406 834 445 plus,
851 405 890 434 ad
914 404 1078 433 arbitrium
1102 404 1272 438 bonorum,
1298 402 1436 441 pensatis

376 451 611 483 conditionibus
635 449 767 489 negotii,
786 455 860 483 etc.;
893 457 958 477 non
982 454 1088 477 tamen
1112 453 1235 476 tenetur
1265 446 1304 475 ad
1331 453 1436 476 totum

375 497 500 526 lucrum
523 495 611 535 quod
635 493 743 523 fuisset
762 492 935 526 habiturus,
956 491 1066 521 eadem
1082 490 1212 526 ratione,
1230 490 1304 530 quia
1320 489 1436 520 scilicet

340 551 342 553 “
376 540 481 570 solum
505 539 536 568 in
561 537 700 577 potentia
723 536 803 566 illud
826 535 969 565 habebat.

430 583 470 613 Et
494 592 530 612 ex
552 582 612 611 hoc
636 580 776 620 sequitur
807 579 894 619 quod
918 578 1128 618 negotiatores
1159 577 1309 608 habentes
1338 587 1434 617 pecu-

376 627 461 656 niam
485 632 625 665 paratam
649 625 687 654 ad
712 630 827 653 certam
851 622 1101 661 negotiationem
1116 621 1148 651 in
1168 629 1332 662 promptu,
1349 621 1436 652 aesti-

376 677 494 700 matam
510 668 722 699 communiter
745 666 884 696 futuram
905 676 977 696 cum
994 666 1083 696 lucro
1102 672 1230 696 centum
1246 666 1435 696 ducatorum

376 714 516 744 deductis
540 711 698 751 expensis,
725 711 798 740 dato
822 710 910 750 quod
932 717 1079 740 mutuare
1103 710 1227 750 possint
1250 710 1360 740 Ioanni
1384 719 1435 740 oc-

375 757 510 788 currenti
533 756 670 796 petendo
695 754 810 785 dictam
835 754 1003 793 pecuniam
1026 760 1141 784 mutuo
1166 763 1224 793 pro
1245 754 1309 784 suis
1329 763 1435 784 neces-

374 801 515 831 sitatibus
539 807 568 830 et
592 809 628 829 ex
644 805 736 839 pacto
761 805 864 838 petere
881 798 1001 838 aliquid
1017 798 1088 837 plus
1109 805 1191 828 sorte
1207 798 1327 828 ratione
1347 807 1435 837 prae-

374 845 473 875 dictae
497 843 666 884 potentiae,
690 852 756 872 non
773 849 908 882 possunt
931 849 1038 872 tamen
1054 848 1159 882 petere
1182 848 1287 872 totum
1310 842 1436 872 lucrum

375 895 550 928 speratum,
575 887 637 917 hoc
669 892 714 916 est
744 892 882 916 centum.
916 886 957 916 Et
986 892 1073 926 patet
1102 886 1230 926 sequela
1260 885 1435 925 dupliciter.

375 933 463 962 Tum
486 942 522 962 ex
545 931 606 961 hoc
637 930 725 970 quod
749 940 814 960 non
838 937 962 960 tenetur
991 931 1032 960 ad
1054 930 1126 971 plus
1149 930 1380 960 restituendum
1402 930 1435 959 in

375 977 435 1006 hoc
459 986 532 1006 casu
557 975 711 1014 accipiens
730 982 845 1005 mutuo
870 984 968 1014 quam
991 974 1016 1004 si
1041 973 1196 1004 furaretur
1219 974 1335 1004 dictam
1350 983 1451 1004 sum-⁴

374 1030 459 1050 mam
478 1020 516 1050 ab
534 1019 663 1049 eodem:
683 1025 718 1048 ut
736 1025 821 1057 patet
838 1028 874 1048 ex
890 1018 1010 1048 ratione
1026 1017 1162 1048 iustitiae
1178 1017 1434 1054 commutativae,

374 1074 455 1104 quae
478 1063 700 1104 aequalitatem
723 1062 765 1092 rei
789 1062 829 1092 ad
852 1072 919 1092 rem
936 1062 1028 1102 exigit
1046 1062 1079 1092 in
1094 1068 1240 1102 utroque,
1266 1069 1296 1092 et
1320 1061 1435 1092 arctius

374 1108 407 1137 in
431 1107 513 1143 fure,
538 1107 660 1137 ratione
682 1105 822 1136 iniuriae.
861 1106 922 1136 Sed
945 1106 971 1135 si
995 1105 1164 1142 furaretur,
1189 1115 1255 1135 non
1279 1112 1436 1136 teneretur

374 1153 414 1182 ad
437 1151 666 1182 restituendum
688 1150 814 1180 lucrum
837 1149 1005 1189 integrum.
1030 1149 1114 1189 Ergo
1139 1159 1196 1179 nec
1212 1148 1237 1179 si
1255 1156 1368 1180 mutuo
1385 1159 1434 1180 ac-

375 1195 465 1235 cepit.
481 1213 499 1218 -
516 1195 604 1225 Tum
627 1205 663 1224 ex
687 1194 747 1223 hoc
771 1194 859 1234 quod
876 1200 1025 1224 mutuans
1047 1203 1183 1233 granum
1205 1193 1270 1223 iam
1293 1193 1434 1224 delatum

374 1240 413 1270 ad
437 1249 548 1279 agrum
570 1248 628 1279 pro
652 1237 859 1268 seminatione
884 1248 949 1267 non
972 1244 1078 1277 potest
1100 1237 1220 1276 exigere
1245 1243 1350 1267 totum
1374 1237 1436 1268 fru-

375 1291 462 1314 ctum
486 1290 625 1323 speratae
649 1281 770 1312 messis.
795 1281 909 1317 Immo,
934 1281 959 1311 si
983 1291 1090 1320 sparsa
1105 1281 1226 1310 semina
1249 1287 1280 1310 et
1302 1281 1367 1310 iam
1382 1291 1435 1311 ve-

373 1334 476 1367 getata
506 1327 576 1367 quis
601 1325 817 1356 conculcando
842 1325 1030 1361 destrueret,
1055 1334 1121 1354 non
1145 1330 1303 1355 teneretur
1325 1325 1366 1354 ad
1388 1335 1434 1355 re-

374 1371 569 1402 stitutionem
600 1370 718 1400 fructus
741 1375 882 1408 speratae
905 1368 1015 1398 messis
1045 1368 1186 1398 deductis
1215 1368 1374 1407 expensis:
1399 1375 1435 1399 ut

374 1422 459 1455 patet
482 1425 518 1444 ex
541 1413 685 1453 superius
701 1413 718 1432 *
740 1412 852 1442 habitis
876 1412 908 1442 in
932 1411 1062 1442 materia
1085 1412 1332 1442 restitutionum.

428 1459 480 1489 VI.
504 1458 544 1488 Et
561 1468 596 1488 ex
612 1457 673 1487 hoc
697 1463 782 1496 patet
797 1457 884 1496 quod
901 1455 927 1486 si
942 1456 1152 1497 Raymundus
1176 1462 1206 1486 et
1222 1456 1433 1493 Innocentius,

373 1510 403 1533 et
427 1503 620 1543 quicumque
635 1501 697 1537 alii,
718 1501 862 1530 dixerunt
878 1501 967 1540 quod
986 1501 1146 1530 delaturus
1162 1509 1281 1530 merces
1297 1501 1337 1530 ad
1353 1511 1434 1531 nun-

374 1546 461 1576 dinas
484 1552 588 1585 potest
611 1545 746 1575 vendere
770 1551 894 1575 tantum
914 1544 986 1584 plus
1010 1551 1167 1585 quantum
1189 1543 1233 1574 ibi
1256 1545 1435 1576 accessisset

372 1590 466 1626 lucri;
492 1596 522 1620 et
545 1589 687 1620 similiter
710 1588 909 1628 expositurus
932 1588 1102 1628 pecuniam
1120 1598 1210 1619 suam
1228 1589 1435 1628 negotiationi

372 1635 422 1664 vel
445 1634 610 1674 emptioni,
634 1640 702 1669 etc„
723 1639 829 1673 potest
851 1632 971 1672 exigere
993 1639 1118 1663 tantum
1141 1638 1299 1672 quantum
1323 1643 1359 1663 ex
1381 1633 1435 1664 illa

373 1678 586 1718 negotiatione
609 1678 658 1707 vel
686 1677 847 1717 emptione
870 1677 1009 1708 lucratus
1034 1676 1143 1707 fuisset
1157 1676 1190 1706 *:
1216 1683 1327 1713 errant,
1351 1677 1435 1708 salva

373 1733 485 1753 eorum
515 1721 703 1757 reverentia,
733 1731 836 1751 errore
866 1721 1071 1756 intolerabili;
1103 1720 1178 1761 quia
1208 1720 1373 1752 aestimant
1403 1721 1435 1751 id
1461 1729 1462 1735 ¹

373 1768 461 1807 quod
485 1773 530 1797 est
552 1767 585 1796 in
609 1765 750 1805 potentia
773 1775 808 1795 ac
832 1765 857 1795 si
881 1772 961 1796 esset
983 1765 1016 1795 in
1040 1771 1121 1800 actu,
1146 1765 1234 1804 quod
1258 1772 1304 1795 est
1327 1772 1436 1796 contra

372 1811 540 1846 iustitiam,
566 1810 643 1851 quia
670 1810 714 1839 sic
743 1819 810 1839 non
837 1809 1007 1848 respondet
1035 1809 1188 1848 simplum
1217 1809 1350 1848 simplo,
1380 1810 1435 1839 sed

373 1855 490 1894 simplo
507 1854 762 1894 multiplicatum,
781 1860 815 1884 ut
830 1853 862 1883 in
879 1863 932 1893 qu.
950 1863 1011 1883 Lxrr
1026 1851 1044 1870 *
1066 1855 1188 1883 Auctor
1203 1853 1322 1884 docuit.
1346 1854 1435 1884 Patet

373 1909 511 1939 namque
535 1898 648 1928 clarius
675 1898 745 1928 luce
768 1898 872 1937 quod,
897 1897 922 1927 si
946 1903 1051 1937 potest
1074 1896 1195 1936 aliquid
1222 1897 1294 1936 plus
1317 1904 1434 1937 petere,

372 1953 439 1973 non
469 1949 573 1982 potest
602 1943 674 1982 plus
706 1949 810 1981 petere
841 1951 939 1981 quam
962 1940 994 1970 id
1022 1941 1061 1970 ad
1084 1940 1173 1981 quod
1202 1947 1360 1971 teneretur
1383 1941 1434 1972 fur

373 1987 602 2017 restituendum
626 1986 651 2016 si
675 1986 842 2025 pecuniam
865 1986 915 2015 vel
937 1994 1056 2015 merces
1078 1984 1112 2014 in
1135 1984 1189 2015 tali
1209 1991 1301 2021 statu,
1327 1985 1434 2015 condi-

373 2031 468 2067 tione,
486 2037 556 2068 etc„
581 2030 701 2060 furatus
726 2037 816 2060 esset.

428 2077 479 2105 An
500 2082 606 2105 autem
629 2073 729 2114 possit
745 2073 826 2114 quis,
844 2072 1012 2113 pecuniam
1027 2072 1060 2102 in
1077 2072 1130 2102 tali
1145 2079 1227 2103 statu
1244 2073 1434 2112 mutuando,

373 2119 434 2148 hoc
458 2118 578 2159 aliquid
601 2118 640 2148 ad
664 2118 753 2157 quod
776 2118 826 2148 fur
855 2124 1012 2147 teneretur
1039 2122 1144 2156 petere
1167 2126 1204 2146 ex
1227 2123 1336 2156 pacto,
1361 2117 1434 2148 hinc

372 2162 546 2193 videndum
570 2169 625 2192 est.
650 2162 766 2202 Magna
788 2168 835 2192 est
857 2160 1029 2191 differentia
1052 2161 1133 2190 inter
1148 2160 1290 2190 valorem
1313 2161 1357 2191 rei
1380 2162 1434 2191 ab·

373 2207 486 2243 solute,
511 2213 541 2237 et
562 2207 704 2236 valorem
727 2205 770 2236 rei
793 2205 825 2235 in
849 2205 902 2235 tali
919 2211 1011 2235 statu.
1037 2204 1202 2241 Quoniam
1217 2204 1305 2234 valor
1320 2204 1364 2235 rei
1380 2206 1435 2235 ab-

374 2251 476 2281 solute
499 2258 564 2280 tam
586 2257 729 2290 respectu
754 2248 1044 2279 commutationum
1062 2249 1314 2279 voluntariarum
1336 2259 1435 2289 quam

373 2294 657 2325 involuntariarum
681 2294 794 2324 eodem
810 2293 910 2324 modo
935 2302 967 2323 se
986 2293 1095 2323 habet:
1120 2292 1207 2322 mille
1224 2292 1310 2322 enim
1329 2293 1435 2324 ducati

374 2339 526 2374 absolute,
551 2339 614 2368 sive
639 2345 752 2368 mutuo
777 2338 840 2367 sive
860 2337 1022 2376 emptione
1045 2337 1110 2366 sive
1133 2336 1218 2366 furto
1243 2336 1306 2367 sive
1326 2337 1435 2377 rapina

375 2383 559 2418 alienentur,
583 2392 706 2422 semper
728 2382 868 2412 valorem
885 2381 971 2411 mille
991 2390 1099 2411 secum
1118 2387 1240 2420 gerunt.
1265 2381 1363 2411 Valor
1378 2391 1435 2412 au-

375 2433 440 2457 tem
463 2426 506 2456 rei
530 2427 562 2456 in
585 2426 638 2456 tali
662 2433 744 2456 statu
775 2435 841 2456 non
865 2425 1034 2455 comitatur
1057 2434 1124 2454 rem
1152 2431 1235 2455 extra
1258 2425 1350 2455 illum
1373 2432 1433 2456 sta-

375 2477 458 2506 tum,
484 2471 538 2500 sed
562 2470 666 2500 statim
690 2476 725 2500 ut
748 2476 831 2499 extra
853 2469 946 2499 illum
970 2475 1087 2499 statum
1109 2467 1160 2504 fit,
1185 2469 1287 2507 perdit
1310 2475 1435 2500 tantum

374 2514 526 2544 valorem.
550 2514 682 2553 Propter
701 2513 789 2554 quod
808 2523 922 2552 magna
941 2513 1041 2543 oritur
1060 2511 1230 2542 diversitas.
1255 2513 1331 2550 Quo
1347 2512 1382 2543 fit
1401 2519 1437 2544 ut

377 2558 635 2598 distinguendum
662 2557 700 2587 sit
730 2567 768 2587 an
791 2557 908 2592 invito,
934 2567 973 2586 an
996 2556 1122 2586 volente
1152 2556 1302 2592 domino,
1326 2567 1374 2587 res
1402 2557 1435 2587 in

376 2609 458 2632 statu
481 2602 535 2632 tali
558 2602 720 2632 alienetur.
745 2601 777 2631 Si
797 2601 882 2631 enim
905 2600 1004 2630 invito
1029 2599 1161 2630 domino
1187 2599 1335 2637 aufertur,
1361 2611 1434 2631 con-

376 2652 437 2676 stat
459 2646 547 2685 quod
570 2645 761 2676 restituenda
784 2651 830 2674 est
858 2644 944 2674 iuxta
966 2643 1108 2674 valorem
1131 2643 1175 2674 rei
1201 2643 1233 2673 in
1256 2644 1311 2674 tali
1335 2651 1434 2675 statu:

376 2697 412 2720 ut
434 2696 519 2729 patet
542 2689 580 2719 de
604 2690 782 2720 destruente
806 2689 936 2719 semina.
962 2705 980 2710 -
1004 2687 1036 2718 si
1055 2695 1162 2718 autem
1180 2688 1357 2718 voluntarie
1380 2689 1436 2718 do-

376 2733 481 2764 minus
509 2733 596 2763 illam
620 2743 687 2764 rem
715 2732 881 2768 distrahat,
906 2731 1226 2771 subdistinguendum
1250 2739 1305 2762 est.
1339 2733 1437 2769 Quod

376 2784 431 2808 aut
453 2777 519 2807 sine
535 2777 711 2808 mutatione
727 2783 825 2807 status
845 2776 929 2806 illius
945 2776 1004 2806 rei:
1029 2782 1059 2806 et
1077 2776 1121 2806 sic
1141 2782 1245 2815 potest
1267 2776 1350 2807 licite
1366 2786 1437 2807 earn

376 2822 510 2851 alienare
533 2821 618 2851 iuxta
640 2821 782 2851 valorem
805 2820 848 2850 rei
872 2820 904 2850 in
921 2819 974 2850 tali
991 2826 1084 2850 statu.
1108 2820 1149 2850 Et
1171 2827 1337 2860 propterea
1357 2821 1438 2851 sicut

377 2866 526 2895 dominus
548 2865 612 2905 agri
628 2865 685 2895 sati
709 2864 791 2895 licite
803 2863 910 2895 vendit
926 2870 1051 2894 tantum
1067 2870 1224 2904 quantum
1240 2874 1325 2895 nunc
1348 2865 1437 2896 aesti-

376 2916 480 2940 matur
503 2919 574 2949 ager
597 2915 691 2945 satus,
712 2908 755 2938 sic
778 2908 896 2938 habens
919 2907 1089 2947 pecuniam
1103 2908 1279 2948 expositam
1296 2909 1436 2948 negotia-

377 2953 560 2989 tioni,licite
583 2953 664 2983 cedit
687 2952 774 2983 alteri
791 2962 870 2988 eam,
884 2952 972 2992 quod
992 2958 1038 2982 est
1059 2952 1166 2982 cedere
1189 2952 1436 2992 negotiationem

377 2997 439 3032 illi,
463 3003 538 3027 tunc
561 2996 743 3037 accipiendo
771 3003 928 3036 quantum
953 2996 1135 3026 aestimatur
1158 2996 1314 3036 applicata
1337 3007 1435 3037 nego-

377 3040 499 3071 tiationi
522 3040 567 3070 illi
590 3047 676 3070 tanta
698 3040 846 3079 pecunia:
872 3040 933 3070 hoc
949 3047 995 3070 est
1011 3040 1096 3070 enim
1113 3040 1246 3070 alienare
1268 3041 1436 3080 pecuniam

378 3091 499 3114 servato
519 3091 600 3114 statu
623 3084 657 3113 in
679 3093 745 3123 quo
762 3091 817 3114 est.
838 3101 858 3106 —
878 3084 910 3114 Si
927 3091 1034 3114 autem
1049 3084 1184 3114 alienare
1200 3084 1268 3114 vult
1283 3094 1355 3114 eam
1370 3095 1437 3116 non

379 3134 500 3158 servato
526 3127 609 3157 illius
633 3133 734 3170 statu,
759 3128 815 3157 sed
837 3137 907 3157 eam
937 3138 955 3157 a
978 3134 1060 3158 statu
1084 3127 1307 3167 negotiationis
1333 3139 1436 3160 remo-

378 3172 492 3207 vendo,
517 3171 559 3201 sic
583 3181 648 3201 non
671 3171 743 3201 licet
766 3171 901 3201 alienare
925 3181 995 3201 eam
1018 3172 1090 3210 plus
1114 3181 1212 3211 quam
1228 3172 1371 3203 absolute
1387 3183 1438 3203 va-

379 3216 448 3246 leat.
475 3215 637 3252 Quoniam
661 3225 698 3245 ex
712 3224 777 3264 quo
801 3215 935 3254 ipsemet
954 3215 1104 3245 dominus
1119 3214 1220 3245 aufert
1238 3225 1305 3245 rem
1322 3226 1339 3245 a
1355 3222 1437 3247 statu

379 3260 412 3289 in
433 3269 498 3299 quo
523 3266 588 3289 erat
610 3258 738 3289 maioris
754 3258 878 3294 valoris,
897 3259 985 3298 quod
1009 3258 1082 3289 facit
1105 3258 1183 3288 dum
1198 3258 1266 3289 vult
1282 3269 1351 3288 eam
1368 3270 1437 3290 mu-

379 3310 436 3334 tuo
453 3313 607 3342 exponere
622 3300 784 3345 (voluntas
801 3302 886 3332 enim
902 3309 948 3332 est
964 3312 1045 3342 quae
1061 3302 1205 3332 transfert
1221 3312 1288 3332 rem
1304 3303 1342 3333 de
1355 3310 1438 3334 statu

380 3347 412 3377 in
436 3353 552 3377 statum
574 3347 607 3376 in
629 3344 839 3388 huiusmodi),
864 3356 930 3376 non
954 3352 1058 3386 potest
1081 3352 1300 3386 quantumque
1325 3357 1438 3386 parum

381 3397 485 3431 petere
509 3390 580 3430 plus
604 3398 695 3421 sorte.

407 3458 410 3461 Δ
436 3434 497 3464 Sed
519 3441 595 3464 nota
617 3434 667 3464 hic
697 3434 784 3474 quod
808 3434 894 3464 aliud
917 3434 963 3464 es't
985 3434 1161 3464 voluntarie
1184 3433 1347 3464 transferre
1371 3444 1436 3464 rem

382 3488 437 3508 seu
460 3478 626 3517 pecuniam
651 3488 669 3508 a
691 3485 772 3508 statu
797 3477 1037 3517 negotiationis:
1062 3485 1092 3508 et
1115 3478 1201 3508 aliud
1225 3485 1271 3508 est
1292 3478 1438 3509 volunta-

381 3529 445 3552 tem
467 3522 651 3561 impeditam
676 3532 693 3551 a
716 3522 928 3562 negotiatione
951 3521 1077 3552 sufferre
1102 3522 1305 3562 dispendium
1324 3522 1439 3562 sperati

381 3565 468 3596 lucri.
492 3566 574 3595 Nam
597 3565 651 3605 qui
669 3565 701 3594 in
716 3565 843 3596 veritate
866 3565 1074 3605 negotiationi
1090 3566 1141 3596 vel
1160 3566 1314 3606 emptioni
1333 3576 1439 3596 rerum

383 3609 616 3640 fructuosarum
631 3609 794 3644 incumbit,
812 3617 896 3650 recto
920 3610 1020 3640 tendit
1042 3609 1166 3640 tramite
1185 3610 1225 3640 ad
1248 3617 1354 3641 toturn
1370 3620 1438 3650 spe-

1010 281 1276 326 QUAESTIO
1306 281 1517 327 LXXVIII,
1546 281 1843 318 ARTICULUS
1874 282 1905 317 II

1489 365 1594 388 ratum
1612 358 1738 389 lucrum
1761 359 1811 389 vel
1835 359 1983 394 fructum,
2009 365 2039 389 et
2062 369 2128 388 non
2148 359 2207 389 nisi
2227 359 2398 399 impeditus
2417 359 2497 391 sistit
2520 360 2551 389 in

1489 401 1646 441 principio
1670 409 1724 433 aut
1747 403 1853 433 medio
1878 414 1896 433 a
1920 402 2158 442 prosecutione:
2192 403 2335 443 alioquin
2359 411 2413 435 aut
2436 404 2551 439 nescit,

1490 452 1544 475 aut
1559 455 1630 475 vere
1650 456 1716 476 non
1731 447 1800 477 vult
1823 446 1982 487 prosequi.
2009 446 2183 486 Impeditur
2199 453 2306 477 autem
2329 447 2400 487 quis
2423 448 2456 477 in
2479 457 2552 488 pro-

1489 489 1596 529 posito
1626 499 1692 520 non
1715 491 1822 521 solum
1845 501 1863 520 a
1887 490 1955 520 fure
1985 497 2040 520 aut
2061 490 2184 520 latrone
2214 497 2245 520 et
2268 490 2473 527 huiusmodi,
2498 492 2553 521 sed

1489 533 1584 563 etiam
1607 534 1645 563 ab
1670 541 1853 565 occurrente
1877 534 2058 564 necessitate
2081 534 2217 573 proximi
2242 541 2374 574 cogente
2393 535 2554 565 caritatem

1489 577 1693 616 negotiatoris
1711 579 1750 608 ad
1766 579 1980 608 mutuandum
1997 578 2065 614 sibi,
2083 588 2118 609 ac
2141 588 2198 618 per
2217 578 2278 608 hoc
2296 579 2335 608 ad
2355 579 2554 618 perdendum

1488 621 1648 660 integrum
1670 621 1795 652 lucrum
1819 629 1990 662 speratum,
2016 623 2170 652 servando
2194 629 2300 652 tamen
2320 632 2353 652 se
2369 622 2552 652 indemnem

1490 665 1596 705 quoad
1620 665 1652 694 id
1682 667 1771 705 quod
1794 673 1870 696 tunc
1893 666 2076 697 aestimatur
2098 666 2123 696 si
2147 676 2165 696 a
2187 666 2256 696 fure
2279 666 2454 697 auferretur
2477 666 2553 697 haec

1489 709 1623 749 pecunia
1638 709 1846 748 negotiatoria
1861 710 1912 740 vel
1927 710 2093 750 emptoria.
2117 711 2159 740 Et
2177 717 2344 750 propterea
2359 710 2392 740 in
2408 710 2462 741 tali
2479 720 2553 741 casu

1489 753 1581 783 licere
1605 759 1702 792 puto,
1728 763 1784 793 per
1807 753 1924 784 dictam
1946 754 2119 790 rationem,
2138 764 2182 791 *ex
2210 761 2303 794 pacto
2334 754 2455 794 exigere
2482 764 2553 784 mu-

1490 797 1611 827 tuando
1640 797 1759 837 aliquid
1790 798 1863 836 plus
1886 804 1979 828 sorte.
2008 815 2029 820 -
2058 798 2123 834 Qui
2147 805 2255 828 autem
2281 797 2392 829 affectu
2420 798 2555 829 minoris

1486 841 1576 877 lucri,
1601 841 1702 871 securi
1725 848 1842 876 tamen,
1866 841 1942 880 quia
1965 841 2079 871 melius
2098 847 2144 872 est
2161 842 2254 872 hodie
2272 851 2378 879 ovum,
2399 849 2435 872 ut
2453 842 2552 876 aiunt.

1489 895 1584 926 quam
1610 895 1683 915 cras
1697 885 1836 925 gallina,
1861 884 2031 924 pecuniam
2047 895 2138 915 suam
2154 886 2399 925 negotiatoriam
2414 896 2470 917 seu
2487 896 2551 917 em-

1490 929 1627 969 ptoriam
1650 928 1795 960 transfert
1814 929 1853 958 ad
1869 935 2030 964 mutuum,
2047 929 2157 959 volens
2174 939 2211 959 ex
2226 936 2319 969 pacto
2335 937 2461 960 tantum
2479 931 2553 971 plus

1490 980 1574 1004 sorte
1597 980 1754 1013 quantum
1777 973 1836 1003 sibi
1860 979 2017 1003 teneretur
2033 973 2243 1012 superaddere
2262 973 2314 1003 fur
2336 974 2361 1004 si
2384 975 2553 1014 pecuniam

1488 1017 1576 1048 illam
1599 1017 1850 1057 negotiatoriam,
1866 1024 1935 1052 etc„
1960 1016 2146 1053 abstulisset,
2169 1017 2330 1047 usurarius
2353 1025 2408 1054 est,
2424 1025 2554 1058 propter

1490 1061 1606 1092 dictam
1629 1061 1794 1092 rationem.
1826 1061 1867 1091 Et
1890 1060 2110 1091 confirmatur:
2140 1060 2215 1100 quia
2237 1060 2380 1101 alioquin
2403 1061 2551 1102 quilibet,

1490 1112 1662 1146 postquam
1685 1105 1783 1135 semel
1806 1105 2002 1145 exposuisset
2021 1104 2191 1144 pecuniam
2207 1114 2299 1134 suam
2315 1105 2459 1144 negotiis,
2479 1116 2554 1146 pos-

1489 1156 1535 1180 set
1557 1149 1723 1180 transferre
1746 1159 1816 1179 eam
1847 1149 1886 1179 ad
1910 1149 2125 1179 mutuandum
2157 1158 2231 1179 cum
2253 1149 2420 1179 moderato
2443 1149 2552 1186 lucro,

1489 1193 1570 1224 sicut
1593 1200 1749 1224 teneretur
1772 1193 1832 1227 fur.
1850 1200 1924 1229 etc.;
1949 1200 1980 1223 et
2003 1192 2047 1223 sic
2070 1193 2188 1232 passim
2213 1193 2402 1232 experientia
2425 1194 2555 1224 doceret

1489 1237 1579 1278 quod
1603 1247 1699 1267 usura
1723 1247 1789 1267 non
1812 1243 2010 1277 reputaretur
2033 1243 2209 1277 peccatum.

1544 1281 1591 1311 Ex
1613 1281 1779 1320 praedictis
1797 1281 1893 1320 igitur
1916 1287 2002 1321 patet
2018 1280 2130 1311 veritas
2147 1280 2244 1311 trium
2261 1291 2404 1312 casuum.
2428 1281 2554 1312 Primus

1490 1331 1544 1360 est,
1569 1334 1608 1354 an
1623 1324 1716 1355 liceat
1732 1325 1920 1364 negotiatori
1943 1331 2049 1355 totum
2071 1325 2198 1355 lucrum
2214 1332 2375 1365 speratum
2398 1325 2554 1356 deducere

1488 1369 1522 1398 in
1538 1375 1667 1408 pactum
1682 1369 1849 1398 vendendo
1866 1368 1916 1398 vel
1933 1369 2124 1399 mutuando.
2149 1368 2283 1399 Constat
2306 1379 2446 1410 namque
2465 1370 2554 1410 quod

1489 1422 1560 1452 pars
1583 1412 1728 1451 negativa
1750 1419 1797 1442 est
1819 1420 1908 1442 vera:
1933 1411 2050 1442 scilicet
2078 1413 2167 1452 quod
2197 1422 2263 1443 non
2285 1413 2367 1444 licet.
2391 1431 2413 1436 -
2436 1413 2554 1444 Secun-

1489 1457 1548 1486 dus
1572 1463 1634 1492 est,
1659 1466 1699 1486 an
1722 1456 1814 1486 liceat
1837 1456 1940 1486 eidem
1968 1454 2119 1486 divertere
2143 1456 2320 1487 voluntarie
2343 1457 2513 1496 pecuniam
2537 1468 2555 1488 a

1489 1500 1703 1541 negotiatione
1725 1500 1776 1530 vel
1799 1500 1963 1540 emptione
1986 1500 2026 1530 ad
2049 1507 2215 1536 mutuum,
2236 1507 2272 1531 ut
2294 1500 2416 1541 aliquid
2438 1502 2554 1541 sperati

1489 1544 1568 1575 lucri
1590 1545 1640 1575 vel
1662 1544 1782 1575 fructus
1806 1544 1908 1584 exigat
1929 1545 2119 1575 mutuando.
2145 1544 2280 1575 Constat
2299 1554 2439 1585 namque
2458 1545 2554 1576 etiam

1488 1588 1584 1619 huius
1607 1598 1677 1628 pars
1697 1588 1853 1628 negativa:
1878 1588 1995 1619 scilicet
2017 1589 2107 1628 quod
2125 1598 2193 1619 non
2211 1589 2293 1619 licet.
2311 1606 2335 1612 -
2354 1589 2483 1619 Tertius
2497 1597 2554 1626 est,

1489 1643 1529 1663 an
1552 1632 1643 1663 liceat
1666 1632 1769 1663 eidem
1784 1632 1939 1672 impedito
1955 1632 2186 1672 impedimento
2202 1633 2419 1664 involuntario
2442 1643 2555 1664 secun>

1490 1677 1568 1707 dum
1591 1677 1678 1717 quid,
1703 1676 1765 1707 hoc
1782 1683 1828 1707 est
1851 1687 1888 1707 ex
1903 1676 2112 1707 subventione
2129 1684 2312 1708 occurrente
2331 1677 2478 1728 proximi,
2497 1677 2556 1709 exi-

1487 1731 1559 1761 gere
1582 1721 1761 1751 mutuando
1778 1720 1898 1761 aliquid
1917 1721 2001 1760 plus,
2018 1721 2103 1751 iuxta
2119 1722 2260 1751 valorem
2280 1721 2433 1761 pecuniae
2448 1722 2482 1752 in
2497 1722 2555 1753 iuo

1489 1771 1581 1795 statu.
1607 1765 1739 1796 Videtur
1762 1774 1902 1805 namque
1925 1765 2012 1805 quod
2037 1775 2107 1805 pars
2124 1760 2309 1796 affirmativa
2325 1772 2372 1796 est
2385 1775 2472 1796 vera:
2497 1766 2556 1797 sci-

1488 1809 1560 1839 licet
1583 1809 1672 1849 quod
1694 1808 1777 1839 licet.

1542 1853 1609 1883 VII.
1634 1853 1728 1883 Nunc
1748 1858 1891 1892 superest
1914 1851 2147 1882 obiectionibus
2169 1852 2187 1871 *
2209 1854 2411 1892 respondere.
2443 1854 2485 1885 Et
2511 1854 2552 1884 ad

1489 1896 1629 1947 primam
1649 1896 1762 1927 dicitur
1777 1896 1866 1936 quod
1883 1896 2012 1926 debitor
2030 1902 2103 1936 post
2118 1906 2243 1926 moram
2259 1895 2516 1948 (praetermissa
2507 1908 2555 1928 m-

1488 1941 1568 1971 iuria
1591 1951 1655 1981 qua
1679 1940 1867 1971 creditorem
1891 1939 2023 1970 offendit
2050 1941 2189 1970 tenendo
2212 1950 2280 1970 rem
2303 1940 2388 1971 illius
2410 1942 2482 1981 ipso
2505 1942 2553 1972 in·-

1488 1983 1568 2026 vito)
1592 1995 1658 2015 non
1681 1991 1804 2016 tenetur
1827 1984 1868 2014 ad
1887 1984 2007 2025 aliquid
2024 1984 2105 2014 ultra
2120 1991 2239 2015 sortem
2255 1985 2315 2015 nisi
2331 1985 2407 2025 quia
2422 1985 2556 2026 impedit

1489 2028 1675 2060 creditorem
1698 2039 1716 2059 a
1738 2029 1828 2059 lucro
1852 2029 1941 2069 quod
1963 2034 2028 2059 erat
2045 2028 2078 2058 in
2097 2028 2148 2058 via
2166 2028 2318 2059 habendi:
2343 2035 2379 2059 ut
2397 2036 2485 2069 patet
2503 2040 2555 2060 su-

1490 2073 1594 2112 perius
1615 2073 1648 2103 in
1665 2083 1718 2113 qu.
1732 2083 1803 2108 an,
1820 2079 1877 2103 art.
1890 2082 1921 2112 4,
1941 2072 1974 2102 in
1991 2082 2077 2112 corp.
2095 2080 2152 2103 art.
2169 2072 2279 2104 iuncto
2294 2082 2376 2113 resp.
2394 2073 2435 2103 ad
2452 2080 2511 2104 ret
2525 2083 2555 2105 a.

1488 2118 1571 2147 Nam
1594 2117 1637 2147 ibi
1667 2127 1704 2147 ex
1727 2116 1867 2147 secundo
1891 2117 2038 2147 membro
2062 2116 2273 2147 distinctionis
2303 2117 2444 2148 redditur
2474 2117 2555 2149 ratio

1487 2161 1693 2191 restitutionis
1716 2167 1790 2200 post
1806 2170 1940 2197 moram,
1965 2167 1996 2191 et
2014 2159 2119 2190 effossi
2136 2160 2278 2191 seminis:
2304 2162 2482 2192 secundum
2498 2171 2556 2193 au·-

1489 2212 1553 2235 tem
1576 2205 1758 2235 membrum
1782 2211 1829 2235 est
1852 2203 2066 2235 damnificatio
2086 2204 2153 2234 eius
2177 2205 2265 2245 quod
2290 2212 2356 2236 erat
2377 2205 2411 2236 in
2425 2206 2477 2236 via
2498 2206 2554 2238 ha·-

1488 2249 1592 2280 bendi.
1618 2249 1711 2280 Unde
1734 2259 1771 2279 ex
1789 2248 1852 2278 hoc
1875 2248 1954 2279 nihil
1969 2248 2056 2279 aliud
2071 2248 2203 2279 habetur
2217 2248 2278 2279 nisi
2298 2249 2407 2280 tertius
2423 2259 2515 2281 casus
2526 2249 2554 2287 *,

1489 2300 1524 2324 ut
1548 2299 1633 2333 patet
1656 2303 1693 2324 ex
1716 2292 1912 2332 supradictis,
1938 2299 1968 2323 et
1990 2292 2128 2333 amplius
2152 2293 2282 2324 dicetur.

1544 2338 1595 2368 Ad
1613 2337 1786 2368 secundam
1801 2336 1818 2355 *
1834 2336 1948 2367 dicitur
1968 2337 2057 2377 quod
2073 2337 2219 2378 quamvis
2241 2337 2326 2368 licite
2342 2337 2453 2377 possit,
2469 2337 2556 2369 ium

1488 2381 1616 2412 tertium
1639 2391 1758 2417 casum,
1776 2380 1896 2421 aliquid
1914 2381 1988 2421 plus
2004 2380 2084 2421 exigi
2099 2381 2222 2412 ratione
2237 2380 2470 2422 impedimenti,
2486 2391 2554 2413 non

1489 2432 1595 2456 tamen
1620 2431 1724 2465 potest
1747 2424 1826 2464 exigi
1849 2431 1955 2468 totum
1972 2432 2135 2465 speratum
2149 2425 2276 2456 lucrum
2299 2432 2355 2456 aut
2377 2432 2464 2456 totus
2487 2425 2554 2457 fru-

1490 2476 1568 2500 ctus.
1592 2469 1746 2510 Alioquin
1762 2469 1936 2508 exigeretur
1949 2468 2195 2509 multiplicatum
2215 2469 2305 2509 quod
2323 2469 2555 2509 perditur-sim-

1489 2514 1589 2553 plum.
1619 2530 1640 2536 -
1668 2513 1719 2543 Ad
1743 2512 1984 2543 similitudinem
2007 2519 2115 2543 autem
2139 2512 2322 2544 mercatoris
2343 2513 2480 2544 volentis
2502 2513 2555 2544 de-

1490 2557 1568 2587 ferre
1592 2567 1711 2587 merces
1735 2557 1774 2586 ad
1798 2555 1972 2592 nundinas,
1998 2556 2111 2587 dicitur
2134 2557 2224 2596 quod
2247 2556 2364 2588 falsum
2387 2564 2433 2588 est
2465 2558 2555 2598 quod

1490 2607 1645 2631 mercator
1667 2601 1768 2640 possit
1791 2607 1897 2630 totum
1919 2607 2082 2640 speratum
2099 2601 2226 2631 lucrum
2242 2601 2315 2631 alibi
2331 2600 2462 2641 exigere,
2479 2611 2555 2642 pro-

1490 2652 1558 2685 pter
1582 2645 1699 2676 dictam
1721 2644 1886 2675 rationem.
1917 2661 1937 2666 -
1968 2644 2009 2675 Et
2032 2645 2058 2674 si
2082 2651 2193 2675 contra
2213 2645 2275 2676 hoc
2305 2645 2451 2676 afferatur
2471 2645 2554 2677 ratio

1491 2699 1508 2719 a
1532 2689 1626 2719 simili
1650 2698 1687 2719 ex
1710 2698 1778 2728 cap.
1795 2688 1984 2728 Naviganti,
2003 2689 2107 2725 Extra,
2131 2689 2171 2719 de
2190 2689 2325 2720 Usuris:
2344 2689 2419 2730 quia
2438 2689 2556 2721 scilicet

1491 2732 1612 2764 ratione
1642 2732 1731 2763 dubii
1756 2732 1790 2762 in
1813 2739 1957 2772 tempore
1987 2732 2060 2763 licet
2090 2732 2161 2772 plus
2190 2733 2311 2772 exigere
2341 2743 2440 2774 quam
2468 2743 2555 2764 nunc

1490 2777 1606 2813 valeat;
1638 2786 1729 2817 ergo,
1754 2776 1821 2817 pari
1844 2777 1982 2813 ratione,
2007 2776 2128 2807 ratione
2151 2777 2240 2807 dubii
2269 2777 2308 2807 de
2330 2777 2404 2808 loco
2431 2777 2554 2808 licitum

1491 2827 1536 2852 est
1559 2821 1632 2861 plus
1648 2820 1785 2860 exigere:
1811 2837 1830 2843 -
1853 2821 2064 2861 respondetur
2079 2820 2170 2851 facile
2189 2821 2278 2861 quod
2294 2831 2360 2851 non
2377 2828 2424 2852 est
2441 2821 2556 2859 simile,

1491 2875 1548 2896 nec
1572 2865 1683 2895 similis
1706 2864 1796 2895 ratio.
1827 2865 1913 2902 Quia
1937 2865 1980 2895 ibi
2004 2871 2051 2895 est
2073 2874 2178 2895 sermo
2203 2865 2241 2895 de
2264 2865 2446 2896 venditione
2470 2865 2559 2896 clau-'

1491 2909 1614 2940 dicante
1637 2909 1669 2939 in
1693 2915 1837 2948 tempore
1864 2909 1973 2949 quoad
1995 2919 2093 2939 unam
2117 2915 2255 2949 partem,
2280 2909 2399 2940 scilicet
2420 2909 2555 2940 solutio-

1490 2963 1573 2988 nem,
1592 2959 1627 2983 ιιι
1650 2959 1735 2993 patet
1757 2952 1817 2982 ibi:
1842 2959 1872 2983 et
1894 2952 1967 2983 ideo
1991 2952 2124 2984 habetur
2147 2953 2227 2984 ratio
2250 2953 2403 2994 temporis
2422 2954 2556 2985 solutio-

1491 2997 1548 3028 nis.
1570 2997 1605 3027 In
1621 2995 1788 3037 proposito
1805 3003 1913 3027 autern
1929 3004 2039 3028 nostro
2055 3007 2122 3027 non
2138 2997 2294 3029 claudicat
2308 2998 2340 3028 in
2356 2997 2430 3028 loco
2447 2997 2557 3039 quoad

1491 3041 1632 3082 aliquam
1654 3047 1776 3081 partem
1799 3041 1954 3072 venditio:
1979 3041 2134 3082 quoniam
2157 3051 2262 3082 neque
2286 3051 2333 3072 res
2357 3051 2461 3082 neque
2484 3051 2556 3083 pre-

1491 3085 1572 3116 tium
1596 3085 1670 3115 alibi
1693 3084 1911 3124 assignabitur.

1547 3129 1597 3160 Ad
1619 3129 1776 3159 rationem
1798 3128 1935 3168 primam
1958 3129 1991 3159 in
2015 3129 2203 3169 oppositum
2217 3128 2235 3148 *
2251 3129 2364 3160 dicitur
2386 3130 2477 3170 quod
2498 3138 2555 3161 nn-

2583 1862 2679 1885 ·Num.
2694 1868 2728 1884 ιιι.

2582 2255 2594 2267 ⁴
2611 2255 2684 2278 Num.
2719 2261 2794 2282 nee„

2582 2281 2694 2310 Exprae
2734 2282 2773 2304 tin.

2587 2347 2596 2357 ·
2602 2345 2675 2368 Num.
2681 2345 2796 2372 tumr-ae-

2582 2373 2659 2394 terea.

2583 3133 2723 3161 1bid.,Et
2733 3140 2762 3156 ne
2771 3134 2796 3156 in

2599 3150 2777 3183 articularibus.

1491 3174 1636 3204 tecedens
1652 3180 1698 3204 est
1718 3172 1978 3222 distinguendum
1993 3172 2079 3203 iuxta
2095 3173 2256 3223 duplicem
2272 3173 2448 3212 potentiam
2463 3173 2528 3204 iam
2539 3172 2558 3192 ⁸
2580 3166 2598 3200 f
2608 3186 2680 3209 Num
2694 3191 2724 3214 η
2739 3193 2763 3209 v

1492 3216 1698 3256 explanatam,
1717 3216 1833 3246 scilicet
1849 3217 2026 3256 potentiam
2041 3217 2204 3256 pecuniae,
2222 3224 2252 3248 et
2270 3217 2446 3257 potentiam
2461 3226 2557 3257 pecu-

1493 3260 1561 3290 niae
1577 3266 1612 3290 ut
1628 3260 1748 3290 substat
1762 3259 1951 3291 industriae:
1977 3267 2008 3291 et
2029 3260 2115 3291 iuxta
2130 3261 2212 3292 hanc
2228 3261 2404 3300 potentiam
2421 3260 2558 3292 admitti-

1492 3311 1543 3334 tur
1554 3304 1753 3339 antecedens;
1771 3303 1856 3334 iuxta
1868 3304 2004 3344 primam
2016 3314 2091 3335 vero
2104 3305 2183 3336 nihil
2194 3305 2277 3336 valet
2291 3306 2331 3336 ad
2343 3305 2556 3345 propositum.

1546 3347 1586 3377 Et
1609 3347 1653 3378 sic
1672 3347 1876 3387 intelligendo
1892 3348 2078 3379 antecedens
2101 3349 2188 3380 iuxta
2204 3349 2381 3389 potentiam
2403 3348 2556 3389 pecuniae

1494 3398 1528 3421 ut
1559 3392 1679 3422 substat
1708 3391 1894 3428 industriae,
1919 3392 2071 3432 probatur
2094 3403 2150 3433 per
2172 3393 2309 3433 primam
2332 3399 2363 3423 et
2385 3393 2558 3423 secundam

1493 3435 1715 3475 probationem
1741 3435 1841 3475 ipsius
1869 3436 2079 3467 antecedentis
2093 3437 2119 3467 *.
2143 3454 2165 3460 -
2189 3436 2399 3468 Confirmatio
2431 3442 2555 3472 autem,

1492 3479 1567 3519 quia
1582 3479 1760 3510 indistincte
1775 3479 1918 3520 quuitur
1937 3481 1975 3511 de
1991 3481 2126 3512 habente
2141 3481 2320 3521 pecuniam,
2337 3479 2557 3520 distinguenda

1492 3530 1547 3557 est.
1569 3523 1702 3553 dicendo
1727 3525 1815 3564 quod
1837 3524 1956 3554 habens
1979 3524 2149 3564 pecuniam
2167 3524 2348 3564 dupliciter:
2373 3523 2489 3554 scilicet
2504 3525 2556 3554 ab·

1492 3567 1611 3603 solute,
1637 3574 1666 3598 et
1690 3567 1733 3598 sic
1757 3577 1822 3597 non
1845 3568 1938 3598 habet
1966 3568 2087 3609 aliquid
2109 3568 2181 3608 plus
2211 3578 2310 3608 quam
2337 3567 2377 3598 sit
2399 3568 2556 3608 quantitas

1492 3611 1653 3651 pecuniae.
1684 3612 1725 3642 Et
1753 3622 1827 3642 cum
1850 3612 1998 3648 infertur,
2026 3612 2111 3652 Ergo
2139 3618 2212 3652 post
2239 3621 2364 3642 moram
2388 3622 2453 3642 non
2478 3619 2557 3643 esset

2585 3444 2594 3454 '
2604 3443 2676 3465 Num.
2688 3449 2720 3470 ιιι,
2725 3443 2796 3466 Ante-

2584 3469 2678 3492 cedent.

2852 2514 2860 2886 -n—st—fflfl'ffl—mffih-——zffl-OEA
2852 2466 2860 2501 m..
2851 2289 2860 2456 „.—.—.⁴..-..v.
2859 2279 2860 2282 „
2855 2225 2860 2271 -..aa
2857 2209 2860 2216 ..
2854 2106 2860 2200 ..ΛΔ-ι..
2858 2087 2860 2090 .
2856 2027 2860 2074 ..„...
2858 2004 2860 2009 ,
2856 1988 2860 1997 ..
2855 1961 2860 1978 ..2
2857 1941 2860 1953 .,
2856 1913 2860 1930 -.
2858 1898 2860 1903 .
2856 1874 2860 1879 ,
2857 1858 2860 1866 ,
