2860 4238
14 793 17 805 κ,
45 779 58 792 “
71 778 108 802 ef.
121 785 160 807 qu.
178 784 256 805 Lxxxx,

12 829 16 840 '¹
45 805 211 864 Paeexmt.

51 2822 154 2851 ’ulam
159 2828 263 2851 «ap-xxx.

965 204 1232 250 QUAESTIO
1263 204 1419 252 CXVII,
1448 206 1744 243 ARTICULUS
1775 207 1788 243 l

2375 220 2452 257 449

574 401 983 478 QUAESTIO
1023 402 2169 463 CENTESIMADECIMASEPTIMA

1092 523 1175 563 DE
1207 523 1657 565 LIBERALITATE

1118 638 1152 662 IN
1181 638 1247 663 SEX
1272 638 1475 663 ARTICULOS
1503 639 1619 664 DlVlSA

286 737 475 819 DEtNDE
501 727 820 765 considerandum
851 737 906 766 est
926 729 972 766 de
998 730 1215 767 liberalitate
1234 731 1274 777 ³¹²,
1306 739 1342 767 et
1369 763 1370 766 ,

367 779 464 816 vitiis
502 780 685 829 oppositis
717 781 757 828 ²¹⁶,
787 781 925 819 scilicet
961 783 1117 820 avaritia
1152 792 1187 820 et
1215 783 1341 832 prodi-

285 884 395 921 Circa
423 885 682 923 liberalitatem
712 895 945 935 quaeruntur
972 899 1048 924 sex.

338 938 489 975 Primo:
518 946 646 976 utrum
674 939 872 976 liberalitas
901 941 947 976 sit
972 940 1103 977 virtus.

1368 730 1370 761 l

284 832 445 880 galitate.
1368 770 1371 919 i

1370 929 1371 952 l

340 991 540 1028 Secundo:
570 1004 669 1040 quae
698 992 744 1028 sit
772 992 929 1029 materia
958 993 1050 1029 eius.

1449 732 1599 768 Tertio:
1631 733 1676 769 de
1706 742 1792 770 actu
1821 734 1949 783 ipsius.

1451 785 1619 830 Quarto:
1650 794 1776 823 utrum
1797 788 1916 835 magis
1937 789 1984 825 ad
2005 801 2093 825 eum
2115 794 2131 810 ²
2160 790 2343 837 pertineat
2366 791 2455 828 dare

1503 849 1620 884 quam
1650 839 1828 887 reci-pere.

1451 889 1614 935 Quinto:
1644 898 1771 928 utrum
1801 892 2000 929 liberalitas
2030 894 2076 930 sit
2103 907 2190 942 pars
2221 895 2388 932 iustitiae.

1453 943 1588 978 Sexto:
1627 943 1674 979 de
1711 945 1996 992 comparatione
2026 947 2104 983 eius
2141 948 2189 983 ad
2227 948 2316 984 alias
2343 949 2457 985 virtu-

1505 1003 1571 1031 tes.

1097 1102 1415 1144 ARTICULUS
1450 1103 1656 1145 PRIMUS

1006 1194 1162 1225 UTRUM
1186 1195 1468 1227 LtssERAL1TAs
1491 1196 1558 1227 SIT
1582 1197 1740 1228 vtRTUS

504 1295 512 1312 ι
538 1291 676 1317 emitum
695 1292 749 1317 sic
768 1281 1041 1318 pnoeemrun?
1061 1281 1221 1319 Videtur
1239 1283 1374 1342 quod

284 1495 327 1527 ut
331 1488 488 1548 ,aliquis
515 1492 601 1540 plus
629 1492 700 1530 sibi
728 1505 844 1541 quam
873 1493 953 1530 aliis
985 1441 1194 1542 provideat.
1230 1494 1348 1531 Cuius

286 1541 516 1581 contrarium
546 1545 707 1604 pertinet
735 1546 784 1582 ad
813 1545 1024 1582 liberalem·
1064 1545 1163 1594 quia,
1193 1554 1234 1583 ut
1261 1547 1348 1584 Phi-

231 1611 259 1648 ··
285 1595 470 1656 Iosephus
508 1597 616 1645 dicit,
645 1598 685 1635 in
714 1599 765 1635 IV
790 1599 911 1636 Ethic.
931 1598 967 1645 ²¹⁸,
996 1599 1159 1636 liberalis
1193 1605 1246 1636 est
1273 1612 1347 1637 non

285 1649 471 1697 respicere
487 1651 539 1688 ad
561 1651 736 1699 seipsum,
765 1651 816 1689 ita
844 1652 946 1700 quod
969 1652 1042 1688 sibi
1066 1652 1216 1689 minora
1245 1653 1348 1690 dere-

285 1701 427 1750 linquit,
458 1703 560 1751 Ergo
587 1703 791 1741 liberalitas
818 1717 898 1742 non
926 1712 982 1741 est
1008 1705 1138 1742 virtus.

340 1766 376 1792 2.
406 1756 501 1794 Item
521 1754 547 1804 β,
576 1769 646 1806 per
674 1757 824 1795 divitias
852 1758 972 1795 homo
1002 1770 1111 1795 suam
1139 1758 1259 1795 vitam
1289 1771 1349 1796 su-

285 1813 440 1845 stentat:
471 1818 507 1846 et
535 1810 584 1847 ad
612 1810 827 1848 felicitatem
849 1811 1000 1848 divitiae
1029 1811 1205 1859 organice
1225 1812 1350 1848 deser·
1375 1837 1377 1844 ,

249 1879 258 1913 .'
284 1859 406 1908 viunt,
433 1870 476 1899 ut
503 1863 640 1901 dicitur
667 1863 705 1900 in
735 1865 748 1900 1
777 1864 896 1901 Ethic.
916 1864 937 1886 ’¹‘
965 1865 1066 1901 Cum
1086 1864 1196 1912 igitur
1224 1866 1350 1902 omnis

284 1913 404 1951 virtus
433 1915 629 1954 ordinetur
656 1917 705 1954 ad
733 1917 968 1964 felicitatem,
996 1917 1148 1955 videtur
1175 1919 1281 1966 quod
1309 1918 1350 1955 li-

285 1967 423 2004 beralis
455 1981 534 2006 non
572 1977 627 2007 est
655 1970 866 2017 virtuosus,
898 1972 945 2008 de
978 1983 1055 2019 quo
1093 1970 1351 2031 Philosophus

181 2036 200 2069 ‘.
230 2032 258 2069 ζ·
287 2019 386 2066 dicit,
417 2020 455 2058 in
485 2023 535 2059 IV
557 2023 677 2060 Ethic.
698 2022 730 2068 ⁵¹⁸,
759 2024 865 2072 quod
893 2035 967 2060 non
988 2029 1043 2060 est
1062 2024 1272 2072 acceptivas
1284 2037 1351 2073 pe-

286 2073 422 2110 cuniae
448 2087 568 2124 neque
594 2076 844 2135 custoditivas,
871 2077 939 2113 sed
964 2077 1168 2114 emissivus.

342 2127 376 2164 3.
397 2127 633 2176 PRAETEREA,
651 2129 811 2166 virtutes
834 2130 976 2166 habent
1004 2129 1281 2167 connexionem
1303 2131 1351 2167 ad

286 2179 465 2218 invicem.
497 2182 574 2219 Sed
589 2182 791 2219 liberalitas
811 2195 890 2220 non
908 2183 1059 2220 videtur
1078 2195 1250 2220 connexa
1272 2183 1351 2220 aliis

285 2233 506 2272 virtutibus:
535 2236 644 2272 multi
664 2235 766 2273 enirn
787 2243 874 2273 sunt
891 2236 1052 2273 virtuosi
1071 2236 1136 2284 qui
1156 2248 1235 2273 non
1263 2249 1351 2285 pos—

287 2294 375 2324 sunt
403 2299 486 2324 esse
505 2288 692 2335 liberales,
713 2289 802 2337 quia
830 2301 908 2326 non
937 2290 1079 2326 habent
1106 2290 1212 2337 quod
1242 2290 1351 2335 dent3

285 2339 470 2388 multique
489 2346 505 2369 Υ
533 2342 735 2379 liberaliter
762 2343 854 2379 dant
871 2343 934 2379 vel
959 2343 1179 2391 expendunt
1207 2343 1271 2390 qui
1299 2352 1353 2380 ta·-

287 2405 378 2430 men
407 2393 498 2430 alias
526 2402 614 2432 sunt
640 2395 778 2432 vitiosi.
817 2396 919 2443 Ergo
949 2395 1152 2432 liberalitas
1186 2407 1264 2432 non
1298 2404 1354 2433 est

287 2445 420 2484 virtus.

342 2499 417 2536 SED
446 2511 592 2537 CONTRA
619 2512 686 2537 EST
723 2501 828 2548 quod
861 2501 1090 2537 Ambrosius
1126 2501 1231 2547 dicit,
1270 2501 1307 2538 in
1337 2503 1350 2538 1

288 2552 335 2589 de
357 2552 496 2612 Ospa*
503 2582 512 2600 ,
533 2553 638 2601 quod
658 2554 695 2590 in
714 2554 926 2603 Evangelio
952 2554 1088 2591 multas
1107 2554 1319 2602 disciplinas
1337 2552 1351 2576 δ

288 2605 493 2653 accipimus
526 2606 644 2643 iustae
676 2606 918 2644 liberalitatis.
955 2607 1032 2644 Sed
1065 2606 1103 2643 in
1136 2607 1350 2667 Evangelio

289 2669 368 2694 non
397 2657 583 2695 docentur
601 2658 672 2695 nisi
701 2671 746 2696 ea
765 2672 864 2708 quae
885 2660 933 2697 ad
951 2659 1130 2696 virtutem
1150 2660 1349 2708 pertinent.

289 2711 391 2758 Ergo
421 2710 623 2748 liberalitas
652 2719 708 2748 est
734 2712 865 2749 virtus.

343 2765 569 2801 RESPONDEO
589 2776 773 2802 morannum
793 2765 910 2812 quod,
932 2765 1027 2801 sicut
1044 2765 1277 2812 Augustinus
1298 2765 1350 2802 di-

290 2816 350 2863 cit,
379 2816 418 2853 in
445 2816 541 2854 libro
570 2818 616 2854 de
643 2817 724 2854 Lib.
745 2818 865 2854 Arbit.
885 2817 916 2864 *,
947 2818 1038 2854 bene
1067 2818 1121 2854 uti
1140 2818 1197 2854 his
1216 2818 1349 2866 quibus
1375 2847 1377 2857 ,

290 2869 390 2906 male
424 2870 478 2906 uti
506 2881 728 2919 possumus,
752 2870 915 2919 pertinet
948 2871 1000 2907 ad
1032 2870 1218 2907 virtutem.
1256 2871 1349 2907 Pos-

291 2934 422 2959 sumus
459 2931 587 2959 autem
620 2923 718 2959 bene
748 2930 784 2959 et
810 2923 909 2959 male
943 2923 997 2959 uti
1025 2935 1103 2959 non
1139 2923 1263 2960 solum
1291 2923 1349 2960 his
1374 2929 1377 2944 ’

292 2987 392 3023 quae
412 2975 507 3012 intra
527 2988 597 3012 nos
616 2983 713 3022 sunt,
733 2983 824 3024 puta
851 2975 1029 3024 potentiis
1049 2983 1085 3012 et
1108 2975 1350 3024 passionibus
1374 2945 1377 2998 1

292 3028 455 3075 animae,
484 3028 552 3065 sed
581 3028 695 3065 etiarn
723 3028 781 3065 his
810 3040 907 3077 quae
928 3036 1030 3066 extra
1049 3041 1121 3066 nos
1149 3036 1247 3074 sunt,
1282 3029 1350 3066 sci-

291 3078 378 3118 licet
405 3081 518 3118 rebus
546 3081 659 3118 huius
687 3081 822 3118 mundi
851 3081 1039 3118 concessis
1073 3081 1183 3118 nobis
1212 3081 1259 3118 ad
1289 3094 1349 3118 su-

293 3134 558 3171 stentationem
592 3134 706 3171 vitae.
740 3135 789 3170 Et
816 3134 922 3181 ideo,
962 3146 1050 3171 cum
1082 3135 1180 3171 bene
1212 3134 1266 3171 uti
1292 3135 1350 3171 his

292 3188 406 3225 rebus
434 3187 619 3235 pertineat
645 3186 695 3224 ad
722 3187 997 3235 liberalitatem,
1028 3199 1267 3235 consequens
1296 3195 1351 3225 est

292 3240 398 3289 quod
426 3239 626 3277 liberalitas
653 3239 772 3277 virtus
801 3240 857 3277 sit.

347 3355 374 3386 α)
394 3361 463 3379 eum.
479 3367 499 3373 ·-
517 3360 575 3378 earn
594 3353 689 3386 GLpC.
707 3366 726 3372 —
745 3353 794 3378 Pro
813 3353 937 3386 recipere,
955 3354 1076 3386 accipere
1094 3354 1214 3379 PDGHa.

347 3388 372 3422 β)
394 3390 468 3414 Item.
486 3402 505 3407 —
523 3389 669 3413 Praeterea
687 3388 849 3413 PGHKLsC.

346 3425 372 3458 γ)
392 3425 528 3457 multique.
546 3438 564 3442 -
583 3424 660 3448 multi
678 3423 741 3456 quia
760 3424 790 3455 K,
811 3424 888 3448 multi
906 3424 986 3449 etiam
1005 3424 1034 3449 P.

348 3495 370 3527 ε)
388 3498 475 3520 curat.
493 3509 511 3514 -
530 3502 582 3520 non
601 3495 718 3527 negliget
736 3494 764 3519 P.

437 3548 546 3572 Suum
565 3547 666 3572 Tumor„
685 3547 717 3572 D.
730 3546 844 3571 Tamus
863 3547 894 3572 T.
908 3547 951 3572 V1.

434 1331 695 1390 liberalitas
733 1346 812 1393 non
846 1334 892 1371 sit
923 1334 1053 1371 virtus.
1075 1335 1208 1394 Nulla
1243 1336 1346 1395 enim
1372 1334 1374 1343 '

1382 3372 1384 3407 l

1382 3409 1383 3429 l

1452 1286 1511 1320 An
1540 1295 1677 1321 Palmum
1706 1297 1804 1322 ERGO
1824 1298 2007 1324 mCENDUM
2037 1290 2152 1336 quod,
2183 1289 2278 1326 sicut
2295 1292 2460 1329 Ambro

1400 1336 1478 1372 sius
1497 1336 1516 1358 '¹‘
1546 1344 1581 1373 et
1609 1337 1767 1374 Basilius
1788 1338 1828 1360 ³¹²*
1857 1339 1995 1386 dicunt,
2025 1343 2373 1389 superabundantia
2406 1345 2459 1382 di·
2488 1343 2580 1398 ’Τὶηῗ-
2588 1344 2698 1392 [ζΧῙῙνῃέξ

1399 1389 1576 1426 vitiatum
1596 1389 1705 1427 datur
1728 1391 1916 1438 aliquibus
1936 1405 1958 1429 a
1977 1394 2061 1430 Deo
2083 1400 2123 1430 ut
2143 1396 2316 1433 meritum
2340 1398 2462 1434 bonae
2487 1396 2561 1444 9⁹31·
2563 1423 2611 1445 mn

1401 1442 1685 1490 dispensationis
1716 1445 1924 1492 acquirant.
1955 1448 2085 1484 Pauca
2113 1455 2241 1485 autem
2269 1450 2334 1486 uni
2358 1451 2461 1487 suffi-
2487 1450 2546 1498 ῑέζς
2562 1455 2695 1503 ,gag’dqffl

1401 1495 1515 1531 ciunt.
1555 1496 1604 1531 Et
1631 1495 1718 1532 ideo
1747 1496 1909 1534 liberalis
1928 1500 2037 1546 plura
2055 1501 2316 1538 laudabiliter
2308 1515 2345 1539 1n
2366 1504 2461 1540 alios

1402 1547 1580 1596 expendit
1607 1560 1723 1596 quam
1754 1550 1790 1585 in
1819 1551 1998 1599 seipsum.
2029 1553 2153 1589 Debet
2185 1562 2311 1591 autem
2342 1556 2460 1593 homo

1401 1613 1554 1649 semper
1571 1601 1689 1648 magis
1710 1602 1780 1638 sibi
1799 1604 2023 1650 providere
2016 1618 2052 1641 1n
2069 1606 2319 1654 spiritualibus
2339 1609 2460 1656 bonis,

1374 1699 1376 1702 Ι
1401 1654 1440 1690 in
1468 1654 1607 1701 quibus
1625 1655 1892 1714 unusquisque
1924 1657 1994 1693 sibi
2029 1659 2231 1707 praecipue
2259 1661 2462 1698 subvenire

1374 1703 1376 1723 ³
1401 1714 1538 1756 potest.
1568 1727 1592 1735 -
1620 1708 1670 1743 Et
1697 1715 1826 1745 tamen
1847 1709 1960 1746 etiam
1989 1710 2027 1746 in
2055 1713 2328 1770 temporalibus
2348 1716 2462 1752 rebus

1403 1772 1480 1797 non
1517 1760 1678 1808 pertinet
1699 1760 1748 1797 ad
1781 1761 1975 1799 liberalem
2013 1772 2055 1800 ut
2091 1764 2143 1800 sic
2181 1765 2258 1801 aliis
2294 1766 2464 1804 intendat

1403 1813 1509 1861 quod
1546 1813 1704 1850 omnino
1725 1826 1764 1850 se
1786 1822 1822 1850 et
1841 1827 1930 1852 suos
1950 1816 2138 1864 despiciat.
2169 1818 2279 1855 Unde
2299 1821 2463 1857 Ambro-

1404 1867 1481 1903 sius
1509 1865 1607 1912 dicit,
1637 1866 1675 1902 in
1696 1867 1708 1902 I
1729 1867 1774 1903 de
1806 1867 1913 1916 Offic.
1928 1867 1966 1905 *z
1995 1870 2064 1906 Est
2080 1870 2143 1907 illa
2157 1872 2357 1918 probanda
2377 1873 2463 1910 libe-

1404 1919 1544 1965 ralitas,
1576 1925 1616 1955 ut
1634 1920 1834 1967 proximos
1861 1922 2012 1958 seminis
2039 1924 2094 1958 tui
2120 1935 2193 1960 non
2223 1925 2412 1972 despicias,
2433 1927 2466 1963 si

1404 1984 1517 2022 egere
1544 1983 1761 2021 cognoscas.

1457 2027 1516 2061 AD
1537 2036 1726 2062 SECUNDUM
1754 2037 1937 2063 DiCENDUM
1958 2027 2062 2074 quod
2089 2027 2136 2064 ad
2164 2029 2356 2066 liberalem
2387 2043 2464 2068 non

1405 2078 1565 2127 pertinet
1593 2079 1646 2114 sic
1675 2078 1822 2115 divitias
1861 2079 2028 2116 emittere
2057 2088 2097 2116 ut
2124 2093 2202 2118 non
2240 2082 2310 2119 sibi
2343 2095 2464 2120 rema-

1406 2139 1494 2167 neat
1530 2131 1632 2167 unde
1666 2138 1912 2178 sustentetur,
1954 2140 1990 2168 et
2025 2133 2128 2169 unde
2165 2134 2310 2172 virtutis
2348 2148 2464 2185 opera

1407 2191 1624 2232 exequatur,
1645 2184 1782 2233 quibus
1803 2184 1851 2221 ad
1871 2185 2084 2222 telicitatem
2102 2188 2332 2234 pervenitur.
2353 2189 2464 2226 Unde

1406 2237 1659 2285 Philosophus
1693 2237 1791 2282 dicit,
1822 2237 1859 2273 in
1894 2238 1944 2274 IV
1970 2239 2089 2275 Ethic.
2112 2240 2149 2285 *,
2179 2241 2284 2288 quod
2304 2241 2502 2279 liberalis
2492 2269 2516 2291 3
2517 2243 2611 2290 ᾖξ’*

1406 2296 1514 2326 curat
1531 2294 1543 2311 ⁵
1566 2291 1738 2338 propria,
1767 2290 1895 2326 volens
1918 2302 1990 2339 per
2015 2293 2086 2327 hoc
2113 2293 2333 2340 quibusdam
2361 2296 2464 2342 suffi—
2591 2306 2602 2322 ε

1405 2355 1500 2379 cere.
1523 2343 1571 2378 Et
1585 2342 1810 2379 Ambrosius
1831 2343 1928 2389 dicit,
1947 2344 1984 2380 in
2004 2344 2099 2380 libro
2119 2346 2165 2381 de
2183 2346 2327 2393 offic-'¹‘
2329 2375 2338 2391 ,
2360 2348 2502 2395 quod
2516 2351 2627 2374 L00-011·

1406 2396 1592 2432 Dominus
1620 2408 1694 2432 non
1713 2396 1793 2432 vult
1809 2397 1921 2432 simul
1948 2396 2093 2446 effundi
2118 2410 2216 2446 opes,
2236 2400 2302 2435 sed
2323 2400 2466 2448 dispen-

1404 2449 1494 2485 sari.
1527 2449 1617 2485 Nisi
1634 2450 1744 2497 sorte
1765 2454 1804 2484 ut
1828 2449 1999 2485 Elisaeus
2018 2451 2129 2487 boves
2154 2463 2241 2488 suos
2275 2453 2407 2488 occidit
2432 2459 2468 2489 et

1400 2503 1509 2549 pavit
1527 2512 1716 2549 pauperes
1743 2513 1793 2537 ex
1820 2513 1863 2537 eo
1892 2503 1992 2550 quod
2017 2504 2156 2548 habuit,
2179 2509 2218 2540 ut
2244 2505 2346 2541 nulla
2373 2517 2465 2542 cura

1405 2560 1592 2591 teneretur
1610 2555 1828 2591 domestica.-
1854 2555 1958 2603 quod
1978 2556 2139 2603 pertinet
2158 2558 2204 2593 ad
2225 2565 2362 2594 statum
2382 2571 2465 2606 per·

1404 2607 1576 2644 fectionis
1596 2607 1796 2655 spiritualis
1816 2607 1928 2654 vitae,
1950 2608 1998 2645 de
2018 2621 2093 2657 quo
2114 2609 2207 2646 infra
2226 2609 2246 2631 '¹‘
2269 2610 2423 2648 dicetur.
2440 2632 2464 2639 -
2492 2620 2501 2629 ·

1405 2659 1484 2697 Εἰ(
1512 2668 1642 2697 tamen
1670 2660 1868 2697 sciendum
1897 2661 2001 2708 quod
2029 2662 2131 2697 hoc
2124 2674 2248 2709 ipsum
2277 2664 2382 2711 quod
2412 2672 2465 2700 est

1404 2725 1472 2749 sua
1500 2713 1703 2749 liberaliter
1730 2713 1865 2760 largiri,
1888 2713 2110 2761 inquantum
2140 2723 2195 2751 est
2223 2722 2327 2751 actus
2350 2716 2466 2753 virtu-

1403 2765 1460 2812 tis,
1490 2766 1539 2802 ad
1567 2765 1840 2802 beatitudinem
1869 2766 2074 2803 ordinatur.

1457 2819 1514 2854 AD
1539 2830 1699 2855 TERTmM
1727 2830 1910 2855 DICENDUM
1940 2819 2057 2866 quod,
2087 2819 2182 2856 sicut
2209 2820 2465 2869 Philosophus

1404 2870 1509 2917 dicit,
1540 2871 1578 2907 in
1608 2871 1658 2907 IV
1685 2871 1804 2907 Ethic.
1830 2871 1865 2917 ³¹⁸,
1903 2871 1952 2907 illi
1992 2872 2056 2919 qui
2091 2879 2315 2909 consumunt
2348 2874 2464 2911 multa
2492 2881 2703 2930 {cg-¹133&-

1402 2924 1439 2959 in
1469 2924 1771 2971 intemperantias
1786 2928 1816 2969 ⁷¹,
1847 2936 1925 2960 non
1954 2932 2040 2960 sunt
2068 2925 2253 2970 liberales,
2283 2926 2350 2962 sed
2377 2939 2465 2975 pro·
2511 2923 2516 2929 ’
2569 2923 2576 2930 ”
2635 2924 2641 2929 ’
2684 2923 2689 2929 ”

1403 2975 1489 3023 digi.
1520 2977 1568 3012 Et
1596 2975 1765 3013 similiter
1786 2976 2018 3025 quicumque
2039 2977 2198 3015 effundit
2226 2990 2323 3026 quae
2352 2979 2467 3016 habet

1401 3036 1558 3077 propter
1586 3041 1852 3077 quaecumque
1882 3029 1953 3066 alia
1971 3037 2138 3078 peccata.
2169 3031 2279 3067 Unde
2309 3039 2345 3068 et
2372 3035 2465 3068 Arn—

1403 3081 1553 3118 brosius
1574 3082 1673 3128 dicit,
1694 3082 1732 3118 in
1753 3083 1766 3118 I
1796 3082 1840 3118 de
1865 3082 1971 3130 Offic.
1992 3082 2028 3119 *ε
2058 3084 2100 3119 Si
2117 3084 2270 3120 adiuves
2297 3096 2382 3121 eum
2403 3086 2468 3133 qui
2493 3092 2501 3101 ⁴
2517 3092 2573 3115 Lo⁸2·
2588 3093 2627 3114 cit-

1398 3135 1649 3183 possessiones
1683 3135 1845 3171 aliorum
1884 3136 2028 3183 eripere
2062 3142 2239 3182 conatur,
2270 3149 2342 3173 non
2376 3149 2465 3186 pro-

1404 3188 1516 3224 batur
1546 3187 1717 3237 largitas.
1751 3188 1836 3225 Nec
1870 3188 1934 3225 illa
1956 3190 2126 3248 perfecta
2158 3195 2212 3226 est
2242 3189 2445 3227 liberalitas

1403 3240 1437 3276 si
1472 3240 1672 3277 iactantiae
1705 3252 1837 3286 causa,
1867 3242 1990 3291 magis
2022 3253 2136 3289 quam
2170 3233 2466 3303 misericordiae}

2490 1878 2500 1888 ⁸
2514 1878 2570 1900 Loe.
2585 1878 2624 1900 cit.

2614 2249 2637 2263 n.
2649 2248 2679 2269 ι7.
2690 2256 2700 2260 -

2612 2273 2640 2290 c.t

2530 2619 2577 2646 Qu.

2492 2651 2543 2673 sqq·
2589 2673 2603 2702 ζ

2605 2624 2702 2641 cz-xxxrv

1462 3354 1487 3386 ζ)
1509 3354 1588 3379 Et.-
1608 3354 1656 3379 Est
1675 3355 1709 3384 P;
1729 3362 1776 3386 pro
1795 3354 1938 3383 sciendum,
1957 3357 1997 3379 est
2014 3354 2149 3380 sciendum
2170 3356 2203 3381 H.

1462 3389 1488 3421 η)
1509 3389 1593 3414 multa
1613 3390 1639 3414 in
1658 3389 1781 3421 intemper
1774 3389 1885 3414 rantias.
1904 3404 1920 3408 —
1940 3390 2023 3414 multa
2043 3390 2263 3422 intemperantias
2275 3391 2368 3424 EFpA,
2384 3392 2467 3417 multa

1382 3431 1383 3455 l
1409 3425 1619 3456 intemperanter
1637 3426 1666 3455 L,
1691 3426 1788 3449 multas
1813 3425 2031 3456 intemperantias
2054 3426 2139 3457 pCsD,
2163 3427 2260 3451 multas
2285 3427 2394 3452 divitias
2418 3428 2466 3460 pD,

346 3459 371 3491 δ)
391 3459 591 3492 disciplinas.—
609 3459 745 3484 doctrinas
765 3459 818 3488 Pa;
837 3467 884 3492 pro
901 3459 1054 3491 accipimus,
1073 3459 1220 3491 accepimus
1234 3459 1355 3484 PCDEG.
1382 3459 1383 3479 l
1410 3461 1507 3484 multas
1526 3467 1568 3485 res
1587 3460 1613 3485 in
1634 3460 1845 3492 intemperantiis
1863 3460 1909 3485 Pa.

2329 3550 2360 3583 57
