2860 4244
223 664 231 673 ⁸
247 663 294 690 Qu.
310 669 338 689 11,
354 666 395 684 art.
410 668 430 683 2.

307 2037 334 2059 3,
352 2030 423 2053 Com-

215 2061 299 2082 men1.;
325 2061 366 2079 art.
391 2065 407 2084 4

215 2084 354 2111 Comment„
369 2084 407 2106 fin.

463 314 532 349 182

459 406 499 430 se
526 394 639 429 habet
658 405 725 441 per
751 391 911 428 modum
937 389 1118 426 materiae
1139 396 1174 424 et
1194 386 1331 423 obiecti
1357 386 1405 423 ad
1429 386 1511 423 reli-

459 446 622 494 gionem.
652 445 762 482 Aliud
792 451 918 480 autem
948 450 1002 478 est
1030 441 1068 477 id
1093 440 1152 476 cui
1180 439 1346 486 affertur,
1375 438 1515 475 scilicet

458 500 575 535 Deus.
607 498 677 534 Cui
707 498 826 533 cultus
847 495 1042 532 exhibetur
1065 505 1143 529 non
1171 492 1278 540 quasi
1309 499 1413 528 actus
1433 491 1513 550 qui-

459 552 529 588 bus
558 552 663 587 Deus
692 549 824 586 colitur
850 548 974 595 ipsum
1004 547 1130 582 Deum
1160 544 1344 592 attingunt
1363 542 1388 591 Ρ,
1419 544 1515 581 515111

460 616 547 640 511111
578 602 766 639 credimus
794 602 890 646 Deo,
922 599 1112 635 credendo
1141 599 1268 635 Deum
1297 597 1513 645 attingimus

459 658 627 704 (propter
646 655 748 702 quod
769 665 881 701 supra
900 652 919 673 ’¹‘
949 651 1091 688 dictum
1119 659 1173 687 est
1193 650 1299 698 quod
1327 652 1432 687 Deus
1459 658 1514 687 est
1539 668 1541 699 ς

457 709 547 745 fidei
577 707 766 743 obiectum
795 717 873 741 non
902 705 1025 741 solum
1060 704 1286 752 inquantum
1323 703 1513 740 credimus

458 762 600 805 Deum,
631 759 696 796 sed
725 759 948 806 inquantum
979 757 1169 794 credimus
1198 757 1319 803 Deo):

458 866 564 911 dam,
594 864 731 913 quibus
759 865 864 900 Deus
901 863 1054 909 colitur,
1085 863 1123 899 in
1152 863 1224 899 Dei
1262 862 1512 899 reverentiam

458 919 571 964 fiunt,
602 925 691 965 puta
720 915 993 953 sacrificiorum
1032 915 1242 952 oblationes
1272 923 1307 952 et
1335 915 1408 952 alia
1444 916 1514 952 hu·
1539 932 1541 940 ι

456 969 632 1007 iusmodi.
668 970 778 1007 Unde
808 969 1051 1005 manifestum
1081 976 1136 1006 est
1164 968 1268 1016 quod
1297 970 1402 1005 Deus
1434 981 1513 1005 non

457 1029 698 1071 comparatur
726 1022 773 1059 ad
800 1022 979 1058 virtutem
1009 1021 1197 1070 religionis
1226 1022 1321 1058 sicut
1355 1021 1513 1058 materia

455 1077 517 1113 vel
546 1075 749 1122 obiectum,
771 1075 837 1112 sed
858 1075 952 1111 sicut
981 1074 1078 1111 finis.
1109 1076 1157 1111 Et
1176 1074 1263 1111 ideo
1285 1074 1414 1122 religio
1436 1087 1514 1111 non
1540 1113 1541 1122 1

457 1136 511 1165 est
538 1128 655 1165 virtus
683 1127 905 1175 theologica,
936 1127 1041 1164 cuius
1062 1128 1254 1165 obiectum
1282 1135 1336 1164 est
1360 1127 1513 1164 ultimus

455 1181 557 1218 finis:
588 1182 655 1219 sed
685 1188 739 1218 est
756 1181 875 1217 virtus
904 1181 1071 1228 moralis,
1093 1181 1198 1217 cuius
1229 1189 1283 1217 est
1308 1193 1390 1217 esse
1415 1180 1513 1217 circa

457 1247 500 1271 ea
530 1247 627 1282 quae
656 1242 741 1270 sunt
769 1233 818 1270 ad
846 1234 975 1271 finem.

507 1289 565 1324 AD
600 1299 736 1324 PRIMUM
771 1298 868 1323 ERGO
901 1298 1086 1323 DICENDUM
1119 1286 1224 1334 quod
1260 1298 1414 1334 semper
1445 1298 1513 1334 po-

455 1340 568 1376 tentia
595 1341 657 1377 vel
684 1340 803 1376 virtus
827 1352 924 1388 quae
954 1347 1133 1388 operatur
1159 1339 1257 1375 circa
1290 1339 1419 1386 finem,
1446 1350 1514 1387 per

454 1392 657 1441 imperium
695 1400 826 1429 movet
861 1392 1072 1441 potentiam
1109 1393 1172 1429 vel
1208 1391 1388 1429 virtutem
1423 1403 1513 1440 ope-

455 1453 601 1482 rantem
622 1458 667 1482 ea
685 1451 701 1474 Υ
721 1458 819 1494 quae
839 1445 1061 1483 ordinantur
1086 1445 1124 1482 in
1144 1446 1262 1482 finem
1282 1444 1399 1482 illum.
1429 1444 1512 1481 Vir-

454 1506 549 1535 tutes
585 1506 710 1536 autem
749 1499 1001 1546 theologicae,
1032 1498 1172 1535 scilieet
1207 1498 1322 1544 fides,
1361 1510 1448 1547 spes
1477 1505 1513 1534 et

454 1552 605 1598 caritas,
644 1552 786 1589 habent
823 1559 950 1588 actum
989 1551 1086 1589 circa
1123 1553 1251 1588 Deum
1287 1551 1382 1587 sicut
1417 1550 1513 1587 circa

670 1646 704 1663 W

505 1673 530 1707 β)
550 1674 696 1707 attingunt.
708 1687 728 1693 -
745 1674 884 1707 attingant
902 1674 1040 1698 PDGILsC
1060 1679 1085 1698 et
1103 1681 1129 1698 a.

504 1710 530 1743 γ)
550 1717 590 1734 ea.
604 1724 621 1728 -
639 1715 671 1734 ea
689 1712 778 1734 autem
797 1709 976 1742 BCEFpAKx,
996 1709 1068 1734 cir-ca
1087 1716 1119 1734 ea
1138 1709 1171 1733 H.

1358 756 1514 793 affertur
1539 762 1540 770 ¹

458 821 584 849 autem
613 813 697 848 Deo
728 811 875 848 debitus
905 811 1024 846 cultus
1053 809 1277 858 inquantum
1306 817 1410 846 actus
1432 809 1513 858 qui·
1539 828 1540 833 =

1114 308 1379 356 QUAESTIO
1409 308 1585 354 LXXXI,
1616 308 1911 345 ARTICULUS
1939 308 1973 344 V

1568 387 1767 435 proprium
1787 387 1993 424 obiectum.
2024 388 2072 423 Et
2090 387 2177 424 ideo
2199 400 2268 424 suo
2293 387 2455 437 imperio
2476 397 2631 428 causant

1568 447 1696 476 aetum
1726 440 1925 488 religionis,
1955 452 2053 488 quae
2083 447 2263 488 operatur
2290 442 2480 488 quaedam
2507 443 2547 479 in
2571 455 2631 480 or-

1569 491 1656 529 dine
1690 492 1739 529 ad
1768 494 1907 530 Deum.
1947 494 1995 529 Et
2022 491 2110 529 ideo
2138 493 2371 540 Augustinus
2401 494 2488 531 dicit
2525 496 2631 543 quod

1567 545 1671 581 Deus
1699 545 1834 582 colitur
1850 546 1945 593 fide,
1973 557 2038 594 spe
2066 551 2102 582 et
2127 546 2295 583 caritate.

1621 599 1679 634 Ao
1717 610 1907 635 SECUNDUM
1945 610 2130 635 montinum
2168 599 2274 647 quod
2315 598 2445 647 religio
2483 600 2632 637 ordinat

1567 650 1765 687 hominem
1798 651 1837 688 in
1865 652 1993 688 Deum
2022 663 2101 688 non
2129 651 2226 688 sicut
2252 652 2291 689 in
2320 652 2533 700 obiectum,
2563 653 2631 690 sed

1568 703 1664 739 sicut
1692 703 1730 739 in
1759 704 1890 741 finem.

1621 758 1679 792 At>
1698 767 1859 794 TERTmM
1874 768 2060 794 DICENDUM
2075 758 2179 804 quod
2201 757 2329 805 religio
2346 770 2424 795 non
2441 766 2497 795 est
2510 759 2630 796 virtus

1567 808 1780 856 theologica
1806 821 1930 857 neque
1951 809 2220 857 intellectualis,
2250 811 2317 848 sed
2337 811 2511 848 moralis:
2541 824 2629 849 cum

1568 861 1613 898 sit
1641 874 1727 910 pars
1765 861 1936 898 iustitiae.
1977 863 2026 899 Et
2053 862 2223 900 medium
2259 863 2298 900 in
2333 863 2415 912 ipsa
2451 865 2632 914 accipitur

1567 927 1646 955 non
1666 914 1824 962 quidem
1844 915 1941 952 inter
1959 915 2169 963 passiones,
2190 916 2259 953 sed
2277 917 2490 954 secundum
2510 930 2630 966 quan-

1568 968 1658 1005 dam
1687 967 1956 1016 aequalitatem
1990 967 2085 1005 inter
2114 968 2356 1016 operationes
2374 967 2388 991 3
2416 981 2515 1018 quae
2544 978 2631 1008 sunt

1539 1013 1541 1025 '
1567 1021 1617 1058 ad
1637 1023 1776 1058 Deum.
1798 1021 1894 1058 Dico
1916 1028 2044 1058 autem
2064 1021 2332 1068 aequalitatem
2351 1034 2429 1059 non
2444 1023 2628 1071 absolute,

1568 1074 1657 1122 quia
1685 1075 1770 1111 Deo
1800 1086 1879 1111 non
1906 1081 2031 1122 potest
2063 1081 2211 1111 tantum
2242 1074 2410 1111 exhiberi
2443 1084 2629 1123 quantum

1569 1127 1601 1164 ei
1624 1127 1802 1164 debetur:
1833 1128 1899 1164 sed
1927 1127 2140 1164 secundum
2170 1127 2542 1175 considerationem⁸
2561 1129 2631 1166 hu-

1569 1192 1706 1217 manae
1743 1180 1927 1217 facultatis
1969 1188 2005 1217 et
2043 1180 2193 1217 divinae
2231 1180 2512 1229 acceptationis.
2561 1182 2632 1219 Su-

1567 1233 1759 1281 perfluum
1788 1241 1914 1270 autem
1943 1233 1981 1270 in
1999 1233 2058 1270 his
2077 1245 2178 1281 quae
2207 1233 2255 1270 ad
2285 1233 2458 1270 divinum
2486 1235 2630 1272 cultum

1567 1286 1756 1334 pertinent
1775 1298 1857 1323 esse
1877 1294 2012 1334 potest,
2043 1298 2123 1323 non
2151 1286 2364 1324 secundum
2387 1286 2633 1325 circumstan-

1567 1338 1658 1375 tiam
1686 1339 1827 1387 quanti,
1857 1339 1926 1375 sed
1954 1339 2167 1376 secundum
2196 1339 2287 1376 alias
2314 1339 2631 1378 circumstantias:

1568 1399 1660 1440 puta
1679 1391 1768 1440 quia
1795 1392 1915 1428 cultus
1936 1391 2087 1428 divinus
2114 1392 2313 1429 exhibetur
2332 1392 2393 1429 cui
2418 1405 2497 1430 non
2518 1393 2632 1431 debet

1570 1444 1753 1491 exhiberi,
1782 1444 1844 1481 vel
1872 1444 2028 1493 quando
2058 1457 2137 1481 non
2166 1445 2297 1492 debet,
2325 1446 2389 1482 vel
2417 1446 2632 1485 secundum

1569 1497 1660 1534 alias
1690 1497 1989 1534 circumstantias
2017 1505 2130 1546 prout
2158 1509 2237 1534 non
2265 1498 2391 1535 debet.

1619 1671 1644 1705 ὃ)
1664 1672 1734 1697 inter
1752 1672 1929 1704 operationes.
1941 1685 1960 1691 —-
1985 1672 2011 1696 in
2031 1672 2230 1704 operationibus
2249 1673 2288 1704 H,
2308 1672 2334 1697 in
2355 1673 2527 1708 operationes
2546 1674 2635 1701 ceteri.

1620 1708 1641 1740 ε)
1660 1707 1910 1733 considerationem.
1925 1721 1939 1726 -
1959 1707 2094 1740 quandam
2113 1708 2353 1733 considerationem
2373 1709 2419 1734 Pa.

1129 1779 1461 1813 commentaria.
1483 1778 1734 1811 Cardinalis
1756 1778 1957 1811 Caietam

483 1863 502 1882 N
526 1852 658 1882 articulo
684 1852 796 1892 quinto
821 1851 962 1882 eiusdem
994 1850 1328 1891 octogesimaeprimae
1356 1849 1514 1891 quaestio—

457 1864 531 1926 Inis
558 1896 707 1932 dubium,
732 1896 764 1926 in
795 1895 886 1926 tertio
917 1895 1049 1926 articulo
1077 1895 1278 1931 inchoatum,
1309 1895 1445 1925 occurrit
1474 1894 1513 1924 de

453 1941 576 1971 obiecto
605 1940 773 1980 religionis.
807 1942 922 1980 Aperte
951 1949 1088 1980 namque
1117 1941 1239 1970 Auctor
1269 1939 1362 1971 docet
1390 1939 1452 1969 hoc
1479 1938 1512 1968 in

451 1975 524 2015 1050
552 1985 658 2014 Deum
685 1994 751 2014 non
776 1993 841 2014 esse
870 1983 1030 2014 obiectum
1058 1982 1227 2023 religionis.
1259 1983 1300 2014 Et
1330 1983 1391 2014 hoc
1418 1983 1538 2017 habet]

451 2028 669 2079 quaestionem
686 2029 726 2059 ad
742 2028 916 2064 hominem,
941 2035 976 2058 ut
999 2034 1084 2068 patet
1101 2037 1137 2058 ex
1153 2027 1317 2058 antedictis
1332 2027 1363 2064 *;
1388 2034 1419 2058 et
1435 2027 1510 2057 sim-

417 2074 423 2085 '
451 2073 580 2113 pliciter,
606 2072 680 2113 quia
704 2072 819 2103 falsum
843 2079 888 2103 est
911 2072 1000 2112 quod
1023 2072 1144 2102 actibus
1160 2071 1320 2111 religionis
1336 2081 1401 2102 non
1417 2071 1510 2102 attin-

450 2124 540 2157 gatur
558 2117 654 2147 Deus.
679 2116 809 2147 Orando
832 2126 970 2157 namque
994 2123 1024 2147 et
1048 2117 1186 2156 petendo
1207 2116 1336 2146 Deum*
1328 2126 1435 2156 ipsum
1452 2115 1509 2146 ho-

450 2160 615 2197 norificari,
632 2167 662 2191 et
675 2161 781 2191 Deum
796 2160 903 2201 ipsum
919 2160 1022 2196 nobis,
1040 2167 1164 2191 constat
1178 2160 1268 2201 quod
1284 2171 1302 2190 a
1315 2161 1386 2191 Deo
1402 2161 1509 2190 Deum

450 2205 603 2245 petimus;
636 2211 666 2236 et
689 2205 810 2236 cultum
834 2205 903 2235 Deo
927 2204 1102 2241 afferendo,
1127 2205 1233 2235 Deum
1260 2204 1411 2235 orationis
1435 2211 1506 2235 actu

450 2249 650 2289 attingimus:
676 2249 757 2280 sicut
779 2249 935 2280 credendo
955 2249 1061 2280 Deum
1085 2255 1115 2280 et
1136 2249 1217 2285 Deo,
1242 2248 1315 2279 fidei
1331 2255 1401 2280 actu
1417 2248 1509 2280 attin·
1534 2267 1535 2273 1

1534 2291 1535 2326 1
1561 2298 1666 2322 tamen
1690 2292 1854 2322 veritatem
1877 2291 1939 2328 rei,
1963 2298 2052 2323 actus
2076 2291 2202 2323 colendi
2226 2292 2267 2322 ad
2289 2301 2349 2322 nos
2372 2297 2428 2323 aut
2450 2299 2559 2324 nostra
2581 2299 2627 2325 at-

449 2293 554 2334 gimus
578 2294 693 2324 Deum.

506 2338 554 2368 Ad
578 2337 638 2368 hoc
662 2337 774 2368 dicitur
802 2338 889 2379 quod
914 2338 994 2369 sicut
1023 2337 1056 2368 in
1080 2337 1227 2368 universo
1251 2344 1380 2368 naturae
1402 2347 1508 2368 rerum
1533 2342 1534 2367 ξ

451 2382 494 2412 515
517 2388 591 2412 sunt
615 2392 771 2412 connexae
794 2389 825 2413 et
848 2382 1009 2413 ordinatae
1033 2389 1069 2412 ut
1092 2382 1222 2412 inferior
1245 2382 1276 2412 in
1293 2381 1341 2412 sui
1356 2391 1506 2422 supremo

451 2426 581 2466 attingat
604 2433 731 2456 naturae
755 2426 924 2466 superioris
948 2426 1165 2457 conditionem
1190 2425 1236 2468 (in
1260 2426 1350 2457 cuius
1369 2426 1506 2466 signum,

451 2521 482 2544 et
505 2514 609 2544 anima
632 2514 664 2544 in
681 2514 729 2544 sui
746 2524 895 2554 supremo
911 2514 1055 2554 intelligit
1079 2515 1197 2555 absque
1221 2512 1394 2556 discursu),
1418 2515 1461 2545 ita
1475 2514 1508 2544 in

450 2558 617 2588 virtutibus
634 2558 807 2588 moralibus
823 2568 970 2598 suprema
987 2568 1105 2594 earum,
1129 2569 1210 2599 quae
1227 2565 1273 2589 est
1295 2558 1415 2598 religio,
1440 2568 1509 2599 par·

1533 2442 1534 2445 =
1560 2435 1618 2466 pro
1642 2425 1767 2456 obiecto
1798 2432 1833 2455 ut
1856 2423 1938 2467 cui),

422 2494 424 2498 .
451 2477 561 2500 natura
585 2469 780 2501 elementaris
802 2470 836 2500 in
857 2471 905 2501 sui
929 2481 1079 2511 supremo
1096 2477 1243 2501 movetur
1262 2477 1352 2501 motu
1374 2470 1508 2506 caelesti,
1533 2455 1535 2505 1

1533 2510 1536 2567 1
1560 2513 1720 2553 religionis
1743 2523 1809 2544 non
1833 2513 2021 2549 formaliter,
2047 2520 2203 2554 quatenus
2227 2512 2387 2553 religionis
2410 2513 2510 2544 solius
2533 2520 2624 2551 sunt,

1534 2569 1535 2597 1
1561 2557 1616 2587 sed
1639 2557 1729 2598 quasi
1752 2557 1855 2588 vestiti
1879 2558 1917 2587 ab
1941 2557 2046 2598 aliqua
2069 2557 2129 2587 tlia
2152 2557 2277 2587 virtute.
2309 2557 2397 2601 Sicut
2424 2567 2499 2588 cum
2522 2558 2626 2589 oratio
2660 2597 2667 2602 ,

1564 1849 1673 1880 rimus.
1705 1851 1804 1879 Actus
1833 1859 1971 1889 namque
2000 1848 2179 1886 interiores,
2205 1849 2322 1890 quibus
2352 1849 2428 1880 solis
2456 1860 2631 1890 possumus

1564 1894 1670 1924 Deum
1700 1893 1865 1933 attingere,
1900 1899 1936 1924 ut
1968 1900 2042 1924 sunt
2071 1900 2160 1924 actus
2187 1893 2361 1924 voluntatis
2391 1900 2422 1924 et
2451 1894 2630 1926 intellectus

1563 1936 1652 1979 (nam
1667 1937 1842 1968 materiales
1858 1944 1945 1968 actus
1968 1937 2007 1968 ad
2029 1938 2135 1968 Deum
2160 1937 2321 1968 terminari
2338 1936 2526 1980 nequeunt),
2551 1949 2629 1980 qua-

1563 1988 1655 2012 tenus
1679 1981 1837 2022 religionis
1862 1988 1951 2018 sunt,
1976 1981 2119 2012 debitum
2142 1982 2212 2012 Deo
2236 1981 2359 2013 cultum
2381 1982 2534 2013 reddunt:
2565 1983 2629 2015 hoc

1563 2033 1619 2063 est,
1643 2025 1780 2056 offerunt
1801 2026 1871 2057 Deo
1895 2025 1945 2056 vel
1968 2034 2110 2057 mentem
2133 2025 2252 2066 ipsam,
2276 2033 2312 2057 ut
2335 2026 2482 2063 devotio,
2507 2026 2628 2064 oratio;

1535 2078 1536 2084 ¹
1562 2070 1612 2100 vel
1636 2070 1797 2101 exteriora.
1822 2073 1869 2100 Ac
1892 2080 1949 2110 per
1971 2070 2044 2107 hoc,
2068 2070 2203 2101 colendo
2227 2070 2344 2107 Deum,
2370 2079 2436 2101 non
2458 2070 2568 2102 Deum
2580 2081 2628 2103 se-

1534 2129 1536 2150 ,ε
1562 2115 1704 2145 cundum
1731 2124 1799 2145 rem
1822 2114 2005 2155 attingimus
2029 2114 2150 2146 actibus
2173 2114 2234 2145 illis
2264 2114 2381 2155 quibus
2407 2114 2500 2145 illum
2524 2115 2628 2148 colere

1561 2158 1705 2196 dicimur,
1729 2159 1785 2189 sed
1809 2158 1993 2199 attingimus
2017 2168 2076 2189 nos
2094 2158 2183 2199 ipsos
2207 2165 2262 2190 aut
2285 2168 2333 2189 res
2357 2165 2456 2190 extra:
2481 2159 2628 2200 quamvis

1534 2228 1535 2232 ,
1560 2203 1836 2242 grammaticaliter
1851 2203 1953 2234 colere
1969 2203 2076 2234 Deum
2091 2203 2242 2243 attingere
2257 2203 2364 2234 Deum
2380 2202 2543 2244 significet,
2566 2213 2627 2246 pro

1561 2254 1681 2288 quanto
1705 2248 1738 2289 ly
1753 2248 1858 2278 colere
1881 2246 2036 2288 significat
2058 2247 2219 2278 terminari
2242 2247 2283 2278 ad
2300 2247 2417 2279 Deum.
2441 2247 2628 2280 Secundum

1560 2336 1668 2376 tingit,
1694 2335 1854 2367 offerendo
1878 2336 1931 2367 illa
1955 2337 2035 2367 Deo.
2066 2337 2142 2367 Non
2172 2336 2216 2367 sic
2244 2342 2352 2367 autern
2374 2336 2409 2367 in
2431 2335 2510 2374 fide,
2534 2343 2571 2369 ut
2591 2337 2625 2369 in

1558 2380 1660 2411 littera
1683 2380 1811 2412 dicitur:
1836 2381 1892 2411 sed
1916 2380 2073 2411 credendo
2097 2381 2167 2411 Deo
2191 2379 2295 2423 (quod
2318 2387 2365 2411 est
2388 2380 2503 2412 habere
2519 2381 2627 2413 Deum

1963 2425 2088 2466 attingit
2111 2431 2182 2455 actu
2207 2424 2353 2455 credendi
2376 2424 2484 2465 ipsum
2506 2425 2624 2458 Deum.

1615 2469 1677 2500 Sed
1692 2469 1916 2500 obscuritatem
1931 2469 1964 2499 in
1979 2469 2038 2500 hac
2051 2479 2083 2499 re
2100 2468 2173 2499 facit
2188 2469 2263 2510 quia
2279 2468 2518 2500 considerantur
2533 2476 2623 2501 actus

450 2602 559 2642 ticipat
582 2608 727 2632 naturam
750 2602 979 2642 theologalium
1002 2602 1165 2633 virtutum.
1197 2603 1328 2642 Propter
1351 2603 1440 2643 quod
1463 2612 1509 2632 re-
1534 2600 1536 2645 1
1561 2601 1639 2641 petit
1661 2602 1767 2632 Deum
1790 2608 1920 2642 propter
1942 2601 2057 2637 Deum,
2083 2608 2113 2632 et
2135 2601 2331 2637 huiusmodi,
2356 2596 2508 2642 imperata
2532 2611 2550 2632 a
2573 2612 2624 2633 ca-

449 2646 536 2686 ligio,
561 2646 635 2686 quia
659 2646 786 2676 moralis
810 2653 865 2682 est,
890 2646 1010 2677 actibus
1034 2647 1098 2676 suis
1122 2657 1187 2677 non
1204 2646 1327 2686 attingit
1346 2647 1451 2677 Deum
1475 2650 1536 2684 ut}
1561 2645 1649 2676 ritate
1672 2646 1733 2676 hoc
1757 2645 1844 2682 facit;
1876 2656 1949 2676 curn
1973 2645 2117 2676 innititur
2141 2645 2248 2675 divino
2272 2645 2405 2682 auxilio,
2431 2645 2584 2696 imperata
2607 2656 2626 2677 a

451 2690 611 2721 obiectum
635 2700 689 2720 seu
714 2690 878 2720 materiam
916 2691 995 2730 circa
1022 2701 1120 2731 quam
1148 2697 1313 2730 operatur,
1345 2691 1399 2721 sed
1432 2690 1510 2721 circa
1534 2662 1536 2728 1
1561 2699 1616 2729 spe
1640 2689 1702 2720 hoc
1725 2690 1831 2726 haben
1856 2699 1931 2720 cum
1954 2689 2216 2730 contemplationi
2240 2689 2363 2720 divinae
2386 2690 2511 2727 insistit,
2528 2700 2546 2720 a
2561 2687 2624 2721 fide

450 2735 624 2765 humanam
643 2741 792 2770 mentem,
817 2727 956 2765 humana
972 2745 1078 2774 opera,
1098 2745 1211 2775 resque
1230 2734 1405 2771 exteriores,
1430 2745 1509 2785 quas
1534 2721 1536 2783 1
1562 2740 1592 2764 et
1616 2733 1708 2764 donis
1732 2733 1906 2764 intellectus
1929 2743 1964 2764 ac
1980 2733 2151 2774 sapientiae
2168 2740 2330 2770 movetur;
2356 2740 2386 2764 et
2410 2733 2452 2764 sic
2477 2734 2515 2764 de
2538 2733 2626 2765 simi-

450 2778 540 2809 offert
562 2779 630 2809 Deo
655 2779 787 2815 orando,
808 2779 980 2815 adorando,
998 2777 1210 2815 sacrificando,
1233 2779 1410 2809 offerendo:
1436 2779 1536 2820 quia
1535 2806 1537 2814 ,
1561 2778 1643 2808 libus
1667 2777 1837 2808 dicendum
1861 2784 1916 2809 est.
1947 2778 1983 2808 In
2005 2778 2066 2808 hoc
2090 2787 2164 2818 ergo
2188 2784 2316 2818 oportet
2338 2778 2511 2814 resolvere,
2535 2779 2625 2820 quod

449 2832 523 2853 vero
547 2822 741 2862 theologales
764 2822 943 2863 participat,
967 2823 1073 2854 Deum
1097 2823 1190 2853 habet
1212 2833 1270 2863 pro
1295 2823 1419 2854 obiecto
1443 2833 1509 2854 non
1535 2818 1536 2825 ¹
1562 2829 1650 2853 actus
1674 2822 1843 2862 religionis,
1868 2832 1927 2863 pro
1950 2828 2071 2863 quanto
2094 2821 2254 2862 religionis
2278 2831 2357 2862 pure
2379 2829 2463 2859 sunt,
2487 2832 2547 2854 nos
2566 2832 2625 2854 no-

449 2866 640 2906 simplicster,
666 2867 720 2897 sed
743 2866 794 2897 cui
818 2867 960 2898 debitum
984 2867 1105 2898 cultum
1129 2867 1225 2898 affert.
1562 2873 1687 2907 straque
1703 2866 1862 2906 attingunt
1877 2873 1913 2898 ut
1929 2866 2093 2897 materiam
2109 2876 2208 2907 quam
2222 2867 2293 2897 Deo
2310 2865 2455 2898 offerunt.
2475 2866 2521 2898 Ita
2535 2867 2626 2908 quod

504 2911 545 2941 Et
568 2911 698 2951 quidem
722 2911 811 2951 quod
833 2911 944 2951 religio
967 2911 1080 2942 habeat
1102 2912 1208 2942 Deum
1231 2921 1290 2951 pro
1310 2911 1434 2942 obiecto
1459 2911 1510 2942 cui
1561 2911 1642 2941 sicut
1672 2920 1746 2941 cum
1768 2921 1852 2950 genu
1877 2910 2043 2947 flectimus,
2066 2911 2138 2950 ipso
2158 2917 2230 2942 actu
2253 2911 2396 2941 membra
2419 2917 2528 2942 nostra
2549 2909 2626 2943 offe-

450 2955 592 2985 debitum
616 2955 702 2986 affert
725 2955 862 2991 cultum,
887 2955 1046 2986 evidenter
1067 2962 1163 2996 patet.
1187 2973 1209 2978 -
1233 2956 1331 2993 Quod
1354 2955 1448 2986 etiam
1473 2965 1510 2986 ex
1534 2980 1536 2996 1
1561 2955 1661 2985 rimus
1684 2964 1796 2986 eorum
1820 2954 1944 2992 officio;
1974 2955 2021 2989 115
2048 2955 2168 2986 actibus
2195 2954 2373 2986 intellectus
2401 2962 2431 2986 et
2453 2954 2626 2987 voluntatis

449 2999 501 3029 1511
519 2999 643 3030 obiecto
668 3006 812 3030 sumatur
827 2999 931 3030 unitas
946 2999 997 3030 vel
1021 2999 1181 3030 diversitas
1204 2999 1339 3035 habitus,
1365 3006 1450 3039 patet
1473 3010 1509 3031 ex
1534 2997 1536 3044 3]
1561 2999 1644 3040 ipsas
1662 2999 1742 3029 vires
1766 2998 1928 3030 offerimus
1957 2999 2129 3030 earundem
2158 2998 2275 3030 officio.
2307 2999 2348 3031 Et
2378 2999 2454 3040 quia
2476 2998 2624 3031 voluntas

450 3042 511 3073 hoc
534 3043 621 3083 quod
640 3043 705 3076 alia
721 3050 767 3074 est
782 3043 881 3073 virtus
904 3054 967 3084 qua
984 3044 1107 3074 cultum
1122 3044 1201 3080 Deo,
1225 3044 1284 3074 alia
1308 3054 1371 3085 qua
1387 3044 1509 3074 cultum
1534 3057 1536 3066 ι
1561 3050 1661 3074 cetera
1677 3050 1795 3082 movet,
1808 3053 1864 3083 per
1879 3043 1983 3084 ipsam
1995 3044 2090 3074 etiam
2103 3043 2223 3084 reliqua
2236 3042 2408 3075 offerimus.
2425 3043 2487 3074 Pro
2502 3049 2624 3085 quanto

450 3087 539 3126 patri,
556 3086 615 3116 alia
634 3096 698 3127 qua
714 3087 835 3117 cultum
851 3087 1023 3118 maioribus
1039 3088 1233 3125 exhibemus,
1250 3094 1416 3129 propterea
1435 3087 1510 3129 quia
1534 3074 1536 3145 1
1560 3098 1635 3118 vero
1663 3088 1857 3128 quandoque
1885 3094 1973 3118 actus
2002 3087 2162 3128 religionis
2190 3088 2230 3118 ad
2253 3088 2359 3118 Deum
2385 3087 2563 3128 attingunt,
2587 3097 2625 3118 ex

450 3130 510 3160 alia
532 3130 653 3160 ratione
675 3131 772 3166 Deus,
797 3130 856 3160 alia
879 3137 975 3170 pater,
1000 3131 1060 3162 alia
1083 3132 1135 3162 alii
1158 3132 1336 3162 honorandi
1360 3138 1449 3162 sunt:
1474 3131 1536 3163 ut
1562 3132 1665 3162 alieno
1689 3131 1751 3162 hoc
1773 3131 1958 3163 sortiuntur.

450 3180 580 3204 testatur
603 3174 760 3205 distinctio
785 3174 864 3205 inter
888 3175 1051 3214 pietatem,
1076 3176 1307 3206 observantiam
1331 3182 1362 3206 et
1383 3176 1508 3216 religio·
1534 3172 1535 3184 ¹
1617 3176 1657 3206 Et
1679 3185 1736 3215 per
1757 3175 1834 3206 haec
1857 3182 1942 3215 patet
1964 3176 2053 3216 quod
2077 3185 2134 3206 nec
2149 3175 2270 3206 veritati
2294 3185 2352 3206 nec
2368 3175 2428 3206 sibi
2443 3175 2624 3208 adversatur

450 3227 535 3248 nem.
559 3218 600 3248 Et
622 3224 750 3258 propter
772 3218 834 3248 1105
857 3218 889 3248 111
913 3219 1045 3249 articulo
1074 3219 1165 3249 tertio
1184 3229 1220 3249 ex
1241 3219 1359 3250 unitate
1379 3219 1508 3250 rationis

450 3261 591 3292 formalis
614 3261 672 3292 Dei
696 3262 850 3301 assignata
873 3269 919 3292 est
941 3261 1044 3293 unitas
1067 3262 1242 3302 religionis,
1267 3270 1298 3293 et
1319 3263 1352 3293 in
1375 3263 1536 3294 articulo

450 3312 562 3346 quarto
587 3315 623 3336 ex
645 3306 999 3337 incommunicabilitate
1019 3306 1103 3336 illius
1126 3306 1264 3343 rationis,
1282 3306 1439 3337 distinctio
1464 3317 1509 3337 re-
1534 3302 1535 3352 1

1561 3221 1682 3250 Auctor
1705 3219 1767 3249 hoc
1789 3220 1822 3250 in
1844 3219 1928 3256 loco,
1953 3219 2008 3250 sed
2032 3219 2140 3249 omnia
2157 3226 2346 3251 consonant:
2372 3227 2408 3252 ut
2431 3219 2568 3260 amplius
2589 3218 2624 3250 in

1561 3262 1622 3293 hoc
1645 3269 1776 3293 tractatu
1791 3262 1944 3304 *liquida
1968 3263 2026 3294 erit
2045 3262 2112 3294 eius
2135 3263 2268 3294 intentio
2293 3273 2330 3294 ex
2352 3263 2452 3305 ipsius
2468 3262 2622 3295 doctrina.

1617 3306 1714 3337 11.1n
1738 3306 1944 3347 responsione
1967 3307 2006 3337 ad
2029 3307 2180 3347 primum,
2204 3307 2353 3348 intellige,
2378 3307 2508 3344 novitie,
2532 3307 2622 3359 qpod

450 3349 575 3389 ligionis
598 3360 615 3380 a
637 3350 751 3381 virtute
774 3359 837 3391 qua
859 3350 1034 3381 honoratur
1057 3356 1210 3386 creatura,
1235 3351 1369 3381 deducta
1396 3357 1451 3386 est,
1475 3350 1507 3381 in
1534 3340 1536 3391 1
1561 3352 1682 3380 Auctor
1704 3350 1822 3390 glossat
1837 3351 2064 3391 Augustinum,
2084 3352 2172 3392 quod
2189 3352 2276 3382 Deus
2292 3351 2363 3388 fide,
2380 3362 2435 3392 spe
2451 3358 2481 3383 et
2497 3351 2624 3382 caritate

451 3393 657 3434 responsione
687 3395 726 3424 ad
750 3394 910 3425 ultimum.

506 3438 566 3468 Sed
589 3438 677 3478 quod
699 3439 786 3469 Deus
810 3448 875 3469 non
899 3438 1068 3478 attingatur
1091 3438 1211 3469 actibus
1235 3438 1351 3479 quibus
1375 3437 1507 3474 colitur,

451 3491 517 3511 non
539 3481 582 3512 ita
604 3482 711 3522 liquet.
745 3482 776 3512 Si
799 3489 905 3513 tamen
928 3482 1074 3523 proprios
1098 3482 1257 3522 religionis
1281 3489 1368 3513 actus
1392 3482 1508 3512 forma-

1534 3419 1535 3428 1
1563 3394 1676 3424 colitur
1699 3395 1892 3425 causaliter:
1914 3395 1989 3435 quia
2004 3395 2120 3426 scilicet
2136 3402 2266 3426 causant
2281 3395 2467 3436 religionem
2490 3405 2554 3436 qua
2570 3405 2624 3426 co-

1534 3437 1644 3495 1111111·
1661 3444 1718 3468 etc.
1743 3439 1842 3475 Quod
1865 3439 1903 3469 de
1919 3439 2069 3479 religione
2088 3439 2192 3470 infusa
2215 3440 2338 3471 nullam
2360 3439 2485 3470 videtur
2507 3439 2622 3470 habere

1534 3471 1791 3523 quaestionem.
1815 3483 1863 3513 De
1879 3483 2031 3524 acquisita
2046 3490 2153 3515 autem
2168 3483 2344 3515 verificatur
2366 3483 2473 3524 quoad
2490 3483 2624 3514 revelata

450 3525 519 3555 liter
543 3532 572 3556 et
595 3526 699 3556 nudos
722 3526 965 3566 inspexerimus,
990 3526 1193 3557 manifestum
1217 3526 1274 3556 erit
1301 3526 1389 3567 quod
1413 3536 1508 3567 quae·
1533 3542 1536 3562 1
1562 3526 1802 3562 caerimonialia,
1827 3533 1857 3557 et
1879 3527 2065 3558 huiusmodi
2090 3528 2129 3558 ad
2153 3527 2338 3568 religionem
2362 3527 2544 3567 spectantia.

2651 3271 2723 3325 unq:
2725 3277 2860 3325 adm}

2651 3314 2784 3348 Comitem
2798 3331 2821 3348 u.
2835 3328 2860 3353 aq
