2860 4238
175 843 193 860 α

81 891 90 900 ·
97 890 138 938 ns
165 889 210 912 Th.
237 891 290 912 ie.ct

129 916 290 944 -Did.i.,le1

37 923 289 982 ¹¹³1153--21121157-

177 1101 192 1134 β

1028 204 1292 250 QUAESTlO
1323 205 1406 252 CX,
1437 205 1731 243 ARTICULUS
1761 208 1790 243 lI

2414 206 2490 250 423

1082 339 1396 408 ARTICULUS
1427 340 1724 383 SECUNDUS

478 452 485 457 .
539 429 692 460 UTRUM
712 429 976 461 MENDACIUM
996 412 1308 461 SUFFlCIENTER
1331 405 1571 469 DlVIDATUR
1593 433 1674 465 PER
1698 433 1965 474 MENDACJUM
1983 404 2260 471 OFFIClOSUM,

1109 473 1301 506 IOCOSUM
1325 475 1383 506 ET
1407 471 1696 525 PERNIClOSUM
1948 506 1951 508 .
2000 505 2005 508 .

700 551 731 576 111
751 551 834 580 Seni„

351 639 395 684 ιρ»
406 645 411 655 ¹
434 644 506 689 §051
530 641 552 666 D
567 641 756 666 SECUNDUM
772 641 825 666 εις
840 641 1079 667 PROCEDITUR.
1095 630 1252 667 Videtur
1273 631 1375 678 quod

343 661 800 740 Alnsufficienter
828 682 1072 719 mendacium
1095 683 1282 720 dividatur
1309 696 1378 732 per

335 714 497 811 ster,
467 716 499 771 ‘f
528 734 770 771 mendacium
792 735 1019 781 officiosum,
1041 736 1214 777 iocosum
1241 744 1275 772 et
1294 748 1376 784 per·

424 776 728 824 &niciosum
768 788 915 825 Divisio
950 789 1049 825 enim
1072 797 1126 825 est
1165 789 1290 825 danda
1319 801 1375 824 se-

319 838 486 874 cundum
506 851 551 876 ea
571 852 670 888 quae
688 853 757 899 per
777 854 817 877 se
842 842 1107 878 εοῐινειιίιιιιιαι
1126 841 1194 890 rei:
1216 850 1257 879 ut
1275 849 1377 890 patet

316 902 385 949 per
412 890 703 942 Philosophum,
723 894 761 930 in
781 894 848 931 VII
877 895 1092 943 Metaphys.
1113 892 1133 915 ’¹‘
1161 885 1238 930 Sed
1258 892 1376 930 inten-

317 943 369 980 tio
400 943 575 991 effectus
586 954 657 993 εει
676 955 826 995 praeter
862 947 1030 996 speciem
1067 954 1171 983 actus
1203 946 1374 992 moralis,

318 1003 354 1032 et
381 1008 450 1044 per
477 986 669 1037 accidens
675 1012 725 1036 se
754 1001 870 1037 habet
892 1000 951 1036 ad
988 999 1111 1044 illum,
1140 1006 1181 1035 ut
1209 999 1375 1035 videtur:

316 1049 418 1086 unde
445 1058 485 1086 et
506 1051 645 1104 infiniti
669 1052 826 1100 effectus
842 1059 1009 1100 possunt
1031 1050 1212 1100 consequi
1233 1063 1277 1087 ex
1297 1063 1375 1087 uno

317 1110 414 1139 actu.
446 1103 552 1145 Haec
572 1107 716 1142 ειιιιειιι
726 1103 743 1134 β
766 1103 905 1141 divisio
935 1104 1047 1143 datur
1082 1104 1316 1144 secundum
1322 1104 1375 1140 in-

317 1149 534 1194 tentionem
540 1150 720 1206 ΙἐΕιει-ιιιιεε
750 1170 841 1200 nam
862 1157 1133 1198 mendacium·
1125 1169 1299 1195 locosum
1321 1165 1376 1194 est

315 1206 423 1259 'quod
440 1209 510 1251 fit
519 1222 635 1250 causa.
659 1200 757 1256 ludi3
790 1209 1032 1247 mendacium
1068 1218 1196 1247 autern
1231 1209 1375 1246 officio·

315 1263 539 1321 surm-Aquod
567 1264 610 1300 fit
634 1275 748 1300 causa
767 1263 951 1309 utilitatis;
982 1263 1226 1300 mendacium
1247 1270 1374 1300 autem

267 1316 280 1318 ⁷
314 1313 593 1372 perniciosum,
627 1317 732 1365 quod
767 1316 809 1353 fit
845 1328 960 1353 causa
1000 1315 1232 1352 nocumenti.
1272 1316 1373 1363 Ergo

76 1481 86 1491 ⁸
109 1480 146 1502 De
163 1479 286 1508 undae„

76 1512 128 1535 etp.
141 1512 189 1529 nv.

74 2534 84 2543 ⁸
98 2534 183 2556 Lomb.

314 1346 625 1418 inconvenienter
651 1371 727 1407 hoe
754 1369 872 1419 modo
903 1369 1080 1407 dividitur
1116 1368 1372 1407 mendacium.

332 1463 333 1466 Ἴ
367 1416 404 1457 2.
411 1416 656 1472 Puerum,
676 1416 946 1470 Augustinus,
937 1430 975 1460 m
994 1419 1091 1458 libro
1113 1427 1243 1459 contra
1261 1417 1373 1458 Men-

313 1469 463 1510 dacium
478 1474 498 1495 ’Β
500 1475 658 1522 ,dividit
676 1471 949 1514 mendacium
941 1487 979 1512 in
998 1482 1084 1511 octo
1104 1482 1242 1523 partes.
1268 1474 1374 1521 Quo-

313 1537 398 1563 rum
427 1526 612 1575 primum
622 1537 679 1566 est
705 1530 743 1566 in
762 1534 778 1558 Υ
806 1529 986 1567 doctrina
1003 1527 1212 1576 religionis;
1240 1538 1373 1563 secun-

312 1579 404 1616 dum
435 1587 499 1617 est
517 1587 560 1618 ut
593 1582 689 1618 nulli
714 1582 837 1642 prosit
867 1587 903 1617 et
929 1580 1026 1617 obsit
1052 1579 1188 1624 alicui;
1221 1579 1372 1617 tertium

313 1638 369 1668 est
395 1634 509 1680 quod
515 1634 672 1683 prodest
688 1635 756 1671 uni
781 1635 832 1671 ita
861 1638 901 1671 ut
925 1633 1037 1670 alteri
1052 1633 1167 1677 obsit;
1195 1641 1371 1685 quartum

312 1683 368 1721 e's't
383 1681 502 1737 quod
514 1684 574 1737 fit
582 1687 677 1732 ,sola
715 1687 917 1739 mentiendi
943 1679 1175 1736 fallendique
1201 1683 1373 1730 libidine,-

311 1727 487 1787 quintum
513 1747 568 1776 est
590 1739 697 1789 quod
708 1740 762 1788 fit
778 1739 956 1789 placendi
977 1739 1196 1787 cupiditate;
1224 1747 1372 1776 sextum

312 1798 367 1827 est
394 1793 496 1839 quod
521 1793 615 1830 nulli
641 1795 754 1839 obest,
781 1799 816 1830 et
836 1793 991 1841 prodest
1008 1792 1122 1830 alicui
1147 1792 1199 1829 ad
1224 1803 1372 1829 conser-

310 1845 475 1881 vandam
499 1847 724 1894 pecuniam;
753 1847 958 1895 septimum
988 1853 1044 1882 est
1066 1846 1167 1894 quod
1189 1845 1283 1881 nulli
1309 1846 1372 1882 ob-

311 1903 375 1942 est,
399 1903 436 1933 et
455 1900 611 1946 prodest
635 1900 750 1936 alicui
775 1900 827 1936 ad
843 1899 1036 1935 vitandum
1066 1903 1242 1942 mortem,·
1271 1906 1371 1935 octa-

310 1962 406 1986 vum
433 1951 535 1999 quod
570 1952 664 1989 nulli
689 1954 809 1998 obest,
840 1958 875 1988 et
899 1951 1055 2000 prodest
1084 1951 1213 1988 alicui-
1232 1951 1283 1988 ad
1317 1951 1370 1988 vi-

311 2003 465 2040 tandum
494 2005 770 2042 immunditiam
805 2005 1052 2052 corporalem.
1091 2004 1192 2052 Ergo
1222 1998 1374 2041 videtur

311 2056 416 2104 quod
443 2057 567 2105 prima
596 2058 732 2095 divisio
762 2057 951 2095 mendacii
979 2057 1025 2094 sit
1051 2057 1295 2094 insufficiens.

366 2109 400 2145 3.
422 2110 656 2157 PRAETEREA,
676 2111 944 2160 Philosophus,
974 2110 1011 2147 in
1041 2110 1092 2146 IV
1119 2110 1237 2147 Ethic.
1258 2109 1289 2156 ²⁸,
1320 2110 1373 2147 di-

310 2161 406 2198 vidit
434 2164 677 2201 mendacium
706 2164 742 2200 in
771 2164 998 2209 iactantiam,
1019 2175 1118 2211 quae
1147 2175 1281 2200 verum
1313 2175 1373 2199 ex·
1399 2167 1400 2170 ’

313 2214 412 2253 cedit
438 2216 476 2252 in
504 2217 679 2261 dicendo,
702 2225 737 2254 et
755 2218 930 2262 ironiam,
952 2228 1051 2265 quae
1077 2216 1202 2254 deficit
1229 2229 1251 2253 a
1273 2228 1372 2254 *vero

1398 2264 1400 2324 ἑ
1426 2270 1529 2307 obest
1553 2270 1687 2313 alicui‚·
1714 2269 1794 2306 sive
1815 2269 1926 2305 etiam
1945 2268 2159 2306 intendatur
2185 2269 2223 2305 in
2252 2274 2484 2306 nocumento

1398 2327 1400 2338 ¹
1426 2323 1539 2361 unius
1564 2322 1701 2359 utilitas
1729 2322 1891 2367 alterius,
1913 2329 1950 2358 et
1968 2323 2042 2358 hoc
2070 2329 2125 2358 est
2153 2316 2303 2358 tertiu'm
2324 2320 2483 2358 menda-

312 2267 350 2304 in
370 2269 506 2306 minus.
528 2270 638 2316 Quae
655 2271 731 2307 duo
747 2271 818 2308 sub
834 2271 936 2308 nullo
952 2269 1233 2318 praedictorum
1253 2281 1373 2306 mem·

312 2321 470 2360 brorum
489 2324 742 2361 continentur.
765 2325 866 2371 Ergo
886 2323 1037 2360 videtur
1055 2322 1169 2378 quod
1180 2322 1372 2371 praedicta

312 2373 461 2411 divisio
479 2377 669 2415 mendacii
696 2377 744 2413 sit
770 2377 1045 2425 incompetens.

277 2450 284 2457 ·
323 2470 326 2471 ⁷
365 2427 440 2464 SED
475 2441 622 2466 CONTRA
654 2441 720 2467 Εετ
753 2430 859 2477 quod
896 2441 1010 2478 super
1046 2428 1136 2464 illud
1170 2428 1310 2464 Psalm.
1330 2427 1370 2474 ³¹⁶,

310 2481 448 2518 Perdes
484 2494 612 2520 omnes
649 2483 714 2531 qui
749 2483 954 2530 loquuntur
989 2481 1248 2525 mendacium,
1286 2480 1373 2517 dicit

312 2533 449 2571 Glossa
473 2534 494 2557 '¹‘
529 2537 634 2584 quod
655 2541 750 2573 ‘sunt
785 2536 858 2572 tria
893 2546 1038 2584 genera
1075 2533 1370 2571 mendaciorum.

314 2586 511 2628 Quaedam
537 2589 637 2625 enim
663 2594 751 2626 sunt
770 2600 845 2637 pro
872 2589 994 2626 salute
1021 2592 1056 2624 et
1082 2586 1278 2623 commodo
1305 2586 1373 2623 ali-

311 2639 438 2685 cuius;
470 2646 524 2678 est
549 2642 661 2678 etiam
693 2642 798 2679 aliud
821 2653 943 2692 genus
970 2640 1176 2685 mendacii,
1205 2639 1307 2687 quod
1322 2640 1375 2687 fit
1399 2675 1400 2682 ,

312 2692 416 2737 ioco;
444 2694 592 2731 tertium
626 2706 716 2731 vero
749 2694 937 2732 mendacii
970 2705 1091 2743 genus
1127 2698 1181 2729 est
1207 2692 1308 2740 quod
1323 2693 1375 2739 fit
1399 2686 1400 2718 ἶ

311 2755 378 2782 ex
387 2747 631 2796 malignitate.
671 2747 845 2784 Primum
873 2755 1002 2784 autern
1036 2747 1176 2783 horum
1195 2742 1209 2767 δ
1239 2745 1373 2781 dicitur

311 2798 547 2844 officiosum;
577 2800 801 2846 secundum,
831 2799 1022 2843 iocosum·
1051 2799 1220 2842 tertium,
1249 2798 1400 2845 perui-1

1399 2891 1401 2903 ζ
1427 2851 1507 2887 sola
1534 2851 1736 2888 mentiendi
1762 2850 1921 2896 libidine,
1943 2850 2046 2898 quod
2074 2849 2247 2898 procedit
2266 2861 2310 2886 ex
2337 2850 2483 2886 habitu:

312 2850 470 2891 ciosum.
509 2853 610 2900 Ergo
648 2852 893 2890 mendacium
926 2852 964 2888 in
992 2851 1062 2888 tria
1089 2826 1282 2899 praedicta
1318 2850 1372 2887 di-

311 2903 462 2941 viditur.

365 2958 590 2994 Responzo
615 2969 798 2994 DICENDUM
818 2957 922 3006 quod
951 2956 1194 2994 mendacium
1224 2955 1373 3004 triplici-

311 3017 368 3047 ter
395 3009 514 3047 dividi
541 3018 677 3070 potest.
715 3011 802 3047 Uno
832 3010 972 3056 modo,
1003 3009 1215 3046 secundum
1248 3008 1372 3057 ipsam

304 3063 502 3100 mendacii
530 3063 735 3100 rationem:
772 3075 869 3111 quae
903 3070 958 3100 est
986 3062 1139 3111 propria
1174 3069 1211 3098 et
1236 3073 1305 3110 per
1332 3074 1372 3099 se

311 3115 500 3152 mendacii
528 3115 676 3153 divisio.
706 3116 755 3154 Et
778 3115 991 3153 secundum
1020 3115 1106 3159 hoc,
1128 3114 1372 3153 mendacium

311 3168 350 3204 in
386 3168 463 3205 duo
500 3168 697 3207 dividitur:
735 3169 876 3207 scilicet
912 3168 949 3206 in
986 3167 1230 3205 mendacium
1267 3167 1374 3215 quod

310 3221 541 3258 transcendit
557 3221 756 3259 veritatem
783 3221 823 3259 in
851 3222 986 3269 maius,
1007 3222 1111 3270 quod
1140 3220 1300 3269 pertinet
1325 3221 1373 3258 ad

311 3274 546 3317 iactantiam‚·
583 3283 620 3312 et
654 3274 693 3312 in
726 3274 972 3313 mendacium
1008 3273 1115 3322 quod
1147 3273 1275 3311 deficit
1301 3278 1313 3294 ⁸
1351 3285 1374 3310 a

365 3397 392 3426 α)
412 3397 581 3422 conveniunt.
598 3410 617 3416 -
634 3396 790 3421 convenient
807 3396 898 3428 BFpC.

365 3431 390 3464 β)
410 3432 485 3457 Haec
502 3435 602 3457 autem.
619 3445 637 3450 -
657 3431 711 3456 Sed
729 3431 793 3456 haec
813 3431 858 3455 Pa.

364 3468 391 3500 γ)
411 3468 447 3492 in.
465 3481 484 3486 -
502 3467 564 3492 Om.
582 3467 745 3491 ABCEFHa.

365 3501 389 3534 δ)
409 3502 513 3527 horum.
531 3517 549 3521 -
567 3502 648 3527 trium
668 3502 763 3526 addunt
783 3501 828 3526 Pa.

854 551 913 576 dist.
931 557 1032 581 mvm
1052 557 1099 577 art.
1118 558 1142 581 2.
1163 552 1191 579 5;
1213 553 1254 577 De
1274 553 1337 578 Dec.
1356 553 1504 585 fluet-eps,

1524 561 1578 585 cap.
1597 554 1630 579 de
1653 554 1719 579 VIII
1734 555 1886 587 Praecepit:
1905 556 1934 580 In
1955 556 2053 580 Psalm.
2078 556 2105 581 V.
2141 560 2144 561 ⁷

1403 662 1404 665 ,
1430 631 1586 668 veritate
1615 618 1652 668 in
1681 633 1816 679 minus,
1845 616 1949 681 quod
1976 630 2135 682 pertinet
2159 615 2208 670 ad
2237 626 2419 678 ironiam;
2446 644 2487 672 ut

1431 692 1533 731 patet
1560 697 1627 732 per
1655 685 1941 734 Philosophum,
1968 687 2005 722 in
2035 687 2084 723 lV
2102 688 2219 723 Ethic.
2241 687 2260 708 ‘³‘
2289 688 2394 724 Haec
2423 700 2487 725 au·
2513 724 2524 745 3

1431 745 1507 773 tem
1538 737 1673 774 divisio
1701 738 1787 775 ideo
1808 751 1875 786 per
1895 751 1936 775 se
1958 747 2012 775 est
2039 739 2156 788 ipsius
2178 740 2377 786 mendacii,
2398 741 2486 788 quia
2527 733 2532 739 ⁸

1403 824 1404 843 3
1430 789 1684 835 mendacium,
1706 790 1930 838 inquantum
1951 791 2180 838 huiusmodi,
2199 792 2402 840 opponitur
2419 805 2484 829 ve-

1431 841 1538 888 ritati,
1569 850 1609 878 ut
1638 843 1779 880 dictum
1810 852 1864 880 est
1882 843 1920 880 *ε
1950 845 2087 881 veritas
2116 853 2243 881 autem
2282 846 2485 893 aequalitas

1402 893 1620 942 squaedam
1661 903 1734 942 est,
1774 896 1832 932 cui
1870 908 1939 943 per
1973 909 2012 932 se
2050 897 2254 945 opponitur
2291 898 2412 934 maius
2451 906 2487 934 et

1431 959 1567 983 minus.

1482 1000 1568 1036 Alio
1598 1001 1716 1037 modo
1743 987 1868 1048 potest
1904 1000 2019 1037 dividi
2056 1002 2298 1038 mendacium
2330 1002 2486 1051 inquant-

1402 1067 1403 1093 ι
1429 1060 1509 1088 tum
1538 1053 1653 1089 habet
1681 1053 1866 1089 rationem
1896 1055 2049 1101 culpae:
2078 1054 2288 1090 secundum
2315 1066 2359 1091 ea
2387 1066 2485 1102 quae

1402 1109 1636 1152 *aggravant
1671 1106 1733 1142 vel
1772 1105 1988 1142 diminuunt
2026 1107 2176 1155 culpam
2215 1107 2402 1144 mendacii
2440 1118 2485 1144 ex

1428 1166 1534 1206 parte
1563 1156 1650 1218 finis
1673 1159 1812 1197 intenti.
1843 1161 2034 1207 Aggravat
2053 1166 2180 1198 autem
2201 1155 2350 1210 culpam
2380 1172 2484 1198 men—

1431 1210 1527 1248 dacii
1555 1211 1587 1250 si
1614 1206 1746 1260 aliquis
1772 1223 1841 1259 per
1867 1211 2112 1251 mendacium
2141 1213 2308 1250 intendat
2335 1212 2486 1251 alterius

1429 1274 1720 1301 nocumentum.
1754 1265 1858 1312 quod
1891 1272 2051 1301 vocatur
2085 1254 2327 1302 mendacium
2361 1267 2486 1324 perni-

1430 1317 1583 1354 ciosum.
1614 1317 1845 1354 Diminuitur
1872 1325 2000 1354 autem
2030 1318 2154 1366 culpa
2169 1317 2356 1354 mendacii
2377 1318 2407 1354 si
2427 1330 2486 1354 or-

1431 1370 1580 1406 dinetur
1607 1370 1655 1406 ad
1669 1370 1828 1429 aliquod
1849 1370 2014 1409 borium:
2043 1371 2102 1406 vel
2124 1370 2355 1430 delectabile,
2378 1378 2426 1433 et
2433 1371 2486 1407 sic

1430 1427 1485 1460 est
1504 1416 1745 1460 mendacium
1767 1422 1955 1467 iocosum;
1973 1423 2035 1459 vel
2053 1418 2155 1472 utile,
2162 1414 2227 1460 et
2232 1416 2283 1460 sic
2304 1400 2361 1472 εει
2378 1436 2485 1476 ιιιειι-

1430 1474 1581 1511 dacium
1620 1475 1849 1523 officiosum,
1886 1474 1963 1512 sive
1988 1474 2007 1499 s
2033 1487 2109 1523 quo
2143 1453 2360 1513 intenditur
2378 1473 2484 1514 iuva-

1400 1559 1401 1562 ,
1429 1536 1601 1565 mentum
1640 1528 1789 1564 alterius
1817 1529 1879 1564 vel
1907 1528 2075 1565 remotio
2087 1529 2318 1566 nocumenti.
2353 1529 2403 1566 Et
2427 1541 2484 1566 se-

1429 1581 1598 1618 cundum
1627 1582 1712 1627 hoc,
1742 1581 1920 1642 dividitur
1947 1581 2188 1650 mendacium
2212 1582 2254 1618 in
2282 1581 2351 1618 tria
2377 1593 2485 1630 prae-

1428 1633 1563 1671 dicta*

1481 1686 1612 1724 Tertio
1645 1686 1764 1731 modo
1802 1685 1999 1730 dividitur
2001 1685 2256 1733 mendacium
2289 1686 2484 1723 universa-

1427 1739 1501 1777 lius
1522 1740 1754 1784 secundum
1760 1735 1942 1785 ordinem
1975 1739 2023 1776 ad
2056 1735 2194 1778 finem:
2223 1739 2304 1775 sive
2334 1751 2387 1776 ex
2410 1740 2484 1776 hoc

1427 1792 1589 1830 addatur
1606 1793 1668 1828 vel
1689 1792 1919 1829 diminuatur
1943 1792 1992 1829 ad
2003 1793 2162 1840 culpam
2184 1792 2384 1839 mendacii,
2405 1793 2485 1829 sive

1398 1883 1400 1892 ,
1427 1858 1516 1882 non.
1553 1847 1601 1882 Et
1629 1846 1840 1882 secundum
1873 1846 1966 1891 hoc,
1997 1853 2052 1881 est
2081 1845 2215 1882 divisio
2245 1852 2329 1881 octo
2365 1857 2484 1881 mem-

1398 1893 1584 1935 lbro-rum
1621 1911 1717 1947 quae
1756 1898 1854 1935 dicta
1891 1906 1946 1934 est
1972 1897 2003 1933 *.
2042 1899 2082 1934 In
2117 1910 2193 1946 qua
2226 1898 2378 1946 quidem
2415 1899 2485 1935 tria
2513 1909 2521 1918 ·

1399 1952 1550 2002 “prima
1577 1952 1751 1998 membra
1788 1951 2025 1987 continentur
2044 1951 2113 1987 sub
2134 1951 2334 1987 mendacio
2362 1952 2485 1999 perni-

1428 2005 1543 2041 cioso.
1575 2005 1691 2051 Quod
1720 2004 1875 2052 quidem
1905 2005 1947 2040 fit
1964 2005 2026 2040 vel
2047 2011 2176 2040 contra
2205 2005 2349 2040 Deum:
2380 2012 2415 2040 et
2434 2005 2483 2041 ad

1398 2056 1501 2094 lhoc
1528 2058 1687 2106 pertinet
1721 2057 1886 2105 primum
1924 2057 2188 2102 mendacium,
2218 2057 2322 2104 quod
2360 2065 2414 2093 est
2447 2058 2483 2093 in

1426 2111 1596 2148 doctrina
1616 2110 1819 2160 religionis.
1849 2110 1919 2146 Vel
1940 2118 1995 2146 est
2014 2117 2144 2146 contra
2162 2109 2376 2146 hominem:
2404 2110 2483 2146 sive

1427 2165 1507 2200 sola
1536 2163 1741 2200 intentione
1770 2164 1931 2199 nocendi
1962 2163 2091 2209 alicui,
2123 2171 2158 2199 et
2186 2162 2238 2198 sic
2268 2170 2322 2199 est
2353 2175 2484 2199 secun-

1427 2217 1520 2254 dum
1541 2216 1792 2255 mendacium
1814 2221 1844 2262 η,
1873 2216 1978 2263 quod
2008 2215 2146 2252 scilicet
2166 2216 2259 2252 nulli
2279 2216 2433 2263 prodest
2449 2222 2486 2253 et

1428 2376 1542 2422 cium,
1562 2376 1663 2423 quod
1690 2375 1756 2412 uni
1767 2375 1922 2423 prodest
1938 2380 1974 2410 et
1989 2374 2100 2411 alteri
2122 2375 2236 2411 obest.
2268 2375 2368 2411 Inter
2386 2385 2484 2422 quae

1427 2428 1497 2466 tria
1525 2429 1691 2476 primum
1722 2436 1775 2464 est
1793 2427 2091 2475 gravissimumz.
2109 2427 2199 2475 quia
2226 2438 2379 2475 semper
2397 2439 2484 2475 pec-

1428 2489 1510 2519 cata
1539 2488 1671 2518 contra
1697 2481 1827 2518 Deum
1856 2488 1942 2518 sunt
1969 2479 2155 2528 graviora,
2175 2486 2224 2516 ut
2251 2492 2365 2529 supra
2383 2480 2403 2501 ’¹‘
2432 2480 2485 2518 di-

2513 852 2523 861 ⁸
2538 853 2587 873 Art.
2600 858 2678 879 praece

1428 2542 1532 2571 ctum
1570 2541 1636 2571 est.
1673 2533 1895 2571 Secundum
1928 2541 2056 2571 autem
2097 2541 2151 2570 est
2178 2533 2328 2580 gravius
2357 2534 2485 2579 tertio,
2513 2537 2546 2554 ‘'f‘
2569 2539 2581 2561 ³

1428 2587 1532 2635 quod
1553 2586 1774 2624 diminuitur
1793 2599 1838 2623 ex
1857 2586 2065 2624 intentione
2088 2586 2250 2623 utilitatis
2279 2586 2440 2623 alterius.
2462 2606 2486 2615 -

1427 2641 1519 2676 Post
1546 2641 1641 2676 haec
1670 2647 1795 2676 autem
1824 2639 1904 2685 tria,
1934 2651 2032 2687 quae
2059 2638 2318 2687 superaddunt
2337 2640 2384 2676 ad
2404 2651 2485 2686 gra-

1427 2694 1583 2730 vitatem
1613 2693 1746 2740 culpae
1775 2692 1975 2739 mendacii,
1995 2692 2147 2740 ponitur
2175 2699 2362 2739 quartum,
2382 2693 2485 2739 quod

1427 2746 1542 2782 habet
1573 2745 1768 2793 propriam
1801 2745 2047 2793 quantitatem
2085 2744 2164 2781 sine
2197 2744 2387 2781 additione
2422 2745 2485 2781 vel

1429 2798 1690 2835 diminutione.
1719 2798 1769 2835 Et
1795 2799 1871 2834 hoc
1899 2805 1954 2834 est
1981 2797 2224 2835 mendacium
2253 2797 2356 2845 quod
2375 2797 2419 2833 fit
2437 2809 2486 2833 ex

1428 2904 1528 2940 unde
1560 2911 1595 2940 et
1623 2903 1877 2952 Philosophus
1907 2903 2005 2949 dicit,
2034 2903 2072 2939 in
2095 2903 2153 2939 IV
2179 2903 2298 2939 Ethic.
2318 2901 2350 2948 *,
2381 2903 2485 2950 quod

1399 2957 1401 2964 ⁸
1429 2957 1612 3003 mendax,
1649 2968 1692 2993 eo
1730 2956 1830 3004 quod
1864 2956 1947 2992 talis
1974 2962 2028 2992 est
2060 2956 2263 2993 secundum
2299 2955 2484 3000 habitum,

1428 3010 1506 3057 ipso
1540 3009 1735 3046 mendacio
1770 3009 1921 3058 gaudet.
1956 3029 1980 3037 -
2013 3009 2188 3055 Quatuor
2222 3020 2316 3045 vero
2355 3009 2483 3045 subse-

1428 3070 1586 3110 quentes
1606 3061 1711 3098 modi
1731 3061 1946 3099 diminuunt
1961 3062 2007 3099 de
2027 3062 2139 3110 culpa
2158 3060 2356 3098 mendacii.
2382 3062 2485 3098 Nam

1429 3115 1602 3162 quintum
1633 3122 1687 3151 est
1715 3114 1958 3152 mendacium
1987 3114 2173 3160 iocosum,
2205 3113 2311 3161 quod
2337 3114 2380 3150 fit
2405 3114 2485 3161 pla-

1429 3168 1536 3204 cendi
1571 3168 1779 3216 cupiditate.
1816 3167 1900 3204 Alia
1927 3179 2021 3204 vero
2050 3167 2119 3204 tria
2147 3166 2386 3204 continentur
2413 3167 2484 3203 sub

1399 3228 1401 3231 ’
1429 3220 1631 3259 mendacio
1660 3220 1846 3257 officioso.
1884 3222 1925 3257 ln
1955 3232 2031 3268 quo
2064 3219 2266 3256 intenditur
2299 3219 2403 3267 quod
2432 3227 2486 3256 est

1429 3274 1532 3310 alteri
1560 3274 1649 3310 utile
1674 3274 1735 3310 vel
1766 3281 1951 3321 quantum
1980 3273 2027 3309 ad
2051 3285 2110 3308 res
2138 3271 2350 3318 exteriores,
2374 3279 2409 3308 et
2433 3271 2485 3308 sic

1480 3396 1501 3426 ε)
1522 3395 1618 3427 deficit.
1637 3409 1655 3413 -
1673 3395 1770 3420 desinit
1789 3394 1913 3426 BEFIpK.

1479 3430 1504 3461 ζ)
1524 3431 1587 3455 sive.
1604 3444 1624 3450 -
1643 3431 1668 3454 in
1683 3430 1714 3458 G,
1728 3438 1780 3454 om.
1796 3430 1840 3458 Pa,
1858 3429 1914 3454 sine
1936 3429 2008 3453 multi
2029 3434 2056 3453 ut
2074 3429 2182 3453 videtur.
2194 3442 2214 3447 -
2228 3428 2277 3451 Pro
2297 3428 2483 3455 iuvamentum,

1399 3485 1401 3492 ,
1428 3466 1605 3490 iuramentum
1625 3465 1798 3497 BDEFleK.

1399 3493 1401 3525 1

1480 3501 1506 3532 η)
1517 3501 1659 3526 secundum
1671 3500 1845 3524 mendacium.
1858 3513 1876 3518 -
1887 3503 1981 3524 contra
1992 3499 2056 3531 (om.
2068 3498 2097 3532 Ρ)
2110 3498 2274 3523 mendacium
2285 3498 2427 3523 secundum
2440 3499 2484 3522 Pa.

2514 2906 2522 2914 ⁸
2532 2904 2565 2926 Ca
2581 2918 2588 2925 .
2597 2910 2635 2929 vu,
2645 2910 2702 2925 n.i‘.·.
2714 2916 2722 2919 -

2515 2931 2539 2952 S.
2554 2911 2599 2952 Tph.
2613 2931 2664 2952 lect.
2685 2937 2721 2951 xv.

2515 692 2523 700 ⁶
2532 691 2586 713 Loc.
2596 692 2635 713 cit.
2647 692 2667 712 in
2677 698 2700 713 ar

2681 852 2702 873 d.

2513 2481 2522 2490 ’
2530 2480 2576 2527 qu.
2583 2485 2643 2505 xcxv,
2650 2483 2691 2500 art.
2698 2485 2720 2505 32

2513 2507 2537 2527 1²
2554 2506 2713 2533 1⁵⁶,qu.1.xx1u
