2814 4250
136 1436 146 1446 ⁴
156 1435 268 1462 Qua-xxv,
281 1438 321 1456 art.
330 1440 344 1456 ι.

142 2460 150 2468 “
166 2458 222 2491 Cap.
238 2463 269 2479 xx.

145 2727 155 2737 ’
170 2726 226 2753 Cap.
242 2731 281 2747 vn.

389 290 432 325 18

374 367 502 426 quoad
522 379 602 403 nos.
634 365 710 403 Sed
729 364 882 401 materia
909 363 1066 400 iustitiae
1087 371 1143 399 est
1162 362 1322 398 exterior
1342 373 1432 410 ope-

374 420 468 456 ratio
493 419 702 456 secundum
723 417 854 465 quod
846 429 939 465 1psa,
959 417 1021 452 vel
1047 427 1106 452 res
1127 415 1232 451 cuius
1253 421 1308 450 est
1326 426 1431 460 usus,

375 472 539 509 debitam
559 470 846 528 proportionem
873 469 988 505 habet
1012 468 1059 504 ad
1079 467 1191 504 aliam
1211 478 1430 515 personam.

374 526 422 561 Et
441 525 527 561 ideo
547 524 717 560 medium
738 522 894 558 iustitiae
916 519 1082 556 consistit
1100 519 1138 556 in
1158 520 1325 568 quadam
1345 531 1433 567 pro-

373 576 556 635 portionis
584 575 808 622 aequalitate
845 573 895 609 rei
925 572 1117 609 exterioris
1149 571 1198 609 ad
1225 584 1431 620 personam

374 629 610 666 exteriorem.
645 627 814 674 Aequale
843 632 970 662 autem
1004 633 1059 662 est
1087 623 1235 661 realiter
1262 624 1430 661 medium

339 696 344 715 ;
372 682 467 718 inter
485 680 607 717 maius
635 687 670 716 et
687 679 824 724 minus,
845 685 886 714 ut
905 677 1065 714 dicitur'
1057 689 1096 714 ιιι
1114 678 1150 714 X
1175 677 1391 725 Metaphys.
1412 676 1433 698 ²¹⁶
1458 679 1459 683 ’

334 731 344 758 -’
373 734 483 771 Unde
511 732 648 769 iustitia
675 732 791 768 habet
819 730 988 767 medium
1019 729 1084 767 rei.

338 783 344 789 ”
424 787 482 822 An
511 796 647 821 PRIMUM
676 795 775 820 ERGO
804 794 989 820 menapum
1017 782 1124 832 quod
1154 783 1230 819 hoc
1258 781 1430 819 medium
1458 779 1460 825 Ξ

373 839 423 874 rei
452 845 506 874 est
525 837 638 874 etiam
663 836 834 873 medium
858 835 1023 872 rationis.
1054 836 1102 872 Et
1120 834 1206 871 ideo
1233 835 1271 871 in
1296 834 1432 871 iustitia

373 892 538 927 salvatur
566 889 659 926 ratio
688 889 833 926 virtutis
861 888 1028 925 moralis.

424 945 483 979 An
498 954 687 979 SECUNDUM
701 953 886 979 mesanum
901 941 1007 989 quod
1026 941 1172 977 bonum
1188 939 1406 988 simpliciter
1416 945 1433 960 ‘²

372 995 566 1044 dupliciter
594 994 738 1031 dicitur.
773 995 860 1031 Uno
890 994 1022 1040 modo,
1043 993 1148 1041 quod
1177 1000 1232 1029 est
1256 992 1434 1029 omnibus
1460 990 1462 995 ’

373 1048 497 1085 modis
525 1049 691 1089 bonum:
721 1047 816 1084 sicut
841 1046 999 1084 virtutes
1020 1054 1108 1083 sunt
1135 1046 1274 1082 bonae.
1305 1046 1354 1082 Et
1383 1044 1435 1081 sic

372 1100 410 1137 in
430 1101 488 1137 his
508 1112 606 1148 quae
627 1107 713 1137 sunt
732 1100 835 1137 bona
854 1099 1072 1148 simpliciter
1090 1110 1169 1135 non
1189 1105 1244 1135 est
1263 1097 1434 1146 accipere

426 1232 453 1264 α)
473 1231 635 1263 simpliciter.
649 1245 667 1249 -
686 1231 747 1255 Om.
762 1230 786 1255 G
792 1238 799 1261 ;
819 1230 961 1262 dupliciter
979 1237 1032 1254 om.
1046 1229 1074 1254 P.

1045 283 1310 331 QUAESTIO
1341 283 1477 331 LVIII,
1506 284 1801 321 ARTICULUS
1830 285 1879 321 XI

1489 361 1660 398 medium
1691 369 1726 398 et
1746 369 1923 399 extrema.
1945 382 1968 389 -
1997 362 2082 398 Alio
2112 360 2231 397 modo
2257 360 2390 397 dicitur
2409 360 2547 409 aliquid
2568 394 2570 396 .

1486 413 1700 461 simpliciter
1719 414 1865 451 bonum
1890 414 1979 463 quia
2008 421 2063 451 est
2092 413 2263 450 absolute
2291 413 2449 460 bonum,
2479 413 2547 450 sci-

1485 465 1570 502 licet
1615 467 1828 503 secundum
1875 479 1985 504 suam
2032 473 2206 503 naturam
2253 465 2545 513 consideratum,

1487 518 1662 565 quamvis
1697 531 1766 567 per
1793 520 1957 556 abusum
1990 518 2109 567 possit
2140 518 2223 555 fieri
2250 519 2415 555 malum:
2455 517 2549 554 sicut

1485 578 1590 619 patet
1609 571 1655 607 de
1675 571 1814 608 divitiis
1834 579 1870 608 et
1888 571 2111 608 honoribus.
2141 571 2190 607 Et
2208 571 2247 607 in
2266 570 2401 607 talibus
2425 577 2549 618 potest

1487 622 1615 671 accipi,
1632 624 1882 672 superfluum,
1908 624 2136 661 diminutum
2165 630 2201 660 et
2228 623 2400 660 medium
2429 634 2548 671 quan-

1486 684 1567 712 tum
1596 675 1645 712 ad
1682 676 1879 724 homines,
1910 677 1974 736 qui
2002 683 2163 725 possunt
2191 675 2244 712 eis
2270 675 2324 712 uti
2351 676 2414 713 vel
2450 675 2548 712 bene

1485 729 1548 765 vel
1584 728 1696 765 male.
1733 728 1779 765 Ei
1807 728 1861 765 sic
1895 729 1993 766 circa
2029 728 2246 778 simpliciter
2277 729 2380 765 bona
2416 728 2549 788 dicitur

1488 793 1570 818 esse
1598 780 1745 817 iustitia.

1538 835 1597 870 An
1616 844 1775 870 TERTmM
1802 844 1986 870 mCENDUM
2011 833 2116 881 quod
2146 833 2279 870 iniuria
2306 834 2407 870 illata
2434 833 2547 870 aliam

1459 900 1461 917 ε
1487 886 1775 935 proportionem
1802 886 1918 922 habet
1952 885 2002 922 ad
2030 885 2259 934 principem,
2297 893 2333 923 et
2360 885 2470 922 aliam
2499 885 2549 922 ad

1487 950 1693 988 personam
1721 938 1921 987 privatam.
1952 939 2001 974 Et
2027 937 2116 975 ideo
2135 945 2285 986 oportet
2312 938 2417 975 aliter
2435 938 2548 975 adae-

1489 1004 1605 1040 quare
1633 999 1834 1040 utramque
1863 990 2040 1027 iniuriam
2069 1002 2138 1039 per
2164 990 2382 1028 vindictam.
2431 991 2549 1037 Quod

1478 1044 1650 1093 vpertinet
1677 1044 1725 1081 ad
1763 1043 2020 1081 diversitatem
2058 1043 2131 1090 rei,
2171 1051 2208 1080 et
2234 1055 2312 1080 non
2347 1045 2470 1080 solum
2500 1043 2548 1080 ad

1490 1097 1746 1134 diversitatem
1774 1096 1938 1133 rationis.

1047 1308 1380 1341 Commentario.
1403 1306 1488 1338 Cau
1490 1306 1655 1338 niualis
1676 1305 1877 1338 Caietam

403 1403 423 1422 N
445 1391 538 1422 titulo
565 1389 688 1421 articuli
716 1389 845 1424 decimi,
874 1393 1035 1418 memento
1062 1386 1151 1426 quod
1177 1385 1210 1415 in
1237 1383 1435 1425 praecedenti

404 1434 532 1466 Libro*
561 1433 748 1465 conclusum
772 1439 818 1463 est
840 1431 989 1462 virtutem
1017 1430 1185 1460 consistere
1202 1429 1235 1459 in
1251 1428 1369 1459 medio.
1393 1427 1435 1458 Et

373 1487 539 1529 propterea
560 1478 612 1508 hic
635 1476 825 1517 supponitur
847 1475 999 1506 iustitiam
1022 1474 1191 1504 consistere
1211 1473 1244 1503 in
1259 1472 1380 1503 medio:
1405 1478 1436 1502 et

374 1523 532 1564 quaeritur
552 1523 590 1552 de
605 1521 755 1571 qualitate
771 1520 879 1558 medii,
903 1519 997 1570 quale
1012 1518 1128 1549 scilicet
1144 1517 1183 1548 sit
1198 1517 1342 1547 medium
1357 1516 1435 1552 eius,

374 1578 413 1598 an
437 1567 480 1597 rei
503 1577 543 1596 an
566 1565 707 1596 rationis.
736 1565 777 1595 Et
800 1571 846 1595 est
869 1564 948 1594 ratio
976 1562 1149 1603 specialiter
1175 1560 1338 1592 dubitandi
1361 1560 1437 1600 quia

374 1611 441 1642 sola
469 1610 587 1641 iustitia
615 1609 696 1640 inter
725 1608 860 1639 morales
886 1607 1016 1638 virtutes
1047 1605 1179 1637 attendit
1208 1605 1352 1635 medium
1382 1603 1437 1634 rei.

374 1656 513 1686 Vocatur
531 1660 638 1684 autem
657 1653 801 1683 medium
819 1652 863 1682 rei
882 1652 970 1692 quod
989 1651 1021 1681 in
1038 1660 1142 1681 rerum
1159 1649 1346 1690 aequalitate
1362 1658 1438 1678 con-

375 1699 470 1735 sistit,
494 1705 572 1739 puta
595 1697 685 1738 pretii
708 1704 739 1727 et
761 1696 805 1727 rei
821 1696 965 1726 venditae
989 1701 1019 1725 et
1042 1693 1236 1730 huiusmodi,
1260 1693 1310 1723 vel
1333 1702 1439 1722 rerum

375 1750 429 1774 aut
452 1752 586 1773 onerum
610 1741 833 1772 communium
852 1750 933 1781 quae
957 1739 1186 1769 distribuuntur
1203 1736 1349 1777 singulis:
1374 1746 1439 1766 me-

376 1788 464 1817 dium
489 1793 595 1817 autem
619 1785 766 1821 rationis,
791 1785 878 1825 quod
903 1784 935 1814 in
959 1783 1189 1833 adaequatione
1217 1781 1439 1812 conditionum

376 1842 393 1862 a
417 1837 499 1861 recta
517 1830 637 1861 ratione
662 1828 946 1859 determinabilium
964 1827 1114 1857 consistit.
1139 1825 1234 1856 Verbi
1250 1824 1357 1865 gratia,
1374 1834 1440 1854 me-

377 1875 466 1905 dium
490 1875 521 1904 in
545 1873 768 1913 temperantiae
793 1879 863 1903 actu
890 1882 954 1902 non
972 1878 1018 1901 est
1041 1871 1206 1901 comedere
1230 1879 1327 1899 unam
1351 1868 1441 1908 panis

377 1920 502 1949 libram:
520 1919 573 1948 sed
591 1928 647 1958 pro
663 1917 735 1952 loci,
752 1916 914 1956 temporis,
932 1915 1057 1951 laboris,
1072 1913 1301 1954 complexionis
1317 1913 1438 1948 robore,

1489 1384 1561 1420 cias,
1586 1384 1758 1434 aliquando
1782 1394 1844 1415 sex.
1869 1384 2027 1415 Incertum
2042 1384 2127 1414 enirn
2143 1390 2189 1414 est
2212 1391 2242 1415 et
2263 1385 2386 1415 varium
2410 1387 2552 1429 medium

1488 1427 1628 1464 rationis,
1645 1427 1836 1468 inquantum
1853 1434 1899 1458 est
1922 1427 2051 1458 rationis
2067 1428 2226 1458 medium:
2246 1428 2322 1469 quia
2339 1439 2424 1460 nunc
2440 1440 2552 1463 conso-

1489 1478 1543 1502 nat
1561 1472 1633 1508 hoc,
1650 1481 1735 1502 nunc
1749 1471 1829 1502 illud
1844 1482 1903 1512 pro
1919 1472 2036 1508 medio,
2053 1472 2230 1503 secundum
2251 1472 2407 1503 rationem
2425 1476 2552 1507 rectam.

1489 1515 1554 1546 Et
1546 1526 1579 1546 ιιι
1601 1516 1862 1547 delectationibus
1878 1523 1909 1546 et
1930 1516 1963 1546 in
1986 1516 2032 1546 ira
2048 1523 2078 1547 et
2099 1516 2133 1547 in
2152 1516 2220 1547 aliis
2234 1523 2320 1555 patet
2334 1517 2507 1550 manifeste.

1546 1560 1582 1590 In
1609 1569 1741 1600 corpore
1765 1560 1906 1596 eiusdem
1933 1560 2064 1596 articuli,
2088 1561 2166 1592 scito
2189 1560 2295 1600 quod,
2320 1568 2356 1591 ut
2377 1561 2508 1593 inferius
2521 1561 2552 1599 *ὃ

1491 1614 1565 1634 cum
1589 1604 1627 1634 de
1651 1603 1822 1635 differentia
1844 1604 1941 1634 medii
1963 1604 1995 1634 in
2012 1605 2176 1644 speciebus
2198 1604 2334 1636 iustitiae
2356 1612 2475 1646 agetur,
2497 1616 2555 1647 pa·

1491 1648 1584 1684 tebit,
1611 1647 1748 1679 iustitiae
1775 1648 1918 1678 medium
1946 1647 2088 1679 consistit
2113 1648 2146 1678 in
2172 1648 2359 1688 aequalitate
2386 1659 2492 1680 rerum
2521 1649 2554 1681 in

1492 1692 1608 1733 quibus
1637 1691 1673 1722 fit
1701 1691 1819 1723 iustitia
1846 1699 1876 1722 et
1902 1701 2110 1732 personarum
2144 1692 2261 1732 quibus
2286 1692 2321 1723 fit
2346 1693 2480 1724 iustitia:
2511 1682 2555 1725 itii

1492 1736 1581 1777 quod
1599 1745 1647 1766 res
1662 1735 1743 1766 inter
1758 1745 1790 1766 se
1805 1736 1961 1777 aequales,
1978 1735 2255 1776 proportionaliter
2268 1737 2319 1767 vel
2338 1736 2554 1777 quantitative}

1493 1779 1751 1820 proportionatae
1764 1780 1826 1810 sint
1841 1780 1993 1820 personis.
2010 1780 2051 1810 Et
2063 1787 2192 1820 propter
2203 1780 2264 1810 hoc
2277 1780 2310 1810 in
2322 1780 2423 1811 littera
2435 1788 2556 1813 utrum-

1493 1834 1556 1864 que
1572 1823 1698 1854 dicitur:
1719 1823 1835 1854 scilicet
1852 1831 1882 1854 et
1897 1825 1984 1864 quod
2001 1834 2063 1854 una
2079 1834 2127 1854 res
2143 1824 2182 1854 sit
2197 1824 2438 1864 proportionata
2454 1825 2554 1863 alteri;

1494 1875 1524 1898 et
1551 1868 1639 1907 quod
1667 1877 1715 1897 res
1739 1867 1778 1898 sit
1804 1868 2043 1907 proportionata
2071 1868 2158 1898 alteri
2180 1878 2346 1918 personae.
2379 1869 2556 1906 Quomodo

1466 1935 1468 1941 ,
1495 1918 1601 1942 autem
1626 1918 1656 1942 et
1684 1911 1817 1952 qualiter
1842 1912 1918 1942 haec
1941 1911 2155 1948 verificentur‚
2179 1912 2212 1941 in
2238 1912 2310 1943 loco
2338 1912 2423 1943 dicto
2447 1913 2556 1944 clarifi-

377 1963 547 2004 aliquando
573 1962 715 1992 medium
740 1967 785 1990 est
808 1970 932 1990 sumere
956 1959 1077 1995 libram,
1104 1958 1275 1998 aliquando
1299 1964 1360 1987 tres
1384 1965 1442 1986 un·
1466 1949 1469 1987 l
1496 1955 1625 1986 cabitur.

1112 2109 1430 2152 ARTICULUS
1459 2108 1795 2150 UNDECIMUS

697 2206 852 2236 UTRUM
876 2204 1019 2235 ACTUS
1043 2202 1258 2234 IUSTITIAE
1283 2201 1349 2232 SIT
1373 2201 1575 2232 REDDERE
1599 2200 1840 2238 UNICUIQUE
1865 2201 1987 2238 QUOD
2012 2201 2130 2232 SUUM
2154 2201 2234 2231 EST

464 2313 472 2327 ι
496 2331 502 2342 ,
528 2322 539 2346 ².
556 2321 558 2323 »
589 2306 611 2330 D
624 2301 835 2330 UNDEcxM'UM
851 2304 903 2329 su:
915 2302 1154 2328 PROCEmTUR.
1165 2289 1324 2326 Videtur
1334 2289 1438 2337 quod

516 2345 551 2397 (5²
559 2363 570 2396 ,ζ
591 2354 695 2383 actus
715 2345 874 2382 iustitiae
895 2357 972 2381 non
994 2344 1039 2380 sit
1059 2343 1217 2380 reddere
1235 2341 1438 2390 unicuique
1464 2359 1466 2365 v

495 2440 498 2441 ⁷
551 2397 695 2449 {quod
717 2411 828 2434 suum
850 2405 916 2434 est.
946 2396 1180 2444 Augustinus
1210 2395 1323 2441 enim,
1351 2394 1439 2430 XIV

471 2446 527 2469 ’””
550 2444 637 2489 &de
662 2453 697 2488 T
694 2464 764 2487 rzn
785 2450 822 2497 ²¹⁵,
852 2449 1018 2487 attribuit
1052 2448 1212 2485 iustitiae
1243 2447 1442 2484 subvenire

381 2505 537 2541 miseris.
560 2505 659 2541 Sed'
652 2517 690 2540 in
706 2503 970 2540 subveniendo
986 2502 1133 2538 miseris
1149 2513 1226 2538 non
1242 2500 1441 2536 tribuimus

383 2558 434 2594 eis
454 2570 552 2606 quae
572 2566 659 2594 sunt
679 2569 825 2603 eorum,
847 2556 914 2593 sed
935 2554 1054 2602 magis
1074 2566 1174 2602 quae
1194 2560 1280 2590 sunt
1300 2559 1439 2589 nostra.

382 2612 484 2658 Ergo
521 2611 678 2647 iustitiae
716 2617 820 2646 actus
849 2621 926 2645 non
956 2615 1011 2644 est
1043 2607 1207 2644 tribuere
1239 2605 1442 2664 unicuique
1468 2654 1469 2657 Ἰ

383 2665 487 2712 quod
516 2676 628 2700 suum
659 2670 724 2699 est.

437 2728 471 2753 2.
501 2717 743 2762 ΡιιΑΕΤΕιιΕΑ,
765 2713 925 2761 Tullius,
961 2713 1000 2751 in
1028 2714 1041 2749 I
1080 2712 1126 2749 de
1158 2712 1265 2761 Offic.
1286 2710 1325 2756 *,
1355 2709 1445 2747 dicit
1469 2717 1471 2728 ’

384 2769 489 2818 quod
516 2769 769 2817 beneficentia,
799 2778 913 2815 quam
942 2766 1209 2826 benignitatem
1232 2763 1292 2800 vel
1308 2764 1471 2803 libera-

383 2822 520 2859 litatem
539 2821 724 2870 appellari
743 2826 760 2842 α
780 2820 872 2865 licet,
895 2819 942 2856 ad
962 2818 1140 2856 iustitiam
1165 2817 1337 2866 pertinet.
1368 2815 1446 2852 Sed

383 2875 610 2912 liberalitatis
637 2882 695 2926 §gt
723 2874 770 2911 de
789 2872 944 2932 proprio
965 2871 1056 2911 dare
1081 2870 1203 2916 alicui,
1232 2881 1310 2906 non
1331 2869 1378 2906 de
1397 2880 1444 2904 eo
1471 2871 1472 2884 ³

1471 2927 1473 2970 ξ
1500 2920 1605 2969 quod
1633 2932 1746 2957 suum
1773 2928 1840 2958 est.

385 2928 489 2976 quod
519 2935 574 2964 est
603 2927 694 2964 eius.
725 2927 826 2973 Ergo
855 2924 1016 2962 iustitiae
1045 2932 1149 2961 actus
1176 2935 1255 2960 non
1284 2929 1340 2959 est
1362 2921 1445 2958 red-

386 2981 474 3017 dere
502 2980 708 3028 unicuique
737 2978 842 3037 quod
871 2990 983 3015 suum
1014 2984 1080 3014 est.

441 3034 475 3070 3.
496 3034 729 3079 PRAETEREA,
759 3031 808 3068 ad
827 3030 1003 3068 iustitiam
1033 3029 1192 3078 pertinet
1220 3040 1298 3065 non
1322 3027 1446 3063 solum
1472 3018 1473 3047 ἶ

387 3098 446 3122 res
467 3085 685 3134 dispensare
706 3084 833 3121 debito
863 3084 994 3129 modo,
1024 3083 1091 3119 sed
1117 3082 1230 3119 etiam
1250 3079 1447 3117 iniuriosas

387 3138 554 3175 actiones
583 3137 760 3175 cohibere
780 3135 814 3173 βε
845 3143 935 3185 puta
964 3134 1181 3180 homicidia,
1202 3132 1384 3170 adulteria
1412 3139 1449 3168 et

387 3191 459 3228 alia
486 3190 716 3228 huiusmodi.
748 3165 823 3226 Sed
852 3188 1011 3226 reddere
1040 3187 1145 3235 quod
1174 3197 1286 3222 suum
1314 3192 1369 3222 est
1391 3184 1448 3221 vi·
1474 3216 1475 3224 ,

388 3246 496 3281 detur
524 3244 648 3280 solum
678 3242 727 3280 ad
739 3241 1066 3290 dispensationem
1095 3250 1221 3276 rerum
1248 3237 1447 3286 pertInere.

1473 3227 1475 3255 l

389 3298 497 3356 Ergp
524 3309 604 3334 non
631 3295 861 3333 sufficienter
895 3306 963 3343 per
995 3294 1070 3330 hoc
1103 3291 1317 3329 notificatur
1345 3297 1449 3327 actus

389 3349 546 3386 iustitiae
579 3349 683 3397 quod
719 3348 854 3386 dicitur
886 3354 991 3384 actus
1027 3345 1107 3383 eius
1143 3356 1226 3382 esse
1245 3348 1260 3372 Υ
1289 3342 1448 3380 reddere
1474 3348 1476 3386 ξ
1502 3341 1763 3379 reductionem
1801 3341 2011 3380 attribuitur
2043 3342 2217 3390 iustitiae,
2247 3342 2343 3379 sicut
2368 3339 2562 3390 principali

389 3402 593 3450 unicuique
621 3401 727 3448 quod
755 3412 867 3438 suum
897 3407 962 3437 est.

446 3542 473 3574 α)
492 3542 631 3574 appellari.
643 3555 661 3560 -
679 3541 813 3573 appellare
832 3541 882 3565 PB.

446 3576 471 3610 β)
491 3577 619 3602 cohibere.
631 3590 650 3596 -
667 3583 786 3601 coercere
805 3576 833 3605 C,
849 3575 992 3607 prohibere
1011 3575 1058 3600 Pa.

1546 2288 1620 2324 SED
1656 2299 1803 2324 CONTRA
1837 2299 1902 2324 asr
1931 2289 2035 2336 quod
2071 2287 2301 2326 ‚Ambrosius
2336 2287 2438 2334 dicit,
2475 2287 2514 2324 in
2542 2289 2555 2324 I

1493 2341 1539 2377 de
1562 2340 1670 2388 Offic.
1694 2341 1728 2377 *ε
1757 2341 1903 2377 Iustitia
1927 2346 1982 2377 est
1998 2352 2095 2389 quae
2115 2341 2314 2389 unicuique
2331 2341 2432 2388 quod
2447 2353 2557 2377 suum
2583 2349 2596 2361 ⁸

1494 2399 1548 2429 est
1573 2393 1715 2438 tribuit,
1744 2392 1909 2430 alienum
1939 2405 2013 2430 non
2042 2393 2223 2438 vindicat,
2254 2393 2444 2430 utilitatem
2467 2405 2558 2442 pro-

1489 2446 1618 2494 priam
1638 2445 1797 2495 negligit
1817 2452 1856 2482 ut
1869 2458 2106 2483 communem
2122 2446 2345 2494 aequitatem
2365 2446 2557 2482 custodiat.
2586 2468 2590 2471 -

2586 2505 2597 2515 ·
2609 2503 2661 2524 Αη.
2677 2501 2700 2529 s.
2716 2507 2749 2524 ιο.

1549 2499 1774 2535 ΒΕ5ΡοΝΒΕο
1804 2509 1988 2536 memnon
2016 2498 2133 2548 quod,
2163 2499 2259 2535 sicut
2287 2498 2429 2535 dictum
2457 2497 2557 2546 est*,

1496 2551 1655 2587 materia
1683 2550 1843 2588 iustitiae
1874 2558 1928 2588 est
1957 2551 2125 2600 operatio
2156 2550 2316 2588 exterior
2345 2551 2558 2588 secundum

1497 2603 1601 2662 quod
1630 2603 1723 2651 ipsa,
1742 2605 1804 2640 vel
1834 2616 1893 2640 res
1913 2616 1988 2652 qua
2016 2617 2085 2652 per
2109 2616 2195 2640 eam
2219 2604 2371 2650 utimur,
2400 2615 2560 2663 propor-

1468 2656 1662 2693 tionatur
1689 2656 1793 2693 alteri
1821 2669 2027 2704 personae,
2057 2657 2106 2694 ad
2134 2669 2252 2704 quam
2282 2668 2352 2705 per
2383 2656 2559 2695 iustitiam

1499 2709 1732 2746 ordinamur.
1763 2709 1849 2746 Hoc
1877 2717 2006 2747 autem
2026 2709 2160 2747 dicitur
2179 2721 2263 2747 esse
2290 2720 2402 2746 suum
2428 2708 2560 2749 unius-
2594 2730 2603 2734 -

1470 2762 1682 2810 cuiusque
1700 2774 1889 2810 personae
1903 2762 2010 2810 quod
2025 2762 2059 2799 ei
2074 2762 2287 2800 secundum
2304 2761 2561 2823 proportioni&

1499 2814 1765 2874 aequalitatem
1795 2815 1964 2853 debetur.
1995 2816 2043 2852 Et
2067 2815 2154 2852 ideo
2179 2814 2355 2864 proprius
2382 2821 2488 2853 actus
2500 2825 2562 2855 m-

1499 2868 1618 2905 stitiae
1655 2867 1744 2904 nihil
1782 2875 1836 2904 est
1875 2868 1974 2906 aliud
2002 2880 2119 2917 quam
2157 2867 2317 2906 reddere
2356 2867 2561 2917 unicuique

1553 2975 1612 3010 Αι)
1641 2984 1777 3010 pannum
1805 2984 1904 3010 ERGO
1932 2985 2117 3011 mcaunum
2141 2973 2246 3022 quod
2273 2972 2445 3020 iustitiae,
2470 2982 2562 3010 cum

1501 3025 1547 3063 sit
1573 3026 1692 3063 virtus
1721 3025 1938 3074 cardinalis,
1968 3026 2158 3075 quaedam
2193 3025 2287 3063 aliae
2314 3025 2560 3062 virtutes->se-

1501 3078 1704 3116 cundariae
1730 3078 1997 3126 adiunguntur,
2018 3079 2112 3116 sicut
2137 3077 2407 3125 misericordia,
2427 3077 2563 3115 libem

1501 3131 1583 3168 litas
1603 3139 1640 3168 et
1659 3131 1753 3168 aliae
1775 3131 1994 3169 huiusmodi
2011 3131 2179 3178 virtutes,
2199 3138 2241 3168 ut
2255 3130 2352 3168 infra
2369 3130 2390 3153 ’¹‘
2405 3129 2564 3180 patebit.-

1502 3185 1551 3220 Et
1578 3183 1665 3221 ideo
1685 3184 1890 3221 subvenire
1918 3183 2077 3231 miseris,
2098 3183 2203 3232 quod
2230 3183 2392 3232 pertinet
2415 3182 2468 3220 ad
2492 3182 2562 3220 rni-

1474 3257 1476 3277 2
1503 3236 1748 3273 sericordiam
1784 3236 1864 3274 sive
1891 3236 2090 3285 pietatem,
2120 3243 2156 3274 et
2182 3234 2563 3273 Ῑὶὸειειὶίιοιὺοιιαὶιιὴ

1504 3301 1600 3336 cere,
1617 3289 1722 3337 quod
1740 3289 1902 3337 pertinet
1925 3289 1972 3326 ad
1997 3289 2269 3336 liberalitatem,
2285 3301 2354 3338 per
2367 3287 2563 3337 quandam

1503 3394 1639 3432 virtuti.

1559 3535 1586 3568 γ)
1605 3541 1668 3560 esse.
1682 3549 1701 3555 -
1718 3535 1780 3561 Om.
1799 3535 1852 3568 KL,
1872 3539 1911 3562 est
1929 3536 1956 3560 Ρ.

2508 2039 2551 2118 ι
2591 2024 2599 2030 “

2581 1562 2652 1591 Qu.
2662 1568 2708 1588 m,
2718 1566 2760 1585 m.
2769 1568 2789 1585 π.

2588 3131 2599 3143 ·
2613 3131 2662 3159 Qu.
2676 3137 2744 3154 Lxxx-
