2860 4238
193 332 202 342 ⁸
218 329 283 350 Vers.
297 334 332 354 ²4·

192 600 200 608 ·
209 598 292 624 Exod.,
304 604 352 625 cap.
361 603 399 624 xx,

192 631 250 646 vers.
267 625 288 645 8.

191 758 200 766 ¹
216 756 242 777 D.
259 756 294 777 38.

190 861 201 872 ⁴*
215 861 239 882 In
254 866 357 887 corpore.

290 1643 306 1659 α

191 1743 199 1751 ‘
215 1742 316 1763 lntcrlin.

190 1769 211 1779 ⁴⁴*
226 1768 294 1789 Vers.
309 1774 329 1795 7.
343 1777 355 1782 -
365 1767 401 1788 Cf.

192 1795 301 1816 Glossam
319 1794 401 1815 Ordin.

193 1821 260 1842 Deut.
292 1827 342 1848 cap.
370 1827 383 1841 v
395 1836 400 1845 ‚

193 1854 250 1869 vers.
266 1854 291 1869 11.

194 1903 200 1910 ·
217 1901 282 1922 Vers.
299 1906 324 1921 ιι.

193 1930 223 1975 ἔῃ
234 1927 312 1948 Gloss.
328 1927 402 1948 Inter-

196 2427 205 2435 ·
220 2426 286 2447 Vers.
304 2432 334 2453 ¹7·

197 2748 204 2754 '
221 2746 286 2767 Vers.
302 2752 322 2772 7.

198 2772 404 2794 ”·(;1055.Ιηῐει-Ιίη.

295 2813 308 2837 ὃ

428 196 505 243 476
1082 192 1347 238 QUAESTIO
1378 192 1536 239 CXXII,
1565 192 1862 229 ARTICULUS
1892 192 1939 228 111

428 274 574 323 ligionis
604 282 659 311 est
687 273 791 321 quod
820 274 938 309 homo
968 272 1061 307 falso
1088 271 1160 306 deo
1190 270 1402 306 inhaereat:
1431 282 1488 306 se·
1513 269 1515 306 ξ
1543 270 1706 306 deorum
1746 270 1941 319 dupliciter
1983 271 2084 318 apud
2127 270 2275 319 aliquos
2317 273 2606 309 observabatur.

430 328 598 365 cundum
627 327 716 363 illud
754 326 886 362 Matth.
916 336 949 360 VI
975 323 1012 359 *ε
1042 324 1132 359 Non
1163 323 1314 370 potestis
1347 323 1489 359 servire
1513 315 1515 371 l
1544 322 1711 368 Quidam
1743 323 1844 359 enirn
1874 323 2062 370 quasdam
2092 331 2282 361 creaturas
2310 336 2381 372 pro
2410 325 2479 362 diis
2509 326 2608 362 cole-

428 382 509 418 Deo
538 386 574 416 et
603 390 853 416 mammonae.
886 378 932 412 Et
961 376 1046 413 ideo
1069 376 1105 411 in
1134 375 1258 423 primo
1283 383 1487 423 praecepto
1513 375 1515 399 ¹
1543 376 1633 411 bant
1661 376 1805 424 absque
1833 376 2063 412 institutione
2092 376 2325 424 imaginum:
2355 378 2457 414 unde
2485 378 2607 415 Varro

427 434 518 481 legis
539 432 745 469 excluditur
774 431 893 467 cultus
921 430 1100 465 falsorum
1131 429 1304 465 deorum.

481 488 539 522 AD
560 497 695 522 PRIMUM
715 495 812 520 ERGO
829 494 1012 519 DICENDUM
1033 481 1137 529 quod
1159 481 1268 517 etiam
1291 480 1388 517 circa
1407 480 1489 517 reli-

428 540 581 587 gionem
609 537 761 586 ponitur
784 548 903 572 unum
933 541 1181 584 praeceptum
1201 533 1486 580 affirmativum,

428 592 582 629 scilicet:
604 591 796 627 Memento
818 595 858 625 ut
874 589 971 625 diem
985 587 1132 624 sabbati
1147 586 1393 634 sanctifices*.
1412 587 1488 623 Sed

428 652 532 682 erant
551 643 824 692 praemittenda
839 648 1042 690 praecepta
1061 640 1246 687 negativa,
1263 640 1400 688 quibus
1418 640 1487 676 im-

427 698 646 747 pedimenta
675 695 863 743 religionis
891 695 1122 731 tollerentur.
1161 693 1351 739 Quamvis
1385 693 1486 729 enim

427 750 629 788 affirmatio
659 749 875 785 naturaliter
894 747 939 784 sit
958 747 1062 795 prior
1088 746 1288 794 negatione
1307 745 1338 788 ²¹⁸,
1359 753 1488 783 tamen
1514 750 1515 784 Q

426 804 464 840 in
483 804 547 839 via
574 801 826 850 generationis
852 800 1014 848 negatio,
1035 811 1110 848 qua
1135 807 1383 836 removentur
1419 799 1488 836 im-

427 856 657 905 pedimenta,
681 863 734 892 est
754 854 869 903 prior,
889 862 930 890 ut
963 853 1105 890 dictum
1136 860 1190 889 est
1208 853 1239 889 *.
1270 853 1319 889 Et
1346 853 1489 900 praeci·
1515 900 1516 904 Ἰ

426 922 500 957 pue
530 909 568 946 in
596 909 709 945 rebus
739 907 886 952 divinis,
909 907 946 943 in
976 906 1115 954 quibus
1134 905 1353 953 negationes
1381 918 1489 954 prae—

426 964 595 999 feruntur
623 961 958 1005 affirmationibus,
993 967 1148 1008 propter
1186 958 1489 996 insufficientiam

427 1023 612 1052 nostram:
638 1022 679 1050 ut
697 1014 904 1062 Dionysius
925 1013 1023 1059 dicit,
1042 1025 1063 1049 11
1086 1025 1166 1061 cap.
1193 1012 1293 1049 Cael.
1314 1012 1425 1049 IIier.

479 1071 538 1105 AD
567 1072 757 1105 SECUNDUM
786 1078 972 1104 mcENDUM
1001 1067 1106 1114 quod
1127 1067 1248 1102 cultus
1276 1065 1488 1101 alienorum

479 1191 501 1222 ε)
521 1190 602 1215 dixit.
620 1204 637 1209 -
658 1190 722 1215 dicit
741 1189 831 1214 PCLa.

1544 427 1634 464 dixit
1653 433 1664 448 ⁵
1694 429 1801 475 quod
1829 429 1972 477 antiqui
2001 429 2168 466 Romani
2197 430 2262 467 diu
2291 430 2371 467 sine
2401 430 2609 468 simulacris

1514 473 1515 535 l
1543 481 1636 517 deos
1658 482 1856 518 coluerunt
1875 482 1905 518 ⁵¹⁸.
1936 483 1984 518 Et
2002 483 2064 519 hic
2088 484 2208 519 cultus
2227 483 2450 532 prohibetur
2468 484 2606 532 primo,

1514 547 1515 579 ῃ
1544 546 1632 570 cum
1663 533 1816 571 dicitur:
1845 533 1937 572 Non
1966 536 2118 572 habebis
2146 536 2233 573 deos
2260 537 2415 574 alienos.
2439 558 2463 564 -
2492 536 2608 586 Apud

1514 589 1515 637 l
1543 586 1637 623 alios
1657 595 1784 623 autem
1806 595 1885 624 erat
1911 589 2031 626 cultus
2051 589 2232 626 falsorum
2254 589 2415 627 deorum
2436 591 2506 627 sub
2526 590 2607 638 qui-

1514 649 1515 684 }
1543 640 1707 676 busdam
1745 640 1985 688 imaginibus.
2030 643 2078 678 Et
2106 643 2192 679 ideo
2227 651 2443 692 opportune
2481 643 2608 691 prohi-

1514 738 1515 742 ,
1543 694 1654 729 betur
1683 701 1719 729 et
1746 693 1915 741 ipsarum
1944 694 2154 742 imaginum
2178 696 2369 743 institutio,
2401 708 2488 733 cum
2519 696 2608 733 dici-

1543 754 1617 782 tur:
1648 746 1737 783 Non
1745 746 1874 794 facies
1893 747 1959 783 tibi
1974 748 2141 796 sculptile
2159 748 2190 794 t;
2221 757 2257 786 et
2276 749 2486 797 imaginum
2510 748 2607 798 ipsa-

1544 811 1627 835 rum
1657 799 1789 844 cultus,
1821 811 1908 836 cum
1937 799 2090 837 dicitur:
2119 801 2210 838 Non
2240 802 2338 838 coles
2365 814 2422 849 ea,
2444 809 2514 839 etc.

1596 854 1654 888 AD
1674 864 1835 889 TERTIUM
1855 864 2040 890 memnon
2066 854 2171 901 quod
2201 867 2336 891 omnes
2355 855 2449 892 aliae
2478 867 2608 903 super-

1544 904 1713 942 stitiones
1741 905 1956 954 procedunt
1979 918 2024 942 ex
2052 906 2180 955 aliquo
2210 915 2322 956 pacto
2343 920 2432 944 cum
2453 908 2608 945 daemo-

1543 958 1654 995 nibus
1682 958 1773 995 inito
1809 958 1920 995 tacito
1949 960 2012 996 vel
2043 971 2234 1009 expresso.
2273 961 2323 997 Et
2351 960 2439 998 ideo
2472 973 2609 998 omnes

1515 1023 1516 1056 i
1543 1011 1798 1059 intelliguntur
1825 1012 2018 1060 prohiberi
2047 1014 2085 1050 in
2109 1014 2183 1050 hoc
2212 1013 2317 1062 quod
2338 1013 2488 1051 dicitur:
2516 1014 2608 1051 Non

1515 1066 1517 1109 ξ
1543 1065 1695 1101 habebis
1722 1066 1810 1101 deos
1837 1065 1990 1102 alienos.

1596 1185 1620 1218 ζ)
1640 1186 1770 1217 sculptile.
1788 1199 1806 1205 —
1824 1169 1971 1218 sculptibile
1990 1188 2018 1212 Ρ.

1229 1295 1548 1338 ARTICULUS
1577 1294 1806 1338 TERTIUS

715 1382 870 1413 UTRUM
894 1380 1130 1412 SECUNDUM
1154 1380 1446 1411 PRAECEPTUM
1470 1379 1690 1410 DECALOGI
1716 1379 2057 1425 CONVENIENTER
2080 1381 2322 1414 TRADATUR

964 1459 987 1485 1·
1007 1460 1062 1490 11⁸⁸,
1083 1468 1126 1492 qu.
1147 1467 1171 1489 c.
1191 1464 1236 1484 art.
1258 1458 1280 1489 5,
1301 1459 1332 1483 ad
1353 1458 1380 1488 3;
1399 1463 1447 1483 art.
1466 1457 1496 1489 6;

577 1554 586 1561 f
640 1536 661 1560 D
681 1534 842 1559 TERTlUM
862 1534 915 1559 Sic
939 1533 1180 1559 Pkoessmrua.
1208 1520 1368 1558 Videtur
1387 1520 1492 1568 quod
1517 1518 1519 1547 ἵ

460 1615 463 1622 ι

465 1570 503 1640 {J‘
546 1566 613 1627 *fif-“³³
640 1576 853 1613 secundum
900 1582 1148 1624 praeceptum
1197 1573 1367 1622 decalogi
1414 1586 1491 1610 non

445 1635 448 1642 '
476 1630 485 1643 ⁸
504 1648 558 1667 πῆ
586 1637 608 1674 s
622 1629 628 1635 .

462 1637 815 1731 Ϋ’“Χεερῖι]ῐῐι,
845 1682 936 1719 Νοη
971 1693 1137 1718 assumes
1166 1693 1301 1718 nomen
1330 1681 1406 1718 Dei
1439 1680 1493 1717 tui

429 1738 466 1774 in
494 1748 648 1782 vanum,
670 1737 722 1773 sic
742 1735 940 1784 exponitur
967 1735 1005 1771 in
1034 1735 1170 1771 Glossa
1184 1734 1204 1756 ’¹‘
1221 1734 1344 1771 Exod.
1366 1746 1413 1770 xx
1431 1733 1489 1770 **:

430 1791 530 1836 idest,
559 1790 649 1826 Non
678 1789 864 1826 existimes
892 1794 1106 1825 creaturam
1135 1799 1213 1824 esse
1238 1788 1377 1824 Filium
1407 1787 1490 1831 Dei,
1517 1801 1519 1815 ι

428 1855 497 1892 per
534 1843 636 1891 quod
679 1842 900 1890 prohibetur
945 1853 1049 1877 error
1091 1849 1220 1877 contra
1268 1841 1399 1877 fidem.
1443 1841 1491 1877 Et

429 1898 540 1933 Deut.
560 1907 583 1931 v
601 1895 620 1917 ’¹‘
650 1896 847 1943 exponitur
865 1894 925 1931 *ἢῆ
954 1895 1045 1930 Non
1074 1905 1240 1930 assumes
1264 1906 1399 1930 nomen
1418 1894 1494 1930 Dei

429 1950 484 1986 tui
501 1950 537 1985 in
557 1960 719 1985 vanum:
746 1948 897 1993 scilicet,
929 1959 1062 1983 nomen
1079 1947 1153 1983 Dei
1170 1947 1275 1996 ligno
1295 1952 1331 1983 et
1343 1945 1358 1976 β
1377 1947 1494 1995 lapidi

428 2002 674 2047 attribuendo,
694 2013 762 2050 per
789 2001 895 2048 quod
923 2000 1145 2048 prohibetur
1170 2001 1264 2037 falsa
1289 2000 1491 2049 confessio,

429 2067 526 2104 quae
548 2062 602 2091 est
630 2062 734 2091 actus
758 2053 998 2100 infidelitatis,
1016 2053 1111 2090 sicut
1130 2060 1166 2089 et
1185 2065 1301 2090 error.
1328 2053 1492 2091 Infideli—

429 2120 484 2145 tas
505 2115 631 2145 autem
651 2112 667 2135 Υ
696 2115 752 2144 est
778 2107 881 2155 prior
909 2106 1193 2155 superstitione:
1224 2107 1319 2143 sicut
1342 2114 1378 2143 et
1395 2107 1492 2144 fides

429 2161 620 2209 religione.
651 2161 752 2208 Ergo
773 2161 846 2196 hoc
869 2167 1115 2209 praeceptum
1146 2160 1277 2197 debuit
1304 2161 1492 2209 praemitti

430 2215 568 2264 primo,
589 2213 627 2250 in
655 2226 737 2261 quo
761 2213 984 2262 prohibetur
1012 2213 1239 2262 superstitio.

485 2280 520 2304 2.
550 2268 788 2313 PRAETEREA,
809 2279 949 2303 nomen
970 2266 1042 2302 Dei
1061 2266 1109 2303 ad
1130 2267 1248 2303 multa
1267 2266 1491 2304 assumitur:

431 2321 526 2358 sicut
553 2321 602 2356 ad
630 2321 876 2366 laudandum,
907 2322 954 2357 ad
983 2320 1164 2356 miracula
1194 2319 1423 2366 faciendum,
1458 2328 1494 2357 et

430 2373 694 2410 universaliter
721 2374 769 2409 ad
805 2373 935 2409 omnia
972 2385 1069 2420 quae
1098 2373 1272 2410 dicuntur
1303 2374 1364 2409 vel
1398 2374 1495 2410 fiunt

432 2439 455 2463 a
473 2426 595 2471 nobis,
616 2427 826 2462 secundum
846 2426 938 2462 illud
961 2426 1100 2463 Coloss.
1122 2438 1157 2462 111
1172 2425 1208 2463 *z
1243 2426 1361 2462 Omne
1379 2426 1494 2474 quod-

433 2491 592 2527 cumque
608 2479 741 2526 facitis
765 2479 800 2514 in
826 2480 940 2515 verbo
959 2479 1019 2515 vel
1045 2491 1167 2527 opere,
1189 2480 1226 2516 in
1247 2479 1398 2516 nomine
1416 2481 1495 2516 Do-

433 2533 527 2569 mini
536 2532 670 2580 facite.
701 2533 802 2579 Ergo
823 2540 1069 2580 praeceptum
1089 2544 1166 2579 quo
1186 2532 1409 2580 prohibetur
1427 2545 1495 2569 no-

433 2598 523 2623 men
552 2586 622 2621 Dei
651 2585 792 2621 assumi
821 2585 859 2621 in
885 2597 1047 2633 vanum,
1068 2585 1218 2622 videtur
1246 2585 1495 2623 universalius

434 2652 515 2676 esse
545 2650 660 2687 quam
689 2645 935 2686 praeceptum
957 2650 1034 2685 quo
1063 2639 1287 2686 prohibetur
1320 2639 1496 2688 supersti-

432 2693 507 2730 tio„
527 2693 575 2728 Et
604 2691 653 2728 ita
682 2691 811 2728 debuit
840 2691 872 2727 ei
899 2691 1098 2740 praemitti.

489 2747 522 2782 3.
552 2746 794 2790 ΡΒΑΕΤΕΒΕΑ,
824 2746 947 2781 Exod.
978 2757 1024 2781 xx
1053 2744 1073 2766 ’¹‘
1102 2745 1304 2793 exponitur
1331 2744 1372 2766 ³⁸*
1404 2745 1495 2782 illud

433 2805 679 2847 praeceptum
701 2796 725 2844 δ,
747 2798 837 2835 Non
865 2810 1031 2834 assumes
1051 2810 1185 2835 nomen
1205 2798 1280 2835 Dei
1298 2798 1352 2834 tui
1369 2798 1406 2835 in
1430 2810 1496 2836 va-

435 2864 546 2888 num:
566 2851 725 2887 iurando
745 2851 882 2887 scilicet
894 2863 968 2899 pro
989 2851 1115 2887 nihilo.
1137 2852 1247 2888 Unde
1262 2852 1414 2889 videtur
1427 2864 1498 2900 per

434 2906 508 2941 hoc
527 2904 720 2952 prohiberi
742 2916 843 2941 vana
871 2904 1019 2951 iuratio,
1040 2917 1138 2952 quae
1168 2905 1308 2941 scilicet
1336 2913 1392 2942 est
1417 2905 1495 2942 sine

435 2957 587 2994 iudicio.
619 2957 696 2994 Sed
716 2958 835 2994 multo
864 2957 1017 3005 gravior
1037 2965 1091 2994 est
1110 2958 1202 2994 falsa
1230 2958 1377 3005 iuratio,
1399 2971 1497 3007 quae

436 3019 490 3047 est
519 3010 599 3047 sine
626 3010 798 3055 veritate3
829 3019 864 3047 et
882 3011 1018 3048 iniusta
1045 3011 1191 3058 iuratio,
1213 3024 1310 3059 quae
1338 3019 1394 3048 est
1413 3012 1494 3049 sine

435 3063 581 3106 iustitia.
611 3064 712 3111 Ergo
741 3063 860 3111 magis
889 3064 1102 3101 debuerunt
1120 3064 1181 3101 illa
1205 3065 1398 3113 prohiberi
1426 3078 1495 3114 per

436 3118 509 3154 hoc
537 3123 798 3165 praeceptum.

488 3182 524 3216 4.
547 3171 778 3216 PRAETEREA‚
796 3170 915 3206 multo
936 3170 1088 3217 gravius
1103 3179 1302 3219 peccatum
1325 3179 1380 3208 est
1398 3172 1495 3208 blas-

436 3223 602 3270 phemia,
623 3223 684 3259 vel
712 3222 897 3271 quidquid
916 3223 983 3259 fiat
1007 3224 1128 3260 verbo
1148 3224 1209 3260 vel
1229 3224 1327 3261 facto
1348 3224 1385 3261 in
1406 3237 1495 3262 con-

491 3333 517 3363 α)
538 3340 588 3356 non
609 3333 801 3357 convenienter.
820 3347 838 3351 -
856 3340 907 3357 non
928 3333 1143 3358 inconvenienter
1158 3334 1272 3365 ΒΕΕΡΑ,
1287 3335 1499 3359 inconvenienter

438 3367 584 3399 GHKLpC;
605 3376 651 3400 pro
670 3368 803 3397 tradatur,
825 3369 943 3393 traditur
962 3369 1098 3401 BEFLpC.

492 3401 516 3433 β)
536 3405 570 3427 et.
588 3416 606 3421 -
624 3404 664 3427 vel
683 3403 749 3427 PLa.

490 3438 516 3469 γ)
538 3438 681 3470 Infidelitas
700 3441 798 3462 autem.
815 3452 834 3456 -
851 3440 932 3463 Actus
951 3442 1040 3463 autem
1061 3439 1226 3471 infidelitatis
1247 3439 1293 3464 Pa.

491 3471 515 3504 ὃ)
533 3477 712 3504 praeceptum.
730 3487 748 3492 -
767 3474 872 3498 verbum
894 3474 953 3506 PpC
971 3479 995 3498 et
1013 3481 1039 3498 a.

492 3507 514 3539 ε)
534 3509 649 3540 quando.
667 3522 685 3527 —
703 3509 778 3540 quasi
797 3509 892 3539 BDEF,
911 3509 974 3540 quia
993 3509 1084 3534 GHIL.

641 1629 940 1667 convenienter²
959 1630 1140 1666 tradatur.
1161 1629 1248 1664 Hoc
1263 1628 1365 1664 enim
1384 1639 1491 1675 prae·
1517 1622 1518 1662 Ῐ

1516 1458 1547 1482 111
1567 1458 1650 1487 sent„
1671 1458 1729 1483 dist.
1747 1466 1842 1489 xxxvu,
1861 1463 1908 1484 art.
1930 1465 1953 1489 2,
1973 1459 2022 1492 qu·
2043 1466 2066 1484 2.

1544 1519 1742 1556 tumeliam
1767 1519 1852 1566 Dei,
1870 1532 1986 1569 quarn
2006 1521 2228 1569 periurium.
2252 1524 2356 1571 Ergo
2372 1524 2612 1573 blasphemia

1517 1604 1518 1617 ἶ
1545 1580 1582 1609 et
1605 1572 1677 1609 alia
1700 1572 1922 1610 huiusmodi
1942 1574 2061 1622 magis
2090 1575 2305 1613 debuerunt
2321 1589 2391 1626 per
2408 1577 2483 1614 hoc
2501 1580 2611 1627 praess

1546 1633 1698 1674 ceptum
1727 1626 1934 1674 prohiberi.
2168 1627 2172 1630 ”

1602 1681 1634 1716 5.
1664 1680 1907 1726 Parmam,
1938 1681 2056 1717 multa
2085 1688 2171 1717 sunt
2198 1682 2270 1718 Dei
2299 1683 2468 1720 nomina.
2508 1684 2611 1733 Ergo

1545 1744 1624 1769 non
1653 1732 1783 1770 debuit
1802 1733 2091 1770 indeterminate
2121 1734 2214 1771 dici:
2243 1735 2334 1773 Non
2354 1748 2521 1774 assumes
2546 1749 2612 1775 no-

1545 1797 1630 1822 men
1659 1787 1734 1822 Dei
1760 1786 1815 1822 tui
1840 1786 1877 1823 in
1897 1797 2052 1823 vanum.

1600 1840 1674 1876 SED
1704 1851 1738 1876 IN
1767 1851 2002 1876 CONTRARHJM
2032 1847 2087 1876 est
2116 1839 2332 1890 Scripturae
2361 1842 2576 1880 auctoritas.

1599 1893 1826 1929 RESPONDEO
1862 1904 2047 1930 DICENDUM
2085 1893 2189 1942 quod
2230 1902 2381 1943 oportet
2412 1895 2516 1944 prius
2543 1896 2612 1933 im-

1545 1946 1766 1994 pedimenta
1793 1958 1909 1983 verae
1938 1946 2128 1994 religionis
2162 1947 2362 1985 excludere
2398 1948 2438 1987 in
2465 1961 2511 1986 eo
2574 1949 2612 1990 ui

1546 1999 1748 2036 instituitur
1775 1999 1824 2036 ad
1850 1999 2049 2047 virtutem,
2080 2012 2195 2049 quarn
2226 2013 2315 2038 eum
2343 2001 2383 2038 in
2410 2013 2504 2040 vera
2531 1998 2614 2041 re*—

1546 2052 1658 2100 gione
1687 2052 1858 2089 fundare.
1898 2053 2118 2102 Opponitur
2144 2061 2272 2091 autem
2299 2067 2416 2092 verae
2445 2054 2615 2105 religioni

2737 439 2748 455 Ε

2635 495 2645 507 ”
2650 494 2686 517 ef.
2692 496 2715 517 A

2634 521 2681 543 Dei
2689 522 2728 544 lib.

2633 554 2698 570 xxxx.

2747 510 2754 517 .
2760 495 2790 517 de
2795 496 2845 519 Ciu.

2773 538 2780 550 5
2795 529 2846 551 mp-

1546 2106 1688 2155 aliquid
1729 2106 1939 2155 dupliciter.
1983 2107 2070 2144 Uno
2106 2108 2248 2155 modo,
2285 2119 2354 2157 per
2390 2119 2643 2159 excessum,-

1547 2160 1702 2208 quando
1721 2164 1734 2181 ⁸
1762 2159 1902 2196 scilicet
1929 2159 1966 2197 id
1986 2160 2092 2208 quod
2121 2168 2177 2197 est
2205 2161 2393 2209 religionis
2425 2163 2532 2200 alteri
2559 2163 2614 2201 in-

1548 2213 1673 2250 debite
1695 2213 1906 2250 exhibetur:
1929 2214 2032 2262 quod
2052 2214 2214 2262 pertinet
2227 2215 2276 2252 ad
2291 2215 2613 2264 superstitionem,

1547 2266 1632 2303 Alio
1661 2266 1792 2314 modo,
1814 2266 1921 2315 quasi
1949 2279 2019 2315 per
2039 2267 2229 2305 defectum
2255 2269 2504 2318 reverentiae,
2526 2282 2614 2309 cum

1547 2320 1686 2356 scilicet
1713 2321 1819 2356 Deus
1849 2320 2119 2358 contemnitur:
2159 2321 2265 2370 quod
2292 2322 2456 2370 pertinet
2483 2324 2532 2362 a'd
2559 2323 2616 2363 vi-
2662 2339 2681 2352 ³

1546 2373 1640 2410 tium
1661 2373 1938 2421 irreligiositatis
1959 2372 1982 2420 ζ,
2012 2382 2054 2410 ut
2073 2387 2188 2423 supra
2207 2374 2227 2396 ²¹⁶
2254 2375 2425 2413 habitum
2447 2385 2529 2414 est.-
2545 2378 2615 2417 Su-

1547 2426 1716 2475 perstitio
1745 2433 1872 2463 autern
1900 2426 2060 2476 impedit
2097 2428 2318 2476 religionem
2351 2437 2537 2477 quantum
2566 2430 2616 2469 ad

1547 2480 1635 2526 hoc,
1665 2492 1712 2515 ne
1742 2479 1966 2528 suscipiatur
1994 2481 2100 2517 Deus
2127 2482 2175 2518 ad
2205 2482 2420 2519 colendum.
2457 2484 2522 2521 Ille
2549 2496 2616 2521 au-

1547 2541 1625 2568 tem
1647 2532 1752 2568 cuius
1782 2533 1932 2569 animus
1952 2532 2164 2581 implicatus
2185 2542 2240 2571 est
2263 2534 2432 2572 indebito
2453 2537 2568 2574 cultui
2583 2542 2615 2585 ¹¹,

1550 2598 1628 2622 non
1655 2593 1780 2634 potest
1808 2585 1919 2622 simul
1947 2586 2119 2623 debitum
2147 2587 2219 2624 Dei
2232 2589 2382 2625 ‘cultum
2403 2590 2615 2639 suscipere:

1551 2639 1764 2675 secundum
1793 2638 1885 2675 illud
1915 2639 2034 2676 Isaiae
2053 2651 2163 2677 xxvm
2183 2640 2219 2677 *ε
2247 2642 2504 2691 Angustatum
2523 2641 2536 2665 ⁰
2563 2649 2619 2681 est
2641 2656 2653 2668 ⁰

1547 2698 1718 2738 stratum,
1749 2697 1788 2728 ut
1814 2692 1909 2728 alter
1929 2692 2085 2739 decidat,
2115 2693 2255 2730 scilicet
2282 2695 2388 2732 Deus
2412 2708 2527 2734 verus
2553 2698 2616 2736 vel

1549 2746 1664 2782 falsus
1693 2757 1715 2782 a
1743 2745 1858 2782 corde
1887 2745 2070 2793 hominis,
2100 2752 2137 2783 et
2158 2747 2318 2794 pallium
2338 2749 2450 2786 breve
2474 2755 2615 2788 utrum-

1549 2810 1620 2847 que
1644 2799 1791 2847 operire
1810 2811 1884 2835 non
1898 2804 2030 2847 potest.
2061 2800 2134 2836 Per
2153 2800 2466 2849 irreligiositatem
2486 2811 2615 2842 autem

1549 2852 1755 2900 impeditur
1774 2851 1902 2900 religio
1924 2860 2111 2900 quantum
2132 2854 2180 2891 ad
2199 2854 2286 2900 hoc,
2307 2867 2355 2892 ne
2374 2856 2493 2903 Deus,
2513 2864 2616 2906 post·

1549 2918 1667 2954 quam
1697 2913 1894 2953 susceptus
1923 2914 1989 2952 est,
2019 2907 2240 2945 honoretur.
2268 2908 2377 2946 Prius
2403 2917 2532 2947 autem
2561 2918 2617 2948 est

1550 2961 1678 2996 Deum
1707 2958 1898 3007 suscipere
1927 2959 1977 2996 ad
2006 2960 2210 2998 colendum
2239 2973 2358 3009 quam
2379 2974 2468 3010 eum
2489 2975 2616 3002 susce-

1551 3020 1660 3061 ptum
1680 3013 1883 3049 honorare.
1914 3013 1963 3049 Et
1981 3013 2068 3050 ideo
2097 3014 2349 3063 praemittitur
2366 3023 2615 3065 praeceptum

1552 3078 1630 3114 quo
1650 3066 1873 3115 prohibetur
1887 3066 2099 3114 superstitio
2120 3068 2290 3105 secundo
2305 3077 2520 3118 praecepto,
2538 3080 2615 3119 quo

1552 3119 1776 3168 prohibetur
1809 3119 2039 3167 periurium,
2076 3120 2125 3157 ad
2153 3120 2468 3170 irreligiositatem
2503 3123 2616 3171 perti-

1553 3185 1660 3209 nens,

1607 3227 1665 3262 An
1694 3237 1831 3262 PRIMUM
1851 3236 1949 3262 ERGO
1975 3237 2160 3263 DICENDUM
2179 3227 2284 3275 quod
2308 3227 2392 3265 illae
2417 3228 2616 3278 expositio-

1605 3335 1629 3366 ζ)
1650 3335 1869 3367 irreligiositatis.
1889 3349 1903 3354 -
1926 3335 2112 3368 religiositatis
2131 3336 2256 3369 BEFIpK,
2276 3337 2440 3371 irreligionis
2459 3338 2499 3362 ed.
2517 3345 2543 3363 a.

1605 3370 1632 3401 η)
1653 3370 1768 3395 indebito
1787 3371 1878 3395 cultui.
1896 3385 1915 3389 -
1933 3371 2014 3396 alicui
2032 3371 2116 3396 cultui
2134 3372 2250 3397 indebito
2270 3373 2316 3398 Pa.

1604 3403 1628 3437 θ)
1647 3407 1865 3438 Angustatum.-
1882 3407 2093 3439 coangustatum
2113 3407 2188 3436 PDa,·
2206 3416 2255 3440 pro
2276 3411 2400 3437 stratum,
2419 3411 2510 3433 ratum
2527 3408 2615 3434 BEF'K

1550 3441 1620 3472 pAC,
1634 3444 1732 3466 statum
1748 3441 1780 3471 G,
1800 3444 1904 3466 tantum
1924 3442 1954 3473 L,
1973 3442 2042 3467 enim
2061 3446 2177 3468 stratum
2196 3444 2234 3473 H3
2258 3443 2327 3468 alias
2350 3446 2439 3468 ratum
2463 3450 2553 3475 margo
2577 3443 2615 3474 G;

1550 3483 1597 3508 pro
1617 3479 1654 3505 ut,
1674 3477 1712 3501 ita
1731 3480 1761 3501 ut
1780 3477 1831 3501 ΡΙ).

2739 2385 2754 2415 ζ

2642 2419 2717 2468 :ng-u.
2728 2425 2800 2446 xcvu,
2814 2418 2854 2441 In-

2740 2548 2756 2572 ’l

2667 2655 2734 2678 ναι
2739 2661 2784 2708 θω.
