2860 4238
0 587 3 601 ι

0 617 4 653 ΙΙ

0 646 4 673 ΙΙ

31 557 39 566 ·
63 555 122 576 Dist.
137 561 239 594 xxxvii,

29 585 71 604 art.
76 587 96 609 5,
104 582 149 609 qu·
156 587 176 607 2,
184 571 239 604 ada.

932 225 1199 271 QUAESTlo
1229 226 1385 280 exitu,
1414 227 1709 264 ART1CULUS
1738 228 1772 264 v

270 299 328 330 nisi
357 309 393 330 ex
418 300 547 332 vinculo
580 301 698 339 servili,
729 302 754 333 si
784 312 821 333 ex
850 312 909 333 suo
937 311 1049 343 genere
1077 312 1142 332 non
1173 310 1219 333 est
1242 314 1324 343 opus

269 344 388 374 servile.

322 388 429 418 Minus
456 398 530 429 ergo
558 390 637 419 bene
661 389 867 420 distinxerunt
896 389 1026 430 quidam
1051 399 1133 429 opus
1160 391 1269 422 servile
1289 391 1324 422 in

268 431 441 462 formaliter
467 439 497 463 et
524 433 724 464 materialiter
753 433 879 469 servile,
909 442 1005 473 penes
1038 431 1134 463 finem
1163 434 1241 464 lucri
1268 445 1323 466 seu

268 475 436 506 mercedis:
472 476 625 516 quoniam
655 476 732 507 haec
765 476 997 516 impertinentia
1029 484 1103 507 sunt
1132 478 1171 507 ad
1202 478 1323 509 servilia

267 528 373 559 opera.
389 519 521 559 Propter
536 520 634 561 quod,
650 520 794 550 divinum
809 520 957 550 Auctoris
968 520 1131 560 ingenium
1147 531 1322 562 nunquam,

265 562 298 593 in
322 563 363 593 111
382 563 523 594 Sentent.
543 564 560 583 *
583 570 638 594 aut
660 563 725 600 hic,
749 570 883 594 tractans
907 564 946 594 de
968 564 1130 595 servilibus
1144 566 1322 605 operibus,

265 606 410 637 meminit
432 607 511 637 lucri
534 614 590 638 aut
611 607 773 637 mercedis.

319 650 388 681 XX.
412 651 472 681 His
494 650 683 691 praemissis,
700 650 854 691 quoniam
869 651 1042 682 universale
1058 662 1094 682 ex
1112 652 1323 692 singularibus

265 693 480 734 colligendum
511 704 566 725 seu
595 694 840 725 abstrahendum
870 701 926 731 est,
956 694 1145 726 intuendum
1173 702 1219 726 est
1246 696 1323 736 quid

264 738 442 768 observatio
465 737 635 768 Christiani
658 738 770 778 populi
794 739 912 779 absque
935 739 1085 779 scrupulo
1115 739 1323 771 conscientiae

263 781 384 813 habeat.
409 781 522 812 Musici
545 781 578 811 in
602 782 711 822 primis
733 782 840 813 locant
862 790 974 822 operas
993 792 1065 813 suas
1080 783 1248 823 praecipue
1263 793 1321 823 pro

263 825 374 856 diebus
397 825 484 856 festis
506 825 539 855 in
563 826 725 865 pulsandis
744 826 870 866 organis
892 826 924 856 in
949 826 1086 857 ecclesia.
1110 827 1264 858 Doctores
1287 827 1323 857 il-

261 870 374 900 lustres
392 869 498 900 locant
521 879 632 909 operas
655 880 728 900 suas
743 871 784 900 ad
797 870 968 910 legendum
987 870 1098 901 diebus
1113 870 1198 901 festis
1214 870 1322 901 lectio-

262 923 336 944 nem
359 912 521 954 publicam
542 914 592 944 vel
615 913 819 953 astrologiae,
843 914 893 944 vel
919 914 1089 952 moralem,
1119 914 1169 944 vel
1198 914 1322 944 theolo-

261 956 340 997 giae,
353 957 403 987 vel
415 957 509 987 aliam
527 956 730 988 huiusmodi:
755 965 791 988 ut
806 964 892 997 patet
903 958 1035 994 Romae,
1048 957 1165 993 Parisii,
1178 957 1319 994 Paduae;

262 1007 293 1032 et
314 1000 358 1032 ita
381 1001 473 1031 debet
495 1010 561 1031 esse
584 1001 617 1031 in
641 1001 709 1031 aliis
732 1001 854 1032 studiis.
878 1001 990 1031 Musici
1019 999 1135 1031 iterum
1166 1007 1196 1031 et
1226 1001 1321 1041 coqui

260 1045 367 1076 locant
390 1054 503 1085 operas
525 1054 598 1075 suas
622 1045 733 1075 diebus
755 1044 842 1075 festis
865 1054 939 1075 cum
962 1045 1091 1084 nuptiae
1115 1044 1319 1082 celebrantur,

261 1095 297 1120 ut
308 1094 403 1130 patet.
419 1089 574 1119 Advocati
593 1095 624 1120 et
638 1095 857 1128 procuratores
873 1088 979 1118 locant
993 1098 1105 1128 operas
1116 1087 1320 1119 informando

225 1137 232 1150 ¹
260 1133 293 1164 in
316 1132 418 1164 causis
441 1132 552 1163 diebus
575 1132 678 1162 festis:
702 1139 738 1166 ut
751 1139 837 1173 patet
852 1132 975 1162 Romae
990 1131 1016 1163 *.
1044 1132 1169 1168 Medici,
1182 1132 1320 1163 minuto-

259 1186 318 1213 res,
343 1183 374 1207 et
395 1175 592 1211 huiusmodi,
615 1176 658 1206 ita
681 1186 740 1216 pro
763 1175 907 1215 mercede
922 1182 1094 1215 operantur
1109 1176 1219 1206 diebus
1234 1175 1319 1207 festis

258 1221 340 1252 sicut
354 1220 388 1250 in
400 1219 477 1251 aliis.
494 1220 617 1250 Nautae
633 1219 783 1250 similiter.
803 1219 852 1256 Et,
865 1219 1008 1256 breviter,
1021 1219 1185 1251 manifeste
1201 1221 1319 1261 absque

258 1264 513 1305 tergiversatione
535 1263 641 1304 aliqua
662 1263 763 1304 liquet
785 1264 874 1304 quod
897 1270 1062 1304 operantes
1084 1264 1116 1293 in
1141 1263 1251 1294 diebus
1274 1265 1318 1295 se-

257 1307 316 1340 stis
336 1313 436 1349 opera
455 1317 538 1349 quae
560 1314 747 1348 reputantur
768 1307 854 1338 licita
875 1307 908 1338 in
923 1307 984 1338 illis
1001 1307 1121 1344 diebus,
1141 1309 1251 1338 eadem
1270 1308 1319 1339 in-

258 1351 409 1388 tentione,
434 1359 470 1383 ut
491 1358 583 1392 pacta
605 1358 637 1382 et
658 1351 885 1382 conventiones
908 1358 939 1382 et
963 1351 1160 1382 conditiones
1179 1352 1318 1383 servitio-

257 1406 330 1428 rum
353 1402 523 1427 testantur:
547 1396 674 1432 eadem,
697 1396 847 1436 inquam,
871 1395 1046 1426 intentione
1069 1402 1240 1435 operantur
1255 1406 1318 1437 qua

257 1440 326 1473 aliis
349 1439 460 1471 diebus
482 1439 537 1470 illa
559 1446 741 1480 operantur,
765 1439 882 1470 scilicet
904 1446 1034 1480 propter
1059 1441 1247 1470 mercedem.
1278 1440 1319 1471 Et

257 1493 332 1516 cum
355 1484 442 1520 haec,
466 1490 578 1524 utpote
606 1483 741 1519 notoria,
771 1490 925 1519 constent,
957 1490 988 1514 et
1015 1484 1135 1524 absque
1167 1479 1317 1524 scrupulo

257 1527 343 1564 flant,
367 1528 582 1568 colligendum
601 1534 648 1558 est
662 1527 857 1558 universale:
881 1527 969 1567 quod
993 1526 1110 1558 scilicet
1125 1537 1220 1567 opera
1237 1537 1319 1568 quae

255 1572 340 1604 licite
362 1578 498 1612 possunt
519 1572 553 1602 in
575 1571 657 1603 festo
680 1570 761 1607 fieri,
789 1571 854 1601 sive
883 1577 1013 1611 propter
1042 1571 1317 1608 consuetudinem,

256 1616 321 1648 sive
343 1623 473 1657 propter
499 1615 717 1646 necessitatem
746 1614 919 1655 corporalis
948 1615 1066 1652 salutis,
1098 1615 1162 1646 sive
1190 1623 1319 1656 propter

254 1660 426 1692 imminens
450 1660 614 1696 damnum,
638 1659 702 1689 sive
726 1669 763 1689 ex
786 1668 845 1689 suo
864 1668 987 1698 genere,
1004 1666 1140 1700 possunt
1153 1659 1235 1690 licite
1252 1659 1319 1690 fieri

254 1712 386 1746 propter
408 1704 586 1735 mercedem
609 1701 665 1733 seu
688 1700 888 1739 mercenarie,
913 1703 994 1734 sicut
1017 1703 1084 1734 aliis
1108 1703 1219 1734 diebus
1237 1703 1319 1735 fiunt

255 1748 456 1785 mercenarie,
479 1747 589 1789 quoad
610 1747 821 1777 intentionem
844 1747 1007 1778 mercedis.

310 1792 373 1828 Ubi
397 1793 475 1823 scito
491 1792 580 1833 quod
596 1791 629 1821 in
648 1791 696 1821 his
713 1791 862 1831 operibus
878 1801 959 1832 quae
978 1791 1062 1821 licite
1079 1790 1162 1822 fiunt
1176 1791 1207 1821 in
1225 1791 1316 1827 festo,

255 1837 373 1878 duplex
395 1836 554 1867 invenitur
576 1834 663 1865 finis:
689 1835 766 1865 alter
788 1835 907 1875 operis;
931 1836 1008 1866 alter
1031 1835 1200 1875 operantis.
1223 1835 1317 1866 Verbi

254 1881 366 1921 gratia,
385 1878 455 1911 finis
479 1890 535 1911 seu
558 1879 637 1910 ratio
662 1879 767 1919 operis
790 1879 822 1909 in
846 1879 1007 1910 minutore
1031 1886 1077 1910 est
1099 1879 1247 1910 adiuvare
1264 1889 1319 1909 na-

253 1931 358 1956 turam
381 1924 522 1955 hominis
546 1924 665 1964 egentis
689 1923 884 1959 minutione,
909 1923 941 1953 in
965 1923 1096 1954 doctore
1127 1930 1173 1954 est
1201 1922 1318 1954 illumi-

253 1979 328 2000 nare
350 1969 561 2004 intellectum,
585 1968 618 1998 in
642 1967 767 1998 musico
793 1967 945 1998 delectare
973 1967 1022 1997 vel
1046 1967 1253 1998 solemnizare
1277 1967 1320 1997 di-

251 2013 365 2044 vinum
389 2013 522 2048 cultum,
543 2018 574 2042 et
596 2012 641 2042 sic
664 2011 698 2041 in
721 2011 808 2042 aliis:
831 2010 904 2041 finis
927 2017 1035 2041 autem
1059 2021 1114 2042 seu
1140 2011 1221 2041 ratio
1245 2020 1319 2051 ope-

2354 230 2430 275 485

1378 304 1473 335 rantis
1496 311 1542 335 est
1565 314 1693 335 merces.
1718 305 1764 335 Ita
1786 306 1875 345 quod
1897 305 1930 335 hi
1953 305 2008 346 qui
2026 306 2059 336 in
2079 306 2158 337 festo
2181 313 2351 346 operantur
2364 301 2432 347 'pro

1378 348 1497 378 ratione
1512 349 1616 388 operis
1634 348 1750 379 habent
1765 349 1981 380 necessitatem
1996 349 2049 380 vel·
2060 349 2230 380 imminens
2244 350 2432 390 periculum,

1376 391 1426 422 vel
1447 401 1547 431 genus
1570 392 1673 431 operis
1696 402 1752 432 per
1774 402 1806 423 se
1828 392 1962 430 licitum,
1985 394 2035 423 vel
2057 393 2330 430 consuetudinem,
2355 401 2384 425 et
2407 394 2433 424 si

1376 435 1454 476 quid
1478 442 1523 466 est
1546 436 1718 466 eiusmodi:
1744 446 1801 476 pro
1818 436 1938 467 ratione
1957 443 2063 467 autem
2079 435 2257 478 applicandi
2273 447 2306 468 se
2322 437 2361 467 ad
2379 437 2432 467 illa

1377 489 1482 518 opera,
1507 479 1624 510 habent
1646 480 1834 510 mercedem.
1867 480 1942 511 Ideo
1975 490 2113 522 namque
2144 481 2276 512 Ioannes
2306 488 2432 521 paratus

1376 529 1422 553 est
1444 523 1548 553 locare
1571 533 1683 562 operas
1706 533 1778 554 suas
1801 524 1834 554 in
1858 523 1938 555 festo
1962 525 2002 554 ad
2025 526 2229 565 coquendum
2253 531 2284 556 et
2307 534 2373 555 non
2392 525 2431 555 ad

1376 566 1540 602 arandum,
1564 567 1639 607 quia
1662 577 1798 607 coquere
1821 574 1867 598 est
1890 569 1928 598 de
1944 569 2172 599 consuetudine
2195 569 2326 605 licitum,
2346 578 2432 599 arare

1376 616 1483 640 autem
1506 619 1587 640 non:
1612 617 1643 641 et
1664 610 1736 640 ideo
1761 611 1898 651 applicat
1920 622 1952 642 se
1976 612 2015 642 ad
2037 613 2209 643 locandum
2233 622 2344 653 operas
2360 622 2432 643 suas

1376 654 1414 683 ad
1430 654 1646 693 coquendum,
1662 654 1737 694 quia
1752 654 1871 694 indiget
1885 655 2028 695 pecunia,
2046 666 2127 697 quae
2143 657 2200 687 erit
2215 656 2282 687 eius
2301 665 2430 687 merces.

1376 697 1415 727 Et
1437 697 1463 726 si
1486 707 1552 726 non
1575 697 1738 737 indigeret,
1762 698 1829 728 sine
1853 699 1950 729 dubio
1974 709 2038 730 non
2063 700 2181 731 locaret
2207 710 2279 730 suas
2308 710 2429 740 operas,

1376 750 1478 781 neque
1501 740 1534 770 in
1557 740 1636 771 festo
1660 751 1763 781 neque
1786 742 1818 771 in
1841 741 1909 772 aliis
1933 742 2052 779 diebus,
2077 744 2131 774 sed
2154 743 2271 775 viveret
2289 751 2325 774 ut
2340 743 2430 774 nobi-

1374 784 1412 814 lis
1435 783 1595 814 dominus.
1621 785 1682 815 Ista
1706 791 1752 815 est
1770 786 1951 816 communis
1967 787 2133 827 dispositio
2150 794 2181 818 et
2198 788 2331 818 intentio
2355 797 2430 827 ope-

1376 828 1523 863 rantium,
1547 834 1612 858 tam
1635 828 1666 858 in
1691 828 1771 859 festo
1794 839 1890 869 quam
1914 837 2009 861 extra.
2033 831 2074 861 Et
2096 837 2132 862 ut
2146 841 2183 861 ex
2202 831 2430 862 consuetudine

1375 878 1405 902 et
1427 871 1548 901 ratione
1572 878 1711 911 apparet,
1735 873 1862 903 nullum
1883 873 1934 904 hic
1957 881 2122 913 peccatum
2136 874 2311 906 intervenit.
2328 875 2375 905 Ex
2391 885 2429 905 eo

1375 925 1513 955 namque
1542 916 1631 955 quod
1661 925 1743 955 opus
1773 915 1853 947 facio
1882 927 2067 948 concessum
2097 918 2129 948 in
2161 918 2210 948 die
2244 919 2334 955 festo,
2363 928 2429 949 non

1374 968 1480 998 pecco.
1506 959 1553 988 Ex
1576 969 1614 988 eo
1638 968 1713 989 vero
1737 960 1825 999 quod
1841 960 1880 990 ad
1900 970 1982 1000 opus
1997 961 2074 991 illud
2092 971 2142 992 me
2162 962 2287 1002 applico
2304 970 2339 993 ut
2354 963 2429 993 sub-

1374 1002 1499 1033 veniam
1522 1010 1611 1032 meae
1633 1002 1833 1042 indigentiae,
1854 1004 1945 1034 nulla
1968 1004 2149 1036 deformitas
2177 1006 2358 1046 apponitur,
2382 1006 2428 1036 ni·

1373 1046 1418 1076 hil
1441 1053 1550 1076 contra
1572 1045 1670 1076 finem
1686 1045 1755 1076 festi
1774 1046 1870 1077 facio:
1888 1048 2042 1088 quoniam
2057 1058 2122 1079 non
2138 1050 2244 1080 minus
2267 1050 2429 1080 abstrahor

1374 1101 1391 1120 a
1414 1090 1527 1120 divinis
1558 1089 1701 1120 faciendo
1730 1089 1875 1121 illudmet
1904 1101 1986 1131 opus
2014 1093 2133 1133 absque
2161 1094 2304 1124 mercede
2330 1104 2427 1134 quam

1373 1141 1501 1174 propter
1524 1134 1712 1164 mercedem.
1736 1134 1822 1164 Nihil
1845 1134 1926 1165 facio
1950 1142 2058 1166 contra
2079 1136 2112 1166 id
2132 1138 2221 1177 quod
2235 1137 2368 1167 vetitum
2382 1144 2428 1168 est

1373 1185 1538 1218 praecepto
1561 1177 1646 1208 festi:
1663 1177 1737 1220 quia
1753 1187 1818 1208 non
1834 1185 2000 1219 propterea
2013 1189 2096 1220 opus
2114 1180 2193 1210 illud
2216 1180 2348 1211 afficitur
2367 1191 2427 1211 ser-

1371 1222 1498 1258 vilitate,
1515 1228 1551 1252 ut
1566 1222 1736 1261 probatum
1752 1229 1798 1253 est
1811 1222 1838 1252 ⁴².
1864 1222 1931 1253 Cur
1946 1233 2020 1263 ergo
2037 1230 2201 1263 peccatum
2216 1224 2266 1255 hic
2289 1224 2426 1262 timetur,

1372 1266 1426 1297 ubi
1450 1265 1537 1296 nulla
1561 1265 1671 1305 culpae
1694 1265 1772 1296 ratio
1795 1264 1970 1297 invenitur?

1424 1309 1508 1340 XXI.
1532 1309 1624 1340 Unde
1654 1309 1694 1339 ad
1724 1309 1858 1340 dubium
1888 1310 2046 1341 motum*
2075 1311 2187 1342 dicitur
2214 1311 2303 1352 quod
2332 1321 2428 1352 opera
2454 1320 2465 1330 ⁸

1373 1363 1437 1384 non
1452 1360 1526 1384 sunt
1548 1363 1652 1393 neque
1674 1352 1756 1384 fiunt
1778 1354 1900 1384 servilia
1915 1364 1952 1384 ex
1974 1364 2012 1385 eo
2029 1355 2117 1395 quod
2140 1354 2221 1386 fiunt
2239 1355 2427 1386 mercenarie

1371 1398 1421 1428 vel
1443 1404 1572 1437 propter
1601 1397 1727 1427 lucrum
1757 1404 1910 1438 tanquam
1937 1405 2066 1438 propter
2094 1398 2191 1430 finem
2220 1399 2427 1439 principalem

1372 1440 1550 1481 applicandi
1571 1450 1603 1470 se
1619 1441 1659 1470 ad
1675 1450 1772 1480 οΡιι5.
1798 1442 1852 1471 sed
1868 1441 2015 1472 dicuntur
2031 1443 2153 1473 servilia
2169 1453 2204 1473 ex
2228 1453 2287 1474 suo
2303 1453 2426 1483 genere,

1372 1491 1408 1515 ut
1430 1490 1505 1515 sunt
1527 1494 1623 1523 opera
1647 1484 1837 1521 mechanica,
1863 1486 1902 1515 ad
1925 1496 2006 1526 quae
2030 1496 2136 1516 servos
2153 1487 2319 1545 deputatos
2335 1487 2432 1518 habe-⁷

1373 1538 1455 1564 mus,
1479 1534 1515 1559 ut
1537 1530 1659 1558 Auctor
1682 1528 1831 1560 docuit*.

1426 1572 1467 1603 Et
1489 1578 1656 1612 propterea
1685 1573 1823 1602 secunda
1852 1573 1987 1603 obiectio
2018 1573 2096 1604 nihil
2124 1575 2236 1605 obstat.
2265 1591 2287 1598 -—
2314 1575 2426 1615 Neque

1372 1616 1473 1656 prima
1496 1616 1582 1646 aliud
1599 1616 1759 1646 concludit
1774 1626 1872 1656 quam
1887 1617 1976 1657 quod
1991 1627 2086 1657 opera
2103 1618 2291 1648 mercenaria
2311 1618 2426 1649 habent

1371 1659 1491 1700 aliquid
1514 1660 1553 1690 de
1576 1659 1688 1695 servili,
1713 1659 1788 1700 quia
1811 1660 1927 1691 scili'cet
1950 1668 2120 1700 operantur
2133 1669 2263 1702 propter
2281 1662 2424 1692 alterum.

1372 1704 1431 1734 Sed
1455 1703 1517 1734 hoc
1540 1713 1605 1733 non
1629 1702 1744 1734 sufficit
1767 1703 1805 1733 ad
1829 1713 1910 1743 opus
1927 1704 2036 1735 servile
2051 1705 2177 1745 proprie
2197 1705 2330 1736 dictum:
2352 1706 2426 1746 quia

1370 1748 1464 1788 exigit
1486 1747 1536 1777 vel
1559 1747 1648 1788 quod
1671 1747 1711 1778 sit
1733 1757 1769 1778 ex
1793 1748 1895 1777 servili
1917 1748 2056 1785 vinculo,
2078 1749 2129 1779 vel
2158 1750 2246 1789 quod
2276 1749 2315 1780 sit
2344 1760 2426 1789 opus

1372 1791 1601 1822 mechanicum.
1621 1792 1719 1828 Quod
1735 1798 1841 1822 tamen
1855 1791 1887 1821 in
1905 1792 2012 1822 multis
2028 1792 2149 1822 casibus
2167 1793 2276 1823 transit
2290 1793 2323 1823 in
2340 1803 2425 1824 com-

1372 1846 1479 1869 mune,
1504 1842 1534 1865 et
1556 1835 1679 1866 licitum
1702 1835 1734 1865 in
1758 1835 1849 1866 festo.
1875 1836 1914 1866 Et
1937 1843 2103 1876 propterea
2125 1837 2253 1877 quando
2278 1837 2340 1867 iam
2364 1837 2426 1868 exi-

1373 1880 1416 1910 vit
1438 1890 1456 1910 a
1479 1879 1644 1909 servilitate
1668 1886 1699 1909 et
1721 1879 1843 1909 transiit
1865 1879 1897 1909 in
1921 1890 2092 1910 commune
2115 1887 2169 1911 aut
2197 1880 2329 1917 licitum,
2360 1891 2424 1911 non

1374 1924 1452 1954 redit
1474 1923 1507 1953 in
1535 1923 1736 1954 servilitatem
1760 1933 1796 1953 ex
1826 1923 1886 1953 hoc
1909 1923 1979 1953 solo
2010 1924 2097 1964 quod
2120 1923 2155 1954 fit
2178 1931 2305 1964 propter
2328 1925 2425 1955 alium

1373 1974 1427 1998 aut
1449 1967 1654 1998 mercenarie:
1680 1966 1833 2007 quoniam
1856 1973 2005 1997 neutrum
2027 1967 2152 2004 horum,
2178 1978 2234 2009 nec
2252 1975 2426 2009 utrumque

1373 2011 1479 2047 simul,
1503 2011 1666 2041 constituit
1689 2011 1898 2047 servilitatem‚
1922 2018 1958 2041 ut
1980 2012 2149 2053 probatum
2173 2012 2259 2051 prius
2274 2012 2292 2031 *
2315 2019 2370 2044 est.

1039 2132 1357 2175 ARTICULUS
1387 2134 1645 2183 QUINTUS

660 2221 815 2252 UTRUM
839 2219 1178 2251 CONVENIENTER
1200 2221 1441 2253 TRADATUR
1463 2222 1680 2259 QUARTUM
1702 2221 1991 2253 PRAECEPTUM

846 2298 869 2322 ΙΙ
889 2297 943 2327 ute,

279 2387 349 2428 *54
364 2390 373 2417 ι
385 2395 436 2434 m<
461 2382 484 2407 n
504 2381 668 2412 Qumwm
687 2380 741 2405 sm
770 2379 1011 2405 moeson-ua.
1031 2368 1192 2405 Videtur
1212 2369 1317 2417 quod

268 2429 329 2466 ,w
343 2435 363 2464 ιλ
379 2417 431 2484 ‘Cia
461 2422 774 2460 inconvenienter
787 2421 956 2458 tradatur
971 2429 1147 2469 quartum
1162 2433 1316 2470 praece-

270 2507 277 2526 ἵ
307 2523 563 2570 ffi'wkemm
595 2532 888 2577 praeceptum⁶‘
916 2526 1078 2587 pertinet
1115 2527 1164 2564 ad
1198 2527 1316 2575 pieta-

248 2589 338 2619 tem.
369 2580 447 2618 Sed
474 2582 571 2619 sicut
588 2580 708 2640 pietas
728 2587 784 2617 est
810 2592 898 2628 pars
926 2579 1100 2626 iustitiae,
1121 2580 1171 2617 ita
1200 2580 1315 2617 etiam

307 2478 312 2482 ’
316 2475 386 2517 ἐν’,
399 2462 429 2517 ¹'(
460 2483 582 2525 ptum,
605 2475 651 2512 de
671 2474 924 2511 honoratione
944 2482 1146 2523 parentum
1167 2473 1199 2511 ²¹².
1230 2475 1326 2511 Hoc·

963 2305 1008 2330 qu.
1028 2305 1053 2328 c,
1072 2303 1120 2324 art.
1141 2297 1164 2328 5,
1184 2299 1216 2323 ad
1233 2306 1266 2330 43
1286 2299 1318 2324 111
1337 2299 1421 2329 sent„
1441 2299 1501 2325 dist.
1519 2306 1611 2328 xxxvn,
1629 2303 1676 2325 art.
1698 2306 1721 2329 2,
1741 2299 1790 2331 qu·
1811 2306 1835 2324 2.

1420 2381 1458 2416 4.
1488 2370 1722 2415 PRAETEREA,
1753 2368 1933 2416 contingit
1961 2367 2193 2417 quandoque
2231 2368 2335 2417 quod
2363 2369 2425 2406 ali-

1368 2421 1433 2470 qui
1452 2419 1465 2443 ⁶
1494 2422 1558 2470 qui
1589 2422 1779 2458 honorant
1806 2428 1982 2469 parentes
2017 2421 2090 2458 cito
2119 2421 2351 2458 moriuntur:
2391 2429 2426 2459 et

1368 2487 1387 2510 e
1417 2475 1606 2511 contrario
1640 2474 1706 2522 qui
1733 2482 1911 2523 parentes
1946 2486 2025 2510 non
2052 2474 2243 2511 honorant
2281 2474 2344 2511 diu
2371 2475 2426 2511 vi-

1367 2534 1474 2564 vunt.
1511 2526 1829 2564 Inconvenienter
1864 2538 1954 2574 ergo
1991 2527 2141 2564 additur
2163 2532 2175 2548 ²
2202 2527 2291 2563 huic
2318 2539 2426 2576 prae-

1369 2587 1479 2628 cepto
1517 2580 1612 2617 haec
1649 2579 1875 2628 promissio:
1914 2585 1955 2616 ut
1987 2580 2037 2616 sis
2072 2580 2280 2629 longaevus
2314 2592 2427 2628 super

249 2634 495 2672 observantia
523 2641 559 2670 et
586 2633 726 2681 gratia,
756 2641 793 2669 et
821 2633 893 2669 alia
929 2633 975 2670 de
1005 2633 1142 2681 quibus
1172 2632 1315 2670 dictum
1339 2633 1343 2686 Ι
1368 2639 1521 2670 terram.

250 2686 356 2725 est*.
386 2686 489 2735 Ergo
516 2686 669 2724 videtur
703 2685 809 2745 quod
842 2698 921 2722 non
950 2686 1080 2723 debuit
1118 2685 1198 2723 dari
1232 2698 1316 2734 spe-

250 2739 343 2778 ciale
371 2747 621 2788 praeceptum
657 2735 710 2776 de
732 2738 893 2787 pietate,
923 2751 1011 2775 cum
1041 2739 1088 2776 de
1123 2739 1203 2775 aliis
1237 2751 1315 2776 non

279 2798 374 2830 etur.

251 2791 276 2831 d
305 2858 340 2883 2.
361 2845 596 2891 ΡιιΑΕτΕιιΕΑ,
615 2843 736 2892 pietas
757 2855 836 2879 non
856 2843 980 2880 solum
1001 2843 1151 2880 exhibet
1171 2843 1314 2881 cultum

250 2898 482 2948 parentibus,
512 2896 580 2934 sed
609 2896 723 2933 etiam
751 2895 894 2945 patriae
921 2903 958 2932 et
977 2894 992 2925 β
1024 2896 1105 2933 aliis
1130 2897 1315 2946 sanguine

217 2971 224 2978 ·
250 2951 455 2989 coniunctis
482 2956 519 2987 et
533 2950 684 2998 patriae
711 2948 907 2994 benevolis,
929 2956 970 2985 ut
990 2961 1104 2998 supra
1123 2949 1144 2971 ’¹‘
1171 2949 1312 2986 dictum

251 3011 318 3042 est.
349 3002 668 3041 Inconvenienter
696 3000 784 3049 ergo
814 3001 852 3038 in
880 3002 955 3038 hoc
987 3009 1123 3050 quarto
1159 3014 1312 3051 praece-

251 3065 320 3106 pto
345 3057 388 3094 fit
415 3055 559 3093 mentio
588 3056 714 3092 solum
743 3055 790 3092 de
818 3054 1070 3092 honoratione
1090 3060 1106 3082 Υ
1132 3055 1249 3103 patris
1279 3063 1315 3091 et

252 3117 394 3147 matris.

307 3163 341 3200 3.
371 3163 606 3207 PRAETEREA,
640 3160 859 3210 parentibus
887 3172 966 3196 non
994 3160 1119 3196 solum
1154 3159 1314 3197 debetur

250 3215 408 3254 honoris
436 3213 666 3260 reverentia,
695 3213 763 3251 sed
793 3213 905 3250 etiam
941 3212 1173 3250 sustentatio.
1211 3213 1313 3261 Ergo

251 3268 524 3306 insufficienter
565 3267 646 3304 sola
683 3274 885 3316 parentum
923 3266 1126 3303 honoratio
1168 3265 1313 3314 praeci-

251 3321 362 3371 pitur.

305 3447 333 3480 α)
348 3438 530 3479 praeceptum.
548 3460 567 3467 ·-
584 3450 624 3471 est
637 3448 811 3478 praeceptum
830 3445 901 3478 quod
920 3446 965 3470 Pa.

307 3482 331 3515 β)
351 3483 431 3507 etiam
446 3482 555 3514 patriae
573 3485 607 3506 et.
625 3495 644 3500 -
657 3481 767 3513 patriae
785 3483 811 3505 et
829 3481 909 3505 etiam
929 3480 976 3506 Pa.

305 3518 332 3550 γ)
350 3517 533 3543 honoratione.
551 3531 569 3536 —
587 3516 739 3542 huiusmodi
757 3516 932 3541 honoratione
951 3516 997 3541 Pa.

1423 2687 1462 2722 ΙΝ
1481 2696 1717 2722 CONTRARIUM
1737 2691 1793 2720 est
1815 2684 2017 2721 auctoritas
2039 2697 2169 2721 sacrae
2198 2684 2425 2733 Scripturae.

1421 2739 1646 2775 Responmzo
1679 2749 1864 2774 DicENDUM
1889 2738 1992 2785 quod
2026 2744 2228 2785 praecepta
2257 2738 2426 2786 decalogi

1368 2790 1589 2828 ordinantur
1617 2789 1664 2827 ad
1693 2789 1932 2827 dilectionem
1961 2789 2032 2826 Dei
2061 2797 2096 2826 et
2123 2789 2297 2839 proximi.
2328 2791 2426 2827 Inter

1369 2843 1563 2892 proximos
1592 2850 1736 2889 autem,
1764 2842 1928 2879 maxime
1957 2842 2169 2890 obligamur
2194 2843 2423 2891 parentibus.

1371 2898 1417 2933 Et
1444 2896 1531 2933 ideo
1553 2895 1771 2932 immediate
1791 2902 1878 2943 post
1904 2902 2104 2944 praecepta
2124 2895 2335 2932 ordinantia
2354 2908 2424 2932 nos

1368 2950 1405 2986 in
1433 2950 1582 2995 Deum,
1610 2947 1764 2997 ponitur
1789 2955 2034 2997 praeceptum
2071 2948 2250 2984 ordinans
2278 2960 2348 2985 nos
2375 2949 2424 2986 ad

1368 3009 1563 3050 parentes,
1593 3001 1657 3049 qui
1685 3008 1772 3037 sunt
1797 3000 2019 3049 particulare
2051 3000 2280 3050 principium
2307 3002 2423 3038 nostri

1368 3067 1468 3101 esse,
1497 3054 1592 3091 sicut
1623 3054 1729 3090 Deus
1766 3060 1820 3090 est
1854 3053 2068 3095 universale
2101 3053 2338 3102 principium.
2375 3054 2424 3090 Et

1367 3107 1420 3144 sic
1439 3114 1495 3143 est
1513 3105 1703 3156 quaedam
1727 3105 1888 3143 affinitas
1907 3106 2019 3143 huius
2037 3106 2228 3155 praecepti
2248 3106 2296 3143 ad
2315 3118 2422 3155 prae-

1368 3167 1476 3208 cepta
1503 3159 1650 3209 primae
1677 3159 1839 3195 tabulae.

1419 3214 1478 3249 Αι)
1507 3224 1652 3250 ramum
1671 3223 1770 3249 ano
1791 3223 1973 3248 mesanum
2001 3210 2119 3259 quod,
2148 3211 2244 3248 sicut
2271 3223 2385 3259 supra
2402 3210 2423 3233 *

1369 3265 1509 3302 dictum
1541 3272 1615 3312 est,
1642 3265 1762 3314 pietas
1792 3264 1985 3301 ordinatur
2012 3264 2060 3301 ad
2089 3263 2325 3300 reddendum
2359 3264 2422 3301 de-

1369 3318 1488 3355 bitum
1516 3317 1749 3366 parentibus,
1779 3317 1884 3365 quod
1921 3316 2174 3353 communiter
2211 3316 2259 3353 ad
2287 3329 2422 3353 omnes

1419 3443 1444 3476 ὃ)
1463 3445 1554 3476 aliqui.
1572 3457 1591 3463 —
1609 3444 1637 3468 hi
1655 3444 1700 3468 Pa.

1419 3480 1441 3511 ε)
1460 3479 1581 3504 additur.
1599 3493 1617 3498 -
1635 3479 1754 3504 creditur
1773 3479 1801 3504 P.

2454 1234 2465 1245 ⁸
2478 1232 2548 1255 Num.
2560 1233 2666 1260 praeced.

2478 1318 2548 1342 Num.
2562 1326 2628 1341 xvul.

2453 1536 2508 1557 “111
2522 1535 2595 1562 Seri!u
2609 1536 2662 1557 dist.

2451 1569 2531 1616 ffil,
2540 1566 2611 1610 ’83παῖ
2634 1568 2645 1590 ⁵
2656 1578 2662 1589 ’

2452 2017 2462 2025 ·
2479 2014 2550 2036 Num.
2566 2021 2614 2036 xix.

2450 3226 2458 3234 ·
2475 3224 2523 3251 Qu.
2537 3230 2566 3251 αι,
2585 3229 2626 3247 art.
2643 3230 2658 3246 ι.
