2860 4244
443 237 518 282 264

1049 231 1314 278 QUAESTIO
1345 230 1595 276 LXXXVIII,
1623 229 1919 267 ARTICULUS
1950 230 1999 265 XI

1172 337 1487 380 ARTICULUS
1517 336 1850 380 UNDECIMUS

761 426 914 457 UTRUM
939 425 980 455 IN
1004 423 1126 455 voro
1151 422 1338 454 SOLEMNl
1362 421 1690 453 CONTINENT1AE
1713 421 1860 453 possm*
1884 422 1994 452 F1ER1
2018 419 2299 451 D1S1>ENsAT1o

1148 492 1182 517 IV
1201 492 1284 520 Sent.
1303 491 1362 516 dist.
1379 498 1480 520 xxxvm.
1500 498 1544 523 qu.
1563 498 1580 520 1,
1599 495 1646 515 art.
1665 498 1694 522 4,
1714 491 1764 523 qu·
1787 499 1807 521 1,
1827 492 1858 516 ad
1880 491 1903 516 3.

555 593 564 610 s
654 587 676 611 n
686 585 896 611 UNnEctMUM
911 584 964 609 ste
976 582 1214 609 PROCEDlTUR.
1225 570 1384 607 Videtur
1393 569 1528 627 quod

474 597 660 690 w<

473 592 484 619 )

321 800 396 816 nece·
445 785 547 832 boni,
572 784 667 822 sicut
685 785 826 822 dictum
846 792 900 821 est
917 783 949 820 *.
981 783 1057 820 Sed
1075 790 1211 820 votum
1236 781 1500 828 continentiae,

209 958 218 967 ⁴
226 956 323 977 Aristot.
331 954 417 979 Ethic„

209 983 247 1004 lib.
265 982 288 1008 Ι,
313 987 363 1013 cap.
385 986 401 1001 ιι

209 1015 231 1030 n.
255 1008 276 1030 8.
299 1019 309 1023 -
334 996 417 1028 srhl

210 1036 261 1056 lect.
276 1040 300 1055 n.

215 2326 225 2335 ⁴
240 2325 304 2346 Vers.
326 2330 362 2346 20.

445 839 558 876 etiam
579 837 609 874 si
628 838 673 874 sit
691 838 874 883 solemne,
891 844 1016 886 potest
1035 848 1117 873 esse
1135 836 1404 884 impeditivum
1423 847 1503 872 me-

445 891 545 928 lioris
581 891 692 927 boni:
731 902 820 927 nam
850 891 989 927 bonum
1022 901 1221 926 commune
1256 895 1308 926 est
1343 888 1503 926 divinius

445 956 557 993 quam
590 944 729 981 bonum
764 943 872 980 unius
890 942 930 989 *3
951 950 1084 991 ,potest
1125 950 1252 979 autern
1286 954 1355 990 per
1388 940 1503 979 conti-

446 996 611 1034 nentiam
641 996 795 1033 alicuius
822 995 997 1044 impediri
1023 996 1170 1032 bonum
1198 995 1309 1032 totius
1335 994 1502 1031 multitu-

447 1049 554 1096 dinis,
570 1057 662 1098 puta
681 1049 710 1086 si
727 1055 744 1071 ‘²
766 1049 921 1097 quando
936 1061 1004 1098 per
1019 1056 1254 1086 contractum
1273 1047 1503 1084 matrimonii

447 1103 658 1151 aliquarum
686 1114 936 1151 personarum
960 1114 1059 1151 quae
1089 1100 1359 1138 continentiam
1384 1112 1504 1136 vove-

447 1163 543 1202 runt,
572 1163 702 1204 posset
729 1167 803 1204 pax
825 1155 967 1204 patriae
996 1154 1201 1203 procurari.
1231 1155 1333 1201 Ergo
1353 1153 1505 1190 videtur

447 1209 552 1257 quod
580 1209 618 1245 in
638 1207 653 1238 β
681 1208 840 1245 solemni
867 1215 960 1245 voto
998 1207 1251 1244 continentiae
1284 1205 1403 1254 possit
1431 1205 1504 1242 dis-

446 1261 609 1310 pensari.

502 1325 536 1351 2.
549 1315 782 1360 PRAETEREA,
802 1312 907 1349 latria
926 1319 982 1348 est
999 1311 1163 1349 nobilior
1176 1311 1296 1348 virtus
1311 1322 1427 1359 quam
1446 1322 1506 1347 ca-

448 1367 561 1404 stitas.
593 1367 667 1403 Sed
688 1367 718 1403 si
738 1366 822 1414 quis
837 1372 978 1402 voveat
991 1370 1005 1393 Υ
1026 1365 1191 1413 aliquem
1215 1371 1342 1401 actum
1364 1363 1504 1410 latriae,

447 1427 538 1468 puta
567 1419 703 1456 offerre
731 1420 817 1456 Deo
844 1417 1083 1465 sacrificium,
1113 1424 1237 1467 potest
1265 1417 1302 1454 in
1330 1417 1392 1453 illo
1412 1424 1505 1454 voto

448 1472 668 1521 dispensari.
708 1473 809 1520 Ergo
837 1472 955 1509 multo
989 1471 1109 1519 magis
1145 1478 1270 1520 potest
1298 1469 1507 1519 dispensari

448 1525 485 1562 in
512 1533 605 1563 voto
627 1524 890 1572 continentiae,
919 1525 1024 1574 quod
1053 1531 1109 1561 est
1137 1524 1184 1561 de
1209 1531 1294 1561 actu
1318 1522 1505 1561 castitatis.

502 1579 537 1616 3.
557 1579 792 1626 PRAETEREA,
820 1578 915 1615 sicut
941 1585 1076 1614 votum
1104 1576 1351 1614 abstinentiae
1379 1577 1508 1613 obser-

448 1639 579 1669 vatum
605 1639 731 1680 potest
756 1643 915 1679 vergere
943 1630 982 1667 in
1001 1630 1211 1679 periculum
1238 1642 1437 1679 personae,
1457 1629 1508 1666 ita

451 1685 563 1722 etiarn
592 1685 809 1722 observatio
837 1684 917 1721 voti
946 1683 1208 1720 continentiae.
1244 1683 1321 1721 Sed
1348 1683 1386 1719 in
1413 1690 1507 1721 voto

450 1738 708 1784 abstinentiae,
729 1738 759 1775 si
779 1744 909 1785 vergat
929 1736 966 1774 in
986 1737 1180 1785 corporale
1208 1736 1418 1784 periculum
1438 1748 1508 1772 vo·
1534 1747 1535 1756 ³

450 1791 583 1838 ventis,
604 1798 728 1839 potest
751 1791 833 1828 fieri
853 1789 1096 1838 dispensatio.
1124 1790 1225 1836 Ergo
1246 1789 1359 1826 etiarn
1380 1786 1405 1836 ὅ,
1426 1788 1508 1837 pari

451 1844 614 1890 ratione,
644 1844 682 1881 in
709 1851 801 1880 voto
837 1843 1088 1880 continentiae
1126 1849 1251 1890 potest
1284 1842 1506 1890 dispensari.

501 1909 539 1944 4.
564 1898 794 1943 PRAETEREA,
824 1896 919 1933 sicut
946 1897 1017 1932 sub
1045 1895 1279 1943 professione
1307 1894 1507 1942 religionis,

451 1962 495 1986 ex
510 1962 586 1997 qua
599 1958 734 1987 votum
749 1949 1028 1995 solemnizatur,
1044 1948 1256 1985 continetur
1268 1955 1405 1985 votum
1420 1960 1510 1985 con-

449 2003 635 2049 tinentiae,
656 2003 707 2039 ita
740 2003 850 2039 etiam
880 2010 916 2039 et
942 2009 1078 2038 votum
1106 2001 1334 2050 paupertatis
1363 2009 1399 2038 et
1418 2002 1509 2038 obe-

451 2055 622 2092 dientiae.
658 2056 734 2093 Sed
762 2055 800 2092 in
826 2063 918 2092 voto
947 2054 1178 2104 paupertatis
1207 2061 1243 2090 et
1270 2054 1510 2091 obedientiae

449 2116 572 2157 potest
591 2108 816 2157 dispensari:
847 2109 942 2145 sicut
965 2115 1067 2157 patet
1085 2107 1123 2144 in
1146 2107 1213 2144 illis
1234 2107 1297 2155 qui
1318 2115 1404 2155 post
1422 2119 1509 2156 pro-

451 2161 654 2198 fessionem
675 2162 724 2198 ad
744 2161 1004 2210 episcopatum
1033 2167 1285 2198 assumuntur.
1325 2161 1426 2209 Ergo
1454 2160 1510 2197 vi-

452 2215 559 2252 detur
586 2215 689 2263 quod
723 2215 760 2251 in
789 2215 950 2251 solemni
978 2222 1070 2251 voto
1108 2213 1357 2250 continentiae
1393 2213 1512 2262 possit

453 2267 672 2316 dispensari.

506 2321 579 2356 SED
617 2331 761 2357 CONTRA
794 2332 859 2358 EST
892 2320 996 2369 quod
1037 2319 1171 2356 dicitur
1203 2319 1322 2355 Eccli.
1352 2331 1435 2356 xxvt
1466 2319 1508 2357 *z

457 2373 584 2410 Omnis
596 2373 814 2421 ponderatio
830 2385 903 2410 non
919 2379 973 2410 est
985 2373 1101 2422 digna
1116 2373 1267 2409 animae
1281 2373 1508 2410 continentis.

507 2438 541 2462 2.
564 2427 796 2473 PRAETEREA,
817 2427 941 2473 Extra,
962 2427 1008 2462 de
1026 2427 1130 2462 Statu
1149 2426 1346 2471 Monadi„
1375 2426 1413 2462 in
1432 2426 1509 2463 fine

454 2479 550 2515 illius
587 2479 789 2526 decretalis,
833 2480 928 2515 Cum
962 2479 1014 2515 ad
1039 2479 1325 2524 monasterium,
1357 2479 1509 2516 dicitur:

452 2532 646 2569 Abdicatio
669 2532 920 2580 proprietatis,
948 2532 1044 2568 sicut
1069 2532 1180 2568 etiam
1209 2531 1374 2568 custodia
1403 2533 1510 2569 casti-

453 2585 546 2631 tatis,
567 2586 660 2622 adeo
680 2591 733 2622 est
750 2597 902 2622 annexa
917 2585 1073 2634 regulae
1091 2585 1308 2622 monachali
1326 2590 1366 2621 ut
1378 2592 1509 2623 contra

410 2638 412 2640 ’
453 2650 537 2674 eam
567 2650 635 2674 nec
661 2639 838 2675 Summus
865 2638 1040 2686 Pontifex
1061 2638 1180 2686 possit
1206 2638 1412 2687 indulgere.

209 2957 426 2979 ·A1tissiod.szonm.

207 2986 263 3007 Aur.
272 2984 310 3005 lib.
319 2984 426 3010 111,trnct.

211 3011 259 3032 vn.
268 3016 318 3037 cap.
329 3016 344 3037 ι,
357 3017 394 3038 qu.
406 3017 425 3037 5.

218 3169 228 3178 '
243 3169 297 3195 Arg.
309 3169 357 3190 Sed
365 3171 425 3190 cont.

507 2692 732 2728 RESPONDEO
752 2703 934 2729 mcx-:Noun
954 2691 1058 2739 quod
1079 2691 1116 2727 in
1132 2691 1292 2727 solemni
1311 2698 1403 2728 voto
1422 2704 1511 2728 con-

453 2743 630 2780 tinentiae
650 2744 718 2781 tria
738 2752 895 2793 possunt
915 2744 1167 2781 considerari:
1196 2744 1321 2792 primo
1343 2744 1510 2793 quidem,

454 2798 611 2833 materia
638 2797 739 2844 voti,
769 2797 909 2834 scilicet
936 2797 1018 2845 ipsa
1048 2797 1297 2843 continentia;
1327 2798 1510 2845 secundo,

455 2903 596 2950 stringit
614 2903 663 2940 ad
687 2911 911 2952 perpetuam
937 2903 1218 2940 observantiam
1242 2903 1511 2950 continentiae3

456 3008 560 3057 quod
586 3016 722 3045 votum
752 3010 921 3046 solemne
961 3017 1015 3046 est
1042 3009 1334 3058 indispensabile
1367 3009 1511 3047 ratione

455 3060 571 3109 ipsius
600 3061 861 3108 continentiae,
892 3074 989 3109 quae
1019 3074 1096 3099 non
1125 3062 1255 3111 recipit
1283 3063 1512 3110 condignam

456 3114 871 3162 recompensationem,
905 3122 946 3150 ut
982 3122 1085 3162 patet
1122 3127 1166 3151 ex
1203 3115 1423 3152 auctoritate
1459 3116 1512 3152 in-

456 3167 568 3204 ducta

455 3232 522 3268 per
550 3219 820 3257 continentiam
850 3220 968 3256 homo
997 3219 1204 3267 triumphat
1231 3220 1278 3257 de
1301 3220 1510 3257 domestico

509 3439 535 3470 α)
555 3439 697 3463 s1.-0m.
717 3439 774 3470 PD;
794 3438 902 3471 quando
920 3446 973 3463 om.
993 3439 1026 3467 13
1046 3446 1094 3471 pro
1114 3438 1291 3468 matrimonii,
1312 3438 1512 3463 matrimonium
1539 3439 1541 3488 1

457 3474 522 3505 PpC
542 3482 594 3498 om.
614 3474 671 3498 DH.

510 3507 534 3540 si)
555 3509 591 3534 in.
604 3522 623 3528 -
641 3509 720 3533 etiam
741 3509 766 3533 in
787 3509 876 3533 PCLa.

509 3546 534 3576 γ)
554 3548 656 3569 voveat.
670 3559 689 3564 —
708 3545 809 3569 voverit
828 3544 895 3574 PCa,
916 3548 1023 3568 voverat
1042 3545 1071 3568 L.

653 640 692 663 in
710 634 803 663 voto
824 625 985 662 solemni
1006 623 1256 661 continentiae
1277 623 1397 672 possit
1417 622 1498 660 fieri
1527 655 1528 658 ,

460 680 619 759 μγῇπν
594 684 621 725 (
655 678 896 739 dispensatio.
917 678 1003 715 Una
1023 677 1124 714 enim
1144 676 1237 714 ratio
1258 675 1500 725 dispensandi
1527 705 1528 709 ,

498 709 541 760 &r
541 726 594 762 ²⁹²)
609 724 692 769 kin
719 739 812 769 voto
840 739 896 768 est
920 731 953 767 si
981 730 1027 767 sit
1044 730 1312 779 impeditivum
1335 728 1501 766 melioris
1527 729 1529 731 ’

585 3166 615 3203 *.
647 3167 766 3203 Cuius
799 3166 983 3203 rationem
1011 3167 1167 3214 quidam
1197 3168 1387 3215 assignant
1422 3168 1512 3215 quia
1537 3169 1539 3190 ³

1554 569 1704 605 ammae
1723 577 1760 605 et
1779 570 1960 618 corporis.
1981 590 2005 597 -
2035 568 2112 606 Sed
2130 569 2205 605 hoc
2224 580 2303 605 non
2322 572 2334 589 ⁸
2362 568 2515 605 videtur
2534 569 2614 606 effi-

1526 614 1690 658 caciter
1718 621 1800 659 clici.
1831 622 1933 669 Quia
1961 623 2064 659 bona
2091 621 2256 668 animae,
2285 629 2618 670 utpotecontem-

1555 674 1669 724 platio
1699 682 1735 711 et
1762 675 1895 722 oratio,
1925 683 2013 712 sunt
2040 675 2160 711 multo
2198 674 2358 711 meliora
2395 675 2506 712 bonis
2535 687 2617 712 cor-

1555 727 1670 776 poris,
1699 735 1736 764 et
1763 727 1884 775 magis
1911 740 1982 765 nos
2010 729 2095 765 Deo
2124 727 2385 764 conformant:
2424 735 2461 764 et
2487 735 2618 766 tamen

1555 787 1679 830 potest
1707 780 1918 828 dispensari
1953 780 1992 816 in
2019 788 2113 817 voto
2143 780 2323 817 orationis
2349 781 2412 817 vel
2446 789 2618 818 contem-

1555 833 1741 883 plationis.
1771 833 1883 870 Unde
1901 845 1980 870 non
1998 833 2150 870 videtur
2168 845 2252 870 esse
2280 833 2374 870 ratio
2394 845 2513 881 quare
2537 846 2617 871 non

1556 886 1675 936 possit
1704 886 1912 935 dispensari
1947 886 1986 922 in
2014 893 2108 923 voto
2143 885 2414 933 continentiae,
2444 887 2476 923 si
2503 887 2618 936 respi-

1558 940 1676 977 ciatur
1695 940 1867 977 absolute
1894 939 1944 976 ad
1967 938 2090 987 ipsam
2112 938 2363 976 continentiae
2383 938 2616 987 dignitatem.

1557 993 1784 1030 Praesertim
1822 1004 1910 1030 cum
1942 992 2171 1041 Apostolus,
2200 993 2215 1028 l
2243 992 2295 1029 ad
2316 992 2404 1029 Cor.
2432 1004 2481 1029 vn
2508 991 2540 1038 ⁸²,
2569 993 2619 1030 ad
2644 996 2656 1008 ⁸

1559 1045 1827 1083 continentiam
1863 1045 2017 1082 inducat
2052 1052 2208 1094 propter
2243 1044 2618 1093 contemplationem,

1558 1099 1687 1136 dicens
1706 1099 1812 1148 quod
1828 1099 1964 1135 mulier
1981 1099 2137 1147 innupta
2156 1098 2300 1147 cogitat
2316 1108 2414 1146 quae
2426 1098 2501 1135 Dei
2515 1104 2620 1136 sunt:

1558 1152 1644 1189 finis
1673 1159 1800 1189 autem
1838 1150 1963 1200 potiOr
1990 1158 2046 1188 est
2071 1152 2130 1188 his
2158 1162 2257 1199 quae
2295 1158 2382 1188 sunt
2409 1151 2458 1188 ad
2485 1151 2618 1188 finem.

1612 1205 1662 1241 Et
1688 1204 1775 1242 ideo
1795 1204 1855 1241 alii
1872 1204 1893 1226 ²⁸
1920 1204 2106 1241 rationem
2125 1203 2236 1241 huius
2256 1206 2446 1252 assignant
2474 1216 2520 1241 ex
2536 1216 2622 1264 per·
2646 1213 2658 1223 ·

1558 1257 1736 1305 petuitate
1757 1265 1793 1294 et
1811 1257 2090 1294 universalitate
2109 1257 2222 1294 huius
2240 1257 2332 1294 voti.
2357 1257 2501 1295 Dicunt
2518 1257 2621 1295 enim

1560 1309 1665 1369 quod
1683 1318 1818 1347 votum
1839 1308 2090 1347 continentiae
2109 1321 2189 1347 non
2206 1317 2332 1358 potest
2348 1310 2616 1359 praetermitti
2607 1310 2621 1336 ζ

1561 1363 1631 1400 nisi
1659 1375 1728 1411 per
1755 1363 1794 1400 id
1830 1362 1936 1411 quod
1965 1370 2020 1399 est
2048 1362 2204 1400 omnino
2238 1363 2486 1401 contrarium:
2515 1364 2621 1414 quod

1560 1428 1759 1464 nunquam
1786 1415 1872 1453 licet
1892 1415 1930 1452 in
1949 1415 2076 1465 aliquo
2095 1423 2201 1452 voto.
2216 1435 2242 1443 -
2271 1415 2348 1453 Sed
2371 1417 2447 1454 hoc
2466 1424 2522 1454 est
2541 1429 2622 1454 ma*

1561 1469 1693 1507 nifeste
1722 1469 1869 1506 falsum.
1904 1469 2005 1516 Quia
2032 1469 2127 1506 sicut
2155 1468 2208 1506 uti
2237 1469 2378 1506 carnali
2405 1471 2542 1519 copula
2567 1477 2624 1509 est

1562 1522 1814 1560 continentiae
1859 1522 2087 1559 contrarium
2103 1551 2113 1569 ,
2151 1522 2202 1559 ita
2246 1523 2450 1560 comedere
2491 1534 2623 1560 carnes

1560 1577 1623 1614 vel
1665 1576 1795 1613 bibere
1826 1575 1961 1612 vinum
2004 1583 2060 1613 est
2103 1575 2332 1612 contrarium
2375 1575 2625 1620 abstinentiae

1562 1642 1584 1667 a
1602 1629 1753 1666 talibus:
1784 1636 1819 1666 et
1838 1636 1967 1665 tamen
1986 1628 2024 1665 in
2042 1628 2263 1666 huiusmodi
2281 1628 2381 1666 votis
2399 1637 2525 1678 potest
2550 1629 2626 1667 disa

1562 1681 1727 1732 pensari.
2624 1703 2625 1708 =

1617 1736 1666 1772 Et
1692 1734 1780 1772 ideo
1809 1734 1888 1771 aliis
1911 1733 1931 1755 '¹‘
1957 1734 2106 1771 videtur
2133 1735 2239 1784 quod
2273 1735 2313 1772 in
2340 1741 2433 1772 voto
2462 1735 2661 1773 solemni·

1563 1787 1814 1825 continentiae
1851 1786 1981 1836 possit
2008 1786 2216 1835 dispensari
2261 1795 2416 1836 propter
2456 1788 2625 1837 aliquam

1564 1852 1811 1878 communem
1830 1840 2028 1876 utilitatem
2048 1852 2115 1877 seu
2144 1840 2429 1883 necessitatem:
2457 1849 2500 1879 ut
2522 1849 2626 1891 patet

1535 1929 1537 1942 ἲ
1563 1895 1602 1931 in
1622 1894 1796 1942 exemplo
1816 1893 2026 1952 praemisso
2046 1892 2066 1914 *
2085 1893 2132 1930 de
2151 1893 2415 1942 pacificatione
2438 1901 2662 1932 terrarum·

1536 1949 1537 1998 ζ
1565 1959 1609 1984 ex
1637 1946 1765 1995 aliquo
1794 1945 2039 1984 matrimonio
2069 1947 2371 1984 contrahendo*
2610 1952 2611 1957 ’

1618 2000 1695 2037 Sed
1715 1999 1804 2048 quia
1818 1999 2014 2037 decretalis
2029 1998 2210 2037 inducta*
2225 2012 2402 2048 expresse
2417 1999 2676 2057 dicitquod

1555 2065 1636 2090 vnec
1665 2054 1847 2091 Summus
1882 2052 2065 2090 Pontifex·
2083 2060 2208 2101 potest
2244 2061 2375 2091 contra
2412 2037 2676 2092 custodiam*

1566 2105 1740 2144 castitatis
1769 2106 1962 2143 monacho
1989 2105 2179 2143 licentiam
2209 2106 2312 2154 dare,
2337 2107 2425 2144 ideo
2448 2106 2554 2145 aliter
2569 2107 2629 2145 vi-

1565 2160 1673 2197 detur
1692 2159 1918 2197 dicendum:
1949 2159 2067 2207 quod,
2087 2159 2183 2196 sicut
2205 2171 2319 2208 supra
2336 2159 2357 2182 ‘¹‘
2385 2159 2529 2198 dietum
2556 2161 2663 2210 esti·

1565 2220 1600 2250 et
1628 2213 1790 2250 habetur
1809 2212 1925 2249 Levit.
1955 2211 2060 2248 ult*
2061 2241 2070 2260 ,
2100 2212 2191 2250 illud
2217 2214 2321 2262 quod
2349 2214 2468 2251 semel
2491 2214 2626 2252 sancti-

1564 2266 1721 2304 ficatum
1760 2274 1815 2302 est
1842 2265 2034 2312 Domino,
2073 2277 2151 2302 non
2179 2273 2305 2315 potest
2341 2266 2380 2305 in
2408 2266 2501 2304 alios
2534 2280 2627 2306 usus

1565 2321 1803 2356 commutari.
1833 2319 1924 2356 Non
1943 2326 2072 2356 autem
2099 2325 2224 2368 potest
2251 2320 2375 2358 facere
2399 2319 2534 2369 aliquis
2553 2320 2627 2359 Ec-

1565 2373 1698 2409 clesiae
1718 2372 1907 2421 praelatus
1930 2379 1972 2408 ut
1990 2372 2029 2409 id
2048 2372 2153 2420 quod
2173 2380 2228 2409 est
2247 2373 2522 2410 sanctificatum
2542 2386 2627 2412 san-

1565 2426 1831 2463 ctificationem
1861 2425 2020 2472 amittat,
2043 2425 2155 2462 etiam
2185 2426 2222 2462 in
2250 2427 2364 2463 rebus
2391 2426 2626 2465 inanimatis:

1564 2487 1654 2528 puta
1683 2480 1789 2538 quod
1818 2478 1912 2516 calix
1935 2486 2177 2516 consecratus
2205 2478 2353 2518 desinat
2381 2491 2464 2517 esse
2484 2491 2626 2533 cqnse-

1566 2541 1701 2580 cratus,
1721 2532 1751 2569 si
1771 2539 1926 2569 maneat
1944 2532 2099 2580 integer.
2129 2532 2241 2570 Unde
2259 2533 2380 2571 multo
2401 2532 2529 2571 minus
2543 2520 2628 2577 ho}

1564 2593 1690 2634 potest
1716 2586 1839 2622 facere
1859 2585 1990 2634 aliquis
2008 2586 2208 2634 praelatus,
2229 2594 2271 2623 ut
2289 2587 2410 2623 homo
2429 2587 2515 2623 Deo
2533 2599 2630 2624 con·-

1565 2646 1743 2686 secratus,
1765 2638 1934 2687 quandiu
1961 2638 2066 2685 vivit,
2092 2646 2334 2676 consecratus
2359 2651 2441 2676 esse
2461 2639 2631 2678 desistam

1567 2692 1794 2729 Solemnitas
1822 2698 1949 2728 autem
1978 2691 2060 2729 voti
2089 2692 2256 2729 consistit
2283 2692 2321 2730 in
2341 2693 2509 2741 quadam
2539 2694 2628 2731 con-

1537 2751 1538 2793 }
1565 2745 1775 2782 sectatione
1804 2757 1872 2784 seu
1901 2745 2167 2782 benedictione
2191 2746 2386 2794 Voventis,
2415 2753 2456 2785 ut
2485 2746 2626 2791 dictum

1537 2799 1538 2840 ἰ
1566 2806 1621 2835 est
1639 2798 1669 2835 ²³.
1699 2799 1749 2836 Et
1776 2797 1862 2835 ideo
1883 2811 1962 2836 non
1980 2806 2106 2847 potest
2133 2798 2215 2836 fieri
2244 2811 2313 2848 per
2331 2799 2498 2847 aliquem
2519 2812 2628 2849 prae-
2655 2811 2664 2821 ·

454 2850 681 2898 perpetuitas
700 2851 792 2897 voti,
823 2863 909 2887 cum
939 2850 1079 2887 scilicet
1106 2850 1239 2899 aliquis
1259 2858 1351 2887 voto
1381 2863 1421 2887 se
1447 2851 1512 2888 ad·
1537 2862 1539 2874 ἴ

1565 2852 1683 2889 latum
1721 2851 1915 2888 Ecclesiae
1943 2852 2047 2899 quod
2085 2852 2146 2889 ille
2182 2852 2247 2901 qui
2284 2860 2419 2889 votum
2455 2854 2630 2891 solemne

1566 3011 1650 3047 licet
1678 3011 1796 3060 possit
1823 3012 2012 3060 praelatus
2040 3012 2090 3048 ob
2111 3012 2278 3060 aliquam
2307 3025 2463 3050 causam
2492 3016 2628 3051 execu-

1537 3076 1539 3110 }
1566 3063 1710 3100 tionem
1740 3063 1882 3101 ordinis
1909 3063 2091 3102 inhibere.
2131 3065 2179 3102 Et
2202 3064 2315 3103 simili
2342 3065 2499 3113 ratione,
2515 3067 2632 3116 Papa,

1566 3128 1643 3152 non
1663 3124 1787 3164 potest
1805 3117 1927 3154 facere
1952 3118 2057 3165 quod
2080 3118 2141 3154 ille
2161 3118 2225 3168 qui
2251 3126 2306 3156 est
2323 3119 2518 3167 professus
2544 3117 2634 3156 reli&

1565 3169 1717 3216 gionem
1747 3181 1825 3205 non
1845 3170 1891 3206 sit
1909 3170 2102 3218 religiosus
2121 3170 2271 3208 ⁴²:1icet
2290 3172 2447 3220 quidam
2477 3165 2664 3210 tunstfie

1537 3244 1539 3254 .
1565 3221 1781 3269 ignoranter
1810 3222 2040 3260 contrarium
2071 3223 2208 3260 dicant.

455 3272 627 3309 inimico:
664 3274 725 3309 vel
754 3272 841 3321 quia
878 3284 946 3321 per
974 3272 1240 3309 continentiam
1277 3273 1395 3309 homo
1429 3285 1512 3321 per·
1537 3313 1538 3316 Ἰ

456 3326 550 3362 fecte
580 3326 838 3362 conformatur
866 3325 1033 3372 Christo,
1064 3326 1274 3361 secundum
1309 3325 1512 3373 puritatem*
1537 3332 1539 3368 ᾗ
1566 3326 1809 3363 essentialiter
1834 3340 1982 3365 annexa
2011 3329 2043 3365 ei
2073 3329 2120 3366 ad
2150 3331 2256 3378 quod
2284 3338 2419 3367 votum
2449 3330 2627 3367 solemni-

1619 3274 1686 3310 Est
1715 3285 1803 3321 ergo
1826 3275 2144 3314 considerandum
2174 3284 2302 3314 utrum
2332 3256 2559 3315 continentia
2582 3276 2628 3314 sit

1619 3438 1644 3470 δ)
1664 3439 1754 3464 etiam.
1767 3440 1865 3465 -Om.
1885 3440 2019 3473 PEGl-lpK
2039 3447 2063 3466 et
2082 3449 2107 3466 a.

1620 3475 1641 3506 ε)
1661 3481 1723 3499 non.
1735 3488 1754 3493 -
1773 3475 1851 3500 modo
1870 3476 2043 3507 BCLpAEFl(
2064 3482 2089 3501 et
2107 3484 2137 3507 ιη
2158 3485 2206 3509 pro
2225 3477 2374 3510 efficaciter,
2395 3477 2568 3510 inefficaciter
2584 3478 2630 3503 sc.

1619 3509 1644 3542 ζ)
1660 3517 1688 3541 pr
1682 3510 1881 3535 vaetermitti.-
1862 3518 1932 3542 -pr
1918 3514 1999 3536 raete
1993 3512 2043 3536 ¹iri
2061 3512 2089 3536 P.

2675 1742 2756 1764 Innoc-
2770 1741 2834 1768 1v‚s
2835 1748 2860 1763 u-

2658 1773 2693 1816 :ti
2705 1758 2811 1791 decret-1.
2826 1768 2860 1789 ιΙ-

2675 1907 2734 1935 Arg.
2749 1913 2765 1929 ι.

2651 1946 2704 1970 ’D-
2719 1953 2778 1976 ¹⁰⁸3·

2675 2009 2733 2036 Δις.
2747 2008 2796 2030 Sed
2809 2014 2860 2030 con-

2652 2170 2860 2220 “Aram-aed,

2652 2197 2738 2247 ‘verm
2753 2230 2776 2252 9
2793 2230 2824 2251 1,o
2835 2224 2860 2246 28

2652 2257 2704 2280 ΜΠ·

1567 2904 1689 2941 emisit
1726 2905 1880 2942 desistat
1907 2906 1954 2941 ab
1985 2917 2031 2941 eo
2061 2906 2110 2942 ad
2138 2906 2245 2953 quod
2283 2913 2338 2942 est
2371 2913 2639 2954 consecratus,
2673 2957 2676 2967 ,

454 2955 574 3003 tertio,
592 2956 672 3004 ipsa
693 2956 911 2993 solemnitas
930 2957 1023 2993 voti.
1053 2956 1194 2993 Dicunt
1213 2968 1302 3004 ergo
1323 2957 1477 3005 quidam
1491 2956 1512 2978 ‘¹‘
1537 2983 1539 3016 ζ
1566 2965 1656 3006 puta
1676 2958 1782 3005 quod
1810 2957 1869 2994 ille
1889 2957 1954 3005 qui
1983 2965 2039 2995 est
2058 2958 2237 2996 sacerdos
2266 2970 2343 2996 non
2366 2959 2412 2995 sit
2430 2960 2626 2998 sacerdosx

2678 3179 2706 3201 D·
2721 3185 2773 3207 799·
