2860 4244
218 367 226 377 ⁸
241 366 276 388 Cf.
291 370 338 387 not.
355 367 374 391 ξ.

221 1894 270 1915 ’Ad
273 1893 370 1921 Philipp.
377 1899 424 1921 cap.

221 1926 250 1947 ιν,
266 1926 323 1942 vers.
339 1926 359 1947 7.

219 2288 227 2298 ⁸
242 2287 291 2308 Art.
306 2292 325 2314 5,
341 2287 362 2314 6,
378 2292 398 2314 7.

221 2767 230 2777 ⁸
246 2766 281 2788 cf.
298 2773 360 2788 num.
375 2773 424 2789 xnl.

223 3207 233 3217 ⁸
256 3207 320 3228 Vers-
344 3213 382 3236 31,
406 3207 428 3228 in

223 3232 314 3255 Glossa.

455 287 528 322 328

454 363 574 394 ralibus
604 361 828 402 dignitatibus,
862 369 943 400 quae
971 359 1013 388 ad
1042 363 1200 387 terrenam
1228 354 1461 394 dispositionem
1485 352 1502 371 *

454 407 654 437 ordinantur.
686 404 818 435 Constat
841 412 976 442 namque
1001 401 1088 441 quod
1112 398 1294 429 huiusmodi
1318 403 1416 427 sortes
1440 395 1502 426 for-

454 459 547 481 tunae
567 448 806 480 committuntur
829 446 900 488 (sub
924 446 1027 475 divina
1051 452 1155 474 tamen
1179 438 1398 482 providentia),
1423 439 1503 470 sicut

454 495 485 524 in
509 503 612 524 rerum
637 491 797 521 divisione.
822 491 861 520 Et
885 489 963 519 ratio
988 487 1073 518 dubii
1098 494 1143 517 est
1165 485 1238 526 quia
1253 485 1285 514 in
1302 483 1502 524 dignitatibus
1529 494 1530 517 3

454 535 672 567 distribuendis
702 535 802 574 agitur
829 534 866 563 de
890 533 974 563 malo
999 531 1162 562 communi
1186 528 1390 569 reipublicae:
1421 537 1503 567 quo-
1529 546 1530 573 3

455 581 539 611 niam
562 586 664 619 potest
680 578 766 608 facile
791 577 963 618 respublica
987 576 1121 606 incidere
1145 574 1177 604 in
1192 573 1293 603 malos
1310 579 1454 607 rectores,
1472 578 1501 601 et
1529 577 1531 616 ᾗ

454 630 679 664 consequenter
691 621 843 661 contingit
859 620 981 651 exaltari
999 629 1111 659 pravos
1128 625 1157 648 et
1173 616 1311 658 opprimi
1323 617 1436 651 bonos,
1446 622 1503 645 etc.

455 669 488 698 In
511 667 663 697 divisione
687 672 792 695 autem
815 674 919 695 rerum
944 663 1021 694 nulli
1037 662 1071 693 fit
1086 662 1208 698 iniuria,
1233 671 1270 691 ex
1293 670 1358 701 quo
1383 658 1504 690 domini
1530 656 1531 675 ³

454 720 557 742 rerum
587 709 788 740 committunt
810 708 985 738 voluntarie
1013 707 1157 737 fortunae
1181 705 1360 735 dominium
1384 713 1501 734 earum.
1530 740 1532 749 ,

508 754 567 784 Sed
586 753 661 783 haec
677 752 862 792 ambiguitas
882 751 970 781 facile
986 750 1118 781 solvitur
1134 749 1159 779 si
1175 748 1406 789 perceperimus
1425 757 1504 788 quo-

454 797 550 827 modo
572 797 752 836 intelligitur
775 796 862 836 quod
882 805 949 825 sors
972 802 1018 825 est
1040 794 1123 825 licita
1146 794 1179 823 in
1202 792 1403 833 dignitatibus
1427 798 1504 821 tem-

454 840 621 881 poralibus.
646 840 830 879 Intelligitur
853 849 990 879 namque
1013 845 1169 878 quantum
1185 844 1231 867 est
1251 846 1288 867 ex
1304 846 1363 866 suo
1383 845 1504 875 genere,
1532 875 1533 878 Ἰ

454 883 710 915 concurrentibus
740 883 847 914 ceteris
877 893 958 924 quae
988 883 1026 913 ad
1050 889 1155 912 actum
1179 881 1300 911 licitum
1324 880 1503 919 exiguntur:
1532 910 1533 926 χ

453 928 567 958 scilicet
589 929 676 968 quod
700 938 764 958 non
781 928 874 958 stulte
896 926 959 963 fiat,
980 926 1067 967 quod
1084 925 1148 956 sine
1164 924 1276 955 iniuria
1292 924 1433 960 alicuius,
1448 930 1505 954 etc.

454 972 543 1003 Unde
568 971 731 1012 dupliciter
754 971 905 1011 contingit
928 970 973 1001 uti
992 970 1128 1001 sortibus
1151 969 1183 999 in
1203 968 1404 1009 dignitatibus
1428 974 1506 997 tem-

454 1015 622 1055 poralibus.
646 1015 763 1051 Primo,
787 1015 976 1055 promiscue,
1001 1021 1036 1045 ut
1061 1013 1278 1054 unusquisque
1302 1013 1341 1042 de
1365 1011 1504 1052 populo‘,

453 1061 555 1090 bonus
579 1067 610 1090 et
631 1059 743 1095 malus,
767 1066 858 1100 aptus
882 1066 912 1089 et
935 1059 1070 1098 ineptus,
1094 1058 1169 1088 sorti
1193 1056 1293 1087 subsit
1315 1055 1507 1096 principatus

453 1104 500 1133 vel
523 1103 707 1134 huiusmodi
725 1103 885 1142 regiminis
908 1102 1053 1133 habendi.
1078 1102 1118 1132 Et
1141 1101 1211 1137 hoc,
1236 1100 1310 1141 quia
1331 1107 1377 1130 est
1400 1106 1508 1130 contra

454 1147 627 1178 naturalem
657 1147 840 1187 dignitatem
868 1147 1027 1177 rationalis
1051 1153 1225 1180 creaturae,
1251 1144 1300 1175 cui
1330 1145 1439 1175 datum
1463 1150 1509 1173 est

455 1198 488 1222 ut
511 1191 631 1222 ratione
654 1191 817 1231 provideat
840 1191 898 1221 sibi
922 1197 952 1221 et
975 1190 1058 1226 aliis;
1083 1196 1113 1219 et
1136 1195 1243 1219 contra
1263 1197 1435 1218 commune
1451 1187 1508 1217 rei-

454 1235 596 1275 publicae
624 1235 764 1270 bonum,
790 1235 877 1275 quod
907 1234 1038 1275 quilibet
1065 1240 1187 1264 tenetur
1215 1231 1308 1262 tutari
1332 1238 1362 1262 et
1385 1241 1451 1261 non
1475 1231 1506 1260 in

455 1278 619 1309 discrimen
638 1288 765 1318 ponere,
782 1285 817 1309 ut
840 1278 889 1308 hic
905 1278 1068 1308 accideret:
1093 1277 1164 1306 ideo
1188 1282 1351 1315 peccatum
1369 1282 1424 1308 est,
1442 1284 1507 1304 non

455 1322 692 1362 superstitionis,
709 1323 762 1352 sed
786 1322 945 1357 fatuitatis,
963 1328 993 1351 et
1015 1320 1187 1360 iniquitatis
1211 1325 1319 1348 contra
1335 1328 1508 1348 commune

454 1367 585 1397 bonum.
609 1383 629 1388 —
653 1366 725 1401 Alio
749 1367 846 1396 modo
878 1365 1030 1404 contingit
1060 1364 1105 1394 uti
1134 1362 1270 1393 sortibus
1293 1362 1325 1392 in
1349 1362 1438 1392 dictis
1462 1362 1507 1392 di-

454 1410 622 1450 gnitatibus
645 1416 718 1449 post
741 1410 921 1439 nominatos
941 1409 1059 1438 multos
1082 1407 1138 1448 qui
1161 1416 1219 1446 pro
1238 1405 1361 1436 idoneis
1385 1407 1424 1436 ad
1447 1406 1507 1436 hu-

453 1453 590 1484 iusmodi
614 1453 715 1483 officia
735 1452 945 1483 communiter
967 1452 1130 1486 habentur,
1155 1450 1198 1480 sic
1221 1450 1310 1491 quod
1326 1460 1421 1490 super
1435 1450 1507 1481 illos

453 1503 575 1528 tantum
599 1498 777 1527 nominatos
801 1507 855 1527 seu
881 1496 1073 1536 conscriptos
1104 1501 1202 1525 sortes
1226 1494 1335 1525 cadere
1362 1501 1506 1534 possunt.

453 1541 492 1571 Et
515 1541 558 1570 sic
573 1547 670 1571 sortes
694 1540 725 1570 in
747 1540 847 1571 littera
870 1540 970 1571 licitae
993 1539 1139 1570 dicuntur
1154 1538 1186 1568 in
1203 1538 1405 1578 dignitatibus
1430 1545 1507 1569 tem-

454 1584 625 1624 poralibus:
645 1591 796 1624 tanquam
812 1591 949 1614 terrenae
966 1584 1023 1614 hae
1039 1582 1324 1613 administrationes
1344 1583 1507 1623 parvipen-

454 1628 572 1658 dendae
588 1628 658 1664 sint,
676 1635 787 1668 utpote
802 1629 841 1658 ad
860 1635 979 1659 terrena
995 1627 1171 1663 ordinatae;
1196 1633 1226 1657 et
1249 1633 1416 1667 propterea
1431 1637 1507 1666 non,

453 1672 533 1702 sicut
550 1672 582 1702 in
598 1672 820 1712 spiritualibus,
837 1679 981 1712 oporteat
994 1671 1027 1702 in
1043 1671 1195 1702 electione
1211 1677 1241 1700 et
1259 1671 1377 1711 Spiritu
1393 1671 1508 1702 Sancto

454 1716 585 1746 omnino
609 1726 799 1756 permanere.
823 1716 936 1756 Agitur
951 1726 1081 1756 quoque
1104 1715 1137 1745 in
1158 1715 1386 1755 temporalibus
1410 1715 1509 1756 digni-

453 1760 566 1790 tatibus
591 1760 628 1790 de
649 1770 680 1791 re
704 1761 842 1791 humana
860 1760 1041 1800 temporali,
1065 1760 1098 1789 in
1115 1759 1328 1799 spiritualibus
1344 1766 1452 1790 autem
1471 1760 1509 1789 de

454 1814 485 1834 re
509 1804 611 1834 divina
635 1812 665 1834 et
687 1811 810 1835 aeterna
832 1805 1033 1835 haereditate:
1062 1811 1092 1834 et
1115 1810 1281 1843 propterea
1309 1803 1341 1833 in
1364 1803 1425 1833 illis
1449 1813 1508 1843 pax

454 1848 569 1878 civium
589 1848 793 1888 praecipuum
809 1849 931 1879 bonurn
948 1855 1001 1884 est,
1018 1848 1056 1877 ad
1080 1847 1167 1888 quod
1182 1847 1369 1878 ordinantur
1391 1854 1507 1884 sortes;

454 1892 486 1921 in
508 1892 573 1921 istis
584 1902 655 1932 pax
675 1893 747 1930 Dei,
765 1903 846 1933 quae
866 1897 1037 1932 exsuperat
1059 1901 1181 1922 omnem
1197 1900 1325 1922 sensum
1341 1891 1367 1928 *,
1385 1892 1507 1922 bonum

454 1942 508 1971 est,
532 1936 620 1976 quod
643 1946 660 1966 a
679 1937 748 1966 solo
768 1937 883 1976 Spiritu
899 1936 1012 1967 Sancto
1036 1935 1116 1966 effici
1139 1941 1253 1975 potest.
1279 1936 1319 1966 Et
1342 1943 1507 1976 propterea

454 1985 551 2009 sortes
573 1980 767 2019 repelluntur
795 1981 826 2010 in
851 1980 1051 2020 dignitatibus
1075 1979 1307 2020 spiritualibus,
1332 1987 1362 2011 et
1385 1989 1451 2010 non
1475 1980 1507 2010 in

454 2024 688 2063 temporalibus.

508 2067 558 2097 IV.
584 2067 615 2098 Si
640 2068 774 2108 denique
798 2078 815 2098 a
838 2068 993 2098 daemone
1018 2074 1147 2098 eventus
1167 2067 1301 2098 sortium
1317 2074 1506 2108 expectatur,

454 2111 620 2141 clarissime
635 2111 783 2151 sortilegii
801 2111 917 2142 crimen
934 2112 1112 2142 incurritur.
1132 2129 1153 2134 —
1172 2111 1212 2142 Et
1232 2111 1309 2142 scito
1329 2112 1418 2152 quod
1436 2111 1509 2142 licet

453 2155 530 2185 circa
554 2165 730 2195 expressam
761 2156 953 2186 daemonum
984 2155 1234 2195 expectationem
1256 2155 1342 2186 idem
1365 2156 1404 2186 sit
1426 2156 1508 2186 iudi-

453 2199 536 2229 cium
559 2199 590 2228 in
614 2199 749 2230 sortibus
773 2207 802 2231 et
825 2199 910 2236 aliis,
936 2200 1015 2231 circa
1038 2199 1164 2231 tacitam
1188 2206 1293 2230 tamen
1316 2199 1438 2230 varium
1462 2207 1509 2231 est

452 2243 613 2279 iudicium,
637 2251 764 2283 propter
786 2243 931 2274 fortunae
954 2244 1190 2274 admixtionem.
1219 2243 1253 2273 In
1277 2243 1344 2274 aliis
1369 2254 1507 2285 namque

453 2287 633 2326 supradictis
648 2287 674 2324 *,
700 2287 814 2318 scilicet
837 2288 933 2323 astris,
959 2287 1090 2318 somniis
1115 2295 1144 2318 et
1167 2287 1280 2327 signis,
1305 2288 1410 2318 statim
1433 2299 1506 2319 cum

452 2330 529 2360 vires
551 2338 678 2361 naturae
698 2332 898 2368 exceduntur,
916 2332 954 2362 ad
977 2332 1082 2362 Deum
1099 2339 1152 2362 aut
1176 2332 1365 2362 daemonem
1383 2339 1508 2372 oportet

453 2384 484 2404 se
508 2375 658 2405 resolvere
682 2375 807 2406 dantem
832 2385 960 2416 operam
985 2376 1050 2406 his:
1076 2383 1105 2406 et
1128 2375 1181 2412 sic,
1199 2376 1340 2415 neglecto
1357 2377 1436 2413 Deo,
1461 2383 1507 2407 ta-

454 2418 510 2449 cita
534 2419 725 2450 daemonum
748 2419 914 2450 incurritur
931 2420 1071 2450 societas.
1097 2420 1131 2450 ln
1147 2420 1283 2450 sortibus
1299 2426 1416 2456 autem,
1433 2421 1508 2462 quia

454 2462 595 2493 fortunae
619 2473 650 2493 se
674 2473 765 2503 saepe
790 2463 993 2494 committunt
1016 2470 1139 2494 utentes
1162 2474 1227 2494 non
1252 2464 1358 2494 solum
1381 2464 1505 2502 iocose,

453 2507 506 2536 sed
525 2507 603 2537 serio
630 2507 766 2537 sortibus
790 2505 868 2550 (sive
888 2508 1055 2548 prudenter
1075 2507 1139 2537 sive
1156 2508 1267 2538 stolide
1287 2508 1349 2538 hoc
1369 2507 1507 2552 faciant),

452 2550 522 2580 ideo
546 2561 563 2580 a
586 2551 677 2582 tacita
700 2551 895 2582 daemonum
913 2551 1111 2582 invocatione
1134 2551 1285 2582 remotior
1305 2559 1351 2583 est
1373 2553 1508 2583 sortium

454 2604 538 2625 usus.

506 2638 545 2669 V.
569 2638 659 2669 Circa
687 2638 805 2675 duella,
831 2636 911 2679 quae
941 2638 972 2669 in
998 2639 1202 2679 responsione
1232 2639 1271 2669 ad
1294 2639 1422 2670 tertium
1448 2647 1509 2671 tra-

454 2689 583 2719 etantur,
607 2682 741 2713 dubium
764 2682 907 2719 occurrit,
925 2693 965 2712 an
981 2683 1043 2713 sint
1064 2682 1148 2713 licita
1170 2683 1203 2713 in
1222 2683 1329 2724 aliquo
1345 2693 1429 2721 casu,
1446 2684 1507 2714 sal-

453 2733 516 2756 tem
535 2736 569 2756 ex
586 2733 671 2766 parte
687 2726 842 2767 requisiti:
867 2733 897 2757 et
913 2737 952 2756 an
968 2726 1124 2767 principes
1142 2727 1224 2758 licite
1243 2727 1365 2767 possint
1383 2727 1416 2758 in
1433 2738 1506 2759 casu

454 2769 556 2799 duella
572 2771 740 2801 concedere
756 2770 782 2801 *.
806 2770 847 2801 Et
870 2777 915 2801 est
938 2771 1016 2801 ratio
1041 2770 1127 2801 dubii
1152 2771 1226 2811 quia
1249 2772 1352 2808 Extra,
1369 2772 1408 2803 de
1422 2773 1505 2802 Pur-

453 2818 519 2854 gat.
542 2814 685 2855 Vulgari,
707 2824 774 2854 cap.
793 2814 881 2845 Cura
897 2816 1043 2855 suscepti,
1063 2815 1094 2845 in
1112 2815 1201 2846 nullo
1217 2825 1290 2846 casu
1307 2816 1507 2847 tolerandum

455 2857 564 2887 dicitur
587 2858 745 2894 duellum;
771 2865 800 2889 et
823 2858 864 2894 11,
890 2869 943 2899 qu.
961 2869 990 2894 v,
1015 2869 1082 2899 cap.
1100 2859 1376 2897 Monomachfflm,
1402 2861 1507 2891 duella

455 2901 649 2932 damnantur.

509 2945 647 2981 Quidam
670 2952 774 2976 tamen
799 2946 907 2977 dicunt
929 2945 1011 2977 licita
1034 2956 1100 2976 esse
1123 2947 1156 2977 in
1179 2957 1263 2978 casu.
1287 2948 1328 2978 Et
1350 2955 1507 2988 quantum

455 2987 604 3018 hactenus
627 2990 734 3029 reperi,
759 3000 841 3020 unus
865 3000 952 3021 casus
976 2991 1105 3030 ponitur
1128 2990 1160 3021 in
1183 3001 1248 3032 quo
1264 2991 1416 3023 innocens
1433 3003 1507 3024 con-

456 3031 554 3062 victus
578 3033 671 3063 morti
691 3034 883 3064 adiudicatus
898 3041 951 3065 aut
970 3035 1087 3066 duello.
1113 3035 1264 3076 inquiunt
1286 3037 1375 3076 quod
1394 3036 1426 3067 in
1445 3037 1507 3068 hoc

458 3085 529 3105 casu
551 3075 632 3106 licite
655 3083 757 3116 potest
777 3085 934 3118 acceptare
951 3079 1108 3109 duellum:
1133 3079 1207 3120 quia
1227 3079 1347 3110 licitum
1365 3088 1411 3111 est
1429 3081 1507 3111 mihi

458 3128 595 3158 pugnare
619 3120 745 3160 quando
770 3121 830 3151 alio
854 3122 951 3152 modo
976 3132 1040 3152 non
1063 3133 1196 3162 possum
1212 3124 1351 3155 evadere.
1375 3142 1396 3147 -
1419 3125 1507 3156 Alter

458 3171 546 3192 casus
570 3163 608 3204 (si
627 3170 730 3193 tamen
750 3164 824 3194 alter
847 3165 906 3195 dici
926 3165 1029 3207 debet)
1049 3167 1253 3198 universalior
1272 3168 1401 3208 ponitur
1416 3179 1435 3199 a
1452 3169 1507 3200 Ni-

458 3206 547 3236 colao
572 3207 609 3236 de
633 3207 730 3248 Lyra,
754 3218 847 3248 super
871 3209 977 3249 IReg.
1003 3220 1069 3250 cap.
1091 3221 1153 3240 xvn
1174 3211 1206 3241 *:
1238 3213 1368 3252 quando
1392 3213 1507 3244 scilicet

457 3249 494 3279 lis
517 3249 621 3291 aliqua
644 3251 809 3283 criminalis
831 3252 881 3282 vel
905 3253 1000 3282 civilis
1024 3263 1088 3284 non
1113 3261 1216 3294 potest
1239 3256 1326 3286 aliter
1348 3257 1507 3287 terminari

458 3303 553 3333 quarn
576 3294 691 3325 duello.
716 3296 808 3325 Tunc
832 3295 916 3326 enim
939 3296 989 3326 ille
1014 3297 1068 3337 qui
1092 3307 1156 3328 non
1181 3305 1285 3338 potest
1300 3300 1388 3331 aliter
1407 3311 1439 3331 se
1454 3307 1508 3332 aut

458 3346 513 3366 sua
536 3338 651 3368 salvare
667 3338 726 3369 nisi
741 3340 930 3379 acceptando
955 3340 1106 3378 duellum,
1123 3348 1235 3381 potest,
1252 3343 1410 3384 inquiunt,
1427 3344 1507 3375 illud

458 3388 623 3429 acceptare.
654 3382 694 3413 Et
716 3383 793 3413 ratio
818 3383 990 3423 assignatur
1012 3385 1085 3425 quia
1108 3385 1229 3416 licitum
1252 3395 1297 3418 est
1320 3398 1378 3428 pro
1402 3388 1508 3419 defen-

459 3433 544 3454 Slone
568 3432 597 3455 et
620 3425 667 3455 sui
691 3433 720 3456 et
743 3436 847 3457 rerum
871 3438 999 3458 suarum
1022 3439 1171 3468 pugnare.

512 3467 559 3497 De
581 3468 772 3509 principibus
794 3481 923 3512 quoque
939 3471 1032 3503 refert
1053 3472 1147 3510 idem,
1172 3473 1299 3511 ibidem,
1324 3475 1448 3516 aliquos
1463 3483 1506 3507 te-

460 3519 530 3540 nere
560 3512 647 3551 quod
677 3513 709 3542 in
740 3514 828 3544 omni
851 3525 923 3545 casu
953 3523 1082 3556 peccant
1105 3518 1276 3548 mortaliter
1304 3520 1506 3550 concedendo

461 3553 571 3584 duella.
596 3555 660 3585 Sibi
683 3562 786 3587 tamen
809 3558 930 3589 videtur
952 3559 1013 3590 hoc
1036 3561 1162 3592 durum.
1189 3562 1271 3599 Quia
1295 3570 1419 3593 sanctus
1443 3564 1506 3594 Lu-

1098 278 1362 326 QUAESTIO
1391 276 1512 323 XCV,
1541 275 1836 312 ARTICULUS
1865 274 1949 310 Vlll

1530 753 1532 760 ¹
1558 746 1644 776 nulla
1667 746 1787 776 ratione
1812 753 1858 777 est
1879 745 2013 776 licitum.
2037 746 2078 776 Et
2100 745 2126 775 si
2149 755 2214 775 non
2236 752 2282 776 est
2300 744 2421 775 malum
2437 754 2475 775 ex
2490 754 2550 774 suo
2569 753 2621 784 ge-

1531 792 1532 813 l
1558 800 1642 828 nere,
1661 796 1765 829 potest
1788 790 1982 830 quandoque
1998 798 2064 820 esse
2088 789 2220 820 licitum.
2243 789 2396 820 Duellum
2419 788 2523 828 igitur,
2546 797 2621 818 cum

1532 932 1534 938 ’
1560 932 1622 963 que
1646 928 1718 952 sunt
1742 921 1822 952 bella
1845 921 1942 959 iusta;
1967 928 1996 951 et
2019 930 2118 951 unum
2143 926 2173 951 et
2196 921 2298 951 multa
2321 931 2384 952 non
2401 922 2530 952 variant
2553 930 2621 961 spe·

1532 975 1534 988 ³
1559 968 1649 1004 ciem,
1670 966 1810 996 eiusdem
1831 965 1916 995 enim
1930 964 2044 1004 speciei
2061 971 2107 994 est
2125 964 2335 995 homicidium
2351 964 2470 996 factum
2489 965 2528 995 ab
2543 974 2620 1000 uno,

1550 2289 1745 2330 ficantibus,
1771 2287 1874 2324 Extra,
1898 2288 1938 2318 de
1960 2287 2095 2329 Purgat.
2115 2287 2260 2329 Vulgari.
2291 2288 2358 2319 Nec
2386 2287 2493 2320 solum
2515 2279 2633 2329 hirtus?

461 3596 599 3633 dovicus,
615 3599 680 3629 Rex
696 3600 896 3637 Francorum,
915 3609 944 3632 et
960 3602 1092 3634 Carolus
1108 3605 1250 3645 Magnus,
1268 3613 1298 3636 et
1314 3606 1406 3637 multi
1422 3617 1507 3646 prae-

1555 352 1610 383 lati
1633 352 1709 382 haec
1733 352 1958 383 sustinuerunt.
1971 368 1992 373 -
2008 350 2048 380 Et
2071 350 2146 390 quia
2161 349 2282 380 licitum
2298 356 2344 380 est
2366 349 2498 380 tolerare
2513 349 2620 380 minus

1557 395 1641 426 mala
1664 402 1699 426 ut
1723 396 1877 426 evitentur
1900 395 2020 425 maiora
2043 404 2138 434 quae,
2163 393 2223 423 nisi
2246 393 2352 426 duella
2375 392 2493 429 fierent,
2516 392 2619 424 eveni-

1557 446 1642 469 rent:
1668 446 1703 470 ut
1718 439 1906 470 vastationes
1931 445 1960 469 et
1983 437 2127 468 incendia
2142 446 2330 477 pauperum.
2352 444 2382 467 et
2404 436 2585 468 homicidia.
2598 454 2619 460 —

1556 483 1597 513 Et
1619 483 1694 523 quia
1724 485 1845 513 Auctor
1868 482 1917 513 hic
1946 481 2021 512 dicit
2044 482 2132 522 quod
2156 481 2261 511 duella
2284 480 2439 511 accedunt
2468 481 2511 511 ad
2537 490 2620 511 com-

1557 536 1683 557 munem
1712 528 1846 558 sortium
1877 527 2042 557 rationem.
2076 525 2219 556 Sortibus
2250 524 2335 554 enim
2350 524 2383 554 in
2406 524 2514 555 multis
2545 524 2621 555 casi-

1557 571 1616 601 bus
1640 571 1686 601 uti
1709 571 1790 602 licet.

1613 614 1667 645 VI.
1691 615 1742 644 Ad
1765 614 1955 645 evidentiam
1977 613 2072 644 huius
2095 612 2256 648 materiae,
2282 612 2431 643 inchoare
2454 618 2580 651 oportet
2603 622 2622 643 a

1558 658 1804 698 perscrutatione
1836 669 1875 688 an
1900 657 2042 688 duellum
2066 657 2105 688 sit
2127 656 2250 687 malum
2273 666 2310 686 ex
2332 666 2455 696 genere.
2480 655 2512 687 Si
2535 655 2622 686 enim

1558 709 1604 732 est
1627 702 1749 732 malum
1773 712 1809 732 ex
1832 712 1891 733 suo
1915 711 2037 742 genere,
2062 708 2097 732 ut
2120 700 2322 739 mendacium
2345 700 2395 731 vel
2418 699 2619 736 adulterium,

1559 835 1673 865 bellum
1698 834 1737 864 sit
1759 834 1908 870 duorum,
1933 843 1970 863 ex
1992 833 2066 864 belli
2082 833 2203 863 ratione
2219 833 2485 864 considerandum
2500 839 2557 864 est.
2581 832 2622 862 Et

1559 878 1712 919 quoniam
1728 877 1847 908 bellum
1863 886 1929 907 non
1945 883 1992 907 est
2007 877 2126 907 malum
2145 887 2182 907 ex
2197 887 2256 907 suo
2272 887 2395 918 genere,
2414 877 2516 907 multa
2531 886 2622 906 nam·-

1561 1017 1590 1041 et
1613 1021 1631 1040 a
1655 1010 1780 1040 multis:
1814 1008 1967 1049 contingit
1996 1008 2108 1048 procul
2132 1008 2230 1038 dubio
2261 1017 2327 1039 esse
2354 1009 2475 1039 bellum
2501 1008 2622 1039 iustum

1559 1055 1639 1085 inter
1662 1064 1713 1084 me
1737 1061 1767 1084 et
1790 1053 1933 1089 alterum,
1958 1052 2039 1083 sicut
2061 1052 2142 1082 inter
2160 1061 2295 1092 regnum
2315 1056 2349 1083 et
2371 1061 2515 1092 regnum.
2538 1053 2623 1083 Nam

1560 1098 1834 1139 quemadmodum
1856 1097 1978 1128 iustum
2002 1096 2171 1136 suscipitur
2194 1095 2392 1127 defensivum
2408 1096 2529 1127 bellum
2541 1105 2561 1126 a
2575 1105 2623 1127 re-

1559 1153 1623 1182 gno
1647 1143 1801 1182 impetito,
1819 1148 1887 1178 etc„
1911 1141 1953 1172 ita
1977 1141 2072 1171 etiam
2086 1139 2208 1171 iustum
2231 1149 2290 1180 ego
2314 1140 2417 1172 habeo
2431 1140 2552 1172 bellum
2567 1140 2624 1178 adq
2660 1161 2662 1164 ψ
2684 1157 2685 1160 =
2714 1151 2715 1154 ¹

1558 1197 1666 1217 versus
1689 1187 1879 1224 invasorem,
1904 1192 1934 1216 et
1956 1185 2048 1221 licite,
2073 1194 2125 1214 me
2148 1183 2359 1221 defendendo,
2382 1184 2494 1215 occido
2518 1183 2625 1222 illum.

1560 1231 1600 1261 Et
1622 1241 1729 1261 rursus
1757 1240 1834 1270 ego,
1860 1229 2006 1270 publicus
2029 1228 2171 1259 minister
2193 1227 2347 1265 iustitiae,
2371 1228 2492 1259 iustum
2520 1227 2625 1259 habeo

1559 1274 1679 1304 bellum
1702 1274 1850 1304 adversus
1874 1283 1964 1304 reum
1986 1273 2181 1308 invasorem,
2205 1272 2248 1303 ita
2275 1272 2365 1313 quod
2388 1282 2426 1303 ex
2447 1271 2623 1303 intentione

1557 1318 1641 1348 licite
1665 1318 1776 1348 occido
1796 1317 1897 1348 illurn.
1922 1318 1995 1348 Non
2013 1323 2059 1347 est
2073 1326 2147 1356 ergo
2162 1316 2318 1353 duellum,
2343 1316 2405 1347 hoc
2420 1323 2469 1348 est
2482 1317 2624 1348 duorum

1560 1362 1696 1398 bellum,
1727 1362 1883 1392 iniustum
1907 1371 1943 1391 ex
1966 1371 2095 1401 genere,
2124 1361 2180 1391 sed
2207 1367 2314 1401 potest
2336 1370 2403 1392 esse
2435 1361 2558 1392 iustu'm
2585 1369 2629 1393 et

1561 1416 1624 1436 una
1646 1412 1743 1446 parte.
2458 1423 2461 1428 ι
2519 1431 2522 1434 .
2579 1438 2583 1442 ᾗ
2601 1438 2603 1442 ⁴

1615 1450 1682 1481 V11.
1707 1449 1843 1490 Oportet
1865 1459 1940 1489 ergo
1963 1449 2003 1479 ad
2022 1458 2151 1480 causam
2164 1449 2317 1490 inspicere
2339 1448 2531 1490 suscipiendi
2547 1447 2626 1486 belli

1560 1494 1639 1525 talis.
1661 1495 1816 1524 Notanter
1832 1500 1939 1524 autem
1963 1492 2025 1523 dixi
2047 1493 2080 1534 ly
2103 1493 2307 1534 suscipiendi,
2323 1500 2354 1524 et
2376 1493 2409 1535 ly
2432 1492 2516 1531 talis.
2539 1487 2612 1534 mii

1558 1538 1772 1579 suscipiendi:
1794 1537 1869 1579 quia
1892 1537 2028 1568 indicere
2053 1537 2196 1568 duellum
2220 1546 2386 1578 nunquam
2408 1536 2490 1574 licet,
2513 1515 2629 1580 ¹:1⁴*th

1559 1582 1636 1614 tebit
1650 1582 1676 1614 *.
1700 1581 1781 1618 Dixi,
1798 1582 1889 1612 talis:
1911 1581 1986 1622 quia
2001 1581 2107 1622 aliqua
2123 1591 2217 1612 causa
2232 1588 2337 1621 potest
2351 1581 2517 1612 essedum
2528 1580 2631 1613 mesi
2650 1586 2663 1597 ⁸
2675 1585 2712 1608 (Σ
2726 1590 2791 1608 num.
2804 1591 2827 1607 κ-

1559 1626 1750 1667 suscipiendi
1773 1626 1847 1656 belli
1870 1636 1951 1666 quae
1975 1635 2042 1656 non
2065 1632 2112 1656 est
2133 1626 2216 1657 iusta
2239 1635 2333 1657 causa
2355 1625 2430 1657 belli
2452 1624 2630 1663 taliam
2845 1629 2847 1631 ’

1559 1671 1631 1702 licet
1654 1670 1830 1711 singularis,
1854 1677 1890 1701 ut
1912 1670 2031 1710 patebit
2045 1669 2071 1701 *.
2096 1670 2288 1711 Sex-autem
2311 1679 2424 1702 causae
2445 1669 2557 1706 finales
2577 1669 2627 1716 yi·
2650 1674 2662 1686 ·
2675 1672 2735 1696 thid.

1561 1716 1674 1746 dentur
1697 1714 1879 1756 potissimae
1903 1714 1942 1744 ad
1966 1724 2045 1754 quas
2068 1714 2233 1754 singularis
2256 1724 2366 1755 pugna
2382 1714 2567 1754 ordinatur.
2597 1744 2600 1745 γ
2625 1748 2627 1752 ,

1615 1759 1725 1789 Prima
1744 1765 1790 1789 est
1809 1757 2020 1789 manifestatio
2035 1758 2185 1789 veritatis:
2211 1758 2290 1789 dum
2305 1757 2422 1789 scilicet
2437 1757 2536 1800 aliqui
2550 1756 2629 1799 conf

1561 1802 1663 1834 fidunt
1686 1803 1775 1843 quod
1798 1802 1927 1833 victoria
1950 1812 2007 1832 sua
2031 1801 2087 1833 erit
2109 1802 2196 1833 testis
2218 1802 2371 1839 veritatis,
2395 1802 2485 1844 quod
2508 1798 2632 1833 scincet

1561 1847 1628 1887 ipse
1652 1854 1698 1878 est
1725 1847 1896 1883 innocens,
1921 1853 1976 1877 aut
2002 1846 2096 1876 habet
2118 1846 2186 1883 ius,
2209 1853 2240 1878 et
2267 1846 2464 1878 huiusmodi.
2495 1846 2536 1877 Et
2559 1845 2625 1877 tale

1562 1899 1718 1922 certamen
1749 1890 1875 1931 proprie
1898 1897 2030 1920 vocatur
2058 1890 2219 1927 duellum,
2254 1897 2286 1922 et
2313 1891 2394 1922 inter
2420 1889 2626 1932 purgationes

1561 1936 1704 1976 vulgares
1729 1941 1947 1975 computatur;
1972 1941 2003 1965 et
2025 1934 2194 1966 damnatur
2217 1935 2255 1965 ab
2279 1935 2434 1972 Ecclesia,
2457 1934 2562 1972 Extra,
2585 1933 2633 1966 de*

1561 1981 1697 2021 Purgat.
1717 1979 1853 2020 Vulgari
1863 1978 1890 2015 *,
1916 1985 1946 2009 et
1968 1978 2000 2008 in
2017 1987 2085 2019 cap.
2101 1979 2373 2017 Monomachiam,
2398 1978 2436 2016 11,
2457 1987 2512 2020 qu.
2528 1988 2560 2010 v.
2582 1978 2626 2012 Et
2651 1978 2805 2007 ·cnp.c2ra
2828 1982 2844 2014 ’ἦ

1561 2023 1746 2055 huiusmodi
1771 2023 1928 2058 duellum,
1954 2022 2039 2058 licet,
2064 2029 2100 2053 ut
2122 2022 2155 2053 in
2178 2022 2280 2054 littera
2302 2023 2426 2060 dicitur,
2450 2021 2552 2064 magis
2574 2032 2624 2054 ae·
2651 2005 2735 2035 Μ’

1561 2069 1650 2099 cedat
1672 2068 1712 2098 ad
1735 2067 1891 2098 rationem
1914 2067 2058 2103 sortium,
2084 2067 2206 2097 malum
2229 2074 2336 2098 tamen
2360 2074 2405 2098 est
2429 2077 2467 2098 ex
2490 2076 2550 2098 suo
2572 2075 2626 2108 ge-

1560 2122 1634 2143 nere
1657 2111 1869 2151 sortilegium:
1895 2110 1969 2151 quia
1984 2111 2017 2141 in
2033 2111 2161 2151 propria
2178 2111 2298 2142 ratione
2315 2111 2432 2142 claudit
2447 2120 2625 2152 repugnen-

1560 2157 1637 2187 tiam
1660 2156 1699 2186 ad
1723 2162 1840 2186 rectam
1862 2155 2028 2191 rationem,
2053 2155 2171 2186 scilicet
2188 2155 2337 2186 inducere
2355 2155 2389 2187 in
2405 2155 2626 2194 testimonium

1560 2200 1650 2242 quod
1673 2210 1739 2230 non
1763 2206 1809 2230 est
1831 2198 2066 2237 testimonium;
2091 2198 2246 2240 quoniam
2262 2206 2385 2232 constat
2407 2190 2628 2252 habentesiu}

1560 2244 1765 2276 succumbere
1788 2243 1982 2284 quandoque
2005 2243 2038 2273 in
2062 2243 2180 2280 duello,
2206 2250 2241 2275 ut
2263 2250 2350 2285 patet
2371 2244 2405 2275 in
2428 2253 2498 2285 cap.
2517 2242 2626 2296 Sigat-

1560 2333 1649 2363 modi
1673 2332 1816 2363 duellum
1840 2338 1886 2362 est
1909 2331 2031 2362 malum
2055 2341 2091 2362 ex
2115 2342 2174 2362 suo
2197 2342 2321 2372 genere,
2346 2339 2382 2364 ut
2404 2324 2624 2371 mendadtirxijss

1560 2378 1615 2408 sed
1638 2377 1732 2408 etiam
1756 2383 1803 2406 est
1825 2375 2040 2416 perniciosum
2065 2386 2102 2407 ex
2117 2386 2177 2407 suo
2200 2386 2325 2418 genere.
2350 2376 2436 2414 Quia
2454 2375 2566 2418 contra*
2579 2375 2634 2417 ἰ’ξ-

1560 2428 1642 2452 ctam
1659 2420 1815 2451 rationem
1839 2419 1925 2460 eligit
1941 2427 2074 2461 uterque
2090 2427 2252 2460 percutere
2270 2420 2463 2461 proximum.
2488 2420 2530 2452 Et
2548 2421 2626 2463 coti,—

1560 2472 1606 2496 tra
1629 2471 1746 2496 rectam
1770 2464 1926 2494 rationem
1948 2464 2012 2495 vita
2029 2464 2193 2505 utriusque
2217 2474 2254 2495 ex
2273 2465 2439 2505 proposito
2456 2463 2626 2506 exponitur

1560 2509 1672 2540 mortis
1695 2515 1725 2540 et
1747 2508 1916 2538 vulnerum
1939 2508 2092 2548 periculo,
2117 2518 2190 2539 cum
2214 2508 2272 2539 Dei
2296 2508 2479 2540 tentatione.
2516 2508 2626 2549 Etjdi-

1559 2553 1625 2583 vini
1647 2552 1683 2583 fit
1706 2552 1870 2592 usurpatio
1894 2551 2019 2588 iudicii,
2053 2559 2089 2583 ut
2111 2552 2143 2582 in
2167 2551 2267 2583 littera
2290 2552 2413 2583 dicitur.
2452 2552 2493 2583 Et
2516 2547 2626 2595 diabo-

1559 2597 1619 2629 lica
1638 2596 1778 2627 inventio
1802 2595 2009 2636 adimpletur:
2034 2602 2070 2627 ut
2091 2596 2125 2626 in
2147 2596 2297 2634 Decretis,
2317 2596 2390 2627 loco
2414 2597 2559 2637 allegato,
2579 2596 2626 2628 di-

1560 2641 1649 2677 citur,
1667 2647 1697 2671 et
1719 2640 1751 2670 in
1774 2639 1876 2670 littera
1898 2639 2037 2680 tangitur
2060 2650 2097 2670 ex
2119 2650 2187 2681 cap.
2211 2640 2409 2672 Consuluisti
2430 2640 2558 2673 ibidem.

1614 2684 1697 2715 VIII.
1722 2683 1870 2714 Secunda
1893 2693 1992 2715 causa
2016 2690 2062 2715 est
2085 2684 2254 2716 ostentatio
2277 2684 2410 2716 virium:
2435 2691 2472 2716 ut
2495 2684 2627 2725 Golia&

1559 2728 1766 2759 Philisthaeus
1778 2727 1934 2759 indicebat
1948 2728 2100 2765 duellum,
2115 2728 2219 2769 lReg.
2231 2739 2294 2759 xvn
2305 2728 2332 2760 ³⁸¹.
2349 2729 2390 2760 Et
2405 2729 2468 2761 tale
2479 2729 2625 2769 duellum,

1560 2772 1757 2804 committere
1774 2778 1820 2802 est
1842 2771 2057 2812 perniciosum
2072 2782 2109 2803 ex
2124 2782 2184 2803 suo
2199 2782 2322 2814 genere,
2347 2779 2476 2814 propter
2491 2772 2625 2815 eandem

1561 2815 1697 2853 causam,
1722 2816 1797 2857 quia
1819 2815 1936 2846 scilicet
1954 2823 2062 2847 contra
2078 2823 2195 2848 rectam
2210 2816 2365 2848 rationem
2386 2817 2472 2858 eligit
2491 2811 2631 2868 uterqu'e'¹¹

1560 2861 1693 2892 alterum
1715 2860 1796 2890 velle
1819 2866 1995 2900 percutere:
2021 2867 2143 2892 constat
2159 2871 2298 2902 namque
2314 2872 2331 2891 a
2347 2861 2468 2893 ratione
2484 2860 2630 2905 αῌεῂμιηζ

1560 2915 1626 2936 esse
1650 2911 1685 2935 ut
1707 2914 1766 2944 pro
1783 2903 1992 2936 ostentatione
2008 2904 2124 2935 virium
2147 2905 2218 2946 quis
2241 2912 2370 2946 pugnet.
2395 2905 2436 2937 Et
2457 2899 2630 2953 propterea

1560 2949 1661 2981 David
1689 2954 1868 2987 excusatur,
1896 2949 1986 2989 quod
2016 2948 2133 2989 Spiritu
2158 2949 2273 2980 Sancto
2303 2955 2410 2981 motus
2437 2949 2630 2993 pugnaverit,

1561 3003 1636 3025 cum
1657 2992 1848 3023 Philisthaeo
1860 2992 1886 3023 ²⁸³.
2553 2992 2603 3037 ξύ,

1616 3038 1727 3068 Errant
1754 3043 1862 3067 autem
1884 3036 1918 3066 in
1941 3035 2016 3073 hac,
2041 3037 2123 3068 sicut
2145 3044 2175 3069 et
2205 3037 2308 3078 prima
2332 3047 2442 3075 causa,
2466 3037 2629 3081 prinffpes‘

1560 3081 1777 3118 concedentes,
1798 3081 1888 3122 quasi
1904 3080 2072 3121 spectaculi
2089 3091 2192 3118 causa,
2210 3091 2284 3112 cum
2302 3081 2336 3112 in
2355 3081 2445 3113 bellis
2459 3084 2546 3118 sunt,
2560 3084 2624 3127 eer-

1559 3125 1677 3157 tamina
1701 3125 1790 3166 quasi
1814 3124 1992 3165 singularia,
2017 3131 2093 3165 puta
2117 3125 2226 3157 decem
2249 3125 2323 3157 hinc
2346 3133 2377 3157 et
2400 3126 2511 3158 decem
2532 3121 2625 3164 in'de',

1560 3170 1599 3200 ad
1628 3169 1873 3200 ostentationem
1902 3168 2044 3199 virorum
2074 3167 2216 3201 fortium.
2248 3169 2414 3201 Diabolica
2439 3176 2514 3202 sunt
2535 3166 2625 3210 lin'ec',

1560 3221 1590 3244 et
1613 3213 1694 3244 sicut
1713 3213 1817 3244 duella
1839 3212 2016 3249 iudicanda,
2033 3213 2145 3244 eadem
2167 3213 2298 3245 ratione.
2330 3213 2396 3246 Nec
2415 3213 2542 3247 excuzdt
2563 3216 2624 3250 ,βόε

1559 3264 1686 3298 tempus
1708 3257 1792 3293 belli,
1810 3263 1840 3287 et
1867 3256 2031 3287 conflictus
2055 3257 2193 3297 partialis
2207 3257 2349 3289 hostium
2372 3267 2446 3288 cum
2461 3249 2623 3294 hostibus:

1560 3301 1714 3343 quoniam
1740 3300 1815 3332 iusti
1839 3310 1933 3332 causa
1956 3300 2029 3331 belli
2052 3300 2085 3332 in
2108 3301 2170 3333 hoc
2193 3301 2315 3343 partiali
2342 3301 2491 3334 conflictu
2513 3301 2624 3343 locum

1561 3355 1626 3376 non
1654 3345 1762 3381 habet3
1786 3344 1861 3386 quia
1890 3344 2009 3375 habens
2037 3344 2158 3376 iustum
2187 3345 2326 3382 bellum,
2351 3353 2386 3376 ut
2409 3345 2470 3384 sic,
2494 3346 2560 3377 non
2584 3345 2624 3376 ad

1559 3388 1805 3420 ostentationem
1828 3395 1959 3429 pugnat.
2190 3422 2192 3424 ,
2593 3418 2598 3422 .

1615 3433 1667 3464 IX.
1697 3433 1804 3463 Tertia
1827 3442 1925 3463 causa
1949 3439 1996 3464 est
2018 3432 2145 3464 evitatio
2167 3433 2378 3473 ignominiae:
2409 3432 2484 3474 quia
2507 3432 2624 3468 scillcet

1559 3483 1722 3517 reputatur
1736 3475 1806 3507 vilis
1823 3483 1853 3507 et
1868 3476 2029 3516 degeneris
2045 3476 2142 3507 animi
2165 3477 2192 3508 si
2216 3487 2281 3509 non
2304 3481 2444 3517 acceptat
2467 3474 2621 3509 duellum.

1559 3521 1600 3552 Et
1622 3520 1699 3552 haec
1722 3530 1825 3556 causa,
1842 3520 1915 3551 licet
1930 3521 2015 3560 apud
2031 3520 2145 3551 idiotas
2160 3518 2337 3562 plurimum
2351 3519 2454 3551 valere
2470 3519 2622 3558 videatur,
2809 3527 2811 3530 ·

1559 3565 1645 3605 apud
1668 3571 1774 3595 tamen
1797 3564 1952 3605 sapientes
1976 3564 2063 3596 nulla
2087 3571 2142 3595 est.
2175 3564 2216 3595 Et
2245 3563 2320 3606 quia
2343 3563 2436 3595 rebus
2466 3565 2623 3596 utendum
2648 3556 2776 3606 siff&
2810 3585 2816 3603 ι,

1559 3615 1605 3638 est
1629 3614 1663 3638 ut
1686 3607 1851 3648 sapientes,
1874 3618 1939 3639 non
1964 3615 1999 3639 ut
2022 3609 2128 3648 plures
2144 3607 2175 3644 *;
2199 3607 2283 3644 ideo,
2305 3608 2482 3638 secundum
2505 3616 2621 3640 rectam
2649 3616 2672 3632 ¹¹·
2686 3615 2706 3638 5-

2651 2731 2771 2756 ⁸Vm.8
2802 2739 2831 2748 ·¹

2650 2990 2734 3015 *ma-

2649 3023 2678 3046 ⁴5
2699 3022 2766 3047 tna-³
2798 3021 2819 3034 ⁷¹·

2649 3048 2789 3099 {⁸¹:43⁸
2825 3065 2828 3068 ’
