2860 4244
71 1841 240 1899 ‘main

950 273 1216 319 QUAESTIO
1247 274 1461 322 LXXXIX,
1490 275 1785 312 ARTICULUS
1815 275 1867 311 IX

371 352 446 389 SED
475 363 632 399 CONTRA,
653 365 722 401 per
748 360 884 389 votum
913 351 1097 399 obligatur
1117 351 1249 400 aliquis
1269 353 1375 389 Deo:

315 417 385 453 per
398 404 655 442 iuramentum
676 405 862 453 obligatur
875 410 892 426 α
910 404 1099 441 interdum
1115 405 1272 442 homini.
1295 406 1377 442 Ma-

316 457 371 505 gis
386 465 513 494 autem
530 458 716 505 obligatur
729 458 849 494 homo
865 458 950 494 Deo
966 469 1081 506 quam
1098 458 1257 494 homini.
1275 459 1376 506 Ergo

316 510 440 547 maior
459 518 515 547 est
543 510 720 559 obligatio
739 510 820 546 voti
849 522 966 558 quam
994 509 1206 546 iuramenti.

369 564 595 600 Respoumzo
633 575 817 600 DICENDUM
852 563 957 611 quod
985 570 1144 611 utraque
1185 563 1376 610 obligatio,

316 615 454 653 scilicet
482 616 560 653 voti
590 623 625 652 et
654 615 865 661 iuramenti,
895 622 1070 652 causatur
1093 627 1137 652 ex
1167 616 1294 663 aliquo
1324 615 1377 653 di·

315 668 420 715 vino,
450 669 556 706 aliter
582 676 711 704 tamen
740 675 776 704 et
803 667 918 704 aliter.
958 668 1061 705 Nam
1091 668 1268 716 obligatio
1296 669 1377 705 voti

317 729 494 758 causatur
513 732 558 757 ex
576 720 756 757 fidelitate
777 732 893 769 quam
918 721 1003 757 Deo
1025 720 1221 767 debemus,
1242 729 1283 757 ut
1307 721 1376 758 sci—

315 774 400 811 licet
419 773 452 810 ei
471 772 705 822 promissum
726 774 933 810 solvamus.
963 774 1153 822 Obligatio
1173 782 1301 811 autem
1322 774 1377 810 iu-

315 826 476 863 ramenti
496 833 670 862 causatur
689 838 735 862 ex
756 826 967 863 reverentia
986 839 1104 875 quam
1125 827 1310 864 debemus
1331 826 1376 874 ei,

315 891 361 916 ex
389 891 465 927 qua
493 886 666 915 tenemur
694 879 799 927 quod
827 879 1069 916 verificemus
1105 880 1144 917 id
1173 880 1278 928 quod
1309 892 1378 928 per

315 943 460 969 nomen
481 932 560 968 eius
580 931 847 980 promittimus.
872 933 1010 970 Omnis
1030 940 1158 970 autem
1178 932 1377 969 infidelitas

315 984 601 1022 irreverentiam
631 985 810 1032 continet,
840 986 907 1023 sed
937 998 1015 1022 non
1044 984 1295 1022 convertitur:
1323 984 1379 1020 vi-

367 1099 395 1130 α)
415 1098 558 1158 οῗὶἰςαίιιέ.
570 1111 590 1116 -
608 1105 671 1123 vero
690 1097 827 1130 obligatur
841 1097 872 1128 D,
891 1100 979 1121 autem
993 1097 1130 1129 obligatur
1142 1097 1187 1127 sK,
1205 1099 1294 1121 autem
1311 1096 1376 1121 obli-

312 1136 396 1170 gatur
415 1140 432 1158 a
444 1133 512 1165 iquis
551 1140 577 1158 a.

2415 273 2488 320 287

1433 353 1541 390 detur
1561 353 1663 390 enim
1692 353 1893 390 infidelitas
1913 353 2069 390 subiecti
2100 353 2148 390 ad
2177 351 2376 390 dominum
2408 364 2490 388 esse

1433 406 1599 443 maxima
1627 406 1881 443 irreverentia.
1915 407 1964 442 Et
1992 406 2078 443 ideo
2107 413 2242 443 votum
2271 417 2316 441 ex
2345 404 2490 441 ratione

1432 471 1502 495 sua
1529 459 1649 506 magis
1686 467 1742 495 est
1769 459 2035 507 obligatorium
2068 470 2186 508 quam
2221 458 2488 494 iuramentum.

1483 513 1542 548 AD
1562 523 1698 548 PRIMUM
1722 523 1820 548 ERGO
1844 523 2030 549 DlCENDUM
2050 513 2155 560 quod
2174 518 2310 548 votum
2330 518 2386 547 est
2403 523 2490 559 pro-

1432 563 1561 600 missio
1591 577 1669 601 non
1697 577 1976 613 quaecumque,
2005 564 2072 601 sed
2101 566 2186 602 Deo
2214 564 2322 609 facta,
2353 563 2412 600 cui
2436 563 2490 600 in-

1432 616 1585 653 fidelem
1617 629 1699 653 esse
1726 617 1992 665 gravissimum
2023 626 2088 654 est.

1483 670 1542 705 AD
1570 681 1759 706 SECUNDUM
1787 682 1971 707 DiCENDuM
1999 670 2104 718 quod
2132 670 2388 706 iuramentum
2411 679 2490 705 non

1430 721 1631 758 adhibetur
1649 729 1742 758 voto
1762 723 1869 770 quasi
1897 723 2037 771 aliquid
2065 722 2232 759 firmius:
2261 722 2329 758 sed
2355 729 2397 758 ut
2417 732 2491 769 per

1431 774 1524 810 duas
1548 785 1607 810 res
1631 774 1837 811 immobiles
1853 777 1872 796 *
1899 776 2021 812 maior
2039 775 2196 812 firmitas
2224 774 2448 812 adhibeatur
2461 771 2488 810 β.

1483 827 1542 862 An
1569 838 1729 863 TERTlUM
1766 839 1949 865 DICENDUM
1977 828 2082 876 quod
2120 827 2340 865 deliberatio
2373 826 2489 864 animi

1432 879 1495 916 dat
1526 879 1744 916 firmitatem
1773 888 1866 917 voto
1895 889 2079 929 quantum
2109 893 2154 917 ex
2181 889 2286 929 parte
2313 879 2490 917 voventis

1434 939 1499 968 est.
1530 932 1656 968 Habet
1683 939 1812 969 tamen
1841 933 2027 970 maiorem
2056 934 2240 970 firmitatis
2265 945 2419 970 causam
2445 944 2489 969 ex

1434 991 1538 1031 parte
1566 984 1651 1029 Dei,
1681 984 1740 1020 cui
1768 993 1903 1021 votum
1934 986 2100 1022 offertur.

1485 1095 1511 1129 β)
1530 1097 1698 1122 adhibeatur.
1711 1111 1730 1116 -
1748 1097 1878 1122 habeatur
1892 1098 1921 1123 P.

986 1210 1321 1243 commentaria
1343 1210 1597 1243 Cardinalis
1620 1210 1820 1244 Caietam

343 1303 364 1323 N
380 1292 512 1323 articulo
529 1297 642 1321 octavo
666 1290 809 1320 eiusdem
829 1289 1148 1330 octogesimaenonae
1172 1290 1375 1330 quaestionis,

317 1305 436 1372 Inota,
461 1345 520 1375 pro
543 1334 704 1365 intellectu
731 1334 869 1370 litterae,
903 1334 970 1364 tria.
995 1333 1137 1364 Primum
1163 1341 1210 1364 est
1232 1334 1321 1374 quod
1344 1334 1377 1364 in

312 1379 534 1421 observatione
562 1385 629 1409 tam
651 1378 718 1409 voti
747 1388 846 1419 quam
869 1378 1036 1408 iuramenti
1068 1386 1260 1408 concurrunt
1291 1379 1374 1408 duo:

248 1442 270 1445 2
284 1423 441 1455 »semcef
452 1423 520 1464 ipsa
543 1423 721 1454 observatio
745 1423 812 1453 voti
834 1423 884 1452 vel
907 1422 1090 1458 iuramenti;
1116 1430 1146 1452 et
1169 1429 1256 1453 actus
1276 1432 1377 1453 serva-

303 1477 373 1504 tus,
397 1467 454 1509 qui
477 1467 653 1508 promissus
676 1467 726 1497 vel
749 1466 870 1497 iuratus
889 1473 964 1502 erat,
988 1473 1066 1506 puta
1088 1467 1161 1496 dare
1178 1473 1306 1497 centum
1322 1476 1376 1496 au—

311 1522 393 1544 reos.
425 1511 608 1543 Commune
632 1518 678 1542 est
701 1518 808 1542 autem
836 1517 912 1541 voto
937 1517 967 1540 et
989 1510 1168 1540 iuramento
1197 1511 1286 1550 quod
1308 1510 1378 1550 ipsa

312 1555 490 1588 observatio
515 1555 680 1595 utriusque
711 1561 830 1595 spectat
860 1555 900 1584 ad
927 1554 1129 1593 religionem:
1161 1554 1316 1594 quoniam
1341 1564 1377 1584 ex

312 1600 421 1631 divino
437 1599 545 1641 aliquo
562 1605 717 1633 causatur,
734 1605 770 1629 ut
791 1598 824 1628 in
840 1598 942 1629 littera
965 1598 1094 1634 dicitur;
1115 1604 1146 1628 et
1168 1598 1208 1627 ad
1232 1598 1376 1628 divinum

312 1645 435 1676 cultum
451 1651 570 1685 spectat
585 1643 714 1674 reddere
729 1643 799 1673 Deo
819 1649 884 1672 tarn
900 1649 974 1672 vota
991 1652 1089 1682 quam
1105 1642 1290 1672 iuramenta.
1315 1642 1377 1672 Sed

313 1688 486 1720 differentia
500 1688 582 1718 inter
596 1694 710 1718 votum
727 1694 757 1717 et
779 1686 995 1717 iuramentum
1019 1693 1065 1716 est
1087 1686 1195 1726 quoad
1211 1693 1299 1717 actus
1316 1696 1378 1716 ser—

311 1739 417 1764 vatos:
441 1732 516 1774 quia
538 1732 572 1762 in
594 1738 671 1762 voto
695 1731 790 1761 etiam
814 1738 901 1761 actus
916 1736 1055 1760 servatus
1079 1738 1124 1761 est
1149 1737 1236 1761 actus
1253 1730 1378 1770 religio-

312 1777 372 1814 nis,
396 1777 569 1817 imperatus
592 1782 715 1812 tamen;
740 1775 773 1806 in
796 1775 976 1806 iuramento
999 1782 1107 1805 autem
1130 1782 1218 1806 actus
1238 1781 1377 1805 servatus

311 1821 500 1862 relinquitur
516 1830 592 1851 suae
609 1826 748 1855 naturae,
773 1826 803 1850 et
826 1829 891 1849 non
909 1826 955 1849 est
978 1818 1079 1849 factus
1102 1818 1263 1859 religionis
1279 1825 1377 1855 actus,

311 1872 348 1897 ut
370 1865 403 1896 in
427 1864 559 1896 articulo
583 1863 697 1904 quinto
712 1863 730 1882 *
752 1863 848 1894 huius
871 1863 1064 1904 quaestionis
1088 1862 1266 1894 didicimus.

368 1909 552 1941 Secundum
568 1915 615 1939 est
637 1908 727 1948 quod
750 1907 822 1938 licet
845 1906 977 1938 fidelitas
994 1914 1024 1938 et
1047 1907 1219 1938 reverentia
1243 1907 1377 1937 diversa-

1430 1300 1500 1320 rum
1523 1290 1676 1321 virtutum
1700 1291 1762 1321 sint
1785 1291 1864 1322 inter
1886 1291 2043 1328 homines,
2069 1299 2104 1322 ut
2126 1299 2211 1332 patet
2234 1302 2270 1322 ex
2290 1292 2490 1322 distinctione

1428 1334 1582 1365 virtutum
1599 1335 1815 1365 ordinatarum
1830 1336 1870 1365 ad
1894 1335 2119 1366 honorandum
2139 1343 2169 1367 et
2192 1336 2230 1366 ad
2253 1336 2349 1366 fidem
2365 1346 2489 1366 servan-

1430 1379 1519 1415 dam;
1544 1379 1577 1409 in
1594 1379 1705 1409 ordine
1721 1386 1826 1410 tamen
1846 1379 1885 1409 ad
1903 1380 2009 1410 Deum
2028 1379 2159 1411 fidelitas
2176 1387 2206 1411 et
2221 1380 2392 1411 reverentia
2408 1380 2489 1411 eius-

1430 1423 1503 1452 dem
1524 1423 1647 1453 virtutis
1671 1430 1761 1459 sunt,
1786 1423 1903 1454 scilicet
1925 1424 2101 1463 religionis:
2131 1425 2219 1455 decet
2241 1424 2327 1455 enirn
2350 1432 2386 1455 ut
2407 1434 2490 1466 quae

1430 1468 1462 1496 in
1487 1466 1694 1507 inferioribus
1715 1467 1817 1498 divisa
1839 1473 1925 1505 sunt,
1943 1470 1975 1498 in
1998 1470 2158 1508 superiori
2180 1470 2336 1499 uniantur
2350 1469 2376 1500 *.

1484 1511 1630 1541 Tertium
1654 1518 1700 1541 est
1722 1512 1811 1551 quod
1834 1511 1954 1542 dictum
1976 1512 2105 1548 litterae,
2130 1513 2256 1549 scilicet,
2284 1512 2396 1543 Omnis
2418 1514 2488 1554 infi-

1429 1554 1544 1584 delitas
1567 1556 1808 1585 irreverentiam
1834 1557 1982 1593 continet,
2000 1556 2025 1585 si
2042 1557 2217 1586 secundum
2234 1557 2405 1587 subiectam
2422 1568 2487 1588 ma-

1429 1598 1539 1628 teriam
1570 1598 1786 1638 restringatur,
1812 1599 1927 1629 scilicet
1953 1607 2094 1639 respectu
2120 1601 2258 1637 domini,
2283 1601 2402 1631 clarum
2425 1609 2487 1632 est:

1430 1643 1572 1672 maxima
1597 1652 1751 1683 namque,
1777 1650 1811 1673 ut
1834 1643 1866 1672 in
1888 1643 1990 1673 littera
2012 1644 2171 1680 subditur,
2196 1646 2406 1676 irreverentia
2436 1646 2488 1676 do-

1430 1687 1509 1716 mini
1532 1686 1657 1717 videtur
1680 1687 1851 1727 infidelitas
1874 1687 1916 1717 ad
1940 1697 2022 1718 eum.
2054 1688 2086 1718 Si
2108 1698 2183 1718 vero
2207 1689 2430 1725 universaliter,
2455 1696 2491 1720 ut

1431 1737 1539 1766 sonat,
1563 1730 1804 1770 intelligendum
1827 1738 1888 1767 est,
1913 1741 1977 1761 non
2007 1738 2089 1761 caret
2119 1733 2284 1771 scrupulo:
2316 1743 2390 1762 cum
2412 1732 2490 1763 fides

1431 1774 1525 1805 etiam
1549 1774 1588 1805 sit
1612 1784 1836 1814 supremorum
1859 1775 1898 1804 ad
1921 1774 2059 1806 infimos.
2083 1776 2297 1806 Veruntamen
2316 1776 2491 1808 verificatur

1431 1818 1552 1849 ratione
1568 1825 1770 1859 contemptus
1786 1818 1913 1849 annexi:
1939 1819 2014 1859 quia
2037 1819 2232 1860 quicumque
2251 1819 2383 1850 infidelis
2399 1821 2491 1851 alicui

1431 1869 1486 1898 est,
1510 1863 1617 1902 ipsum
1640 1863 1865 1903 parvipendere
1888 1863 2090 1899 videtur,‘ac
2113 1873 2169 1903 per
2192 1864 2253 1894 hoc
2277 1864 2490 1901 dehonorare;

1432 1907 1520 1947 quod
1543 1907 1582 1937 ad
1606 1907 1837 1937 irreverentiam
1861 1914 1989 1946 spectat.

1124 2051 1442 2095 ART1CULUs
1474 2034 1673 2094 NONUS

824 2145 980 2176 UTRUM
1003 2145 1175 2182 ALlQUIS
1199 2145 1347 2176 POSSlT
1371 2144 1632 2175 DISPENSARE
1656 2145 1699 2175 IN
1727 2145 1984 2176 IURAMENTO

525 2237 548 2262 n
575 2237 703 2263 NONUM
730 2237 784 2262 sic
813 2236 1055 2262 PROCEDl'rUR.
1085 2225 1245 2262 Videtur
1273 2225 1377 2274 quod

458 2280 495 2320 uio
525 2279 651 2316 nullus
678 2278 798 2328 possit
827 2278 1046 2327 dispensare
1081 2277 1118 2314 in
1147 2278 1374 2315 iuramento.

332 2321 451 2378 ’,Ϋπῃ
471 2330 631 2372 (ὃίευῐ
659 2332 762 2368 enim
794 2331 934 2368 veritas
962 2331 1165 2380 requiritur
1193 2331 1243 2368 ad
1278 2331 1377 2368 iura-

336 2378 345 2385 *
370 2360 459 2412 <3²⁷⁹
482 2377 699 2422 &mentum
719 2384 978 2431 assertorium,
999 2385 1103 2433 quod
1126 2392 1181 2422 est
1200 2385 1248 2422 de
1267 2397 1375 2433 prae-

313 2436 422 2474 terito
441 2438 503 2474 vel
531 2438 732 2486 praesenti,
754 2438 804 2474 ita
819 2443 836 2458 α
862 2438 911 2474 ad
930 2438 1186 2474 iuramentum
1214 2438 1376 2486 promis-

313 2489 479 2536 sorium,
509 2491 614 2539 quod
644 2498 699 2527 est
727 2491 774 2527 de
802 2491 940 2527 futuro.
982 2491 1057 2528 Sed
1096 2491 1220 2527 nullus
1253 2498 1378 2539 potest

314 2555 401 2580 cum
439 2543 566 2593 aliquo
596 2544 815 2592 dispensare
845 2543 949 2592 quod
989 2544 1035 2589 de
1074 2544 1282 2592 praeteritis
1314 2544 1376 2580 vel

312 2597 574 2645 praesentibus
603 2598 698 2634 iuret
727 2604 857 2633 contra
886 2596 1097 2634 veritatem.
1128 2598 1230 2645 Ergo
1261 2597 1375 2633 etiam

314 2649 438 2686 nullus
466 2658 590 2699 potest
618 2650 837 2698 dispensare
865 2650 970 2699 quod
999 2662 1077 2687 non
1105 2650 1217 2687 faciat
1242 2650 1376 2699 aliquis

315 2714 396 2738 esse
416 2714 552 2740 verum
581 2703 619 2740 id
647 2704 751 2752 quod
782 2715 869 2740 cum
898 2703 1111 2740 iuramento
1142 2703 1178 2740 in
1208 2704 1375 2740 futurum

314 2763 497 2804 promism

369 2819 403 2844 2.
426 2809 658 2856 PRAETEREA,
679 2809 936 2846 iuramentum
956 2809 1249 2858 promissorium
1268 2809 1377 2846 indu-

315 2861 409 2898 citur
427 2862 476 2898 ad
495 2861 691 2899 utilitatem
716 2862 795 2899 eius
817 2862 876 2899 cui
895 2863 938 2899 fit
957 2861 1170 2911 promissio.
1202 2862 1278 2899 Sed
1303 2862 1375 2909 ille,

316 2922 356 2951 ut
374 2914 535 2960 videtur,
553 2927 632 2952 non
650 2923 776 2963 potest
794 2917 976 2952 relaxare:
998 2915 1087 2964 quia
1107 2923 1162 2951 est
1177 2923 1308 2952 contra
1323 2915 1376 2952 di-

314 2967 446 3004 vinam
480 2968 746 3005 reverentiam.
781 2969 882 3016 Ergo
911 2969 1035 3006 multo
1062 2968 1188 3005 minus
1217 2981 1285 3016 per
1312 2969 1377 3005 ali-

315 3018 468 3068 quemfl
495 3028 619 3069 potest
647 3033 759 3070 super
786 3022 861 3058 hoc
890 3020 1110 3070 dispensari.

367 3074 405 3110 3.
426 3074 660 3121 PRAETEREA‚
681 3074 719 3110 in
737 3081 830 3111 voto
851 3074 1007 3123 quilibet
1031 3074 1233 3123 episcopus
1252 3081 1378 3124 potest

315 3126 555 3175 dispensare,
585 3127 749 3176 exceptis
778 3127 1009 3177 quibusdam
1042 3127 1142 3164 votis
1170 3139 1269 3176 quae
1306 3128 1376 3165 soli

280 3181 442 3228 ‚Papae
463 3188 715 3226 reservantur,
735 3188 777 3217 ut
795 3193 909 3229 supra
923 3180 943 3202 ³¹⁸
967 3181 1141 3218 habitum
1161 3187 1228 3218 est.
1258 3181 1374 3228 Ergo,

313 3233 394 3282 pari
422 3233 578 3279 ratione,
607 3233 646 3269 in
673 3233 900 3279 iuramento,
929 3234 959 3270 si
989 3241 1087 3271 esset
1111 3233 1374 3282 dispensabile,

249 3340 286 3384 φῖ
312 3339 464 3377 videtur
483 3351 564 3376 esse
586 3346 717 3376 contra
735 3339 817 3377 iura
831 3339 862 3377 ³¹⁸.
888 3340 981 3377 Non
1001 3352 1090 3389 ergo
1105 3339 1256 3377 videtur
1270 3341 1375 3389 quod

258 3381 288 3403 ‘¹‘
315 3392 353 3430 in
380 3392 594 3430 iuramento
624 3392 743 3441 possit
771 3393 993 3442 dispensari.

368 3506 396 3537 α)
416 3505 463 3530 ita.
475 3518 494 3524 -
512 3505 551 3530 ita
569 3505 650 3530 etiam
669 3505 795 3530 BEFLsC
813 3510 839 3530 et
856 3513 882 3535 x.
902 3505 941 3531 ita
958 3506 1059 3532 scilicet
1075 3507 1095 3532 Ι.

368 3538 394 3572 β)
411 3540 535 3573 aliquem.
549 3554 568 3559 -
585 3540 700 3572 aliquem
718 3541 800 3565 alium
821 3541 900 3566 PGH.

368 3575 394 3608 γ)
414 3575 451 3601 in.
463 3590 483 3595 -
500 3579 526 3600 et
545 3575 571 3600 in
591 3575 644 3600 DL.

1485 2224 1559 2260 SED
1584 2236 1730 2261 CONTRA
1754 2237 1820 2261 EST
1839 2225 1944 2272 quod
1972 2233 2106 2262 votum
2137 2233 2192 2262 est
2220 2226 2373 2263 maioris
2397 2227 2490 2264 obli-

1430 2277 1590 2324 gationis
1606 2290 1723 2326 quam
1743 2278 2012 2326 iuramentum,
2033 2286 2075 2315 ut
2094 2291 2208 2328 supra
2222 2279 2242 2301 '¹‘
2264 2280 2403 2316 dictum
2424 2288 2489 2317 est.

1431 2330 1508 2367 Sed
1533 2330 1583 2376 jn
1611 2339 1705 2368 voto
1742 2339 1867 2380 potest
1896 2331 2117 2380 dispensari.
2155 2333 2257 2380 Ergo
2286 2333 2324 2370 in
2353 2339 2367 2361 Υ
2395 2333 2492 2370 iura-

1432 2391 1574 2420 mento.

1484 2437 1711 2473 RESPONDEo
1728 2449 1913 2474 D1CEND1JM
1929 2438 2047 2486 quod,
2068 2438 2163 2475 sicut
2182 2451 2296 2487 supra
2310 2438 2330 2460 ²³⁵
2349 2439 2491 2476 dictum

1431 2497 1502 2536 est,
1533 2490 1737 2526 necessitas
1767 2490 2057 2539 dispensationis
2089 2499 2166 2528 tam
2200 2491 2237 2528 in
2266 2493 2347 2539 lege
2376 2505 2490 2541 quam

1430 2542 1468 2579 in
1485 2550 1579 2579 voto
1607 2550 1662 2580 est
1689 2551 1845 2592 propter
1867 2544 1942 2580 hoc
1961 2544 2067 2592 quod
2096 2545 2133 2581 id
2158 2545 2262 2592 quod
2291 2545 2327 2581 in
2357 2557 2408 2593 se,
2430 2547 2491 2582 vel

1430 2595 1690 2633 universaliter
1710 2596 2005 2644 consideratum,
2031 2605 2086 2634 est
2104 2597 2192 2634 utile
2221 2606 2256 2634 et
2273 2598 2490 2644 honestum,

1431 2649 1644 2686 secundum
1660 2647 1673 2671 δ
1693 2649 1859 2698 aliquem
1880 2650 2143 2699 particularem
2167 2658 2347 2687 eventum
2367 2660 2492 2700 potest

1432 2714 1514 2738 esse
1542 2702 1788 2739 inhonestum
1818 2711 1854 2739 et
1881 2703 2083 2749 nocivum,
2114 2705 2217 2751 quod
2256 2716 2334 2740 non
2367 2712 2492 2753 potest

1431 2756 1567 2792 cadere
1596 2768 1667 2792 nec
1687 2757 1758 2792 sub
1786 2757 1868 2804 lege
1897 2769 1967 2793 nec
1994 2757 2064 2793 sub
2084 2765 2188 2793 voto.
2219 2757 2335 2802 Quod
2364 2765 2491 2794 autem

1431 2808 1570 2858 aliquid
1595 2809 1641 2846 sit
1665 2809 1908 2846 inhonestum
1928 2810 1989 2846 vel
2010 2809 2164 2846 noxium
2185 2814 2209 2857 ⁸,
2231 2818 2414 2858 repugnat
2433 2810 2490 2847 his

1431 2874 1530 2909 quae
1560 2862 1701 2899 debent
1736 2862 1879 2899 attendi
1916 2862 1953 2899 in
1982 2862 2218 2899 iuramento:
2257 2875 2346 2899 nam
2384 2863 2412 2900 si
2445 2863 2491 2900 sit

1430 2915 1688 2961 inhonestum,
1710 2923 1894 2964 repugnat
1911 2916 2090 2960 iustitiae;
2121 2915 2150 2952 si
2179 2915 2225 2951 sit
2244 2916 2412 2962 noxium,
2434 2928 2489 2952 re-

1430 2976 1574 3017 pugnat
1602 2969 1752 3005 iudicio.
1792 2969 1841 3004 Et
1868 2968 1976 3015 ideo,
2006 2969 2086 3016 pari
2117 2968 2278 3015 ratione,
2309 2969 2422 3005 etiam
2451 2969 2489 3006 in

1430 3022 1644 3058 iuramento
1675 3021 1883 3070 dispensari
1910 3029 2044 3070 potest.

1483 3077 1542 3111 AD
1558 3086 1693 3111 PmMUM
1710 3086 1807 3111 ERGO
1822 3086 2006 3112 DICENDUM
2022 3074 2126 3122 quod
2144 3073 2374 3122 dispensatio
2392 3086 2488 3123 quae

1430 3128 1472 3164 fit
1491 3128 1529 3164 in
1548 3128 1761 3164 iuramento
1786 3140 1865 3164 non
1893 3140 1932 3164 se
1954 3126 2118 3164 extendit
2136 3127 2185 3163 ad
2208 3127 2282 3164 hoc
2302 3127 2405 3176 quod
2426 3127 2488 3164 ali-

1431 3181 1522 3229 quid
1552 3189 1684 3218 contra
1712 3181 1967 3218 iuramentum
1997 3181 2083 3218 fiat:
2113 3180 2188 3216 hoc
2207 3180 2308 3216 enim
2337 3188 2393 3216 est
2418 3182 2489 3217 im-

1429 3234 1630 3282 possibile,
1660 3246 1748 3270 cum
1785 3233 2001 3270 observatio
2038 3233 2237 3270 iuramenti
2275 3233 2384 3270 cadat
2417 3233 2487 3269 sub

1430 3295 1633 3336 praecepto
1660 3287 1802 3334 divino,
1833 3287 1936 3336 quod
1966 3294 2020 3323 est
2047 3285 2336 3334 indispensabile
2357 3285 2379 3321 ζ.
2411 3285 2487 3322 Sed

1430 3340 1478 3377 ad
1505 3341 1580 3377 hoc
1608 3352 1649 3376 se
1679 3339 1844 3377 extendit
1876 3338 2103 3388 dispensatio
2141 3337 2341 3374 iuramenti
2377 3345 2418 3374 ut
2449 3338 2486 3375 id

1430 3393 1535 3442 quod
1564 3394 1633 3430 sub
1654 3393 1868 3430 iuramento
1889 3392 2060 3437 cadebat,
2080 3392 2151 3427 sub
2174 3391 2388 3428 iuramento
2409 3403 2487 3428 non

1482 3505 1507 3537 δ)
1526 3506 1681 3531 secundum.
1692 3519 1711 3524 -
1728 3508 1756 3530 et
1772 3505 1915 3529 secundum
1934 3503 2182 3535 BDEFGHKLpAC
2201 3509 2227 3528 et
2245 3511 2288 3528 xa.

1482 3542 1504 3573 ε)
1525 3541 1645 3566 noxium.
1659 3555 1678 3559 -
1697 3541 1817 3565 nocivum
1838 3540 1901 3569 P1a‚·
1920 3539 1953 3563 ita
1971 3546 2031 3563 mox
2050 3539 2112 3563 PDI.

1483 3575 1507 3608 ζ)
1528 3576 1740 3608 indispensabile.
1753 3589 1771 3593 —
1790 3574 1964 3606 dispensabile
1982 3574 2085 3598 PDsCK
2104 3580 2129 3598 et
2147 3581 2173 3598 K.

2517 778 2730 827 tenatiam·

2516 1466 2568 1498 ’ςῇ
2588 1466 2684 1494 Dionys.
2700 1466 2729 1488 de

2515 1492 2727 1541 etsta-uti

2519 2292 2528 2301 ⁶
2542 2293 2592 2313 Art.
2608 2291 2711 2319 praeced.

2519 2450 2528 2459 ¹¹
2549 2449 2596 2476 Qu.
2616 2454 2727 2473 Lxxxvm,

2518 2479 2562 2497 art.
2577 2481 2610 2497 10.
