2860 4244
60 1520 64 1564 ¹>
74 1541 78 1560 s
119 1537 240 1583 ,ἕως

62 1591 70 1606 1!

983 238 1251 285 QUAESTIO
1281 238 1364 285 CV,
1394 237 1690 275 ARTICULUS
1721 238 1734 274 1

2371 239 2444 286 393

741 454 1152 532 QUAESTIO
1191 453 1981 542 CENTESIMAoumTA

1033 573 1124 614 DE
1167 573 1680 614 INOBEDIENTIA

1089 688 1124 713 IN
1154 688 1249 714 Duos
1275 687 1479 713 ARTICULOS
1508 687 1625 713 DIVlSA

39 787 205 816 'cf-‘¹²0¹'-
271 794 460 877 Delum:
497 782 819 821 considerandum
854 790 909 820 est
936 783 984 819 de
1018 781 1275 820 inobedientia
1293 781 1325 819 *.
1355 780 1357 831 l

0 871 3 873 .
45 862 47 866 ι
352 837 401 874 Et
429 836 527 874 circa
554 837 629 873 hoc
657 843 891 885 quaeruntur
919 835 1009 873 duo.

1437 781 1588 818 Primo:
1617 790 1747 819 utrum
1775 782 1822 820 sit
1848 791 2049 832 peccatum
2078 786 2251 822 mortale.

1439 834 1640 871 Secundo:
1670 842 1799 872 utrum
1828 835 1874 873 sit
1896 836 2166 884 gravissimum
2186 846 2447 887 peccatorum.

1081 951 1400 994 ARTICULUS
1429 951 1636 993 PRIMUS

822 1045 978 1077 UTRUM
1002 1043 1311 1076 [NOBEDIENTIA
1335 1044 1402 1075 SIT
1425 1043 1666 1075 PECCATUM
1689 1044 1900 1075 MORTALE

1180 1124 1273 1156 Supra,
1292 1131 1338 1156 qu.
1357 1130 1423 1154 unt,
1442 1129 1488 1148 art.
1513 1131 1534 1148 1.

287 1306 299 1354 f‘
322 1341 352 1358 ι,
386 1345 402 1353 ,
426 1306 465 1350 &⁸
480 1311 608 1350 Omne
628 1310 731 1349 enim
749 1318 951 1360 peccatum
972 1317 1029 1348 est
1046 1309 1324 1359 inobedientia:

459 1418 636 1469 positam.
668 1417 708 1454 Si
728 1422 818 1466 ergo
838 1415 1096 1454 inobedientia
1125 1423 1223 1453 esset
1241 1428 1330 1465 pec·

267 1464 394 1523 catum
424 1471 610 1520 mortale,
648 1482 764 1508 omne
795 1477 997 1520 peccatum
1027 1476 1125 1506 esset
1156 1469 1329 1506 mortale.

275 1524 280 1528 “
307 1524 356 1579 ’2.
377 1523 612 1572 Famem,
633 1523 839 1572 Gregorius
858 1522 956 1570 dicit,
977 1522 1103 1559 XXXI
1131 1521 1275 1559 Mor-al.
1297 1522 1328 1569 *‚

266 1578 372 1629 quod
391 1576 649 1616 inobedientia
669 1577 787 1614 oritur
807 1588 852 1613 ex
871 1575 974 1613 inani
992 1574 1122 1623 gloria.
1153 1575 1231 1612 Sed
1250 1574 1330 1612 ina-

266 1628 335 1670 nis
352 1631 471 1681 gloria
498 1643 577 1668 non
606 1637 662 1667 est
687 1637 890 1679 peccatum
918 1629 1092 1666 mortale.
1126 1629 1230 1676 Ergo
1259 1640 1331 1665 nec

266 1683 535 1723 inobedientia.

267 1842 346 1894 Sed
372 1843 589 1893 superiores
617 1841 808 1879 multoties
836 1848 1040 1891 praecepta
1068 1840 1330 1889 multiplicant,

266 1903 366 1948 quae
391 1897 458 1934 vix
485 1903 550 1933 aut
578 1907 775 1945 nunquam
811 1894 943 1932 omnia
962 1899 981 1916 α
1007 1901 1169 1943 possunt
1201 1894 1332 1931 obser-

265 1950 360 1988 vari.
398 1950 438 1987 Si
467 1962 556 1998 ergo
584 1948 842 1986 inobedientia
870 1955 968 1985 esset
994 1955 1196 1996 peccatum
1229 1959 1332 1985 mor-

265 2002 360 2052 tale,
389 2009 613 2052 sequeretur
641 2002 746 2052 quod
782 2002 902 2038 homo
938 2013 1017 2038 non
1054 2008 1185 2049 posset
1211 2000 1332 2038 vitare

265 2057 425 2101 mortale
452 2063 669 2105 peccatum:
700 2055 804 2104 quod
833 2061 889 2091 est
916 2053 1203 2091 inconveniens.
1240 2055 1332 2091 Non

267 2122 357 2164 ergo
385 2108 645 2147 inobedientia
673 2116 729 2146 est
755 2114 957 2157 peccatum
986 2108 1158 2145 mortale.

283 2162 300 2172 ”
321 2163 396 2202 SED
411 2174 559 2200 CONTRA
573 2174 640 2199 EST
653 2161 879 2210 quodRom.
895 2160 948 2207 1³¹⁸,
962 2169 998 2198 et
1014 2162 1045 2197 II
1061 2161 1112 2198 ad
1124 2160 1219 2197 Tim.
1233 2159 1331 2207 111**,

265 2214 363 2257 inter
381 2216 453 2253 alia
470 2223 628 2265 peccata
648 2214 823 2252 mortalia
843 2221 1087 2264 computatur
1105 2212 1140 2250 βε
1163 2214 1333 2262 parenti·
1359 2251 1361 2253 .

267 2271 335 2308 bus
363 2281 438 2306 non
467 2269 687 2306 obedientes.

320 2323 547 2360 Responnno
584 2322 770 2358 mcENDUM
808 2320 934 2369 quod,
964 2319 1060 2356 sicut
1096 2331 1211 2367 supra
1230 2318 1250 2340 ’¹‘
1279 2319 1333 2356 di-

267 2381 370 2419 ctum
398 2383 465 2423 est,
485 2382 686 2424 peccatum
705 2374 864 2411 mortale
885 2381 941 2410 est
959 2373 1065 2421 quod
1085 2372 1335 2409 contrariatur

267 2429 432 2476 caritati,
461 2440 530 2477 per
566 2440 683 2477 quam
713 2435 769 2463 est
803 2426 1004 2475 spiritualis
1040 2425 1130 2462 vita.
1168 2425 1332 2462 Caritate

267 2480 396 2521 autem
426 2481 588 2530 diligitur
615 2482 721 2518 Deus
751 2487 787 2517 et
813 2479 1022 2529 proximus.
1053 2478 1175 2526 Exigit
1204 2486 1332 2515 autern
1359 2475 1361 2489 “

267 2529 401 2574 ca'ritas
429 2535 502 2572 Dei
530 2541 571 2571 ut
598 2534 679 2571 eius
697 2533 886 2570 mandatis
915 2531 1127 2575 obediatur,
1148 2531 1245 2568 sicut
1272 2544 1334 2568 su-

232 2635 238 2643 ·
265 2594 335 2639 pra
351 2588 376 2611 ⁸
401 2588 544 2626 dictum
574 2595 639 2624 est.
669 2587 719 2624 Et
746 2586 832 2624 ideo
861 2585 1147 2623 inobedientem
1178 2597 1260 2621 esse
1280 2584 1334 2622 di·
1360 2604 1361 2612 ι

383 1228 437 1255 ..ἥ-
478 1218 502 1244 n
521 1216 659 1261 Pitinum
677 1214 731 1242 SIC
760 1214 999 1241 moeson-ua.
1037 1203 1196 1240 Videtur
1224 1203 1330 1252 quod
1355 1203 1357 1248 ξ
1384 1203 1569 1240 obediens
1604 1210 1659 1240 est
1692 1204 1903 1253 praeceptis
1932 1205 2194 1254 superiorum,
2225 1215 2280 1244 est
2315 1221 2448 1257 pecca-

364 1273 381 1301 ῃ
398 1255 433 1288 ”«Τ
477 1257 735 1296 ῒῐῐοὸεάὶεῐιῑίᾶ
761 1269 841 1295 non
861 1257 907 1296 sit
934 1264 1135 1306 peccatum
1155 1257 1327 1294 mortale.
1356 1252 1357 1281 Ῡ
1382 1264 1464 1293 tum
1485 1257 1658 1303 mortale,
1680 1257 1789 1304 quasi
1811 1257 1960 1295 divinae
1982 1258 2171 1296 dilectioni
2195 1261 2447 1299 contrarium:

1355 1335 1357 1346 2
1383 1309 1597 1346 secundum
1623 1309 1715 1346 illud
1734 1311 1846 1347 Rom.
1876 1322 1936 1347 xui
1958 1310 1993 1348 *ε
2023 1311 2099 1354 Qui
2108 1314 2286 1360 potestati
2302 1316 2447 1362 resistit,

401 1381 418 1390 ν’
444 1373 521 1402 ut
546 1371 650 1415 patet
678 1375 746 1414 per
765 1363 1026 1402 definitionem
1044 1363 1240 1400 Ambrosii
1267 1360 1329 1400 su-
1355 1361 1357 1377 ¹
1383 1363 1458 1399 Dei
1475 1362 1704 1399 ordinationi
1729 1363 1873 1400 resistit.
1895 1385 1919 1391 -
1940 1363 2201 1402 Contrariatur
2218 1366 2375 1416 insuper
2394 1369 2448 1406 di-

68 1407 74 1415 ’
102 1426 237 1453 mum.
265 1413 395 1477 ῥρἧῃς
411 1418 433 1441 *

1384 1415 1535 1452 lectioni
1572 1415 1753 1464 proximi:
1790 1416 2017 1465 inquantum
2050 1418 2234 1467 superiori
2270 1421 2448 1469 proximo

1356 1459 1358 1517 ζ
1385 1468 1570 1506 subtrahit
1598 1468 1857 1506 obedientiam
1886 1482 2003 1519 quam
2040 1470 2074 1507 ei
2104 1471 2227 1509 debet.

1438 1522 1497 1558 An
1526 1532 1663 1558 PRtMUM
1693 1533 1792 1559 ERGO
1821 1534 2006 1561 DICENDUM
2037 1525 2142 1571 quod
2176 1525 2237 1562 illa
2276 1526 2447 1564 definitio

1383 1574 1578 1611 Ambrosii
1607 1574 1716 1611 datur
1744 1575 1792 1612 de
1820 1583 1979 1624 peccato
2008 1577 2170 1624 mortali,
2201 1579 2306 1626 quod
2334 1580 2449 1616 habet

1385 1627 1592 1677 perfectam
1612 1627 1759 1676 peccati
1779 1628 1977 1666 rationem.
2007 1629 2212 1667 Peccatum
2233 1631 2334 1669 enim
2349 1637 2365 1660 Υ
2383 1645 2449 1669 ve-

1357 1688 1358 1691 ’
1385 1680 1484 1718 niale
1512 1692 1592 1717 non
1621 1688 1676 1717 est
1704 1681 1976 1719 inobedientia:
2007 1682 2096 1730 quia
2124 1695 2203 1720 non
2232 1691 2287 1721 est
2318 1693 2449 1723 contra

310 1735 357 1786 ‚²3—
381 1739 616 1784 Palmum,
645 1743 735 1773 tunc
762 1735 898 1773 dicitur
924 1734 1060 1783 aliquis
1089 1746 1171 1771 esse
1200 1734 1332 1771 inobe-
1358 1763 1359 1781 ἢ

266 1781 374 1835 diens
400 1789 556 1841 quando
586 1788 791 1839 superioris
819 1795 1068 1838 praeceptum
1088 1799 1167 1824 non
1186 1787 1329 1836 implet.
1358 1789 1360 1835 ξ

1385 1741 1646 1784 praeceptum,
1676 1734 1745 1771 sed
1773 1741 1922 1783 praeter
1949 1743 2209 1785 praeceptum.

1440 1787 1525 1824 Nec
1545 1786 1658 1824 etiam
1686 1799 1802 1824 omne
1821 1795 2023 1836 peccatum
2051 1790 2210 1826 mortale
2237 1798 2292 1827 est
2318 1791 2449 1828 inobe-

1387 1839 1542 1887 dientia,
1571 1840 1724 1888 proprie
1754 1848 1790 1877 et
1818 1852 1886 1888 per
1914 1853 1955 1877 se
1983 1842 2198 1890 loquendo:
2228 1843 2296 1880 sed
2323 1845 2448 1881 solum

1387 1894 1482 1930 sicut
1496 1891 1510 1915 ⁶
1529 1893 1684 1942 quando
1700 1893 1834 1942 aliquis
1848 1902 2096 1943 praeceptum
2113 1897 2331 1933 contemnit.
2349 1897 2450 1944 Quia

1387 1959 1432 1984 ex
1451 1947 1529 1984 fine
1556 1947 1720 1984 morales
1749 1954 1855 1983 actus
1874 1947 2041 1997 speciem
2070 1948 2223 1986 habent.
2254 1949 2355 1987 Cum
2383 1963 2449 1987 au-

1385 2008 1464 2037 tem
1484 1999 1571 2036 facit
1599 1999 1739 2048 aliquid
1759 2007 1891 2037 contra
1917 2008 2166 2049 praeceptum
2195 2014 2275 2039 non
2293 2010 2451 2052 propter

1386 2053 1577 2102 praecepti
1608 2060 1884 2101 contemptum,
1906 2054 1972 2090 sed
1991 2062 2147 2103 propter
2175 2055 2316 2103 aliquid
2335 2056 2449 2103 aliud,

1388 2114 1443 2143 est
1463 2105 1721 2142 inobedientia
1741 2106 1984 2144 materialiter
2007 2115 2173 2144 tantum:
2203 2108 2271 2145 sed
2290 2109 2452 2157 pertinet

1387 2158 1595 2214 formaliter
1622 2159 1671 2196 ad
1700 2158 1811 2196 aliam
1840 2159 2007 2208 speciem
2034 2160 2191 2209 peccati.

1440 2214 1499 2249 AD
1529 2223 1719 2249 SECUNDUM
1748 2223 1932 2250 DICENDUM
1961 2213 2065 2262 quod
2092 2213 2213 2250 inanis
2240 2214 2358 2261 gloria
2386 2227 2452 2264 ap-

1385 2265 1479 2315 petit
1497 2264 1841 2302 manifestationem
1857 2265 2012 2303 alicuius
2028 2266 2291 2303 excellentiae:
2314 2275 2349 2303 et
2364 2267 2452 2316 quia

1359 2359 1361 2362 .
1387 2318 1540 2356 videtur
1565 2319 1612 2355 ad
1632 2318 1826 2367 quandam
1853 2315 2112 2356 excellentiam
2133 2319 2320 2368 pertinere
2346 2320 2453 2369 quod

1387 2373 1507 2409 homo
1536 2371 1746 2420 praeceptis
1774 2371 1925 2408 alterius
1954 2384 2032 2409 non
2060 2372 2260 2419 subdatur,
2290 2373 2377 2410 inde
2399 2381 2454 2410 est

1387 2425 1492 2473 quod
1528 2424 1786 2461 inobedientia
1820 2437 1864 2461 ex
1900 2425 2001 2462 inani
2029 2425 2148 2473 gloria
2186 2425 2314 2463 oritur.
2349 2426 2454 2463 Nihil

1388 2486 1516 2515 autem
1545 2477 1723 2526 prohibet
1751 2489 1795 2514 ex
1824 2485 1981 2526 peccato
2001 2478 2140 2515 veniali
2169 2478 2255 2515 oriri
2274 2480 2452 2516 mortale:

1388 2543 1477 2568 curn
1506 2530 1656 2567 veniale
1686 2530 1732 2567 sit
1761 2530 1956 2578 dispositio
1986 2532 2035 2568 ad
2064 2532 2238 2568 mortale.

1440 2586 1500 2620 An
1519 2594 1684 2620 TERTIUM
1708 2595 1893 2621 mcaNDUM
1913 2584 2019 2632 quod
2046 2585 2170 2621 nullus
2199 2585 2385 2632 obligatur
2404 2586 2453 2622 ad

265 2641 365 2680 vinis
392 2641 604 2692 praeceptis
630 2647 832 2690 peccatum
861 2639 1021 2676 mortale
1050 2645 1117 2686 est,
1142 2638 1251 2687 quasi
1280 2637 1334 2675 di·
1359 2631 1362 2689 l
1386 2635 1637 2686 impossibile.
1667 2637 1717 2674 Et
1735 2636 1823 2674 ideo
1843 2636 1873 2673 si
1894 2644 1949 2674 tot
1967 2645 2170 2686 praecepta
2194 2637 2327 2686 aliquis
2345 2650 2453 2686 prae-

265 2695 379 2733 vinae
399 2694 591 2732 dilectioni
620 2693 865 2731 contrarium.
901 2693 945 2730 In
962 2691 1175 2741 praeceptis
1203 2698 1333 2728 autem
1359 2692 1362 2736 l
1387 2691 1484 2727 latus
1503 2689 1648 2738 ingerat
1665 2694 1678 2710 ⁸
1706 2689 1811 2739 quod
1833 2689 2006 2727 subditus
2027 2703 2071 2727 ea
2090 2690 2249 2739 implere
2268 2703 2346 2727 non
2364 2703 2453 2740 pos-

267 2747 405 2793 divinis
433 2747 647 2785 continetur
675 2746 781 2795 quod
810 2746 924 2783 etiam
953 2744 1213 2794 superioribus
1242 2744 1334 2780 obe·
1360 2740 1362 2770 ³
1389 2743 1446 2789 sit,
1477 2750 1676 2779 excusatur
1704 2755 1726 2778 a
1754 2750 1924 2790 peccato.
1961 2744 2010 2780 Et
2036 2743 2124 2780 ideo
2153 2743 2308 2792 praelati
2341 2743 2453 2780 absti-

268 2800 401 2840 diatur.
436 2801 485 2838 Et
512 2801 600 2838 ideo
629 2799 743 2837 etiam
772 2797 1030 2851 inobedientia
1058 2809 1134 2846 qua
1163 2796 1247 2845 quis
1280 2796 1336 2833 in·
1360 2796 1362 2839 ξ
1388 2808 1479 2833 nere
1509 2795 1649 2832 debent
1676 2807 1698 2831 a
1727 2795 1965 2832 multitudine
1994 2803 2300 2844 praeceptorum.

321 2915 348 2947 α)
368 2914 467 2939 omnia.
479 2927 499 2933 —
518 2913 580 2938 Om.
599 2913 651 2938 BF.

321 2949 347 2983 β)
364 2953 546 2981 computatur.
555 2962 574 2968 -
582 2950 774 2981 computantur·
783 2947 946 2978 PEGLsCK3
959 2955 1008 2979 pm
1017 2946 1174 2976 obedientes,
1185 2945 1292 2971 obedire
1301 2946 1336 2971 Α.

320 2986 348 3019 γ)
367 2985 447 3011 enim.
459 2998 477 3004 -
494 2987 583 3009 autem
603 2984 675 3009 PAa.

1441 2909 1466 2942 ὃ)
1485 2910 1563 2935 sicut.
1575 2924 1592 2928 -
1611 2913 1675 2934 tunc
1693 2910 1813 2939 PDGHa,
1832 2917 1885 2934 om.
1904 2910 1949 2935 sC.

1440 2945 1462 2977 ε)
1482 2945 1599 2979 ingerat.
1611 2959 1630 2964 -
1647 2952 1693 2970 seu
1713 2945 1838 2978 iniungat
1856 2945 1953 2970 addunt
1971 2945 2018 2970 Pa.

940 3059 1274 3093 Commentaria
1295 3058 1548 3091 cardinalis
1569 3058 1771 3091 Caietam

300 3152 320 3172 N
337 3141 469 3172 articulo
485 3140 590 3181 primo
605 3139 800 3181 quaestionis
822 3138 1150 3179 centesimaequintae,
1167 3138 1242 3179 quia
1264 3138 1330 3168 iam

230 3201 242 3206 -
273 3155 444 3226 Iexposita
467 3191 550 3221 sunt,
574 3184 607 3214 in
631 3184 816 3225 quaestione
839 3183 1044 3224 praecedente
1062 3182 1096 3219 ²⁸,
1121 3193 1202 3223 quae
1225 3182 1259 3212 in
1282 3192 1329 3212 re-

236 3232 243 3240 ’
269 3229 444 3271 sponsione
477 3229 517 3259 ad
543 3228 685 3269 primum
716 3228 882 3264 dicuntur,
906 3237 972 3258 non
995 3233 1123 3268 oportet
1145 3226 1328 3257 immorari:

270 3275 326 3306 sed
348 3274 382 3304 in
405 3273 612 3314 responsione
631 3272 671 3303 ad
693 3272 881 3308 secundum,
902 3272 1061 3302 advertere
1083 3271 1172 3312 quod
1193 3271 1268 3312 quia
1291 3270 1331 3300 ad

270 3319 432 3360 quandam
458 3316 674 3348 excellentiam
707 3323 827 3358 spectat
854 3326 921 3354 non
950 3315 1042 3347 subdi
1070 3315 1261 3356 praeceptis,
1293 3324 1331 3345 eo

1383 3139 1471 3178 quod
1489 3137 1584 3168 subdi
1599 3138 1783 3168 servitutem
1797 3137 1963 3178 importum
1980 3137 2053 3168 ideo
2070 3144 2193 3168 astutus
2208 3144 2344 3168 tentator
2356 3138 2452 3176 Evae,

1384 3192 1519 3213 noscens
1553 3182 1723 3222 superbam
1754 3182 1894 3212 mulieris
1918 3182 2151 3218 conditionem,
2176 3181 2352 3212 inchoavit:
2383 3182 2452 3212 Cur

1378 3227 1546 3266 praecepit
1571 3226 1657 3257 vobis
1679 3226 1796 3257 Deus?
1819 3233 1854 3257 ut
1878 3226 2004 3257 fastidio
2028 3226 2185 3267 praecepti
2214 3235 2333 3256 nomen
2356 3226 2451 3256 habe-

1385 3278 1446 3307 ret3
1471 3270 1555 3301 sicut
1579 3278 1609 3302 et
1633 3270 1744 3301 habuit
1758 3269 1788 3301 ⁸¹³.

413 3545 524 3570 Summa
543 3544 644 3568 Timor..
666 3544 697 3568 D.
710 3543 825 3568 ΤΗοΜΑΕ
845 3542 878 3568 T.
895 3542 937 3567 Vl.

2275 3539 2307 3565 50

2478 1323 2484 1330 ·
2500 1319 2569 1343 Vers.
2584 1325 2606 1341 2.

2480 3256 2488 3264 ·
2505 3255 2563 3277 Gen.
2580 3260 2633 3283 cap.
2655 3261 2690 3281 ιιι,

2478 3287 2540 3304 vers.
2555 3288 2572 3309 1,
2589 3281 2611 3303 6.
