2860 4244
944 261 1209 307 QUAESTlO
1238 265 1378 313 XCIV,
1406 267 1701 306 ARTlCULUS
1731 269 1782 306 IV

2369 274 2444 322 309

1055 410 1371 454 ARTICULUS
1401 413 1672 463 QUARTUS

716 510 871 541 UTRUM
895 510 1035 542 CAUSA
1059 511 1383 544 [DOLOLATRIAE
1406 515 1564 547 FUERIT
1588 517 1644 548 Ex
1666 518 1807 549 PARTE
1831 519 2009 551 H0M1Nts

638 596 669 621 111
691 597 767 621 Cont.
789 598 874 626 Gent„
894 605 951 630 cap.
969 605 1017 623 cxx
1024 605 1031 628 ;
1052 599 1093 623 De
1112 599 1176 625 Dec.
1195 601 1340 633 Haecept„
1359 608 1416 634 cap.
1435 601 1467 626 de
1488 602 1503 626 l
1517 603 1668 636 &accepta
1687 605 1696 629 1
1715 606 1752 630 ad
1773 606 1842 636 Cor„
1862 614 1917 639 cap.
1935 615 1977 638 xii,
1997 608 2054 633 lect.
2072 616 2090 633 1.

315 698 371 726 »fg
394 700 434 726 ss
488 694 511 719 1)
531 694 704 724 QUARTUM
724 695 777 720 sm
797 695 1036 723 PROCED1TUR.
1052 686 1211 724 Videtur
1229 687 1334 735 quod

307 714 462 793 ’ἱέἓὲ
490 747 604 771 causa
631 735 865 773 idololatriae
905 750 982 774 non
1013 738 1121 775 fuerit
1150 752 1195 776 ex
1228 747 1334 788 parte

296 786 345 834 ’,ῃ
434 793 453 827 ‘2
471 785 667 825 hominis.
698 789 739 825 ln
758 789 914 826 homine
944 791 1045 828 enim
1072 791 1163 828 nihil
1190 801 1246 829 est
1264 792 1334 829 nisi

287 830 427 873 ’λ’ἱῖἷῐ
445 832 476 874 k
487 841 550 877 vel
577 848 724 889 natura,
748 843 811 879 vel
838 843 970 891 virtus,
1000 845 1061 881 vel
1091 845 1212 893 culpa.
1257 845 1334 881 Sed

278 899 392 928 causa
419 890 651 930 idololatriae
686 907 765 932 non
791 896 915 944 potuit
949 909 1031 933 esse
1068 909 1112 933 ex
1133 905 1240 946 parte
1269 910 1334 934 na-

276 951 383 981 turae
409 943 598 983 hominis:
627 946 719 995 quin
737 948 863 996 potius
892 949 1068 986 naturalis
1089 950 1182 986 ratio
1210 950 1334 986 homi-

276 996 334 1033 nis
362 996 475 1035 dictat
501 999 609 1047 quod
636 1000 683 1036 sit
708 1012 807 1037 unus
834 1002 955 1048 Deus,
986 1009 1022 1038 et
1049 1001 1154 1050 quod
1182 1014 1260 1038 non
1289 1003 1333 1039 sit

277 1050 436 1087 mortuis
465 1053 586 1089 cultus
614 1052 766 1089 divinus
794 1053 1041 1100 exhibendus,
1066 1066 1191 1101 neque
1219 1056 1332 1092 rebus

276 1102 501 1141 inanimatis.
531 1104 708 1141 Similiter
736 1105 847 1142 etiarn
876 1117 947 1142 nec
980 1105 1191 1144 idololatria
1217 1107 1334 1145 habet

277 1167 431 1193 causam
469 1156 508 1194 in
535 1156 691 1194 homine
721 1169 765 1194 ex
792 1166 898 1207 parte
935 1158 1102 1196 virtutis:
1132 1160 1223 1207 quia
1255 1173 1330 1198 non

269 1213 393 1256 potest
421 1209 539 1246 arbor
565 1210 664 1247 bona
681 1211 836 1258 fructus
861 1211 981 1248 malos
994 1213 1145 1260 facere,
1175 1221 1216 1250 ut
1244 1213 1331 1250 dici-

275 1267 335 1298 tur
361 1261 496 1298 Matth.
525 1274 574 1299 vn
592 1262 623 1299 ²²⁸.
653 1262 788 1312 Neque
825 1264 937 1300 etiam
965 1276 1007 1301 ex
1034 1273 1138 1314 parte
1176 1267 1329 1315 culpae:

276 1313 376 1362 quia,
397 1321 438 1350 ut
467 1314 602 1352 dicitur
619 1317 707 1364 Sap.
727 1328 787 1353 xiv
805 1316 844 1353 *z
873 1318 1125 1365 Insandorum
1145 1319 1330 1356 idolorum

248 1366 430 1405 -rcultura
441 1368 563 1404 omnis
581 1369 674 1405 mali
691 1381 805 1406 causa
826 1374 843 1390 α
871 1376 933 1416 est,
953 1376 988 1406 et
1005 1371 1149 1408 initium
1175 1378 1210 1408 et
1221 1373 1327 1420 finis.

275 1419 378 1467 Ergo
407 1419 618 1458 idololatria
637 1434 715 1459 non
742 1423 857 1459 habet
876 1435 1031 1460 causam
1059 1436 1104 1460 ex
1130 1432 1237 1472 parte
1262 1426 1331 1461 ho·-

275 1471 399 1510 minis.

329 1537 365 1562 2.
385 1525 619 1573 Pmmm,
645 1538 690 1562 ea
717 1538 815 1575 quae
845 1539 890 1563 ex
916 1535 1022 1576 parte
1050 1529 1215 1565 hominis
1245 1542 1331 1567 cau-

274 1586 423 1625 santur,
458 1579 565 1615 omni
599 1586 773 1627 ternpore
807 1580 845 1616 in
874 1580 1094 1618 hominibus
1132 1581 1330 1620 inveniun-

273 1637 346 1668 tur.
379 1631 471 1668 Non
498 1639 624 1668 autern
653 1644 806 1681 semper
833 1632 900 1669 fuit
927 1633 1158 1681 idololatria,
1187 1635 1254 1672 sed
1291 1636 1329 1672 in

273 1683 441 1721 secunda
481 1691 603 1721 aetate
639 1685 772 1733 legitur
797 1684 818 1706 ²¹²
853 1697 936 1722 esse
972 1686 1195 1732 adinventa:
1227 1689 1289 1724 vel
1315 1687 1330 1718 β

273 1748 296 1773 a
335 1737 530 1784 Nemrod‚
575 1737 659 1786 qui,
694 1745 736 1774 ut
772 1737 923 1786 dicitur,
959 1740 1119 1787 cogebat
1154 1740 1329 1778 homines

271 1788 398 1837 ignem
419 1789 598 1836 adorare;
626 1791 690 1828 vel
717 1803 739 1828 a
759 1791 876 1837 Nino,
897 1792 962 1840 qui
988 1793 1194 1840 imaginem
1214 1792 1329 1842 patris

272 1841 331 1879 sui
358 1842 439 1879 Beli
468 1843 618 1880 adorari
643 1843 742 1880 fecit.
779 1844 895 1892 Apud
923 1846 1092 1882 Graecos
1119 1854 1260 1893 autem,
1288 1855 1329 1883 ut

238 1919 246 1927 -
273 1894 439 1932 Isidorus
463 1895 484 1918 ’¹‘
511 1896 643 1943 refert,
671 1897 914 1933 Prometheus
941 1899 1091 1946 primus
1124 1899 1329 1936 simulacra

270 1948 466 1985 hominum
494 1949 540 1985 de
558 1949 633 1985 luto
651 1950 782 1998 finxit.
810 1950 946 1987 Iudaei
968 1962 1058 1988 vero
1087 1951 1215 1988 dicunt
1231 1953 1331 2000 quod

270 2001 412 2038 Bmael
425 2001 573 2049 primus
590 2002 796 2039 simulacra
816 2007 830 2031 Υ
858 2003 904 2039 de
930 2003 1006 2040 luto
1030 2004 1131 2051 fecit.
1157 2005 1330 2042 Cessavit

273 2053 387 2091 etiam
406 2054 446 2091 in
473 2061 578 2092 sexta
597 2062 719 2092 aetate
747 2056 959 2093 idololatria
979 2068 1023 2093 ex
1052 2069 1191 2105 magna
1209 2066 1327 2106 parte.

271 2107 374 2154 Ergo
411 2106 623 2145 idololatria
659 2121 737 2145 non
773 2109 906 2146 habuit
945 2122 1099 2146 causam
1142 2123 1187 2147 ex
1222 2118 1328 2159 parte

270 2159 449 2198 hominis.

307 2212 362 2249 ’3.
392 2213 625 2260 Pam-rem,
654 2214 890 2261 Augustinus
919 2214 1024 2261 dicit,
1054 2215 1142 2251 XXI
1172 2216 1218 2252 de
1249 2217 1327 2254 Civ.

271 2265 347 2302 Dei
361 2264 399 2302 *z
429 2266 566 2314 Neque
593 2267 718 2314 potuit
735 2267 922 2314 primum,
949 2268 1022 2304 nisi
1047 2267 1118 2304 illis
1136 2266 1162 2315 ὅ,
1189 2269 1330 2306 scilicet

272 2318 543 2365 daemonibus,
573 2319 806 2366 docentibus,
836 2320 928 2357 disci
953 2321 1044 2369 quid
1069 2321 1223 2369 quisque
1250 2322 1329 2359 illo-

269 2382 357 2408 rum
393 2377 561 2421 appetat,
591 2373 682 2420 quid
707 2374 929 2419 exhorreat,
959 2385 1032 2422 quo
1061 2374 1236 2411 invitetur
1262 2387 1327 2412 no-

269 2424 382 2470 mine,
407 2436 481 2473 quo
509 2430 692 2474 cogatur:
721 2426 818 2462 unde
845 2427 1020 2476 magicae
1045 2433 1156 2473 artes,
1179 2439 1327 2464 earum-

269 2488 342 2526 que
359 2482 372 2498 ⁸
399 2478 561 2525 artifices
580 2479 789 2515 extiterunt.
828 2479 977 2516 Eadem
997 2487 1124 2516 autem
1151 2480 1245 2517 ratio
1273 2481 1329 2518 vi-

270 2529 380 2567 detur
399 2543 481 2567 esse
501 2531 549 2567 de
577 2530 801 2568 idololatria.
831 2532 934 2580 Ergo
959 2532 1194 2569 idololatriae
1214 2545 1328 2571 causa

268 2595 348 2620 non
377 2590 433 2620 est
461 2595 506 2620 ex
533 2591 640 2632 parte
668 2584 883 2621 hominurn.

323 2637 397 2673 SED
418 2648 564 2674 CONTRA
583 2648 650 2674 EST
667 2637 774 2685 quod
794 2637 1035 2686 dicitur'Sap.
1055 2650 1116 2675 xiv
1130 2637 1169 2675 *ε
1190 2639 1327 2686 Super-

266 2689 436 2726 vacuitas
462 2690 657 2726 hominum
685 2691 794 2736 haec,
823 2690 964 2726 scilicet
991 2691 1112 2738 idola,
1138 2692 1330 2728 adinvenit

268 2742 306 2778 in
335 2740 457 2778 orbe‘
485 2747 688 2779 terrarum.

321 2795 548 2831 Respommo
575 2806 761 2832 mensuum
790 2795 895 2843 quod
922 2794 1154 2831 idololatriae
1175 2803 1231 2832 est
1259 2796 1326 2833 du-

266 2847 354 2896 plex
374 2859 500 2884 causa.
530 2847 616 2884 Una
634 2847 791 2895 quidem
812 2847 1044 2895 dispositiva.
1074 2848 1122 2884 Et
1144 2848 1240 2884 haec
1258 2849 1326 2885 fuit

267 2911 313 2936 ex
331 2907 440 2948 parte
458 2900 674 2936 hominurn.
704 2901 753 2936 Et
770 2900 846 2936 hoc
864 2900 1066 2948 tripliciter.
1095 2900 1224 2937 Primo
1244 2901 1324 2949 qui-

267 2953 370 3000 dem,
392 2965 438 2989 ex
456 2952 733 2990 inordinatione
753 2952 928 2989 affectus:
956 2959 1070 3001 prout
1098 2952 1238 2990 scilicet
1256 2954 1324 2990 ho-

266 3005 390 3042 mines
418 3005 586 3055 aliquem
615 3005 812 3042 hominem
840 3006 903 3042 vel
931 3005 1044 3042 nimis
1072 3013 1242 3043 amantes
1261 3008 1323 3043 vel

265 3058 379 3096 nimis
406 3066 646 3106 venerantes,
667 3059 856 3096 honorem
877 3057 1049 3095 divinum
1075 3058 1108 3094 ei
1128 3057 1323 3107 impende-

266 3119 363 3155 runt.
386 3113 435 3148 Et
452 3113 549 3149 haec
569 3124 683 3149 causa
702 3111 911 3160 assignatur
928 3112 1016 3160 Sap.
1037 3122 1097 3148 xiv
1115 3110 1155 3148 *ε
1174 3112 1322 3149 Acerbo

1388 688 1486 724 luctu
1515 689 1642 726 dolens
1656 697 1767 738 pater
1794 693 1864 728 cito
1892 694 1963 730 sibi
1980 694 2079 742 rapti
2093 695 2171 741 filii
2183 696 2284 744 fecit
2305 697 2439 746 imagi-

1388 752 1496 784 nem,·
1523 747 1558 777 et
1589 742 1692 779 illum
1722 745 1787 791 qui
1818 750 1904 781 tunc
1923 751 1952 791 η,
1983 748 2091 794 quasi
2115 748 2242 794 homo,
2272 756 2440 786 mortuus

1375 793 1522 839 suerat,
1544 799 1722 842 tanquam
1750 798 1874 833 Deum
1907 798 2029 835 colere
2055 801 2183 847 coepit.
2222 802 2270 837 Et
2297 802 2439 839 ibidem

1388 845 1501 882 etiam
1531 847 1701 884 subditur
1719 848 1740 869 *
1767 850 1871 896 quod
1898 851 2076 897 homines,
2105 858 2171 889 aut
2196 847 2349 903 affectui
2374 860 2442 891 aut

1386 898 1538 947 regibus
1560 899 1813 947 deservientes,
1834 902 2182 942 incommunicabile
2200 918 2347 952 nomen,
2368 907 2437 944 sci-

1386 950 1470 986 licet
1508 951 1726 999 divinitatis,
1761 954 1872 1003 lignis
1899 961 1935 991 et
1959 956 2140 1004 lapidibus
2173 959 2436 1006 imposuerunt.

1440 1004 1631 1051 Secundo,
1643 1013 1797 1053 propter
1814 1006 1888 1043 hoc
1907 1010 2007 1055 quod
2027 1010 2146 1046 homo
2162 1012 2375 1048 naturaliter
2390 1013 2437 1049 de

1386 1058 1731 1104 repraesentatione
1752 1059 1974 1106 delectatur,
2004 1069 2044 1097 ut
2062 1062 2317 1112 Philosophus
2338 1065 2436 1112 dicit,

1385 1108 1422 1145 in
1442 1110 1591 1146 Poetria
1620 1122 1688 1146 sua
1707 1110 1737 1147 ²¹⁶.
1768 1112 1816 1147 Et
1846 1111 1932 1148 ideo
1961 1113 2137 1150 homines
2165 1116 2278 1152 rudes
2298 1129 2319 1152 a
2339 1118 2437 1165 prin-

1386 1161 1483 1209 cipio
1503 1161 1676 1199 videntes
1703 1175 1772 1211 per
1792 1164 2019 1212 diligentiam
2041 1167 2226 1204 artificum
2255 1168 2438 1216 imagines

1384 1214 1586 1251 hominum
1616 1217 1831 1263 expressive
1850 1215 1863 1238 θ
1891 1218 2026 1264 factas,
2057 1219 2258 1257 divinitatis
2295 1223 2435 1259 cultum

1385 1266 1438 1303 eis
1456 1267 1736 1315 impenderunt.
1766 1270 1877 1307 Unde
1897 1270 2031 1307 dicitur
2050 1273 2137 1320 Sap.
2158 1285 2218 1310 xm
2237 1273 2277 1309 *:
2298 1274 2340 1310 Si
2356 1276 2437 1322 quis

1383 1320 1523 1366 artifex
1537 1321 1658 1368 saber
1675 1322 1721 1358 de
1741 1322 1834 1360 silva
1863 1322 2007 1372 lignum
2033 1330 2173 1361 rectum
2200 1327 2377 1371 secuerit;
2404 1333 2439 1364 et

1378 1383 1450 1419 per
1475 1373 1666 1410 scientiam
1689 1386 1781 1411 suae
1807 1376 1897 1412 artis
1913 1377 2063 1425 figuret
2085 1377 2176 1414 illud
2201 1384 2236 1415 et
2261 1380 2439 1416 assimilet

1383 1425 1544 1474 imagini
1559 1427 1739 1463 hominis.-
1767 1429 1812 1464 de
1828 1429 2031 1466 substantia
2049 1442 2130 1476 sua,
2151 1436 2186 1467 et
2200 1431 2295 1479 filiis
2317 1437 2354 1468 et
2370 1445 2436 1469 nu-

1377 1477 1464 1524 ptiis
1483 1483 1503 1524 ⁸,
1531 1484 1658 1514 votum
1675 1480 1838 1527 faciens,
1868 1481 2030 1528 inquirit.

1435 1529 1586 1575 Tertio,
1625 1540 1779 1579 propter
1806 1532 2053 1580 ignorantiam
2089 1535 2169 1572 veri
2203 1536 2295 1572 Dei:
2331 1537 2436 1573 cuius

1383 1582 1639 1619 excellentiam
1668 1584 1843 1621 homines
1867 1598 1943 1622 non
1973 1587 2263 1634 considerantes,
2284 1589 2435 1637 quibus-

1383 1635 1472 1670 dam
1515 1636 1713 1674 creaturis.
1751 1645 1905 1685 propter
1932 1639 2247 1686 pulchritudinem
2277 1654 2344 1678 seu
2363 1642 2437 1678 vir-

1382 1693 1512 1733 tutem,
1534 1687 1735 1725 divinitatis
1760 1690 1900 1726 cultum
1929 1691 2189 1729 exhibuerunt.
2218 1694 2328 1730 Unde
2349 1694 2437 1730 dici-

1382 1747 1442 1775 tur
1460 1740 1548 1788 Sap.
1567 1752 1628 1776 xm
1647 1741 1684 1777 *ε
1710 1742 1855 1790 Neque,
1876 1744 2048 1790 operibus
2065 1746 2298 1792 attendentes,
2318 1759 2437 1796 agno-

1382 1798 1518 1829 verunt
1552 1794 1633 1841 quis
1669 1800 1761 1830 esset
1794 1796 1944 1843 artifex.
1988 1797 2061 1833 Sed
2095 1804 2162 1834 aut
2195 1799 2340 1848 ignem,
2373 1806 2439 1836 aut

1380 1845 1562 1893 spiritum,
1579 1852 1646 1882 aut
1662 1847 1813 1884 citatum
1832 1860 1971 1894 aerem,
1987 1855 2054 1886 aut
2068 1862 2212 1899 gyrum
2233 1852 2436 1898 stellarum,

1382 1903 1449 1934 aut
1465 1899 1621 1934 nimiam
1635 1911 1787 1947 aquam,
1807 1907 1874 1937 aut
1889 1902 2016 1947 solem,
2033 1909 2100 1939 aut
2116 1904 2257 1950 lunam,
2277 1911 2438 1942 rectores

1383 1950 1483 1987 orbis
1510 1956 1711 1998 terrarum,
1731 1954 1818 1990 deos
1839 1959 2078 2001 putaverunt.

1434 2003 1518 2039 Alia
1546 2011 1674 2041 autem
1704 2018 1816 2042 causa
1844 2006 2076 2044 idololatriae
2097 2008 2165 2045 fuit
2193 2021 2436 2047 consumma-

1383 2055 1471 2101 tiva,
1493 2068 1538 2092 ex
1565 2065 1671 2105 parte
1705 2058 1958 2105 daemonum,
1988 2060 2052 2108 qui
2079 2074 2120 2097 se
2159 2062 2339 2099 colendos
2367 2064 2435 2100 ho-

1382 2109 1548 2145 minibus
1577 2111 1784 2148 errantibus
1814 2112 2062 2149 exhibuerunt
2087 2114 2125 2150 in
2152 2114 2276 2162 idolis,
2307 2116 2434 2153 dando

1384 2173 1567 2209 responsa
1596 2170 1631 2198 et
1663 2163 1787 2212 aliqua
1823 2177 1922 2212 quae
1950 2166 2179 2203 videbantur
2215 2168 2435 2206 hominibus

1383 2213 1568 2250 mirabilia
1595 2215 1781 2253 faciendo.
1811 2217 1922 2254 Unde
1951 2226 1986 2254 et
2013 2218 2051 2255 in
2070 2220 2210 2257 Psalm.
2233 2222 2252 2242 *
2281 2221 2433 2258 dicitur:

1387 2266 1523 2303 Omnes
1549 2267 1603 2303 dii
1626 2269 1795 2317 gentium
1824 2271 2035 2308 daemonia.

1434 2322 1492 2356 AD
1521 2313 1658 2357 §amum
1686 2333 1783 2358 ERGO
1822 2334 2005 2360 mOENDUM
2034 2324 2139 2371 quod
2168 2337 2280 2362 causa
2309 2327 2435 2375 dispo-

1382 2371 1490 2408 sitiva
1506 2372 1740 2410 idololatriae
1760 2375 1839 2421 fuit,
1861 2387 1905 2411 ex
1927 2384 2033 2424 parte
2053 2377 2229 2424 hominis,
2250 2387 2405 2416 naturae
2419 2386 2436 2402 ²

1382 2424 1550 2461 defectus
1576 2427 1638 2462 vel
1666 2439 1736 2475 per
1762 2427 2010 2475 ignorantiam
2039 2429 2258 2477 intellectus,
2277 2433 2339 2468 vel
2368 2445 2436 2480 per

1382 2476 1710 2516 deordinationem
1725 2478 1739 2501 λ
1758 2480 1927 2527 affectus,
1948 2489 1989 2517 ut
2009 2482 2149 2519 dictum
2171 2491 2226 2519 est
2243 2484 2274 2520 *.
2294 2485 2343 2521 Et
2360 2485 2435 2522 hoc

1382 2529 1496 2566 etiam
1525 2531 1573 2568 ad
1602 2532 1754 2580 culpam
1782 2533 1954 2581 pertinet.
1974 2556 1998 2562 -
2027 2534 2172 2571 Dicitur
2199 2543 2325 2574 autem
2353 2538 2434 2574 ido-

1381 2582 1526 2619 lolatria
1545 2595 1626 2620 esse
1646 2596 1773 2631 causa,
1794 2586 1938 2623 initium
1963 2593 1999 2624 et
2017 2588 2107 2634 finis
2134 2589 2255 2625 omnis
2275 2591 2432 2637 peccati,

1381 2635 1469 2683 quia
1496 2648 1575 2672 non
1604 2645 1658 2673 est
1685 2638 1839 2687 aliquod
1867 2651 1985 2686 genus
2012 2641 2156 2688 peccati
2189 2643 2294 2690 quod
2322 2643 2433 2679 inter-

1381 2688 1472 2724 dum
1493 2688 1702 2726 idololatria
1720 2696 1737 2718 ¹*
1765 2703 1844 2728 non
1862 2692 2065 2740 producat:
2093 2694 2153 2729 vel
2185 2706 2358 2742 expresse
2378 2696 2432 2732 in-

1380 2740 1577 2787 ducendo,
1605 2754 1675 2789 per
1702 2744 1861 2780 modum
1899 2757 2060 2790 causae;
2094 2747 2155 2781 vel
2192 2748 2432 2785 occasionem

1379 2793 1612 2840 praebendO,
1632 2807 1701 2842 per
1721 2796 1880 2833 modum
1905 2797 2013 2842 initii;
2042 2798 2103 2834 vel
2122 2810 2190 2846 per
2208 2800 2368 2836 modurn
2387 2801 2431 2837 fi-

1379 2844 1457 2891 nis,
1487 2845 1711 2894 inquantum
1739 2856 1895 2896 peccata
1923 2849 2047 2897 aliqua
2075 2852 2366 2889 assumebantur
2392 2853 2430 2889 in

1379 2898 1521 2934 cultum
1549 2898 1758 2946 idolorum,
1788 2901 1884 2938 sicut
1916 2902 2125 2939 occisiones
2161 2904 2362 2942 hominum
2395 2913 2431 2942 et

1377 2950 1630 2988 mutilationes
1657 2954 1933 3001 membrorum,
1956 2962 1992 2991 et
2018 2955 2090 2991 alia
2116 2956 2348 2994 huiusmodi.
2382 2959 2431 2995 Et

1377 3009 1505 3039 tamen
1534 3004 1660 3051 aliqua
1679 3015 1834 3053 peccata
1861 3015 2021 3055 possunt
2044 3007 2296 3046 idololatriam
2324 3023 2430 3059 prae-

1378 3055 1524 3102 cedere,
1546 3069 1643 3104 quae
1671 3057 1720 3094 ad
1747 3058 1869 3106 ipsam
1887 3065 1900 3080 ⁹
1927 3060 2125 3097 hominem
2154 3062 2370 3110 disponunt.

1429 3110 1488 3145 An
1508 3121 1698 3147 SECUNDUM
1724 3123 1907 3149 memnon
1943 3113 2047 3160 quod
2075 3113 2114 3150 in
2150 3114 2273 3162 prima
2309 3122 2428 3152 aetate

318 3278 345 3310 α)
365 3277 430 3302 mali
447 3283 538 3302 causa.
551 3290 570 3296 ·-
587 3276 706 3301 malitiae
724 3276 765 3307 IL,
783 3277 849 3301 mali
867 3277 924 3301 PsC
942 3282 968 3302 et
985 3284 1011 3307 a,
1030 3277 1134 3302 malitia
1153 3278 1238 3304 ceteri.

317 3311 342 3346 β)
362 3313 403 3338 vel
420 3320 445 3337 a.
458 3326 477 3331 -
497 3315 526 3336 ut
546 3319 564 3336 a
582 3311 773 3336 ABCDEFGIL
798 3316 824 3337 et
847 3319 873 3341 a,
892 3312 937 3337 ubi
954 3313 988 3337 H.

317 3348 344 3382 γ)
363 3348 546 3373 simulacra.-
563 3347 734 3372 simulacrum
753 3347 823 3371 PDa.

315 3382 343 3415 ὃ)
363 3383 426 3409 illis.
436 3397 455 3402 -
473 3383 499 3408 in
514 3382 566 3407 illis
578 3383 631 3410 Pa,·
644 3390 692 3415 pro
705 3382 858 3407 docentibus
874 3382 948 3412 disci,
965 3383 1032 3408 disci
1044 3383 1198 3408 docentibus
1209 3384 1238 3413 B,
1257 3384 1324 3409 disci

265 3418 412 3444 dicentibus
431 3418 461 3449 F,
485 3418 552 3444 disci
571 3417 731 3443 discentibus
756 3418 804 3450 pA,
831 3418 990 3443 discentibus
1009 3419 1060 3449 sA;
1085 3423 1143 3443 ante
1162 3426 1213 3450 quo
1231 3419 1322 3451 primo

265 3453 323 3479 loco
341 3454 411 3479 addit
427 3456 477 3479 aut
498 3454 539 3478 ed.
557 3461 583 3482 a,
602 3458 713 3485 utroque
732 3453 790 3477 loco
807 3453 840 3483 P;
867 3461 913 3485 pro
932 3453 1067 3484 invitetur,
1092 3454 1229 3479 invocetur
1247 3455 1321 3479 ABF.

317 3489 340 3522 ι)
358 3496 510 3522 earumque.
527 3503 547 3508 -
563 3495 706 3520 eorumque
729 3488 956 3518 ABCEFGHIKas
980 3496 1028 3521 pro
1047 3490 1208 3520 extiterunt,
1228 3497 1322 3516 excre-

263 3527 360 3549 verunt
378 3524 606 3554 PABCEFHKLa,
626 3526 805 3548 exercuerunt
822 3523 841 3549 1.

316 3558 342 3592 ζ)
361 3560 434 3585 orbe.
446 3573 465 3578 -
483 3560 572 3585 orbem
591 3559 645 3584 PG.

1428 3280 1455 3312 η)
1475 3283 1545 3306 tunc.
1558 3294 1578 3300 —
1595 3289 1653 3306 cum
1677 3283 1866 3316 ABEFLpCK,
1890 3287 1977 3309 tamen
2002 3285 2042 3309 ed.
2065 3292 2091 3314 a,
2110 3293 2164 3310 om.
2182 3286 2268 3317 DGH;
2293 3291 2351 3311 ante
2369 3291 2427 3312 tan-

1376 3322 1455 3347 quam
1474 3316 1494 3340 P
1512 3316 1581 3340 addit
1600 3324 1677 3342 nunc.

1428 3348 1453 3382 θ)
1472 3352 1633 3382 expressive.
1645 3366 1664 3371 -
1681 3354 1834 3384 expressius
1852 3354 1922 3385 ΒρΚ,
1941 3355 2140 3386 expressissime
2158 3355 2228 3380 GsK.

1429 3387 1447 3418 ι)
1466 3389 1493 3410 et
1510 3387 1619 3418 nuptiis.
1632 3401 1651 3406 —-
1669 3391 1765 3419 nuptas
1788 3389 1908 3420 ABFpK,
1933 3390 2032 3421 nuptiis
2049 3390 2098 3419 sK.
2122 3390 2210 3422 impiis
2234 3391 2266 3420 Η,
2286 3391 2375 3423 nuptis
2395 3392 2428 3418 G.

2465 862 2476 873 ⁸
2490 863 2556 885 vm.
2570 869 2600 885 τι.

2464 1129 2475 1139 ’
2489 1128 2546 1157 Cap.
2562 1135 2597 1156 tv,
2611 1136 2634 1151 n.
2653 1136 2674 1152 2.

2463 1283 2474 1293 ¹·
2487 1282 2554 1305 Vere.
2569 1289 2595 1310 11,
2606 1289 2634 1312 13,
2644 1290 2672 1311 ¹7·

2464 1754 2472 1763 ·
2488 1752 2554 1775 Vei-s.
2571 1759 2587 1779 1,
2599 1759 2619 1775 2.

2461 2226 2472 2237 ·
2479 2225 2516 2247 Ps-
2522 2231 2574 2253 xcv,
2582 2232 2642 2248 vers.
2650 2233 2670 2254 5.

2559 2379 2574 2396 κ

2556 2478 2574 2504 λ

2461 2513 2472 2523 ·
2485 2512 2511 2534 In
2525 2518 2630 2541 corpore.

1427 3421 1452 3453 κ)
1471 3421 1592 3451 hominis,
1613 3426 1762 3447 naturae.-
1779 3423 1891 3448 hominis
1915 3425 2048 3450 naturalis
2066 3425 2098 3456 G,
2118 3429 2231 3451 naturae
2249 3426 2362 3452 hominis
2380 3427 2426 3457 Pa,
2456 3462 2464 3463 ἶ

1374 3456 1487 3481 hominis
1506 3458 1546 3481 vel
1564 3461 1678 3482 naturae
1696 3458 1726 3482 E.

1426 3490 1454 3524 λ)
1474 3491 1712 3517 deordinationem.
1726 3507 1745 3512 —
1763 3493 1985 3518 inordinationem
2005 3494 2084 3520 Plxa.

1427 3528 1455 3560 μ)
1476 3526 1636 3552 idololatria.
1649 3541 1668 3546 -
1685 3528 1865 3553 idololatriam
1885 3529 1929 3553 Pa.

1426 3563 1449 3594 ν)
1469 3562 1587 3594 ipsam.—
1601 3563 1685 3594 ipsum
1699 3563 1826 3595 BDIpAK,
1840 3563 1888 3588 hoc
1902 3564 1986 3595 ipsum
2002 3564 2046 3596 sK,
2061 3565 2110 3591 hoc
2124 3566 2207 3597 ipsam
2222 3566 2250 3596 C.
2262 3566 2386 3598 spiritum
2396 3567 2426 3591 1..
