2860 4238
1086 255 1635 403 1NDEX

615 482 830 522 EORUM
863 481 1033 533 QUAE
1065 482 1125 522 IN
1157 483 1282 523 HOC
1315 483 1636 524 VOLUMINE
1669 484 2103 526 CONTINENTUR

1107 660 1334 728 SECUNDA
1357 693 1616 728 SECUNDAE

1043 785 1276 827 SUMMAE
1302 785 1672 828 THEOLOGIAE

785 902 1071 954 SANCTI
1119 902 1451 954 THOMAE
1498 904 1935 969 AQUINATIS

1184 1024 1255 1049 CUM
1274 1024 1535 1050 COMMENTARIlS

1115 1106 1370 1138 CARDINALIS
1394 1107 1600 1138 CAIETANI

400 1418 401 1422 ,
454 1395 648 1430 QUAESTIO
674 1396 1158 1430 QUINQUAGESIMASEPTIMA

732 1470 782 1499 De
806 1471 890 1500 iure·

273 1554 437 1577 nucums
451 1556 462 1576 1
521 1548 625 1576 Utrum
646 1548 690 1576 ius
711 1547 747 1575 sit
767 1547 913 1580 obiectum
935 1547 1067 1576 iustitiae.
1090 1569 1097 1576 .
1120 1569 1127 1576 .
1151 1569 1157 1576 .

291 1600 293 1602 ·
307 1592 319 1609 ¹2·
331 1596 333 1599 ·
356 1597 374 1614 t
452 1595 476 1616 11
525 1588 628 1616 Utrum
638 1587 682 1615 ius
696 1586 901 1615 convenienter
918 1587 1061 1616 dividatur
1071 1587 1101 1615 in
1115 1587 1159 1616 ius

555 1626 686 1655 naturale
706 1633 735 1655 et
748 1626 792 1655 ius
813 1626 968 1663 positivum
972 1648 1159 1655 .......

287 1667 310 1684 ⁸*
332 1677 333 1681 ¹
357 1677 374 1693 ι
454 1674 486 1694 m
525 1667 628 1694 Utrum
649 1666 693 1694 ius
714 1665 843 1703 gentium
858 1666 894 1695 sit
911 1666 989 1695 idem
1010 1676 1077 1695 cum
1097 1666 1159 1695 iure

325 1731 328 1734 .
554 1705 677 1734 naturali
679 1727 1158 1735 .................

307 1745 310 1749 ’
357 1755 378 1772 ι·
453 1753 485 1773 1v
523 1746 627 1774 Utrum
649 1746 751 1774 debeat
775 1746 934 1782 specialiter
953 1746 1088 1783 distingui
1114 1746 1159 1775 ius

553 1791 706 1822 paternum
734 1791 762 1813 et
789 1785 1000 1814 dominativum
1003 1807 1158 1815 ......

461 1869 655 1904 QUAESTIO
677 1870 1153 1905 QUINQUAGESIMAOCTAVA

701 1953 750 1982 De
771 1953 915 1984 iustitia.

273 2030 438 2055 memus
451 2033 463 2053 1
523 2025 627 2053 Utrum
659 2024 864 2053 convenienter
894 2025 1047 2054 definiatur
1078 2027 1159 2063 quod

555 2064 663 2092 iustitia
683 2069 726 2092 est
746 2070 880 2093 constans
901 2071 930 2093 et
946 2071 1090 2104 perpetua
1110 2076 1159 2094 νο-

555 2104 652 2132 luntas
672 2104 717 2132 ius
738 2114 821 2132 suum
843 2104 995 2142 unicuique
1020 2106 1158 2134 tribuens.

359 2153 376 2170 »
456 2152 478 2172 n
527 2144 631 2172 Utrum
652 2143 758 2172 iustitia
778 2153 892 2181 semper
913 2145 948 2172 sit
971 2146 1009 2173 ad
1028 2146 1159 2174 alterum.

358 2194 375 2211 2
455 2191 488 2212 111
527 2184 631 2212 Utrum
659 2183 765 2212 iustitia
785 2184 821 2212 sit
848 2184 937 2212 virtus
940 2206 1158 2214 ........

358 2234 374 2250 »
455 2231 486 2251 tv
524 2223 628 2251 Utrum
649 2223 755 2251 iustitia
775 2223 811 2252 sit
831 2223 861 2252 in
878 2224 1026 2253 voluntate
1044 2225 1117 2253 sicut
1130 2225 1160 2253 in

556 2263 685 2293 subiecto
699 2284 706 2291 .
731 2285 738 2291 .
761 2279 769 2291 .-
791 2285 1158 2293 .............

359 2313 375 2330 »
455 2311 475 2330 v
526 2303 630 2330 Utrum
651 2302 757 2331 iustitia
777 2303 813 2331 sit
834 2303 922 2331 virtus
949 2304 1098 2341 generalis.
1122 2326 1128 2332 .
1152 2326 1158 2332 .

359 2353 374 2369 ι
456 2349 487 2370 vi
526 2343 630 2370 Utrum
651 2342 765 2377 iustitia,
787 2344 945 2372 secundum
961 2345 1042 2380 quod
1055 2351 1098 2372 est
1111 2354 1161 2381 ge-

556 2382 670 2418 neralis,
695 2382 731 2410 sit
752 2382 828 2411 idem
850 2393 901 2420 per
921 2384 1075 2412 essentiam
1095 2394 1162 2413 cum

558 2421 640 2450 omni
658 2422 761 2451 virtute
764 2444 1161 2452 ..............

360 2472 376 2488 »
457 2469 499 2489 vu
528 2462 631 2490 Utrum
663 2461 699 2490 sit
725 2462 822 2499 aliqua
849 2462 955 2491 iustitia
982 2463 1160 2500 particularis

557 2507 670 2537 praeter
689 2501 826 2530 iustitiam
840 2503 1003 2539 generalem
1009 2524 1161 2532 ......

295 2553 313 2565 w
360 2551 376 2569 ι
457 2548 509 2569 vn1
528 2541 631 2569 Utrum
652 2541 759 2569 iustitia
778 2542 956 2578 particularis
977 2543 1081 2571 habeat
1102 2552 1163 2571 ma-

557 2581 658 2609 teriam
679 2581 834 2618 specialem
855 2603 1160 2611 ...........

300 2648 303 2655 k
335 2648 338 2652 ,
360 2630 377 2647 »
457 2628 490 2648 xx
528 2620 632 2648 Utrum
660 2620 767 2649 iustitia
786 2621 823 2649 sit
843 2621 917 2650 circa
943 2622 1101 2659 passiones.
1124 2644 1131 2650 .
1153 2643 1160 2651 .

361 2670 377 2686 ι
458 2667 479 2688 x
528 2660 632 2688 Utrum
646 2660 775 2688 medium
789 2661 912 2690 iustitiae
925 2661 962 2690 sit
972 2662 1100 2690 medium
1111 2661 1161 2690 rei.

361 2710 377 2726 ι
458 2707 490 2727 xt
529 2699 633 2728 Utrum
654 2706 734 2728 aetus
754 2700 878 2728 iustitiae
898 2700 935 2729 sit
953 2702 1073 2730 reddere
1097 2701 1164 2729 uni-

559 2748 663 2776 cuique
683 2740 764 2776 quod
791 2749 876 2768 suum
903 2746 946 2768 est
947 2762 1160 2768 ........

361 2789 377 2805 »
458 2786 500 2807 xxx
529 2779 632 2807 Utrum
644 2778 750 2807 iustitia
763 2779 959 2816 praeemineat
972 2779 1046 2807 inter
1059 2789 1162 2808 omnes

557 2824 676 2847 Virtutes
697 2819 822 2847 morales
825 2840 1159 2848 ............

487 2890 680 2926 QUAESTIO
709 2890 1135 2925 QUINQUAGESIMANONA

688 2961 737 2990 De
757 2961 935 2991 iniustitia.

279 3043 443 3064 nncums
456 3043 467 3062 1
526 3034 629 3062 Utrum
650 3033 788 3062 iniustitia
808 3034 844 3062 sit
858 3034 957 3063 vitium
972 3034 1102 3072 speciale.
1124 3056 1132 3063 .
1155 3057 1162 3063 .

314 3083 322 3091 ⁸
362 3086 379 3102 ι
459 3083 481 3102 11
531 3074 633 3102 Utrum
653 3073 757 3111 aliquis
777 3074 889 3102 dicatur
909 3074 1030 3103 iniustus
1050 3084 1084 3103 ex
1105 3075 1161 3103 hoc

560 3114 641 3150 quod
662 3113 728 3142 fauit
745 3113 882 3142 iniustum
885 3135 1161 3143 ..........

363 3165 379 3181 2
460 3161 493 3189 ttx
533 3153 636 3182 Utrum
656 3153 759 3191 aliquis
773 3153 864 3190 possit
878 3154 937 3190 pati
957 3154 1096 3182 iniustum
1109 3163 1162 3182 vo-

560 3193 622 3222 lens
624 3214 1160 3222 ...................

313 3262 317 3268 ,
362 3244 378 3259 »
459 3241 490 3261 xv
529 3233 632 3261 Utrum
653 3232 829 3270 quicumque
850 3233 915 3261 facit
935 3233 1073 3262 iniustum
1095 3242 1164 3270 pec-

560 3278 604 3300 cet
626 3272 784 3300 mortaliter
799 3294 1161 3301 .............

580 3337 773 3372 QUAESTIO
802 3337 1041 3366 SEXAGESIMA

708 3410 759 3440 De
778 3409 914 3440 iudicio.

282 3491 446 3512 numus
458 3491 470 3511 x
529 3483 633 3511 Utrum
653 3482 791 3511 iudicium
812 3482 848 3511 sit
868 3489 947 3511 actus
972 3482 1104 3511 iustitiae.
1126 3504 1133 3511 .
1156 3504 1163 3511 .

364 3534 380 3550 2
461 3531 483 3552 xx
531 3523 635 3551 Utrum
656 3523 691 3551 sit
711 3522 820 3551 licitum
848 3521 973 3551 iudicare
975 3544 1160 3551 .......

425 3581 534 3606 Summa
552 3580 653 3605 Tnnot.
674 3580 704 3604 D.
723 3580 837 3604 Tuomst.
856 3579 887 3604 Τ.
906 3580 948 3604 VI.

1244 3533 1258 3548 D

1304 2155 1339 2174 10

1305 2195 1334 2214 11

1305 2273 1339 2293 12

1305 2305 1337 2333 13

1307 2512 1341 2538 14

1307 2582 1338 2610 15

1306 2671 1340 2713 37

1306 2740 1340 2768 18

1305 2828 1339 2856 19

1303 3042 1336 3063 21

1302 3121 1339 3142 22

1303 3194 1338 3221 23

1302 3279 1341 3307 24

509 1323 2262 1336 -------------------------------------

1390 1404 1554 1425 Alimentus
1567 1404 1600 1425 111
1640 1398 1743 1426 Utrum
1771 1397 1908 1426 iudicium
1930 1408 1963 1426 ex
1984 1400 2147 1436 suspicione
2171 1410 2272 1437 proce-

1671 1437 1742 1464 dens
1773 1437 1808 1465 sit
1835 1437 1963 1466 illicitum
1966 1460 2269 1469 ...........

1475 1486 1490 1502 ›
1571 1484 1602 1504 xv
1642 1476 1744 1504 Utrum
1766 1477 1853 1505 dubia
1874 1477 1930 1505 sint
1950 1478 1980 1506 in
1994 1478 2143 1507 meliorem
2161 1486 2272 1516 partem

1671 1515 1885 1552 interpretanda
1907 1539 2270 1548 .............

1475 1565 1490 1581 1»
1572 1563 1592 1582 v
1642 1556 1745 1583 Utrum
1759 1556 1795 1583 sit
1809 1565 1922 1593 semper
1936 1558 2095 1586 secundum
2113 1558 2189 1595 leges
2203 1558 2272 1587 scri-

1672 1601 1734 1631 ptas
1752 1595 1947 1624 iudicandum.
1970 1618 1976 1625 .
1999 1618 2006 1625 .
2029 1619 2035 1625 .
2058 1619 2064 1625 .
2089 1619 2094 1626 .
2117 1619 2124 1626 .
2147 1619 2154 1625 .
2177 1619 2183 1625 .
2205 1619 2213 1634 ·.
2235 1620 2241 1626 .
2264 1619 2271 1626 .

1475 1644 1490 1659 ι
1571 1641 1602 1661 vx
1642 1634 1744 1662 Utrum
1758 1634 1896 1663 iudicium
1911 1645 1963 1672 per
1976 1637 2193 1673 usurpationem
2208 1638 2272 1665 red-

1672 1674 1756 1702 datur
1769 1683 1935 1711 perversum
1938 1697 2272 1705 ............

1634 1749 1827 1783 QUAESTIO
1856 1750 2214 1779 SEXAGESIMAPRIMA

1719 1824 1768 1853 De
1788 1824 1946 1860 partibus
1965 1824 2128 1854 iustitiae.

1393 1901 1556 1921 ARTICULUS
1570 1901 1580 1921 1
1638 1894 1741 1922 Utrum
1753 1894 1956 1922 convenienter
1969 1897 2114 1931 ponantur
2125 1896 2199 1924 duae
2210 1905 2273 1932 spe-

1672 1933 1729 1962 cies
1760 1933 1891 1970 iustitiae,
1922 1934 2029 1963 iustitia
2050 1934 2228 1964 distributiva
2248 1941 2276 1964 et

1673 1973 1879 2002 commutativa
1891 1995 2274 2004 ..............

1476 2023 1491 2038 »
1572 2021 1594 2040 Π
1644 2013 1746 2041 Utrum
1768 2014 1895 2041 medium
1917 2014 2021 2042 eodem
2043 2014 2133 2042 modo
2153 2014 2275 2051 accipia-

1673 2059 1719 2080 tur
1739 2052 1769 2080 in
1790 2053 1895 2081 iustitia
1909 2053 2087 2082 distributiva
2101 2060 2129 2082 et
2142 2063 2276 2082 commu-

1673 2092 1777 2130 tativa„
1791 2114 2274 2122 .................

1477 2142 1492 2157 »
1573 2140 1605 2159 111
1645 2132 1747 2160 Utrum
1769 2132 1888 2160 materia
1915 2132 2064 2169 utriusque
2090 2133 2212 2161 iustitiae
2240 2133 2276 2161 sit

1673 2171 1785 2200 diversa
1793 2193 2272 2201 .................

1476 2221 1492 2236 ι
1573 2219 1604 2238 xv
1643 2211 1744 2239 Utrum
1759 2211 1865 2239 iustum
1877 2211 1913 2240 sit
1923 2211 2089 2248 simpliciter
2102 2211 2179 2240 idem
2194 2213 2275 2249 quod

1538 2245 1552 2256 ⁴
1674 2256 1890 2289 contrapassum
1911 2273 2274 2280 .............

1606 2330 1798 2364 QUAESTIO
1826 2330 2244 2371 §EXAGESIMASECUNDA

1774 2397 1822 2425 De
1848 2397 2079 2427 restitutione.

1394 2476 1558 2496 AR'rxcULth
1572 2477 1584 2496 1
1643 2468 1747 2495 Utrum
1762 2467 1902 2496 restitutio
1918 2468 1954 2496 sit
1967 2475 2047 2497 aetus
2061 2468 2183 2497 iustitiae
2194 2478 2274 2497 com-

1674 2507 1829 2536 mutativae
1831 2529 2274 2537 ................

1478 2558 1492 2573 ι
1575 2556 1597 2575 11
1647 2547 1749 2575 Utrum
1762 2546 1798 2575 sit
1808 2548 2001 2575 necessarium
2012 2549 2050 2576 ad
2060 2549 2181 2576 salutem
2196 2549 2276 2585 quod

1674 2586 1723 2615 fiat
1737 2586 1877 2615 restitutio
1892 2587 1953 2615 eius
1975 2588 2054 2624 quod
2075 2588 2201 2616 ablatum
2224 2595 2275 2616 est.

1478 2638 1493 2653 »
1574 2634 1607 2654 m
1647 2627 1748 2655 Utrum
1761 2624 1884 2655 sufficiat
1893 2626 2041 2655 restituere
2051 2627 2186 2664 simplum
2197 2628 2276 2664 quod

1676 2665 1779 2694 iniuste
1800 2666 1927 2694 ablatum
1955 2672 1998 2694 est
1999 2688 2274 2695 ..........

1478 2716 1493 2731 »
1574 2713 1605 2733 xv
1644 2706 1747 2733 Utrum
1768 2705 1871 2742 aliquis
1892 2706 1995 2734 debeat
2022 2706 2169 2734 restituere
2196 2707 2276 2743 quod

1673 2754 1735 2772 non
1762 2744 1878 2773 abstulit
1880 2766 2272 2774 ..............

1477 2796 1493 2811 2
1574 2793 1595 2812 v
1643 2785 1746 2812 Utrum
1777 2790 1910 2821 oporteat
1943 2784 2151 2813 restitutionem
2185 2785 2277 2813 facere

1674 2833 1788 2860 semper
1799 2833 1824 2852 ei
1835 2833 1852 2852 a
1864 2833 1923 2861 quo
1937 2831 2085 2861 acceptum
2100 2831 2143 2852 est
2155 2824 2273 2861 aliquid.

1478 2875 1493 2890 2
1573 2871 1604 2892 v1
1644 2864 1746 2891 Utrum
1767 2870 1896 2892 teneatur
1916 2873 2030 2900 semper
2056 2863 2202 2892 restituere
2229 2864 2276 2892 ille

1675 2902 1725 2940 qui
1745 2903 1853 2940 accepit
1855 2924 2274 2932 ...............

1477 2954 1493 2969 ιι
1574 2951 1615 2971 vxx
1644 2943 1747 2971 Utrum
1768 2942 1807 2971 illi
1823 2942 1946 2979 quinon
1967 2949 2138 2979 acceperunt
2158 2949 2274 2971 tenean-

1674 2989 1720 3010 tur
1735 2982 1881 3010 restituere
1883 3003 2274 3011 ..............

1573 3030 1624 3050 vm
1644 3022 1747 3050 Utrum
1758 3028 1888 3050 teneatur
1899 3021 2000 3058 aliquis
2011 3021 2106 3050 statim
2118 3021 2274 3057 restituere,

1673 3070 1711 3089 an
1722 3061 1796 3090 licite
1806 3061 1899 3098 possit
1918 3061 2127 3090 restitutionem
2149 3061 2272 3090 differre.

1625 3139 1817 3174 QUAESTIO
1839 3139 2221 3167 SEXAGESIMATERTIA

1661 3206 1711 3236 De
1731 3207 1930 3243 acceptione
1949 3214 2186 3243 personarum.

1394 3293 1557 3314 ARTICULUS
1572 3293 1583 3313 1
1642 3285 1744 3313 Utrum
1765 3293 1955 3321 personarum
1975 3284 2104 3321 acceptio
2125 3284 2161 3313 sit
2175 3293 2275 3321 pecca-

1674 3331 1736 3352 tum
1740 3345 2274 3352 ...................

1477 3375 1492 3391 z
1574 3372 1596 3392 11
1646 3365 1749 3392 Utrum
1780 3363 1809 3391 in
1841 3363 2053 3400 dispensatione
2087 3363 2275 3400 spiritualium

1673 3403 1769 3432 locum
1790 3403 1894 3432 habeat
1918 3412 2108 3441 personarum
2135 3402 2274 3439 acceptio.

1477 3454 1493 3469 ›
1574 3451 1607 3471 m
1647 3443 1749 3470 Utrum
1776 3442 1806 3470 in
1833 3442 2007 3471 exhibitione
2034 3442 2153 3471 honoris
2178 3449 2205 3470 et
2229 3451 2275 3471 re-

1674 3482 1816 3510 verentiae
1826 3482 1923 3510 locum
1938 3483 2041 3510 habeat
2054 3489 2205 3519 peccatum
2225 3491 2273 3510 ac-

1674 3521 1813 3558 ceptionis
1839 3531 2028 3558 personarum
2033 3543 2274 3550 .........

2278 3576 2311 3602 62

2357 3531 2372 3547 t

2411 1448 2447 1477 27

2411 1519 2448 1547 28

2413 1598 2445 1626 31

2413 1677 2449 1704 32

2415 2093 2449 2121 35

2415 2173 2451 2200 36

2417 2251 2452 2279 38
