2860 4244
115 1371 228 1421 “Vm

103 1448 126 1457 ⁴

106 1466 111 1476 v

103 1533 119 1543 l

104 1618 108 1619 ⁷
129 1633 134 1636 ⁶
144 1626 154 1634 '—
177 1616 245 1657 ,ἐι-υἷϊ

176 1660 233 1709 Σῧῑ.

132 1813 283 1836 ,,ΠΥ,8,8.·

100 1843 106 1861 ζ
168 1824 281 1860 bet-nv.

173 1871 194 1898 v..

94 2735 135 2821 ὲ
165 2760 271 2791 meod-

1004 236 1272 283 QUAESTIO
1301 236 1404 283 CVI,
1431 235 1732 273 ARTICULUS
1762 235 1813 272 lV
2423 247 2496 282 401

311 316 393 366 quis
421 315 642 359 beneficium
677 315 783 352 nobis
811 315 870 352 det
896 326 965 351 sua
1005 326 1139 360 causa,
1168 326 1217 351 an
1247 326 1316 351 sua
1345 319 1380 351 et
1404 314 1407 360 Ι
1435 314 1619 364 indigenti
1651 320 1776 351 autem
1815 314 2007 351 retributio
2036 314 2143 351 lucri.
2183 315 2231 351 Et
2269 315 2417 352 Seneca
2450 315 2504 353 di-

315 3237 420 3287 quod
451 3237 654 3285 proprium
692 3236 939 3284 benefactoris
975 3240 1030 3272 est
1064 3234 1219 3272 libenter
1245 3240 1282 3271 et
1307 3234 1378 3271 cito
1434 3234 1536 3283 cupit
1560 3233 1716 3280 solvere,
1746 3234 1883 3270 invitus
1910 3234 2037 3271 debet:
2065 3240 2102 3271 et
2126 3235 2192 3283 qui
2219 3235 2354 3271 invitus
2383 3235 2501 3282 debet,

302 3290 452 3339 facere.
483 3290 560 3327 Sed
589 3288 892 3338 recompensatio
923 3288 1036 3332 debet
1053 3287 1285 3325 beneficium
1314 3287 1379 3324 ad·
1434 3287 1608 3337 ingratus
1635 3292 1699 3324 est.

315 3356 491 3394 aequare.
523 3343 625 3391 Ergo
655 3342 768 3380 debet
797 3342 920 3379 statim
949 3353 1257 3391 recompensare.
1486 3342 1545 3378 An
1561 3352 1700 3378 PRIMUM
1719 3352 1818 3378 ERGO
1838 3352 2024 3378 mCENDUM
2048 3340 2154 3389 quod
2183 3340 2354 3378 debitum
2382 3333 2501 3390 legale

370 3398 446 3435 SED
479 3408 626 3435 CONTRA
658 3407 724 3433 EST
752 3395 857 3445 quod
887 3396 1035 3432 Seneca
1063 3394 1164 3442 dicit,
1195 3394 1232 3431 in
1261 3394 1312 3430 1V
1330 3394 1376 3430 de
1405 3435 1407 3438 .
1435 3401 1490 3430 est
1518 3394 1643 3431 statim
1672 3394 1921 3431 solvendum:
1957 3393 2125 3443 alioquin
2163 3406 2242 3431 non
2281 3402 2379 3431 esset
2413 3407 2501 3432 con-

370 3529 398 3563 α)
417 3529 454 3555 ad
471 3529 572 3555 statim.
586 3543 604 3548 -
622 3529 660 3554 ad
676 3531 777 3554 statum
796 3529 828 3558 Κ,
847 3527 939 3553 statim
958 3527 1045 3553 PGIL.
1407 3527 1409 3552 ἑ
1488 3526 1514 3560 γ)
1535 3533 1596 3552 non.
1610 3526 1709 3552 -.Om
1723 3524 1968 3557 mABEFHLpCGK
1987 3532 2035 3558 pro
2055 3524 2183 3556 virtuosa,
2199 3525 2283 3550 invita
2298 3525 2329 3551 L.
2344 3526 2443 3551 -Post
2462 3533 2502 3551 re-

371 3564 396 3598 β)
415 3564 547 3599 affectum.
561 3579 579 3584 —
597 3564 717 3598 effectum
738 3563 836 3588 ΡΑΕΚ.
1406 3554 1409 3590 Ι
1434 3562 1615 3594 compensatio
1634 3562 1654 3586 Ρ
1674 3561 1743 3586 addit
1760 3560 1808 3586 sed
1826 3560 1919 3585 invita.

458 3618 568 3643 Summae
587 3617 689 3642 Tuam..
709 3617 741 3642 D.
754 3616 869 3641 Tnomn
881 3616 914 3641 T.
933 3616 976 3640 VI.
1768 3632 1770 3635 ,
2328 3614 2356 3638 51

312 374 452 407 nostra.
481 367 552 405 Ille
579 368 645 416 qui
670 373 766 405 totus
792 369 845 406 ad
869 380 909 405 se
934 373 1086 416 spectat,
1106 373 1141 404 et
1158 368 1265 405 nobis
1286 379 1377 416 pro·
1405 370 1406 405 ζ
1435 368 1504 414 cit,
1533 367 1572 404 in
1600 368 1651 404 VI
1685 368 1731 404 de
1758 369 1922 415 Benefic.
1951 366 1989 404 *z
2027 367 2155 405 Multa
2187 373 2276 404 sunt
2299 380 2373 416 per
2407 380 2505 417 quae
2532 372 2543 382 ⁶
2558 372 2615 400 <³⁸⁹-
2630 378 2686 393 ¹²⁰¹

311 423 391 461 dest
412 422 502 471 quia
521 422 631 459 aliter
648 427 665 443 ²²
691 421 764 459 sibi
774 422 955 470 prodesse
973 432 1048 458 non
1062 426 1195 469 potest,
1215 433 1259 458 eo
1287 421 1380 458 mihi
1405 428 1406 440 ³
1434 420 1615 469 quidquid
1651 421 1827 458 debemus
1850 419 1862 446 ξ
1899 421 2055 457 reddere
2090 428 2126 457 et
2149 420 2330 470 felicibus
2370 433 2504 470 possu-
2630 403 2643 435 ξ

310 476 394 513 loco
422 475 616 512 habendus
642 474 790 511 videtur
816 486 890 523 quo
919 474 985 523 qui
1005 474 1139 522 pecori
1163 486 1232 511 suo
1259 475 1376 522 pabu-
1405 502 1407 525 ‡
1435 486 1537 510 mus:
1555 474 1674 522 fidele
1701 474 1910 520 consilium,
1931 474 2083 511 assidua
2111 475 2358 521 conversatio,
2377 487 2502 512 sermo

312 529 390 566 lum
419 528 613 577 prospicit.
652 528 695 564 Si
720 539 781 565 me
812 529 850 565 in
885 528 1118 565 consortium
1149 528 1320 574 admisit,
1347 527 1382 564 si
1405 528 1407 578 ᾗ
1435 528 1644 564 communis
1673 534 1708 564 et
1726 528 1807 564 sine
1825 527 2041 564 adulatione
2064 528 2260 565 iucundus.
2284 548 2309 556 -
2338 529 2388 565 Et
2415 529 2503 566 ideo

310 583 406 620 duos
432 581 622 632 cogitavit,
643 582 818 631 ingratus
843 593 928 618 sum
956 587 993 617 et
1018 581 1175 617 iniustus
1194 581 1267 618 nisi
1282 593 1379 631 gau·
1405 584 1407 587 '
1434 592 1514 617 non
1533 588 1684 628 oportet
1711 588 1752 617 ut
1779 581 1900 618 homo
1931 588 2035 630 optet
2063 580 2309 629 indigentiam
2335 582 2416 619 eius
2437 595 2504 619 seu

312 637 380 673 deo
408 636 480 672 hoc
507 635 561 672 illi
582 635 774 683 profuisse
800 635 902 683 quod
921 634 1108 682 proderat
1132 635 1235 671 mihi.
1269 635 1379 671 Sum·
1434 633 1631 670 miseriam
1666 634 1731 682 qui
1769 634 2002 671 beneficium
2038 634 2162 682 dedit,
2199 635 2248 671 ad
2284 635 2360 671 hoc
2397 635 2505 684 quod

312 701 399 726 mae
426 688 672 738 malignitatis
700 693 754 724 est
780 699 855 724 non
884 698 1024 724 vocare
1055 688 1276 735 beneficium
1310 688 1379 724 nist
1405 693 1407 726 4
1435 687 1666 723 beneficium
1696 695 2022 736 recompensetur.
2057 688 2172 735 Quia,
2202 696 2243 725 ut
2273 689 2421 726 Seneca
2450 689 2504 726 di-

311 742 414 791 quod
439 742 590 778 dantem
617 740 745 789 aliquo
773 731 1012 778 incommodo
1036 741 1165 789 afficit.
1405 737 1407 795 ᾗ
1435 739 1500 786 cit,
1531 740 1571 776 in
1598 740 1649 776 VI
1679 741 1724 776 de
1751 742 1916 786 Benefic.
1936 740 1967 787 ²¹²,
1997 741 2031 777 si
2056 742 2127 778 hoc
2155 741 2191 778 ei
2223 747 2372 789 optares
2399 743 2505 780 cuius
2535 748 2696 776 ‘Cap-xxv-

365 797 424 832 AD
445 805 619 837 QUARTUM
638 805 824 831 mcENDUM
849 794 966 842 quod,
993 793 1088 831 sicut
1112 794 1259 830 Seneca
1279 793 1407 840 dicit,
1406 821 1407 835 2
1435 792 1580 829 nullum
1610 794 1832 840 beneficium
1858 795 2027 840 haberes,
2052 794 2302 832 inhumanum
2330 802 2414 833 erat
2438 808 2504 833 110-

311 847 350 885 in
370 849 420 884 111
441 848 487 884 de
504 846 710 896 Benefic*
711 876 721 893 ,
751 847 918 896 quandiu
946 859 1078 884 seruus
1089 852 1261 895 praestat
1279 846 1380 895 quod
1406 842 1407 887 I
1434 851 1525 882 tum.
1561 846 1709 887 Quanto
1736 847 1979 883 inhumanius
2003 847 2039 883 ei
2065 854 2170 896 optas
2194 849 2257 885 cui
2283 849 2504 898 beneficium

311 913 335 938 a
372 913 482 938 servo
515 901 623 951 exigi
655 900 767 947 solet,
806 901 1054 937 ministerium
1087 906 1160 937 est.-
1199 900 1265 936 ubi
1292 899 1381 948 plus
1406 897 1408 934 ἑ
1434 898 1566 936 debes!

311 966 426 1003 quam
445 966 469 991 a
488 966 598 991 servo
618 966 766 991 necesse
784 953 809 999 λ,
840 954 1061 1002 beneficium
1081 959 1144 990 est.
1179 953 1254 990 Ubi
1279 953 1379 989 enim
1406 942 1407 990 Ὗ
1490 952 1529 988 Si
1559 959 1689 988 autem
1727 951 1788 988 ille
1817 953 1883 1001 qui
1920 953 2151 990 beneficium
2186 954 2290 992 dedit
2327 956 2364 992 in
2397 956 2506 1005 peius

311 1008 349 1045 in
378 1008 556 1058 affectum
584 1008 702 1045 amici
733 1007 883 1053 transit,
913 1007 1042 1055 incipit
1075 1006 1210 1043 vocari
1243 1007 1379 1054 benefi-
1406 1022 1408 1047 ι
1435 1012 1604 1042 mutatus
1634 1012 1701 1051 est,
1732 1005 1846 1042 debet
1874 1014 2004 1043 tamen
2033 1006 2103 1043 sibi
2131 1007 2213 1044 fieri
2237 1021 2505 1058 recompensa—

311 1062 424 1099 cium.
456 1063 503 1098 Et
531 1061 619 1098 ideo
650 1061 764 1098 etiam
785 1061 905 1097 servis
924 1060 1022 1097 ultra
1042 1059 1214 1096 debitum
1242 1058 1381 1096 facien·
1405 1071 1408 1096 Α
1433 1058 1486 1095 tio
1516 1059 1730 1095 secundum
1767 1066 1906 1095 statum
1942 1059 2080 1108 ipsius:
2109 1068 2151 1096 ut
2180 1061 2319 1098 scilicet
2353 1063 2402 1100 ad
2430 1063 2504 1100 vir-

310 1114 411 1152 tibus
440 1115 580 1163 gratiae
609 1122 696 1151 sunt
723 1114 938 1151 habendae.
1406 1135 1407 1157 1
1435 1119 1555 1148 tutem
1594 1111 1816 1159 reducatur,
1847 1112 1877 1148 si
1914 1112 1959 1148 sit
1996 1113 2188 1161 possibile.
2228 1115 2267 1151 Si
2297 1123 2423 1152 autem
2462 1117 2506 1153 sit

363 1171 423 1206 An
453 1180 616 1210 Qum‘rum
645 1178 831 1205 mCENDUM
864 1166 970 1215 quod
1000 1165 1115 1202 etiam
1153 1177 1300 1224 pauper
1326 1164 1380 1201 in-
1435 1164 1654 1202 insanabilis
1675 1171 1834 1214 propter
1866 1166 2063 1212 malitiam,
2093 1174 2183 1204 tunc
2212 1168 2303 1204 alter
2332 1177 2387 1206 est
2416 1170 2505 1206 effe-

307 1229 438 1276 gratus
439 1229 604 1263 nonest
622 1220 652 1258 si
671 1220 783 1257 faciat
801 1220 906 1268 quod
921 1219 1058 1268 possit:
1079 1218 1177 1280 sicut
1190 1218 1294 1256 enim
1315 1219 1380 1255 be·
1405 1199 1407 1268 I
1435 1226 1517 1256 ctus
1536 1231 1654 1267 quam
1673 1219 1779 1267 prius
1809 1227 1906 1256 erat:
1938 1227 1974 1256 et
1993 1219 2080 1257 ideo
2109 1233 2189 1258 non
2209 1221 2368 1259 debetur
2395 1223 2430 1259 ei
2450 1235 2506 1260 re-

310 1271 494 1314 aeficium
513 1274 633 1334 magis
661 1273 700 1311 in
729 1273 869 1311 affectu
898 1272 1067 1310 consistit
1086 1284 1204 1332 quam
1231 1271 1269 1308 in
1289 1271 1380 1308 effe
1406 1269 1407 1320 1
1435 1272 1698 1321 compensatio
1720 1272 1898 1309 beneficii
1918 1273 2014 1310 sicut
2028 1273 2144 1322 prius.
2165 1275 2214 1311 Et
2228 1283 2370 1323 tamen,
2386 1288 2506 1324 quan-

310 1335 386 1376 ctu,
414 1328 464 1367 ita
493 1328 609 1366 etiam
639 1335 675 1364 et
694 1326 999 1376 recompensatio
1024 1325 1146 1374 magis
1173 1325 1212 1362 in
1240 1325 1407 1362 affectu
1405 1353 1407 1382 I
1434 1333 1518 1363 tum
1545 1325 1629 1363 fieri
1647 1333 1775 1375 potest
1803 1327 1909 1363 salva
1941 1327 2153 1374 honestate,
2174 1329 2362 1366 memoria
2392 1330 2506 1367 debet

310 1381 490 1421 consistit.
520 1381 631 1420 Unde
662 1381 811 1418 Seneca
834 1380 935 1427 dicit,
964 1379 1003 1416 in
1033 1380 1065 1416 11
1085 1379 1131 1416 de
1157 1378 1362 1427 Βεηεςή(;.’ιε
1406 1394 1407 1416 ι
1433 1378 1568 1416 haberi
1597 1379 1767 1439 praestiti
1796 1379 1986 1417 beneficii.
2022 1381 2073 1418 Ut
2099 1389 2203 1430 patet
2239 1394 2307 1430 per
2333 1382 2506 1420 Philoso-

317 1434 395 1479 Qui
415 1441 527 1486 grate
546 1435 766 1483 beneficium
786 1434 932 1482 accipit,
945 1433 1116 1482 primam
1135 1433 1215 1469 eius
1228 1432 1378 1480 pensio-
1406 1462 1407 1475 2
1434 1433 1568 1482 phum,
1598 1432 1637 1469 in
1666 1433 1719 1469 IX
1746 1433 1867 1470 Ethic.
1888 1432 1909 1454 '¹‘
2533 1435 2614 1489 5οξ-
2630 1441 2744 1483 {pfl-¹333*

309 1500 396 1530 nan
414 1489 535 1527 solvit.
566 1489 690 1532 Quam
710 1493 729 1518 ¹¹
755 1493 867 1537 grate
888 1492 1014 1524 autem
1038 1486 1090 1523 ad
1107 1497 1175 1522 nos
1197 1485 1379 1533 beneficia
1486 1487 1546 1522 An
1567 1497 1710 1523 sexrun
1738 1498 1924 1523 monimum
1954 1487 2071 1535 quod,
2101 1471 2196 1524 sicut
2225 1489 2368 1525 dictum
2399 1497 2454 1526 est
2472 1489 2503 1536 ⁴⁸,
2533 1467 2626 1543 lim,
2642 1514 2671 1536 „d
2687 1521 2706 1542 5,
2738 1478 2742 1483 ⁴

304 1543 559 1604 pervenerint,
580 1542 785 1580 indicemus
803 1540 931 1591 effusis
948 1539 1165 1590 affectibus:
1188 1539 1291 1587 quod
1303 1550 1378 1575 non
1406 1549 1407 1553 ¹
1434 1539 1743 1588 recompensatio
1773 1539 1950 1576 beneficii
1978 1540 2182 1590 praecipue
2209 1542 2353 1590 pendet
2382 1554 2425 1579 ex
2453 1543 2506 1579 af-

172 1616 191 1630 n
309 1596 391 1645 ipso
417 1601 563 1634 tantum
591 1595 776 1640 audiente,
795 1595 862 1632 sed
889 1594 1025 1642 ubique
1052 1598 1239 1629 testemur.
1432 1592 1547 1628 fectu.
1578 1593 1627 1628 Et
1646 1592 1734 1630 ideo
1756 1605 1803 1629 eo
1824 1593 1943 1630 modo
1965 1595 2078 1631 debet
2096 1595 2403 1644 recompensatio
2423 1596 2506 1633 fieri

363 1648 414 1687 Et
442 1661 487 1688 ex
514 1649 590 1687 hoc
618 1655 722 1698 patet
742 1648 849 1697 quod
873 1655 1214 1707 quantumcunque
1234 1645 1273 1682 in
1301 1645 1378 1682 feli·
1432 1657 1511 1694 quo
1541 1645 1663 1693 tnagis
1692 1646 1740 1682 sit
1766 1645 1887 1682 utilis:
1926 1646 1956 1683 si
1985 1655 2114 1684 tamen
2142 1656 2297 1696 postea,
2326 1661 2396 1697 per
2423 1649 2506 1687 eius

310 1702 421 1743 dure
441 1701 612 1740 existenti
630 1709 756 1752 potest
775 1700 1080 1749 recompensatio
1098 1698 1277 1737 beneficii
1295 1698 1380 1736 fieri
1405 1695 1406 1730 3
1432 1698 1641 1746 incuriam,
1673 1698 1712 1736 in
1742 1699 1928 1736 damnum
1958 1700 2074 1748 ipsius
2111 1709 2300 1748 vertatur,
2331 1715 2409 1739 non
2436 1703 2506 1740 im-

308 1768 394 1806 per
410 1756 683 1794 exhibitionem
723 1754 958 1794 reverentiae
987 1762 1022 1791 et
1058 1753 1228 1791 honoris.
1265 1751 1406 1790 Unde
1404 1767 1406 1802 3
1432 1759 1586 1801 putatur
1609 1753 1928 1801 recompensanti.
1959 1754 2071 1791 Unde
2092 1755 2240 1792 Seneca
2260 1731 2358 1802 dicit,
2379 1757 2417 1793 in
2435 1757 2505 1793 Vll

307 1809 566 1859 Philosophus
596 1809 700 1853 dicit,
730 1809 769 1846 in
796 1809 883 1846 VIII
911 1808 1034 1846 Ethic.
1054 1806 1086 1854 ²¹³,
1116 1806 1221 1856 quod
1247 1817 1377 1854 super·
1404 1806 1480 1842 de
1505 1807 1671 1854 Benefic.
1692 1805 1733 1843 *:
1763 1807 2010 1844 Reddendum
2037 1808 2132 1845 mihi
2157 1814 2229 1846 est:
2257 1821 2332 1846 non
2351 1821 2505 1847 servan-
2535 1816 2614 1845 ‘Cnp-
2630 1823 2675 1839 m-

308 1862 507 1903 excellenti
531 1863 682 1912 quidem
709 1863 817 1900 debet
832 1867 846 1884 ”
861 1862 958 1910 fieri
982 1861 1137 1904 honoris
1165 1859 1379 1897 retributio:
1404 1858 1535 1905 dum,
1565 1871 1652 1896 cum
1682 1860 1891 1906 reddidero,
1921 1872 1968 1898 ac
1991 1862 2182 1898 tuendum.

362 1993 496 2026 =)-a12'ter.
507 2007 527 2012 -
544 1996 571 2019 et
588 1992 669 2019 aliter
687 1994 739 2022 Pa,·
757 2000 806 2026 pro
824 1992 947 2022 admisit,
967 1991 1109 2018 admiserit
1128 1992 1183 2023 Pa‚·
1200 1998 1250 2025 pro
1265 1991 1380 2024 gaudeo,
1488 1993 1512 2024 v)
1533 1991 1616 2016 debet.
1628 2005 1647 2010 -
1665 1991 1744 2016 habet
1766 1991 1796 2017 P.

308 2029 443 2063 gaudeam
462 2030 482 2054 P
488 2037 496 2060 ;
515 2034 578 2063 post
595 2036 691 2055 vocare
709 2029 807 2054 addunt
825 2028 875 2054 hoc
893 2029 939 2054 Pa.
1489 2026 1512 2060 ξ)
1532 2027 1664 2052 debemus.
1676 2041 1694 2045 —
1712 2027 1862 2052 debebimus
1885 2028 2014 2059 ABCFK;
2033 2036 2081 2061 pro
2105 2030 2286 2060 conversatio,
2305 2031 2507 2057 conversatione

360 2063 390 2098 λ)
409 2072 521 2091 necesse.
533 2079 551 2083 -
569 2065 747 2090 necessarium
767 2065 798 2094 D,
817 2071 920 2090 necesse
938 2067 979 2089 est
996 2064 1043 2094 Pa,
1062 2072 1117 2089 om.
1135 2064 1170 2088 H.
1437 2062 1686 2095 ABDEFGI-IIpCK.

362 2100 392 2135 μ)
413 2099 640 2136 Quam-,Quod
660 2099 688 2125 P.

727 2349 884 2380 UTRUM
907 2348 1038 2380 HOMO
1062 2349 1235 2379 DEBEAT
1259 2348 1422 2379 STATIM
1444 2347 1714 2378 BENEFICIUM
1738 2347 2088 2379 RECOMPENSARE

329 2454 407 2490 »ῆι
430 2455 498 2492 νᾶ(
525 2450 548 2475 D
568 2449 742 2480 QUARTUM
762 2449 815 2474 stc
834 2448 1076 2474 PRocssm‘mR.
1097 2436 1256 2473 Videtur
1275 2436 1381 2485 quod
1406 2446 1408 2452 ·
1435 2436 1599 2482 Benefic.
1620 2434 1658 2471 *z
1690 2435 1764 2477 Qui
1769 2435 1932 2483 festinat
1958 2436 2124 2482 reddere,
2146 2449 2221 2473 non
2245 2437 2416 2474 animum
2439 2439 2505 2474 ha·
2534 2452 2543 2461 ·
2557 2450 2668 2477 omn„

347 2493 434 2541 ψ),
445 2478 646 2548 homo
675 2490 814 2528 debeat
832 2490 956 2527 statim
977 2490 1211 2527 beneficium
1231 2502 1381 2526 recom-
1405 2454 1408 2538 Ι
1435 2490 1495 2526 bet
1520 2488 1627 2538 grati
1651 2489 1824 2534 hominis,
1853 2489 1919 2525 sed
1945 2489 2131 2526 debitoris.

332 2539 452 2596 .ῇῖ,ᾓξ
476 2547 496 2582 6
525 2556 698 2594 pensare.
736 2544 803 2581 Illa
831 2543 934 2580 enirn
953 2556 1052 2592 quae
1083 2543 1271 2580 debemus
1300 2543 1380 2580 sine
1489 2543 1716 2579 RESPONDEO
1746 2554 1932 2579 DICENDUM
1969 2543 2075 2591 quod
2111 2542 2207 2580 sicut
2241 2543 2280 2580 in
2316 2543 2503 2581 beneficio

340 2587 498 2633 Lffi'ffl
500 2605 629 2635 certo
667 2597 852 2644 termino,
889 2605 1066 2635 tenemur
1100 2596 1295 2633 restituere
1331 2596 1379 2633 ad
1435 2596 1562 2632 dando
1593 2595 1670 2632 duo
1699 2595 2000 2642 considerantur,
2022 2595 2163 2633 scilicet
2185 2596 2344 2634 affectus
2373 2606 2409 2634 et
2437 2598 2504 2635 do-

312 2651 437 2690 statim
458 2656 487 2688 ².
517 2651 595 2689 Sed
623 2663 704 2689 non
732 2659 788 2688 est
814 2651 950 2700 aliquis
978 2650 1163 2687 terminus
1197 2650 1380 2699 praescri·
1435 2661 1552 2695 num;
1581 2649 1632 2686 ita
1667 2648 1782 2685 etiam
1816 2649 1914 2686 haec
1942 2649 2020 2686 duo
2059 2649 2348 2687 considerantur
2381 2650 2420 2687 in
2449 2663 2504 2688 re-

310 2712 398 2755 ptus
426 2704 773 2754 recompensationi
801 2704 1100 2742 beneficiorum:
1130 2715 1230 2753 quae
1250 2711 1379 2740 tamen
1435 2702 1750 2751 compensatione
1771 2702 1959 2739 beneficii.
1990 2703 2039 2739 Et
2058 2711 2244 2752 quantum
2265 2704 2424 2752 quidem
2455 2705 2503 2741 ad

312 2756 413 2797 cadit
439 2758 510 2795 sub
540 2758 693 2805 debito,
720 2765 762 2794 ut
790 2757 934 2795 dictum
964 2765 1020 2794 est
1038 2757 1069 2794 ²⁸.
1099 2758 1202 2805 Ergo
1231 2763 1379 2794 tenetur
1435 2755 1617 2793 affectum
1628 2754 1655 2802 β,
1675 2755 1801 2792 statim
1818 2756 2122 2804 recompensatio
2142 2756 2225 2793 fieri
2247 2756 2370 2793 debet.
2392 2757 2503 2794 Unde
2630 2768 2645 2802 β

310 2812 432 2851 homo
461 2811 588 2849 statim
615 2810 848 2849 beneficium
878 2822 1186 2859 recompensare.
1435 2809 1583 2846 Seneca
1612 2805 1712 2855 dicit,
1733 2808 1771 2844 in
1800 2809 1832 2844 11
1861 2809 1907 2845 de
1925 2810 2089 2857 Benefic.
2110 2809 2145 2846 *ε
2182 2810 2244 2846 Vis
2268 2811 2424 2847 reddere
2442 2811 2503 2846 be·
2531 2818 2612 2846 ⁸0³9-
2630 2824 2677 2840 xxx

337 2892 347 2896 -
367 2877 402 2902 2.
431 2865 675 2912 PRAETEREA,
706 2872 849 2912 quanto
886 2864 1043 2912 aliquod
1077 2865 1225 2900 bonum
1260 2863 1304 2900 fit
1333 2874 1378 2898 ex
1435 2861 1639 2910 neficium?
1665 2862 1839 2911 Benigne
1866 2862 2005 2909 accipe.

311 2918 448 2957 maiori
476 2918 593 2955 animi
624 2918 794 2964 fervore,
823 2925 928 2954 tanto
957 2916 1110 2954 videtur
1138 2928 1220 2952 esse
1249 2916 1378 2952 lauda·
1489 2915 1686 2963 Quantum
1715 2922 1844 2951 autem
1881 2915 1929 2951 ad
1965 2914 2130 2962 donum,
2161 2915 2275 2952 debet
2313 2916 2501 2964 expectari

312 2971 434 3009 bilius.
473 2971 551 3009 Sed
580 2983 625 3008 ex
653 2971 804 3008 fervore
838 2970 954 3007 animi
982 2969 1135 3006 videtur
1168 2968 1378 3017 procedere
1433 2975 1586 3016 tempus
1624 2979 1702 3016 quo
1740 2968 2046 3016 recompensatio
2082 2968 2129 3005 sit
2166 2968 2399 3005 benefactori
2435 2982 2502 3018 op-

314 3025 418 3074 quod
446 3025 567 3062 homo
596 3025 718 3062 nullas
753 3035 882 3060 moras
920 3022 1100 3059 adhibeat
1127 3022 1166 3058 in
1203 3021 1377 3058 faciendo
1433 3029 1610 3069 portuna.
1650 3020 1690 3057 Si
1727 3028 1877 3067 autem,
1914 3033 1993 3058 non
2027 3021 2270 3058 convenienti
2305 3029 2500 3071 ternpore,

314 3078 420 3126 quod
449 3078 574 3115 debet.
602 3078 707 3125 Ergo
734 3076 886 3113 videtur
914 3088 996 3112 esse
1015 3074 1241 3112 laudabilius
1269 3074 1376 3123 quod
1434 3074 1559 3110 statim
1587 3073 1677 3111 velit
1704 3074 1840 3123 aliquis
1869 3086 2010 3111 munus
2038 3086 2108 3123 pro
2135 3086 2295 3111 munere
2325 3076 2500 3122 reddere,

313 3131 435 3168 horno
465 3130 590 3167 statim
619 3129 852 3167 beneficium
881 3128 1025 3166 reddat.
1405 3130 1406 3134 ’
1435 3139 1513 3164 non
1538 3132 1554 3155 Υ
1586 3127 1738 3164 videtur
1775 3139 1858 3164 esse
1893 3127 2060 3164 virtuosa
2095 3129 2413 3177 recompensatio.
2453 3130 2502 3166 Ut
2629 3133 2647 3159 Υ

371 3185 405 3221 3.
435 3185 669 3230 PRAETEREA,
700 3183 847 3219 Seneca
870 3181 968 3229 dicit,
988 3181 1027 3218 in
1048 3182 1079 3218 11
1099 3181 1146 3217 de
1162 3182 1378 3229 Benefic.,
1346 3180 1367 3202 '¹‘
1434 3180 1537 3217 enirn
1558 3181 1706 3217 Seneca
1726 3180 1824 3226 dicit,
1846 3180 1897 3218 IV
1915 3181 1961 3217 de
1979 3182 2142 3229 Benefic.
2163 3181 2194 3228 ²¹⁸,
2216 3182 2282 3230 qui
2300 3182 2411 3218 nimis
2430 3183 2501 3220 cito
2534 3191 2542 3198 ·
2555 3189 2612 3217 Cap·
2627 3195 2664 3210 u·
