2860 4244
163 1286 172 1295 '
186 1284 235 1305 Lib.
249 1284 287 1308 111,
303 1283 369 1311 epist.

161 1317 225 1336 xvm,
236 1311 264 1331 al.
283 1310 323 1332 lib.
340 1310 369 1333 Π,

160 1336 369 1394 ἕξειῖιιξιιῖξς

160 1396 215 1411 can.
232 1389 368 1411 Ecclmast.

158 2558 166 2566 ⁴
182 2557 308 2579 Secundus.

158 2584 178 2593 ¹⁸
193 2583 264 2610 Epist.
275 2584 308 2605 ad
320 2583 363 2604 Lu-

159 2610 223 2631 cium.
234 2621 241 2625 -
251 2610 285 2631 Cf.
302 2616 363 2631 caus.

158 2636 175 2658 l.
194 2642 232 2663 qu.
252 2642 291 2662 ιιι,
315 2642 365 2658 can.

158 2662 276 2684 Salvator.

160 2824 169 2833 ⁸
184 2824 234 2844 Art.
249 2830 268 2844 2.

407 282 478 317 362

405 360 487 390 enim
520 358 574 399 qui
602 357 726 387 redimit
759 356 883 386 fratrem
916 361 970 384 aut
994 353 1094 382 filium
1119 361 1136 380 a
1159 351 1298 386 latrone,
1326 349 1403 389 petit
1427 357 1462 379 ut
1487 348 1489 386 j

404 403 533 443 accipiat
556 403 634 432 latro
658 408 778 431 tantum
803 398 954 439 pecuniae
980 397 1069 436 quasi
1093 396 1154 425 hoc
1181 395 1309 424 volens:
1335 394 1389 423 sed
1413 392 1460 423 of·
1487 403 1489 435 ᾗ
2126 437 2132 443 .

1487 442 1488 445 ’
1516 437 1759 474 ordinationem,
1778 448 1843 468 non
1867 444 2033 478 propterea
2057 445 2212 474 cesswset,
2239 439 2293 468 sed
2316 438 2349 469 in
2373 440 2582 480 occupatione

404 448 462 478 fert
486 446 651 486 pecuniam
674 444 793 484 patiens
818 449 851 472 ut
874 442 953 471 latro
978 440 1063 470 illam
1089 438 1229 478 accipiat,
1254 438 1309 478 qui
1334 443 1460 477 paratus

404 498 450 522 est
479 491 612 520 detinere
643 488 815 518 hominem.
842 486 881 515 Et
905 485 947 514 sic
971 486 1008 514 de
1033 483 1110 513 aliis.
1134 483 1207 512 Non
1232 482 1355 512 induxit
1385 491 1459 520 ergo

405 535 495 565 Iacob
520 535 601 563 Esau
626 533 664 561 ad
688 530 891 571 peccandum,
913 529 967 568 qui
992 527 1167 557 secundum
1196 536 1261 556 rem
1287 533 1460 565 occupator
1486 558 1487 563 ¹

1486 581 1487 584 ¹
1515 570 1587 605 mei,
1606 574 1636 600 et
1651 571 1840 610 interficiam
1856 570 1963 607 Iacob,
1980 570 2058 600 Gen.
2074 580 2157 600 xxvn
2173 570 2199 601 *.
2217 570 2321 601 Licuit
2336 581 2410 611 ergo
2428 572 2581 603 redimere

403 584 466 609 erat
482 576 754 618 primogeniturae,
773 582 802 604 et
819 573 861 603 sic
881 580 945 602 erat
960 579 1096 605 vexator,
1114 577 1143 600 et
1160 571 1324 600 tenebatur
1348 579 1461 599 renun-

402 623 494 658 tiare,
517 621 590 661 quia
614 620 775 649 tenebatur
808 617 934 647 obedire
959 616 1081 645 divinae
1114 614 1304 644 ordinationi
1329 614 1367 643 de
1391 614 1458 643 iure

403 664 679 707 primogeniturae:
711 662 764 691 sed
796 662 861 701 ipse
892 661 974 690 Esau
1005 658 1205 689 occasionem
1240 657 1390 698 peccandi
1422 667 1458 687 ex
1485 656 1487 690 l

400 710 500 739 verbis
525 708 615 738 Iacob
639 706 766 746 accepit.

455 754 518 783 Nec
542 753 644 782 obstat
668 750 691 780 si
717 750 836 779 dicatur
860 748 947 788 quod
972 747 1055 776 Esau
1080 746 1224 776 credebat
1247 745 1458 785 primogenita
1484 759 1486 779 ᾖ

1126 272 1392 319 QUAESTJO
1423 271 1471 318 C,
1501 271 1796 308 ARTICULUS
1825 271 1859 307 v

1516 359 1583 379 esse
1607 359 1673 385 sua,
1691 350 1808 380 inscius
1833 350 1956 379 divinae
1981 349 2200 386 ordinationis,
2217 361 2315 391 quam
2339 351 2432 382 Iacob
2456 351 2581 388 sciebat,

1517 401 1552 424 ut
1590 393 1734 424 creditur.
1772 394 1936 430 Quoniam
1973 394 2068 423 etiam
2096 394 2121 423 si
2152 394 2292 425 scivisset
2326 395 2411 426 Esau
2443 396 2582 427 divinam

1515 489 1757 520 perseverasset:
1784 490 1818 513 ut
1849 489 1934 522 patet
1958 491 1994 511 ex
2017 491 2056 511 eo
2080 482 2184 522 quod,
2209 482 2334 522 cognita
2357 490 2431 523 post
2453 492 2582 524 paterna

1515 524 1713 556 ordinatione
1737 527 1775 556 de
1800 526 1910 556 eadem
1936 536 1977 561 re,
1996 525 2086 556 dixit:
2117 526 2247 557 Venient
2268 527 2337 557 dies
2352 528 2458 558 luctus
2474 530 2582 568 patris

1514 613 1713 644 vexationem
1738 624 1829 644 suam
1846 616 1884 644 ab
1902 615 2083 654 ignorante:
2106 622 2195 645 tauto
2213 615 2313 654 magis
2329 622 2451 656 quanto
2474 616 2580 648 minus

1513 657 1662 696 peccandi
1687 658 1889 689 occasionem
1905 659 2018 699 accipit
2040 659 2187 699 ignorans
2208 670 2239 690 se
2263 659 2424 699 possidere
2441 660 2579 691 alienum

1512 711 1610 741 quam
1634 711 1744 732 sciens.

1179 889 1498 932 ARTICULUS
1528 888 1786 939 QUINTUS

487 979 639 1010 UTRUM
664 976 821 1008 LICEAT
846 975 1114 1006 SP1R1TUAL1A
1138 974 1253 1004 DARE
1277 973 1362 1004 PRo
1386 974 1567 1004 MUNERE
1590 973 1713 1011 QUOD
1738 974 1818 1004 EST
1843 973 1899 1004 AB
1922 973 2140 1011 OBSEQUIO
2165 975 2249 1005 VEL
2273 978 2302 1006 A
2325 977 2489 1008 LINGUA

1218 1043 1251 1067 1V
1271 1043 1354 1072 Sent„
1375 1043 1434 1068 dist.
1452 1051 1508 1073 xxV,
1528 1051 1574 1076 qu.
1593 1051 1629 1072 111,
1650 1048 1696 1068 art.
1718 1042 1742 1068 3.

428 1136 488 1155 ΜΛ
510 1139 519 1157 ψ
546 1148 552 1154 fv

414 1230 462 1283 ᾖ,

533 1204 596 1267 x'sfi„

396 1383 694 1420 remuneratione
719 1382 897 1432 gaudere.
938 1381 1014 1417 Sed
1053 1379 1244 1417 deservire
1279 1380 1453 1417 ecclesia-

395 1436 492 1473 sticis
520 1436 736 1472 utilitatibus
760 1435 919 1484 pertinet
938 1435 986 1471 ad
1016 1445 1155 1470 munus
1184 1434 1231 1470 ab
1253 1434 1452 1483 obsequio.

395 1491 494 1537 Ergo
523 1488 671 1525 videtur
699 1489 803 1536 quod
831 1487 973 1524 licitum
1003 1486 1049 1523 sit
1075 1499 1146 1535 pro
1180 1487 1365 1536 obsequio
1395 1499 1455 1524 ac-

394 1550 503 1590 cepto
533 1541 780 1578 ecclesiastica
809 1540 994 1577 beneficia
1021 1539 1157 1587 largiri.

447 1607 481 1632 2.
511 1595 750 1640 PRAETEREA,
781 1594 875 1631 sicut
909 1593 1068 1630 carnalis
1103 1592 1253 1630 videtur
1287 1604 1370 1629 esse
1398 1593 1454 1629 in-

393 1648 507 1684 tentio
529 1647 558 1684 si
579 1647 662 1696 quis
692 1647 800 1684 alicui
823 1647 884 1684 det
904 1646 1136 1683 beneficium
1157 1646 1453 1683 ecclesiasticum
1479 1655 1480 1674 l

393 1714 460 1750 pro
491 1709 664 1750 suscepto
694 1700 845 1738 servitio
867 1706 896 1746 α,
925 1699 976 1736 ita
1006 1699 1119 1736 etiam
1149 1699 1178 1736 si
1199 1699 1283 1747 quis
1312 1699 1375 1736 det
1399 1699 1454 1736 in-
1479 1722 1480 1729 ι

393 1754 487 1791 tuitu
516 1753 856 1802 consanguinitatis.
887 1753 964 1790 Sed
991 1753 1066 1789 hoc
1086 1765 1165 1789 non
1190 1751 1343 1789 videtur
1370 1765 1452 1790 esse

393 1807 662 1844 simoniacum:
692 1806 780 1855 quia
799 1819 875 1843 non
897 1814 952 1842 est
971 1805 1020 1842 ibi
1050 1806 1194 1855 emptio
1215 1813 1251 1842 et
1269 1806 1452 1843 venditio.
1478 1825 1480 1851 ς

1478 1881 1480 1893 i
1507 1872 1635 1909 opera.
1665 1860 1776 1898 Unde
1806 1872 1884 1897 non
1914 1860 2127 1909 intelligitur
2155 1873 2238 1899 esse
2258 1875 2399 1900 munus
2427 1864 2476 1900 ab
2505 1865 2573 1901 ob-

448 1914 481 1950 3.
519 1914 757 1960 PRAETEREA,
794 1912 884 1949 illud
929 1911 1034 1960 quod
1071 1911 1195 1948 solum
1234 1912 1282 1949 ad
1319 1910 1479 1961 preces}

394 1861 493 1908 Ergo
523 1872 592 1897 nec
618 1859 793 1908 primum.

392 1965 546 2003 alicuius
574 1966 627 2013 fit,
656 1966 768 2014 gratis
797 1965 878 2002 fieri
906 1965 1078 2002 videtur:
1110 1973 1146 2002 et
1166 1965 1216 2001 ita
1244 1977 1323 2002 non
1346 1965 1453 2003 vide-

391 2027 449 2055 tur
476 2019 617 2055 habere
640 2019 767 2056 locum
796 2019 971 2065 simonia,
997 2030 1096 2067 quae
1125 2018 1163 2055 in
1192 2018 1387 2067 emptione
1417 2026 1453 2055 et
1478 2041 1479 2046 =

390 2071 607 2109 venditione
637 2072 814 2109 consistit.
845 2072 922 2109 Sed
951 2083 1092 2108 munus
1118 2084 1140 2108 a
1166 2071 1293 2119 lingua
1321 2072 1453 2109 intelli-

391 2125 485 2172 gitur
517 2125 550 2161 si
588 2125 671 2173 quis
709 2125 758 2162 ad
791 2137 923 2174 preces
960 2124 1117 2161 alicuius
1155 2125 1450 2162 ecclesiasticum

393 2231 554 2268 niacum.

442 2296 478 2331 4.
509 2285 741 2332 PRAETEREA,
770 2283 991 2333 hypocritae
1021 2283 1226 2332 spiritualia
1254 2296 1372 2333 opera
1399 2285 1450 2321 fa·
1477 2284 1478 2297 ³

1477 2362 1478 2384 i
1504 2339 1744 2388 guinitatem,
1773 2340 1839 2376 vel
1866 2351 2155 2388 quamcumque
2184 2342 2374 2378 carnalem
2403 2341 2572 2379 affectio-

390 2390 539 2427 videtur
558 2388 573 2419 β
592 2391 639 2427 ad
660 2403 800 2427 munus
819 2391 968 2438 linguae
988 2390 1186 2439 pertinere.
1217 2391 1301 2427 Nec
1321 2398 1450 2428 tamen
1476 2389 1478 2411 l

390 2443 609 2491 hypocritae
630 2443 803 2480 dicuntur
821 2444 1031 2480 simoniaci.
1057 2444 1148 2480 Non
1170 2455 1259 2492 ergo
1279 2455 1348 2492 per
1367 2457 1450 2481 mu·
1476 2440 1478 2446 ’

1503 2500 1579 2536 hoc
1616 2511 1695 2536 non
1732 2499 1893 2547 pertinet
1930 2499 1979 2536 ad
2018 2507 2254 2536 contractum
2294 2500 2497 2549 emptionis
2535 2509 2572 2539 et

1476 2544 1478 2560 ²
1502 2551 1755 2598 venditionis,
1787 2552 1823 2588 in
1853 2564 1929 2597 quo
1959 2552 2139 2588 fundatur
2166 2552 2342 2590 simonia.
2382 2553 2421 2591 Si
2440 2561 2571 2592 tamen

391 2337 492 2373 ciunt
528 2346 567 2374 ut
599 2338 752 2375 laudem
782 2338 991 2374 humanam
1022 2345 1321 2385 consequantur,
1351 2350 1450 2386 quae

391 2508 460 2533 nus
490 2509 510 2532 a
539 2496 664 2544 lingua
693 2497 855 2533 simonia
884 2496 1127 2534 contrahitur.

445 2550 517 2586 SED
538 2561 685 2586 CONTRA
704 2561 769 2586 EST
788 2550 894 2598 quod
913 2549 1091 2587 Urbanus
1119 2550 1225 2597 Papa
1240 2551 1259 2570 '²‘
1285 2549 1373 2586 dicit
1391 2549 1449 2586 *²¹⁸2

395 2602 566 2650 Quisquis
585 2614 644 2639 res
673 2602 948 2648 ecclesiasticas,
970 2614 1044 2638 non
1071 2602 1122 2638 ad
1139 2602 1240 2649 quod
1266 2603 1452 2639 institutae

390 2661 484 2700 sunt,
512 2655 578 2691 sed
603 2656 654 2692 ad
676 2656 832 2703 propria
863 2656 989 2700 lucra,
1019 2667 1176 2691 munere
1212 2655 1366 2704 linguae
1391 2655 1452 2692 vel

392 2708 557 2756 obsequii
580 2708 641 2745 vel
661 2709 846 2757 pecuniae
874 2708 1037 2758 largitur
1063 2708 1123 2744 vel
1149 2708 1377 2756 adipiscitur,
1402 2709 1449 2745 si-

392 2762 584 2798 moniacus
611 2767 674 2798 est.

445 2815 668 2851 RESPONDEO
698 2826 880 2852 DiCENDUM
916 2813 1042 2862 quod,
1073 2813 1167 2850 sicut
1199 2826 1314 2863 supra
1339 2814 1359 2836 '¹‘
1396 2814 1449 2852 di-

394 2874 493 2903 ctum
522 2875 587 2913 est,
616 2867 773 2904 nomine
793 2867 977 2916 pecuniae
1001 2866 1214 2914 intelligitur
1241 2867 1449 2904 cuiuscum-

394 2930 464 2967 que
490 2920 652 2967 pretium
684 2921 847 2968 pecunia
873 2926 888 2948 Υ
917 2920 1132 2957 mensurari
1155 2925 1286 2968 potest.
1325 2920 1448 2957 Mani-

395 2971 529 3008 festum
560 2980 615 3009 est
642 2981 768 3010 autem
806 2974 910 3022 quod
943 2973 1171 3022 obsequium
1209 2973 1373 3010 hominis
1401 2975 1448 3012 ad

396 3024 559 3072 aliquam
587 3025 780 3062 utilitatem
809 3026 1005 3064 ordinatur
1041 3038 1139 3075 quae
1167 3033 1292 3074 potest
1327 3027 1448 3075 pretio

396 3076 577 3124 pecuniae
606 3078 814 3115 aestimari:
846 3079 943 3116 unde
966 3087 1000 3115 et
1028 3078 1246 3127 pecuniaria
1271 3080 1450 3117 mercede

397 3128 554 3165 ministri
574 3130 843 3168 conducuntur.
874 3133 923 3168 Et
942 3132 1028 3169 ideo
1058 3132 1160 3169 idem
1182 3140 1237 3169 est
1258 3134 1363 3180 quod
1388 3134 1451 3170 ali-

398 3181 479 3229 quis
516 3182 578 3219 det
615 3194 694 3219 rem
728 3184 955 3232 spiritualem
992 3197 1061 3233 pro
1098 3184 1225 3234 aliquo
1264 3187 1449 3235 obsequio

396 3234 594 3282 temporali
633 3235 795 3272 exhibito
831 3238 893 3273 vel
932 3237 1164 3283 exhibendo,
1199 3250 1242 3275 ac
1279 3238 1309 3275 si
1346 3239 1452 3276 daret

397 3299 466 3334 pro
493 3287 664 3335 pecunia,
687 3288 772 3326 data
799 3290 860 3326 vel
888 3289 1085 3338 promissa,
1116 3302 1190 3339 qua
1223 3291 1312 3328 illud
1342 3292 1451 3329 obse-

604 1130 625 1155 D
648 1129 809 1160 Quorsum
829 1128 881 1153 sm
911 1126 1149 1153 PROCEDiTUR.
1170 1113 1329 1151 Videtur
1349 1115 1455 1162 quod
1480 1123 1482 1135 ¹

525 1162 577 1215 (ἔζη
604 1171 714 1208 liceat
741 1170 944 1219 spiritualia
974 1169 1062 1206 dare
1078 1180 1148 1216 pro
1168 1179 1328 1204 munere
1349 1168 1454 1217 quod
1480 1202 1482 1214 ι

570 1267 574 1273 ἱ
606 1232 660 1261 est
675 1225 722 1260 ab
744 1222 928 1271 obsequio
948 1223 1010 1258 vel
1030 1234 1051 1257 a
1071 1221 1208 1268 lingua.
1230 1220 1331 1257 Dicit
1351 1220 1453 1257 enim
1480 1226 1481 1254 ὲ

456 1298 463 1305 -
485 1273 541 1306 2⁸⁷¹
565 1271 831 1325 XGregorius,
861 1275 898 1312 in
927 1274 1100 1322 Registro
1120 1273 1158 1310 *ε
1187 1274 1455 1310 Ecclesiasticis
1480 1279 1482 1319 ξ

398 1330 609 1367 utilitatibus
644 1330 886 1366 deservientes
922 1327 1167 1364 ecclesiastica
1206 1327 1364 1376 dignum
1403 1333 1457 1364 est
1480 1324 1481 1369 ξ

1509 1115 1641 1164 quium
1661 1115 1851 1152 aestimari
1870 1123 2012 1164 posset.
2044 1115 2220 1153 Similiter
2240 1117 2354 1154 etiam
2384 1120 2489 1168 quod
2514 1108 2578 1158 ali-

1509 1168 1593 1217 quis
1622 1168 1825 1205 satisfaciat
1852 1168 2030 1217 precibus
2059 1169 2218 1207 alicuius
2246 1170 2295 1207 ad
2324 1173 2576 1220 temporalem

1509 1221 1669 1269 gratiam
1698 1222 1971 1270 quaerendam,
2002 1223 2199 1260 ordinatur
2217 1223 2267 1260 ad
2286 1224 2453 1273 aliquam
2481 1226 2579 1264 utili-

1508 1282 1624 1311 tatem
1654 1287 1754 1322 quae
1781 1283 1908 1323 potest
1935 1276 2123 1324 pecuniae
2151 1276 2272 1325 pretio
2298 1278 2498 1316 aestimari.
2529 1280 2579 1317 Et

1508 1327 1594 1364 ideo
1631 1327 1725 1364 sicut
1753 1328 1985 1365 contrahitur
2012 1329 2176 1366 simonia
2208 1330 2431 1379 accipiendo
2460 1344 2577 1381 pecu-

1508 1381 1612 1417 niam
1640 1382 1703 1418 vel
1727 1381 1934 1430 quamlibet
1951 1380 1965 1403 δ
1994 1394 2074 1419 rem
2097 1382 2336 1431 exteriorem,
2359 1385 2464 1434 quod
2491 1398 2576 1435 per-

1480 1443 1481 1469 }
1507 1434 1599 1471 tinet
1632 1434 1681 1471 ad
1716 1446 1854 1471 munus
1881 1447 1905 1471 α
1934 1447 2073 1481 manu,
2103 1435 2153 1473 ita
2190 1436 2303 1474 etiam
2341 1438 2576 1477 contrahitur

1507 1500 1576 1536 per
1604 1499 1741 1524 munus
1769 1499 1792 1524 a
1820 1487 1966 1538 lingua,
1995 1489 2058 1525 vel
2086 1490 2135 1526 ab
2162 1490 2338 1539 obsequio
2357 1490 2388 1528 *.

1560 1542 1620 1578 AD
1640 1553 1777 1578 PR1MUM
1806 1553 1905 1578 ERGO
1933 1553 2118 1579 DICENDUM
2147 1543 2253 1591 quod
2281 1543 2312 1580 si
2339 1543 2474 1593 aliquis
2502 1546 2575 1582 cle-

1507 1594 1605 1631 ricus
1635 1594 1746 1631 alicui
1773 1595 1942 1643 praelato
1972 1594 2174 1644 impendat
2197 1596 2426 1646 obsequium
2455 1598 2574 1636 hone-

1507 1655 1607 1684 stum
1638 1655 1675 1684 et
1693 1652 1705 1668 ⁶
1734 1648 1782 1684 ad
1811 1647 2017 1696 spiritualia
2046 1648 2282 1696 ordinatum,
2311 1658 2404 1699 puta
2436 1650 2486 1688 ad
2514 1663 2574 1688 ec-

1507 1700 1642 1738 clesiae
1670 1700 1869 1738 utilitatem
1898 1701 1961 1737 vel
1990 1701 2252 1739 ministrorum
2271 1702 2353 1741 eius
2377 1703 2572 1752 auxilium,

1508 1766 1552 1790 ex
1579 1754 1661 1802 ipsa
1690 1755 1896 1791 devotione
1935 1754 2109 1803 obsequii
2147 1755 2316 1793 redditur
2353 1757 2486 1805 dignus
2515 1770 2575 1795 ec-

1507 1807 1714 1844 clesiastico
1744 1807 1954 1854 beneficio,
1985 1807 2081 1844 sicut
2109 1816 2146 1845 et
2172 1817 2329 1858 propter
2364 1810 2436 1847 alia
2469 1811 2573 1848 bona

1506 1913 1651 1962 sequio.
1692 1914 1740 1950 Et
1768 1914 1805 1950 in
1830 1914 1904 1950 hoc
1934 1925 2025 1950 casu
2053 1914 2221 1962 loquitur
2249 1915 2467 1964 Gregorius.
2487 1938 2512 1946 -
2532 1917 2572 1955 Si

1504 1979 1599 2004 vero
1629 1966 1674 2003 sit
1702 1966 1948 2004 inhonestum
1977 1967 2218 2016 obsequium,
2237 1969 2300 2005 vel
2329 1969 2378 2007 ad
2408 1970 2573 2008 carnalia

1506 2019 1741 2062 ordinatum,
1770 2028 1862 2069 puta
1890 2020 1980 2068 quia
2017 2020 2175 2059 servivit
2199 2022 2370 2070 praelato
2400 2021 2449 2060 ad
2478 2023 2573 2061 utili-

1504 2081 1620 2111 tatem
1661 2073 2033 2122 consanguineorum
2071 2087 2230 2111 suorum
2258 2075 2320 2112 vel
2354 2075 2572 2124 patrimonii

1477 2147 1479 2178 j
1505 2127 1574 2173 sui,
1603 2127 1667 2163 vel
1695 2127 1743 2163 ad
1773 2127 1912 2176 aliquid
1941 2126 2172 2175 huiusmodi,
2195 2135 2294 2165 esset
2312 2127 2325 2154 ζ
2353 2141 2494 2167 munus
2522 2131 2571 2168 ab

391 2178 618 2215 beneficium
662 2179 840 2216 conferat.
886 2179 987 2226 Ergo
1022 2179 1096 2215 hoc
1135 2190 1214 2215 non
1256 2186 1312 2215 est
1339 2179 1479 2215 simo-'

1505 2179 1704 2228 obsequio,
1736 2188 1772 2216 et
1801 2179 2067 2217 simoniacum.

1558 2235 1616 2270 AD
1645 2245 1837 2271 SECUNDUM
1862 2245 2046 2271 DtCENDuM
2074 2233 2179 2282 quod
2207 2234 2239 2271 si
2267 2233 2400 2284 aliquis
2428 2235 2572 2284 aliquid

1505 2286 1696 2336 spirituale
1725 2286 1836 2323 alicui
1875 2287 2045 2323 conferat
2081 2287 2194 2335 gratis
2221 2295 2378 2336 propter
2411 2301 2572 2327 consan-

1505 2405 1607 2435 nem,
1638 2401 1693 2429 est
1721 2393 1878 2441 quidem
1908 2393 2033 2430 illicita
2060 2400 2096 2429 et
2120 2393 2279 2431 carnalis
2308 2395 2471 2443 collatio,
2493 2407 2571 2433 non

1504 2454 1632 2482 tamen
1663 2446 1892 2482 simoniaca:
1922 2446 2011 2494 quia
2040 2445 2129 2483 nihil
2157 2446 2208 2483 ibi
2237 2447 2438 2496 accipitur,
2467 2449 2570 2486 unde

1505 2605 1637 2652 aliquis
1666 2605 1730 2641 det
1757 2605 1987 2641 beneficium
2026 2605 2320 2643 ecclesiasticum
2356 2606 2465 2643 alicui
2495 2608 2570 2645 hoc

1505 2665 1629 2706 pact0,
1659 2658 1722 2694 vel
1751 2657 1972 2704 intentione,
2001 2666 2043 2694 ut
2072 2658 2206 2695 exinde
2235 2659 2311 2696 suis
2346 2661 2570 2710 consangui-

1505 2710 1585 2748 neis
1615 2710 1825 2759 provideat,
1857 2719 1911 2747 est
1940 2711 2138 2748 manifesta
2166 2711 2340 2749 simonia.

1557 2765 1616 2800 Αι)
1631 2775 1791 2801 TERTlUM
1811 2776 1995 2802 DlCENDUM
2015 2765 2119 2813 quod
2149 2777 2288 2802 munus
2309 2778 2330 2802 a
2358 2766 2486 2815 lingua
2515 2766 2570 2804 di-

1477 2847 1478 2854 ,
1506 2817 1600 2854 citur
1628 2817 1689 2853 vel
1718 2817 1800 2866 ipsa
1829 2818 1910 2854 laus
1939 2817 2131 2866 pertinens
2160 2819 2208 2856 ad
2231 2819 2406 2857 favorem
2433 2820 2569 2858 huma-

1505 2882 1611 2917 num,
1641 2869 1706 2918 qui
1735 2871 1805 2907 sub
1834 2870 1955 2919 pretio
1987 2870 2105 2908 cadit:
2135 2872 2197 2908 vel
2221 2871 2334 2909 etiam
2362 2884 2496 2922 preces
2525 2885 2570 2911 ex

1505 2923 1641 2972 quibus
1669 2923 1875 2971 acquiritur
1910 2923 2020 2960 favor
2054 2924 2263 2972 humanus,
2292 2926 2355 2962 vel
2375 2930 2394 2953 η
2423 2933 2570 2964 contra·

1505 2976 1603 3013 rium
1634 2976 1804 3014 evitatur.
1835 2977 1884 3013 Et
1912 2976 1999 3014 ideo
2020 2977 2049 3014 si
2076 2977 2210 3027 aliquis
2238 2978 2493 3028 principaliter
2519 2979 2570 3018 ad

1504 3030 1579 3066 hoc
1606 3029 1785 3076 intendat,
1808 3029 2012 3067 simoniam
2043 3030 2253 3068 committit.

1557 3081 1717 3119 Videtur
1744 3090 1873 3120 autem
1907 3083 1955 3120 ad
1983 3084 2058 3120 hoc
2086 3084 2341 3134 principaliter
2373 3084 2570 3123 intendere

1506 3135 1570 3184 qui
1598 3147 1730 3184 preces
1759 3148 1829 3184 pro
1858 3135 2014 3184 indigno
2042 3144 2236 3185 porrectas
2265 3137 2428 3175 exaudit.
2457 3137 2569 3176 Unde

1505 3188 1630 3237 ipsum
1652 3189 1792 3225 factum
1814 3196 1869 3225 est
1888 3188 2154 3228 simoniacum.
2176 3211 2200 3218 -
2221 3190 2261 3227 Si
2289 3198 2417 3228 autern
2437 3203 2569 3241 preces

1505 3253 1575 3290 pro
1606 3241 1720 3289 digno
1745 3241 1996 3290 porrigantur,
2017 3242 2143 3291 ipsum
2172 3244 2314 3281 factum
2343 3256 2422 3282 non
2447 3251 2504 3281 est
2521 3243 2568 3281 si-

1506 3293 1748 3331 moniacum:
1779 3293 1867 3343 quia
1896 3294 2025 3332 subest
2045 3295 2171 3334 debita
2200 3309 2314 3334 causa
2342 3309 2388 3334 ex
2416 3309 2491 3345 qua
2518 3295 2568 3333 illi

400 3438 410 3459 t
429 3401 478 3459 ra)
494 3401 612 3460 ¹{ervitio
624 3415 642 3420 —
660 3402 782 3435 beneflcio
805 3404 850 3428 Pa.
863 3417 882 3423 —
900 3405 949 3429 Pro
967 3405 1229 3442 consanguinitatis,
1248 3407 1452 3440 consanguinei-

410 3442 427 3459 α
441 3443 462 3459 ts
480 3443 493 3459 S
518 3453 526 3461 ο

453 3469 478 3502 β)
493 3478 558 3503 quae
577 3472 689 3496 videtur.
701 3487 720 3491 -
737 3480 804 3505 quae
822 3474 946 3499 videntur
965 3475 996 3506 G,
1010 3476 1081 3508 quod
1100 3476 1206 3501 videtur
1224 3477 1298 3506 CDL.
1317 3484 1385 3510 quae
1404 3478 1452 3508 (ad
1477 3507 1478 3517 ἵ

401 3512 494 3530 munus
512 3505 617 3538 linguae
631 3508 778 3539 pertinere)
797 3508 902 3533 videtur
921 3511 961 3534 ed.
980 3517 1004 3539 a,
1025 3511 1092 3535 idern
1112 3516 1218 3544 excepto
1236 3512 1361 3537 videntur
1379 3512 1407 3537 P.

453 3541 479 3572 γ)
495 3541 615 3572 pecunia.
627 3555 645 3560 -
663 3543 733 3574 quod
753 3544 866 3574 pecunia
891 3545 982 3575 PDsC,
1001 3553 1054 3570 om.
1073 3546 1125 3578 pC,
1144 3547 1215 3578 quod
1230 3547 1345 3579 pecunia
1363 3549 1451 3578 (com-
1477 3565 1478 3581 3

1476 3589 1478 3607 1

1506 3408 1674 3439 mensurari)
1700 3408 1740 3432 ed.
1765 3415 1782 3432 a
1789 3416 1797 3438 ,·
1823 3407 1983 3442 intelligitur
2007 3409 2189 3443 quodcumque
2213 3409 2333 3442 pretium
2357 3411 2569 3435 commensurari

1500 3446 1592 3510 powg
1602 3443 1755 3511 qLiiamlibet.
1767 3491 1787 3498 -
1804 3478 1886 3503 aliam
1906 3479 1974 3504 addit
1993 3480 2023 3505 P.

1559 3514 1580 3544 ε)
1601 3517 1635 3539 et.
1648 3527 1667 3533 -
1685 3513 1746 3538 Om.
1766 3513 1885 3538 PAHKa.

1558 3548 1584 3581 ζ)
1604 3552 1709 3574 asset.-
1727 3548 1779 3573 erit
1798 3549 1851 3578 Pa‚·
1870 3550 1975 3574 eaedem
1995 3555 2055 3582 post
2071 3553 2098 3575 et
2116 3550 2213 3574 addunt
2229 3552 2277 3574 est.

1558 3584 1585 3615 η)
1606 3584 1655 3610 vel.
1667 3598 1687 3603 —
1706 3587 1736 3609 ut
1752 3584 2004 3614 ABCEFGfflKLas
2022 3592 2071 3618 pro
2088 3585 2214 3613 evitatur,
2227 3584 2341 3610 evitetur
2363 3585 2483 3611 CGHlsK
2503 3591 2528 3611 et
2540 3593 2567 3611 a.

2607 575 2618 586 ⁸
2631 575 2698 598 Vere.
2713 582 2744 603 ⁴¹-

2601 1491 2716 1541 {ntifiva

2743 1509 2750 1514 .
2766 1492 2816 1515 Ηο-

2755 1525 2813 1548 ang.
