2860 4238
913 221 1177 267 QUAESTIO
1208 221 1366 267 CXXII,
1396 221 1690 258 ARTICULUS
1718 221 1769 258 Vl

2345 221 2422 268 487

259 309 334 345 qua
354 296 523 334 redditur
542 298 712 335 debiturn
733 300 836 345 Deo;
863 306 898 335 et
916 306 1002 347 post
1017 306 1191 346 quartum
1211 311 1317 347 prae·
1341 300 1343 346 ζ
1368 311 1572 348 personam
1607 299 1864 346 coniunctam,
1895 306 1931 335 et
1968 298 2133 335 maxime
2167 310 2234 346 per
2262 299 2422 334 modum

259 357 423 398 ceptum,
453 351 558 398 quod
586 359 641 388 est
666 351 828 399 pietatis,
859 363 933 399 qua
963 350 1130 387 redditur
1158 351 1318 399 parenti·
1341 370 1342 374 =
1369 351 1542 397 libidinis,
1572 351 1824 398 intelliguntur
1850 351 2040 399 prohiberi
2064 351 2175 388 simul
2203 363 2290 387 cum
2320 351 2423 387 adul-

258 402 329 438 bus
365 402 554 450 debitum,
584 403 622 440 in
651 416 727 451 quo
764 403 966 440 includitur
1000 415 1115 445 omne
1149 404 1316 440 debitum
1341 398 1343 417 ³
1367 404 1472 440 terio.
1512 404 1622 450 Quae
1650 416 1743 440 vero
1781 405 1967 452 pertinent
1994 404 2042 440 ad
2078 404 2218 440 damna
2245 403 2283 440 in
2311 404 2423 440 rebus
2469 402 2471 404 ’

257 455 362 503 quod
391 467 436 490 ex
466 456 590 503 aliqua
611 456 763 504 speciali
792 456 936 492 ratione
957 456 1131 501 debetur;
1161 469 1316 492 necesse
1340 460 1342 494 Γ

256 507 324 543 fuit
352 507 456 554 quod
477 515 711 556 ponerentur
730 515 1005 556 consequenter
1033 508 1101 544 alia
1121 506 1133 529 θ
1163 521 1316 557 praece-

1340 498 1342 517 l

255 567 320 608 pta
338 561 562 607 pertinentia
590 561 639 598 ad
665 560 842 597 iustitiam
863 560 1016 608 proprie
1044 560 1195 607 dictam,
1217 574 1315 609 quae
1340 563 1342 613 ξ
1367 613 1504 661 intellig
1560 622 1618 650 tur
1725 614 1844 650 h'beri
1881 614 1973 650 falso
1993 620 2010 635 χ
2045 614 2259 651 testimonio
2317 613 2422 662 quod

1340 634 1342 661 3
1505 627 1558 650 un
1653 627 1722 662 pro
1753 627 1763 650 1
2270 642 2278 660 ,

255 612 514 649 indifferenter
542 613 721 649 omnibus
750 612 920 649 debitum
951 613 1080 650 reddit.

264 694 272 704 .
309 667 368 701 An
390 676 527 702 PRIMUM
546 677 645 703 ERGO
665 676 849 701 mCENDUM
869 666 973 714 quod
995 666 1248 702 communiter
1267 668 1315 703 ad

254 717 330 753 hoc
358 717 546 765 obligatur
564 718 684 753 homo
704 725 745 753 ut
764 718 855 754 nulli
875 718 1008 755 inferat
1027 726 1314 755 nocumentum.

256 770 304 806 Et
331 769 417 806 ideo
446 778 649 818 praecepta
677 770 866 818 negativa,
896 771 1034 819 quibus
1068 771 1317 819 prohibentur

255 830 487 859 nocumenta
516 834 615 870 quae
652 831 813 871 possunt
850 823 1031 871 proximis
1059 823 1205 870 inferri,
1235 831 1315 860 tan·
1341 852 1342 857 ,

1340 886 1342 899 ³
1367 875 1502 912 limites
1531 876 1788 912 sensualitatis.
1820 877 1896 913 Sed
1922 877 2143 924 prohibetur
2166 876 2302 912 directe
2333 889 2421 912 con-

256 886 371 923 quam
400 875 632 923 communia,
662 876 812 912 fuerunt
838 876 1018 924 ponenda
1041 875 1136 912 inter
1162 888 1314 924 praece-

253 934 318 975 pta
352 928 533 975 decalogi.
564 929 621 965 Ea
644 940 739 965 vero
767 940 866 976 quae
895 936 980 965 sunt
1005 928 1186 976 proximis
1215 928 1316 964 exhi·
1340 961 1342 965 .
1383 980 1389 986 .

1340 1002 1342 1014 1
1366 987 1522 1016 tionem.

254 1044 332 1069 non
360 1033 511 1070 fuerunt
530 1033 626 1070 inter
644 1041 845 1082 praecepta
865 1033 1034 1080 decalogi
1061 1032 1242 1081 ponenda
1266 1033 1314 1069 de
1340 1048 1342 1057 ¹

1340 1093 1342 1096 ·
1367 1085 1460 1122 dum
1489 1097 1528 1121 se
1559 1097 1636 1122 non
1666 1093 1721 1121 est
1740 1085 2041 1133 concupiscibile,
2072 1085 2139 1122 sed
2159 1085 2276 1133 magis
2302 1085 2420 1122 horri-

254 979 392 1027 benda,
420 980 676 1018 diversimode
706 981 929 1018 exhibentur
957 981 1125 1018 diversis.
1156 981 1204 1016 Et
1227 981 1312 1017 ideo

253 1085 310 1122 his
338 1085 567 1122 affirmativa
594 1093 806 1134 praecepta.

309 1139 365 1174 An
393 1150 583 1175 SECUNDUM
602 1150 786 1175 memnon
806 1137 910 1186 quod
940 1137 1069 1174 omnia
1097 1137 1168 1174 alia
1196 1150 1314 1174 nocu-

253 1197 382 1227 menta
408 1203 506 1239 quae
533 1190 716 1239 proximis
744 1190 963 1236 inferuntur,
985 1197 1144 1238 possunt
1170 1191 1218 1227 ad
1244 1190 1313 1227 ista

253 1243 383 1280 reduci
411 1255 508 1292 quae
527 1243 585 1280 his
613 1243 824 1292 praeceptis
852 1243 1112 1291 prohibentur,
1133 1250 1314 1291 tanquam

253 1295 311 1339 ad..
328 1297 520 1343 quaedam
550 1296 818 1333 communiora
846 1304 882 1332 et
904 1295 1181 1344 principaliora.
1211 1297 1314 1332 Nam

253 1348 383 1385 omnia
411 1356 643 1386 nocumenta
661 1361 759 1398 quae
778 1349 816 1385 in
834 1361 1040 1397 personam
1067 1348 1230 1397 proximi
1259 1349 1312 1385 in-

251 1400 442 1449 feruntur,
480 1401 736 1450 intelliguntur
776 1401 969 1450 prohiberi
1009 1401 1048 1438 in
1082 1401 1313 1448 homicidio,

251 1452 347 1490 sicut
379 1454 416 1491 in
453 1454 720 1503 principaliori.
757 1455 868 1501 Quae
903 1466 998 1491 vero
1031 1454 1242 1490 inferuntur
1278 1454 1342 1499 in>

304 1573 330 1608 0)
347 1576 413 1601 alia.
430 1590 450 1595 -
466 1577 558 1609 aliqua
577 1576 648 1601 PGa.

305 1611 324 1643 ι)
343 1611 510 1636 locutionem.
528 1625 547 1631 -·
563 1612 708 1637 locutiones
726 1611 796 1642 PAa,
816 1611 1007 1636 detractionem
1027 1611 1058 1636 L.

303 1646 328 1678 x)
341 1647 426 1679 falso.
443 1660 463 1666 ·-
479 1654 539 1672 cum
551 1646 626 1680 salso
645 1647 676 1676 D.
695 1647 722 1671 in
734 1646 811 1679 salso
830 1646 858 1671 P.

1367 456 1481 502 illata,
1520 457 1773 504 intelliguntur
1806 457 1998 505 prohiberi
2037 457 2148 493 simul
2186 468 2274 492 cum
2311 457 2420 493 furto.

1369 509 1479 555 Quae
1507 517 1633 545 autem
1662 509 1821 557 pertinet
1849 510 1895 546 ad
1925 509 2154 546 locutionem
2175 514 2198 555 ²,
2228 509 2321 545 sicut
2358 508 2421 545 de-

1367 561 1587 608 tractiones,
1626 562 1902 610 blasphemiae,
1943 569 1978 598 et
2010 562 2039 598 si
2074 574 2148 610 qua
2184 561 2420 607 huiusmodi,

1368 666 1542 702 directius
1570 666 1728 703 iustitiae
1758 667 2015 703 contrariatur.

1420 721 1478 754 AD
1506 730 1665 755 TERTIUM
1684 731 1866 756 memnon
1895 720 1996 768 quod
2018 731 2086 767 per
2109 725 2308 767 praecepta
2335 731 2422 766 pro-

1340 781 1342 827 }
1366 770 1524 807 hibitiva
1553 771 1878 820 concupiscentiae
1898 784 1976 808 non
1995 771 2206 819 intelligitur
2230 771 2421 819 prohiberi

1368 822 1513 870 primus
1546 832 1672 860 motus
1705 824 2049 872 concupiscentiae,
2078 824 2142 872 qui
2175 821 2299 860 sistit*
2327 824 2421 860 infra

1368 940 1501 964 sensus
1526 929 1729 965 voluntatis
1753 929 1816 976 qui
1843 937 1897 965 est
1924 929 1962 965 in
1991 941 2087 977 opus
2105 929 2167 966 vel
2195 928 2233 964 in
2262 929 2421 965 delecta—

1418 1035 1476 1068 An
1502 1044 1674 1075 QUARTUM
1695 1044 1877 1070 DlCENDUM
1897 1033 2001 1081 quod
2021 1033 2268 1070 homicidium
2288 1045 2420 1069 secun-

1367 1137 1456 1174 bile:
1478 1138 1566 1185 quia
1585 1150 1662 1182 non
1681 1138 1795 1174 habet
1814 1138 1860 1175 de
1881 1150 1920 1174 se
1940 1138 2122 1174 rationem
2142 1138 2297 1175 alicuius
2315 1138 2418 1175 boni.

1368 1191 1444 1227 Sed
1472 1190 1699 1227 adulterium
1727 1191 1841 1227 habet
1868 1190 2033 1239 aliquam
2063 1190 2246 1227 rationem
2266 1196 2283 1219 μ
2310 1191 2418 1238 boni,

1367 1243 1504 1279 scilicet
1524 1242 1762 1280 delectabilis.
1789 1243 1944 1280 Furtum
1970 1243 2082 1280 etiam
2102 1243 2216 1279 habet
2234 1243 2418 1280 rationem

1366 1296 1523 1332 alicuius
1551 1296 1654 1342 boni,
1684 1295 1822 1332 scilicet
1848 1296 1956 1333 utilis.
1986 1297 2137 1332 Bonum
2165 1303 2292 1332 autem
2313 1297 2360 1333 de
2380 1309 2420 1332 se

1367 1349 1482 1385 habet
1508 1349 1693 1385 rationem
1723 1348 2032 1397 concupiscibilis.
2063 1349 2112 1385 Et
2129 1348 2215 1385 ideo
2243 1348 2310 1384 fuit
2337 1361 2420 1397 spe-

1367 1401 1521 1437 cialibus
1535 1401 1745 1449 praeceptis
1759 1401 1997 1449 prohibenda
2013 1401 2316 1449 concupiscentia
2335 1401 2421 1438 furti
2457 1425 2461 1427 —

1369 1461 1404 1490 et
1431 1454 1617 1490 adulterii:
1638 1466 1716 1490 non
1735 1461 1862 1490 autem
1883 1454 2186 1503 concupiscentia
2212 1454 2419 1491 homicidii.

1418 1573 1446 1607 λ)
1465 1575 1543 1601 sistit.
1561 1588 1580 1594 -
1597 1575 1719 1600 consistit
1737 1575 1866 1607 PCEGpA
1885 1580 1911 1599 et
1927 1583 1952 1605 a,
1972 1575 2078 1600 sistitur
2096 1576 2141 1600 sA.

1365 1610 1583 1670 dieggugzligxam
1609 1610 1747 1635 rationem.
1765 1624 1784 1628 -
1801 1610 1931 1635 rationem
1956 1611 2073 1642 aliquam
2098 1611 2209 1636 alicuius
2234 1611 2266 1641 G,
2290 1611 2420 1635 rationem
