2814 4250
152 499 161 508 ⁸
176 498 228 520 ArtL
243 500 347 526 praeced,

152 603 227 624 ’lbid.
236 604 287 625 etin
297 610 360 631 corp.

152 630 227 651 huius.

144 1371 150 1377 ⁸
160 1369 190 1389 Ca
210 1375 274 1394 .v111‚
286 1375 308 1390 n.
321 1375 350 1390 ιε.

143 1406 150 1409 -
161 1375 349 1416 8.Ῑῇι.1οει.κιιι.

237 1431 253 1447 α

139 1782 215 1828 sfsstt
228 1781 328 1829 ἱέεθςέἒῑ
337 1792 347 1796 ·

137 1998 144 2005 ·
170 1997 203 2018 (21.
231 1996 289 2023 Mag.
314 1996 345 2017 111

136 2023 207 2045 Sent..
218 2023 270 2044 dist.
279 2029 344 2044 xxm.

132 2467 142 2475 ⁸
156 2466 202 2492 Qu.
218 2471 271 2487 thv
289 2471 341 2493 sqq.

392 269 441 304 24

391 336 546 372 actionis
566 335 767 372 exterioris.
799 337 840 371 In
859 336 933 371 hoc
961 342 1087 371 autem
1107 334 1212 382 quod
1241 342 1296 370 est
1319 335 1442 371 facere

1063 257 1328 303 QUAESTIO
1359 258 1461 305 LIX,
1490 259 1786 298 ARTICULUS
1817 262 1867 298 lV

1497 337 1664 384 quendo,
1686 351 1836 387 semper
1856 352 1896 376 se
1916 340 2230 378 concomitantur.
2262 342 2339 380 Sed
2358 342 2388 379 si
2415 343 2554 380 forma-

391 397 427 425 et
452 389 529 437 pati
557 389 747 435 iniustum,
774 387 812 424 id
841 387 943 436 quod
977 386 1214 423 materialiter
1243 394 1297 423 est
1325 394 1442 424 atten-
1495 389 1577 425 liter
1604 390 1816 439 loquamur,
1837 399 1961 440 potest
1983 392 2115 440 aliquis
2138 393 2261 430 facere
2285 394 2479 442 iniustum,
2500 395 2556 432 in-

390 441 488 478 ditur
516 441 724 478 secundum
744 440 781 477 id
811 440 914 488 quod
935 439 1094 476 exterius
1123 438 1252 486 agitur,
1273 447 1386 488 prout
1404 439 1443 477 in

390 506 429 530 se
459 493 726 540 consideratur,
746 499 787 529 ut
808 493 949 529 dictum
970 499 1025 528 est
1045 493 1084 527 *t
1113 492 1151 528 id
1180 499 1307 529 autem
1336 493 1442 540 quod

389 553 445 583 est
472 546 523 583 ibi
551 546 708 583 formale
746 552 781 581 et
808 557 877 593 per
904 557 960 591 se,
991 544 1192 582 attenditur
1229 545 1441 583 secundum

388 599 623 635 voluntatem
651 597 793 645 agentis
813 605 848 633 et
874 596 1057 645 patientis,
1079 604 1119 634 ut
1139 609 1184 634 ex
1204 597 1310 634 dictis
1329 598 1349 620 ’¹‘
1376 611 1442 646 pa-

387 658 449 688 tet.
479 651 693 688 Dicendum
721 657 777 686 est
805 661 893 697 ergo
923 650 1026 698 quod
1051 650 1216 698 aliquem
1245 650 1367 687 facere
1387 651 1442 687 in-

387 703 544 751 iustum,
575 710 611 739 et
647 702 761 739 alium
788 702 865 751 pati
893 702 1090 749 iniustum,
1119 703 1360 740 materialiter
1386 704 1440 740 lo-

1495 441 1655 479 tendens
1683 443 1862 481 iniustum
1882 445 2023 482 facere:
2050 453 2178 482 tamen
2207 446 2298 483 alius
2326 459 2405 485 non
2437 448 2556 496 patie-

1496 502 1556 530 tur
1574 493 1768 544 iniustum,
1789 497 1879 545 quia
1896 498 2030 534 volens
2050 498 2222 547 patietur.
2253 499 2302 535 Et
2326 511 2346 536 e
2367 512 2555 537 converso

1495 554 1620 594 potest
1638 548 1770 597 aliquis
1797 549 1874 598 pati
1893 550 2082 598 iniustum,
2104 551 2134 588 si
2153 551 2287 588 nolens
2312 551 2350 601 id
2374 552 2480 600 quod
2501 560 2557 589 est

1495 599 1677 637 iniustum
1715 601 1894 649 patiatur:
1930 611 1966 640 et
2001 611 2130 640 tamen
2166 604 2226 640 ille
2259 604 2324 652 qui
2359 605 2434 642 hoc
2471 605 2556 642 facit

1495 651 1683 700 ignorans,
1704 665 1782 690 non
1805 655 1915 692 faciet
1938 656 2116 693 iniustum
2136 657 2352 706 formaliter,
2378 657 2445 695 sed
2474 669 2555 694 ma-

1496 705 1671 742 terialiter
1698 713 1857 744 tanturn.

1162 866 1479 909 ARTICULUS
1509 867 1781 916 QUARTUS

803 948 958 979 UTRUM
982 947 1243 985 QuieUMQUE
1268 948 1398 979 FACIT
1422 949 1630 981 INIUSTUM
1653 949 1823 981 PECCET
1847 950 2134 982 MORTALITER

1224 1019 1243 1043 11
1263 1019 1345 1050 sent„
1365 1018 1423 1043 dist.
1442 1027 1502 1048 xul.
1522 1027 1566 1051 qu.
1586 1027 1603 1050 1,
1623 1024 1669 1044 art.
1688 1027 1713 1051 4.

439 1110 442 1114 ·
501 1128 505 1134 ,
593 1101 615 1125 D
636 1100 808 1131 QUARTUM
828 1101 880 1125 sm
901 1100 1139 1126 PROCEDITUR.
1159 1089 1318 1126 Videtur
1336 1090 1440 1137 quod

508 1111 570 1190 {⁴55
592 1154 670 1178 non
709 1141 940 1190 quicumque
969 1142 1056 1178 facit
1093 1142 1275 1178 iniustum
1308 1149 1441 1190 peccet

399 1190 446 1241 ’,”,
458 1179 806 1243 mortaliter.
829 1195 1033 1231 Peccatum
1055 1195 1156 1230 enirn
1171 1194 1318 1231 veniale
1339 1207 1441 1231 mor-

437 1221 533 1286 ’ἒ
548 1238 654 1283 tali
683 1246 897 1295 opponitur.
929 1247 1006 1284 Sed
1030 1247 1262 1295 quandoque
1290 1247 1440 1284 veniale

381 1306 580 1346 peccatum
611 1307 665 1336 est
693 1299 797 1347 quod
824 1299 956 1346 aliquis
985 1299 1095 1336 faciat
1121 1299 1322 1336 iniustum:
1353 1299 1441 1336 dicit

382 1351 483 1388 enim
513 1352 779 1400 Philosophus,
801 1352 838 1388 in
857 1353 892 1388 V
909 1352 1028 1388 Ethic.
1049 1351 1080 1398 ³¹⁸,
1103 1352 1151 1388 de
1171 1352 1308 1388 iniusta
1327 1364 1438 1398 agen-

379 1404 478 1440 tibus
514 1405 696 1451 loquens:
731 1405 996 1452 Quaecumque
1025 1409 1042 1425 α
1070 1415 1144 1440 non
1173 1404 1293 1440 solum
1332 1404 1439 1453 igno-

379 1462 515 1502 rantes,
535 1457 600 1493 sed
617 1463 653 1493 et
673 1463 831 1505 propter
849 1457 1106 1506 ignorantiam
1120 1462 1291 1506 peccant,
1312 1457 1439 1494 venia-

377 1509 428 1546 lia
447 1515 543 1546 sunt.
563 1510 666 1557 Ergo
686 1522 765 1547 non
785 1510 1016 1558 quicumque
1032 1509 1119 1546 facit
1137 1510 1318 1547 iniustum
1337 1522 1438 1547 mor-

377 1562 498 1599 taliter
524 1570 668 1610 peccat.

431 1627 466 1652 2.
487 1616 719 1662 PRAETEREA,
737 1615 854 1663 quiin
868 1615 995 1663 aliquo
1010 1627 1131 1663 parvo
1148 1615 1365 1652 iniustitiam
1385 1615 1436 1651 fa-

378 1668 438 1715 cit,
454 1680 590 1716 parurn
611 1680 634 1704 a
653 1668 781 1705 medio
802 1668 974 1706 declinat.
1001 1668 1079 1705 Sed
1096 1668 1172 1704 hoc
1189 1668 1340 1706 videtur
1355 1679 1436 1705 esse

376 1721 582 1767 tolerabile,
608 1728 644 1757 et
671 1721 767 1758 inter
794 1721 953 1758 minima
989 1721 1180 1758 malorum
1213 1728 1436 1769 computan-

377 1773 487 1811 dum:
516 1781 559 1810 ut
584 1781 689 1822 patet,
713 1786 782 1822 per
815 1774 1109 1822 Philosophum,
1138 1774 1177 1811 in
1210 1775 1241 1810 11
1269 1774 1389 1810 Ethic.
1416 1773 1436 1795 '¹‘

375 1827 467 1864 Non
495 1838 583 1874 ergo
604 1827 837 1874 quicumque
865 1827 951 1864 facit
970 1826 1150 1863 iniustum
1178 1834 1311 1874 peccat
1333 1838 1435 1863 mor-

374 1879 506 1916 taliter.

428 1933 463 1969 3.
485 1933 717 1978 PRAETEREA,
739 1931 872 1968 caritas
901 1939 956 1968 est
983 1937 1104 1968 mater
1122 1932 1290 1968 omnium
1318 1932 1433 1969 uirtu-

374 1990 450 2021 tum
465 1984 496 2032 ²³⁵,
519 1997 563 2020 ex
583 1984 688 2021 cuius
709 1984 967 2021 contrarietate
988 1984 1140 2032 aliquod
1160 1992 1358 2033 peccatum
1380 1984 1433 2023 di-

374 2037 468 2074 citur
494 2038 666 2074 mortale.
698 2037 775 2074 Sed
803 2049 881 2074 non
909 2037 1039 2074 omnia
1065 2045 1222 2086 peccata
1258 2037 1434 2086 opposita

373 2090 453 2127 aliis
480 2090 679 2128 virtutibus
709 2097 795 2127 sunt
823 2090 1007 2127 mortalia.
1037 2090 1139 2138 Ergo
1167 2090 1280 2129 etiarn
1307 2102 1433 2138 neque

372 2143 494 2180 facere
531 2143 709 2180 iniustum
746 2155 899 2191 semper
932 2150 987 2180 est
1022 2150 1223 2191 peccatum
1261 2144 1432 2181 mortale.

425 2197 500 2233 SED
535 2207 700 2243 CONTRA,
730 2195 919 2244 quidquid
946 2203 1003 2233 est
1037 2203 1168 2233 contra
1204 2197 1327 2244 legem
1361 2196 1434 2234 Dei

373 2256 427 2285 est
454 2256 655 2297 peccatum
684 2249 856 2286 mortale.
887 2249 965 2286 Sed
997 2249 1231 2298 quicumque
1264 2249 1351 2287 facit
1377 2249 1433 2287 in-

371 2302 511 2339 iustum
540 2302 628 2338 facit
655 2309 786 2338 contra
822 2309 1068 2350 praeceptum
1103 2302 1194 2350 legis
1222 2302 1313 2339 Dei:
1343 2302 1432 2351 quia

370 2355 432 2391 vel
462 2354 652 2392 reducitur
679 2355 727 2391 ad
756 2355 910 2401 furtum,
931 2355 995 2391 vel
1023 2355 1073 2391 ad
1101 2355 1341 2402 adulterium,
1369 2356 1432 2392 vel

371 2407 419 2445 ad
446 2407 709 2454 homicidium,
729 2408 791 2444 vel
817 2407 866 2444 ad
894 2407 1035 2456 aliquid
1063 2407 1294 2454 huiusmodi,
1314 2416 1358 2446 ut
1385 2421 1430 2444 ex

513 1117 553 1134 s«

522 1140 537 1150 ›-

525 1152 534 1161 .,

370 2460 615 2508 sequentibus
634 2460 654 2482 ’¹‘
681 2459 834 2508 patebit.
864 2460 967 2508 Ergo
996 2460 1228 2509 quicumque
1262 2460 1348 2498 facit
1375 2461 1430 2498 in-

369 2513 508 2550 iustum
537 2520 670 2562 peccat
697 2512 915 2550 mortaliter.

423 2643 451 2676 α)
473 2643 666 2674 Quaecumque.
678 2656 698 2661 -
717 2642 880 2674 Quicumque
898 2642 1027 2667 PBDGIa.

424 2678 449 2711 β)
469 2678 587 2703 verbum.
598 2692 617 2696 -
636 2677 702 2702 illud
720 2678 828 2702 verbum
846 2677 875 2702 P.

1548 1091 1773 1127 Ruspounuo
1792 1102 1976 1129 DICENDUM
1995 1093 2111 1140 quod,
2128 1092 2224 1130 sicut
2242 1105 2356 1142 supra
2370 1094 2390 1116 '¹‘
2409 1094 2554 1132 dictum

1495 1150 1550 1179 est
1578 1155 1665 1179 cum
1686 1144 1733 1180 de
1763 1143 1973 1181 differentia
1992 1153 2237 1194 peccatorum
2262 1154 2447 1194 ageretur,
2467 1159 2555 1196 pec-

1494 1202 1621 1232 catum
1650 1197 1809 1233 mortale
1830 1204 1885 1233 est
1912 1199 2018 1246 quod
2038 1199 2285 1236 contrariatur
2313 1199 2466 1247 caritati,
2486 1212 2556 1248 per

1493 1260 1610 1296 quam
1640 1255 1695 1284 est
1723 1248 1873 1286 animae
1900 1250 1991 1287 vita.
2021 1251 2149 1287 Omne
2179 1259 2306 1288 autem
2343 1265 2555 1290 nocumen-

1492 1307 1573 1336 tum
1603 1300 1707 1337 alteri
1734 1301 1879 1339 illatum
1908 1315 1954 1339 ex
1982 1315 2023 1339 se
2053 1304 2195 1341 caritati
2223 1313 2423 1353 repugnat,
2454 1318 2554 1355 quae

1493 1361 1625 1390 movet
1653 1353 1702 1390 ad
1738 1355 1948 1391 volendum
1983 1355 2130 1393 bonum
2160 1357 2322 1395 alterius.
2361 1359 2411 1395 Et
2443 1359 2552 1407 ideo,

1493 1417 1581 1442 cum
1600 1405 1776 1443 iniustitia
1804 1419 1956 1455 semper
1976 1408 2155 1445 consistat
2182 1409 2220 1445 in
2248 1419 2482 1448 nocumento
2502 1412 2553 1448 al-

1491 1459 1618 1505 terius,
1648 1459 1890 1497 manifestum
1919 1468 1976 1497 est
2003 1462 2108 1509 quod
2143 1461 2269 1499 facere
2296 1463 2479 1503 iniustum
2500 1476 2553 1503 ex

1491 1524 1629 1559 genere
1658 1524 1728 1548 suo
1759 1520 1814 1549 est
1840 1521 2041 1561 peccatum
2071 1515 2245 1552 mortale.
2527 1527 2538 1553 ,·

1543 1568 1602 1602 AD
1631 1576 1768 1602 Paruum
1787 1577 1885 1603 ERGO
1915 1578 2100 1604 mcENDUM
2127 1567 2234 1616 quod
2251 1568 2416 1605 verbum
2431 1566 2448 1598 β
2465 1566 2554 1617 Phi·-

1490 1617 1640 1666 losophi
1667 1617 1879 1665 intelligitur
1905 1619 1954 1656 de
1981 1620 2192 1667 ignorantia
2219 1620 2316 1668 facti,
2332 1632 2451 1670 quam
2467 1619 2555 1672 ipse

1489 1677 1602 1707 vocat
1621 1670 1640 1691 ’¹‘
1667 1670 1926 1720 ignorantiam
1943 1672 2234 1720 particularium
2254 1674 2552 1720 circumstantia-

1489 1735 1588 1769 rum,
1609 1735 1707 1772 quae
1727 1731 1894 1761 meretur
1920 1725 2096 1762 veniam:
2125 1727 2205 1763 n'on
2224 1734 2352 1764 autem
2376 1727 2425 1764 de
2443 1727 2552 1776 ignoff

1489 1776 1608 1813 rantia
1636 1775 1737 1822 iuris,
1759 1789 1858 1824 quae
1887 1789 1967 1814 non
1994 1786 2160 1816 excusat.
2190 1779 2267 1826 Qui
2286 1786 2415 1817 autem
2444 1780 2551 1828 igno·-

1489 1841 1576 1866 rans
1603 1829 1690 1866 facit
1717 1829 1915 1876 iniustum,
1944 1842 2023 1868 non
2051 1831 2138 1868 facit
2165 1831 2347 1879 iniustum
2383 1833 2455 1870 nisi
2482 1845 2552 1882 per

1488 1881 1676 1928 accidens,
1696 1889 1738 1918 ut
1765 1894 1880 1931 supra
1898 1882 1918 1904 '¹‘
1946 1883 2087 1920 dietum
2117 1891 2184 1921 est.

2668 1121 2675 1132 ‚
2680 1111 2793 1134 qmuxn,

2617 1104 2666 1159 «ἰωῇ

2672 1578 2689 1613 β

2578 1685 2589 1697 ·
2602 1685 2679 1708 m.
2693 1686 2733 1708 nb.
2747 1686 2788 1714 m,

2577 1717 2658 1762 3⁸5²?ss
2667 1718 2789 1761 war·

2576 1894 2588 1906 ⁸
2600 1894 2652 1916 Art.
2666 1899 2687 1916 2.

1539 1936 1598 1971 An
1627 1946 1816 1972 SECUNDUM
1845 1947 2030 1974 mcENDuM
2050 1937 2156 1986 quod
2180 1937 2240 1974 ille
2269 1937 2333 1986 qui
2363 1937 2402 1975 in
2420 1925 2550 1986 parvis
2601 1957 2607 1961 ·

1487 1987 1574 2024 facit
1600 1987 1838 2035 iniustitiam,
1868 1988 1995 2026 deficit
2020 2002 2044 2026 a
2081 1990 2249 2038 perfecta
2287 1989 2432 2027 ratione
2467 1990 2552 2034 'eius

1487 2040 1592 2088 quod
1620 2047 1676 2077 est
1702 2040 1884 2078 iniustum
1912 2041 2054 2090 facere,
2084 2042 2310 2092 inquantum
2337 2050 2464 2091 potest
2489 2055 2550 2084 rer

1485 2092 1608 2141 putari
1636 2106 1715 2133 non
1744 2106 1827 2130 esse
1855 2094 2012 2132 omnino
2042 2102 2173 2133 contra
2200 2095 2438 2133 voluntatem
2468 2096 2550 2137 eius

1486 2145 1550 2194 qui
1585 2146 1662 2183 hoc
1698 2146 1857 2195 patitur:
1886 2154 1977 2196 puta
2014 2147 2045 2184 si
2082 2148 2229 2186 auferat
2265 2147 2406 2197 aliquis
2437 2149 2550 2195 alicuj

1484 2210 1605 2236 unum
1624 2211 1789 2247 pomum
1816 2199 1879 2237 vel
1898 2199 2040 2249 aliquid
2068 2201 2153 2248 tale,
2175 2201 2224 2238 de
2243 2212 2322 2249 quo
2348 2201 2549 2250 probabile

1484 2251 1531 2289 sit
1544 2256 1559 2280 Υ
1578 2252 1685 2299 quod
1704 2252 1764 2290 ille
1782 2252 1871 2290 inde
1891 2265 1971 2290 non
1990 2253 2172 2301 laedatur,
2192 2265 2267 2291 nec
2284 2253 2320 2291 ei
2338 2253 2549 2302 displiceat.

1537 2306 1596 2341 An
1624 2317 1785 2342 marum
1813 2317 1997 2343 mcuunuu
2025 2306 2132 2355 quod
2159 2314 2316 2355 peccata
2343 2318 2442 2355 quae
2461 2314 2551 2354 sum

1485 2364 1616 2395 contra
1644 2358 1735 2395 alias
1763 2358 1920 2395 virtutes
1949 2370 2028 2395 non
2056 2370 2210 2408 semper
2242 2366 2331 2396 sunt
2362 2359 2403 2397 in
2429 2371 2549 2397 nocu-

1484 2418 1657 2447 mentum
1686 2411 1856 2458 asterius,
1886 2411 1953 2448 sed
1987 2411 2195 2461 important
2229 2410 2549 2452 inordinationem

1483 2463 1679 2510 quandam
1718 2463 1816 2500 circa
1851 2464 2050 2512 passiones
2085 2466 2288 2502 humanas.
2318 2464 2431 2502 Unde
2469 2477 2549 2503 non

1484 2522 1540 2552 est
1567 2515 1698 2553 similis
1725 2516 1833 2553 ratio.

1538 2645 1566 2678 γ)
1584 2645 1628 2670 ait.
1641 2659 1660 2665 -
1677 2650 1717 2671 est
1735 2646 1782 2671 Pa.

1047 2756 1377 2790 Commentaria
1401 2758 1650 2792 cardinalis
1672 2759 1871 2792 Caietam·

373 2847 420 2909 lu
447 2836 579 2867 articulo
603 2842 732 2877 quarm,
757 2836 882 2867 omissis
905 2836 1010 2876 primo
1030 2843 1060 2867 et
1083 2837 1189 2873 tertio,
1213 2837 1347 2874 adverte,
1372 2848 1429 2869 no-

1483 2838 1561 2869 tiam
1583 2839 1777 2879 quandoque
1801 2849 1946 2870 excusare
1970 2847 2000 2871 et
2023 2841 2217 2881 quandoque
2241 2851 2325 2878 non,
2350 2841 2445 2872 etiam
2473 2841 2547 2872 dato

399 2880 483 2916 vitie‚
505 2880 594 2920 quod
611 2880 786 2911 universale
801 2880 923 2911 dictum
937 2881 1066 2918 litterae,
1084 2881 1199 2912 scilicet
1218 2882 1306 2922 quod
1313 2882 1431 2923 facere
1484 2883 1574 2923 quod
1595 2882 1649 2914 fiat
1672 2883 1810 2914 notabile
1830 2891 2071 2916 nocumentum.
2096 2884 2262 2925 Contingit
2284 2885 2380 2916 etiam
2402 2885 2549 2927 quando-

369 2926 520 2955 iniustum
545 2929 591 2954 est
614 2934 655 2955 ex
677 2934 735 2955 suo
753 2934 874 2965 genere
891 2930 1059 2965 peccatum
1084 2926 1231 2963 mortale,
1255 2925 1429 2966 intelligen-

370 2969 448 2998 dum
472 2975 518 2998 est
540 2968 579 2998 de
602 2967 702 2999 facere
717 2968 872 2999 iniustum
895 2968 1078 2999 formaliter.
1103 2969 1242 3007 Quando
1258 2976 1365 3000 autem
1388 2970 1431 3000 fa-

1483 2937 1547 2967 que
1571 2933 1802 2958 nocumentum
1826 2928 1867 2958 ob
1891 2928 2077 2969 parvitatem
2100 2928 2229 2959 reddere
2252 2928 2380 2969 culpam
2403 2924 2550 2970 imperfe-

1485 2978 1584 3007 ctam,
1609 2971 1765 3002 venialem
1795 2971 1926 3003 scilicet:
1958 2978 1994 3003 ut
2020 2972 2054 3003 in
2084 2972 2204 3003 iniuriis
2227 2973 2398 3004 verborum
2426 2972 2491 3004 acci

370 3022 438 3042 cere
452 3012 606 3042 iniustum
629 3012 830 3043 materialiter
849 3013 888 3044 sit
911 3019 1076 3053 peccatum
1093 3013 1225 3044 mortale
1249 3020 1279 3044 et
1301 3015 1430 3055 quando
1485 3015 1576 3052 Quae
1591 3022 1621 3046 et
1639 3015 1786 3055 superius
1801 3015 1818 3035 '¹‘
1840 3015 1872 3046 in
1895 3022 2026 3047 tractatu
2049 3017 2088 3047 de
2110 3017 2297 3057 ignorantia,
2313 3024 2344 3048 et
2367 3017 2498 3048 iuferius

370 3066 446 3106 non,
462 3062 598 3106 oportet,
618 3065 654 3106 εξ
669 3062 756 3095 parte
772 3056 923 3093 facientis,
936 3067 1066 3107 eausam
1080 3066 1227 3108 pensare,
1243 3065 1274 3089 et
1286 3067 1329 3108 'ex
1344 3065 1431 3098 parte
1483 3059 1516 3089 in
1532 3058 1878 3110 specialibus-peccatis
1894 3067 1970 3092 nota
1985 3067 2087 3092 erunt.
2112 3061 2202 3098 Quae
2226 3067 2333 3092 tamen
2357 3061 2408 3093 hic
2424 3059 2547 3093 Auctor:
2571 3074 2593 3094 a.
2603 3058 2783 3117 eda-311⁸?

370 3107 525 3140 patientis,
542 3106 750 3140 quanutatem
773 3107 966 3131 nocumenti.
992 3101 1158 3141 Contingit
1177 3111 1262 3132 enlm
1284 3112 1431 3142 1gn0ran-
1457 3104 1460 3142 1
1484 3112 1517 3133 1n
1538 3104 1797 3143 responsrombus
1821 3105 1859 3134 ad
1884 3104 2102 3144 argumenta*
2124 3110 2222 3136 notat.
2649 3109 2684 3151 ,,“
2709 3110 2715 3123 ·
2762 3100 2783 3124 ³·

2537 2995 2549 3004 ·
2573 2987 2784 3017 *1⁸n··,qn.1.xxv=‚

2573 3018 2615 3037 ιη.
2630 3021 2651 3043 ³·

2572 3043 2594 3054 '⁸
2603 3042 2722 3070 Qmuxu
2741 3045 2784 3064 m.

2571 3100 2602 3117 Lx

2573 3121 2626 3150 'Av
2679 3126 2692 3143 ε
