2860 4244
171 1526 181 1534 ⁴
196 1524 223 1544 b.
239 1530 288 1551 ¹175·

173 1946 181 1955 ⁸
197 1944 253 1972 Cap.
270 1951 318 1966 vm.

172 2466 181 2474 ⁵
198 2465 332 2486 Eadmerus.

174 2493 193 2502 ⁸·
209 2491 263 2518 Cap.
279 2497 327 2512 vui.

412 289 484 323 252

466 366 499 402 3.
520 365 750 410 PRAETEREA,
779 369 913 399 votum
944 360 1198 397 necessarium
1229 366 1283 395 est
1310 358 1360 395 ad
1392 359 1466 395 hoc

411 417 516 466 quod
552 417 723 453 firmetur
750 416 925 451 voluntas
954 413 1117 449 hominis
1154 412 1200 448 ad
1240 423 1319 447 rem
1348 422 1464 462 quam

410 477 538 516 vovet,
568 476 608 505 ut
627 480 739 517 supra
759 467 779 489 ’¹‘
805 466 975 503 habitum
1007 472 1072 501 est
1103 464 1180 503 Sed
1209 476 1286 500 non
1312 460 1465 511 magis⁴²
1491 490 1493 520 ζ

410 530 533 571 potest
547 520 688 558 firmari
702 521 877 556 voluntas
897 519 945 555 ad
960 517 1100 566 aliquid
1119 516 1334 554 faciendum
1349 528 1465 565 quam

411 587 498 611 cum
526 582 612 611 actu
640 573 726 609 facit
744 572 844 608 illud.
875 572 976 618 Ergo
997 581 1072 607 non
1103 569 1238 606 melius
1267 577 1322 606 est
1341 569 1465 606 facere

410 627 550 675 aliquid
579 638 665 662 cum
694 633 785 661 voto
814 635 929 672 quam
959 623 1038 659 sine
1065 630 1171 659 voto.

464 680 537 716 SED
557 689 700 715 CONTRA
723 688 789 714 Es‘r
808 677 912 725 quod
932 687 1045 725 super
1063 675 1151 714 illud
1172 675 1311 715 Psalm.
1334 675 1366 722 ¹²,
1394 675 1463 712 Vo-

408 738 488 768 vete
514 737 549 768 et
575 731 728 770 reddite,
759 729 846 766 dicit
875 729 1011 766 Glossa
1029 728 1074 764 *ε
1108 721 1257 766 Vovere'
1284 727 1468 771 voluntati>

409 784 622 821 consulitur.
653 772 730 820 Sed
750 780 962 820 consilium
976 794 1054 818 non
1081 790 1135 819 est
1154 780 1224 819 nisi
1245 780 1291 818 de
1318 780 1465 818 meliori
1490 775 1492 785 '

409 838 523 873 bono.
554 837 655 883 Ergo
676 824 810 872 melius
831 843 886 871 est
905 835 1026 872 facere
1043 834 1197 883 aliquod
1218 834 1352 871 melius
1367 845 1465 882 opus
1490 827 1492 888 ff

1491 889 1492 894 ’
1520 894 1574 923 est
1599 885 1846 933 intelligenda
1863 886 1909 922 de
1929 886 2150 922 necessitate
2171 886 2398 933 coactionis,
2408 890 2518 934 quae
2525 885 2580 922 in-

410 902 453 926 ex
472 896 564 925 voto
585 900 699 937 quam
720 888 800 925 sine
819 895 928 925 voto.
955 887 1042 937 quia
1060 888 1126 936 qui
1146 887 1232 924 facit
1260 887 1339 923 sine
1358 894 1463 933 voto,

409 943 539 991 implet
573 949 717 991 tantum
757 953 875 979 unum
915 940 1135 988 consilium,
1165 940 1304 976 scilicet
1338 940 1384 977 de
1413 940 1465 976 fa—

409 995 560 1040 ciendo;
599 994 664 1043 qui
691 988 839 1032 autem
849 993 935 1031 facit
964 1006 1050 1031 cum
1080 1001 1194 1033 voto
1229 993 1360 1042 implet
1388 993 1464 1030 duo

410 1047 575 1094 consilia,
605 1047 743 1084 scilieet
773 1055 808 1084 et
835 1047 1016 1085 vovendo
1047 1055 1082 1083 et
1110 1046 1298 1083 faciendo.

461 1102 686 1137 RESPONDEO
705 1112 888 1138 DICENDUM
908 1100 1014 1147 quod
1033 1099 1165 1148 triplici
1184 1099 1327 1136 ratione
1342 1099 1465 1135 facere

408 1154 509 1190 idem
540 1166 637 1202 opus
664 1166 750 1189 cum
777 1161 870 1190 voto
900 1161 954 1190 est
982 1153 1116 1189 melius
1146 1160 1181 1188 et
1209 1151 1329 1199 magis
1356 1151 1466 1187 meri-

407 1206 547 1243 torium
576 1218 691 1254 quarn
725 1206 848 1243 facere
877 1206 954 1242 sine
983 1213 1088 1242 voto.
1121 1205 1260 1242 ‘Primo
1295 1204 1464 1252 quidem,

409 1258 495 1308 quia
514 1271 669 1306 vovere,
700 1259 794 1296 sicut
813 1259 956 1296 dictum
977 1266 1031 1295 est
1048 1257 1079 1304 ²²²,
1109 1265 1164 1295 est
1192 1265 1296 1295 actus
1324 1257 1463 1303 latriae,

408 1323 507 1360 quae
537 1319 591 1348 est
615 1311 817 1361 praecipua
844 1312 939 1348 inter
956 1311 1112 1347 virtutes
1140 1309 1316 1347 morales.
1347 1308 1465 1346 Nobi-

408 1365 509 1402 lioris
547 1372 673 1401 autem
702 1364 847 1400 virtutis
885 1372 941 1400 est
977 1376 1074 1412 opus
1112 1362 1248 1399 melius
1282 1369 1318 1398 et
1346 1361 1465 1409 magis

407 1417 652 1454 meritorium.
682 1417 792 1454 Unde
813 1424 917 1454 actus
941 1416 1126 1453 inferioris
1145 1415 1291 1452 virtutis
1311 1422 1367 1451 est
1386 1426 1465 1451 me-

407 1471 477 1507 lior
505 1477 541 1506 et
568 1470 686 1517 magis
715 1470 931 1507 meritorius
960 1482 1003 1506 ex
1032 1470 1106 1506 hoc
1126 1468 1231 1517 quod
1259 1468 1466 1517 imperatur
1491 1488 1493 1500 ·

407 1536 429 1560 a
448 1522 632 1573 superiori
649 1522 786 1559 virtute
799 1522 830 1569 ³¹⁶,
847 1523 953 1560 cuius
973 1530 1077 1560 actus
1096 1522 1140 1559 fit
1156 1534 1226 1571 per
1244 1520 1463 1570 imperium:

407 1577 502 1612 sicut
529 1584 634 1612 actus
662 1575 751 1612 fidei
770 1576 832 1613 vel
851 1575 932 1624 spei
961 1576 1095 1613 melior
1124 1583 1179 1612 est
1206 1574 1236 1611 si
1259 1574 1466 1623 imperetur

408 1642 430 1665 a
459 1629 620 1665 caritate.
658 1630 707 1665 Et
733 1629 819 1665 ideo
849 1636 953 1665 actus
986 1629 1143 1666 aliarum
1170 1627 1353 1665 virtutum
1383 1639 1466 1664 mo-

408 1682 553 1728 ralium,
575 1689 666 1731 puta
685 1682 863 1729 ieiunare,
880 1682 986 1730 quod
1006 1690 1062 1719 est
1081 1688 1185 1718 actus
1205 1680 1464 1727 abstinentiae,

409 1742 444 1771 et
460 1734 662 1781 continere,
679 1735 783 1783 quod
804 1742 860 1771 est
879 1742 982 1772 actus
998 1734 1183 1781 castitatis,
1204 1740 1290 1770 sunt
1309 1733 1467 1770 meliora

408 1796 445 1831 et
473 1788 591 1836 magis
620 1787 811 1825 meritoria
835 1787 865 1824 si
887 1788 980 1825 fiant
1000 1801 1044 1825 ex
1063 1795 1174 1824 voto:
1204 1786 1294 1836 quia
1317 1786 1369 1824 sic
1388 1786 1465 1824 iarn

408 1841 595 1889 pertinent
614 1841 662 1878 ad
682 1841 853 1878 divinum
881 1841 1034 1884 cultum,
1055 1839 1163 1888 quasi
1183 1839 1373 1888 quaedam
1392 1839 1466 1876 Dei

409 1894 603 1930 sacrificia.
632 1894 743 1931 Unde
762 1893 993 1941 Augustinus
1013 1893 1112 1940 dicit,
1140 1893 1179 1929 in
1205 1892 1300 1929 libro
1321 1893 1366 1929 de
1386 1893 1467 1930 Vir-

407 1947 562 1996 ginitate
579 1947 610 1994 ⁹¹²,
641 1947 746 1994 quod
775 1959 893 1995 neque
915 1947 994 1996 ipsa
1022 1946 1220 1996 virginitas
1239 1946 1328 1994 quia
1350 1946 1467 1995 virgi·
1492 1971 1494 1982 ι

410 2000 505 2036 nitas
532 2006 604 2046 est,
633 2000 699 2036 sed
727 1999 815 2048 quia
843 2001 925 2038 Deo
960 2000 1082 2037 dicata
1102 1997 1117 2028 β
1144 2004 1210 2044 est,
1239 1999 1467 2042 honoratur;

409 2065 521 2101 quam
539 2054 651 2101 fovet
676 2058 712 2089 et
736 2058 861 2090 servat
887 2052 1111 2090 continentia
1132 2051 1291 2100 pietatis.

462 2106 659 2152 Secundo,
689 2105 780 2154 quia
807 2105 866 2142 ille
895 2106 960 2154 qui
988 2113 1107 2142 vovet
1134 2104 1275 2154 aliquid
1304 2111 1343 2140 et
1367 2104 1464 2152 facit,

408 2160 493 2207 plus
521 2171 560 2195 se
588 2159 673 2195 Deo
702 2158 850 2195 subiicit
879 2170 994 2207 quam
1022 2158 1081 2195 ille
1109 2157 1175 2205 qui
1210 2157 1335 2194 solum
1368 2157 1465 2194 facit.

411 2211 564 2248 Subiicit
601 2211 703 2248 enim
741 2223 781 2248 se
809 2212 894 2248 Deo
923 2224 1002 2249 non
1037 2211 1162 2248 solum
1195 2217 1380 2258 quantum
1418 2210 1467 2247 ad

410 2271 552 2311 actum,
582 2265 648 2302 sed
678 2264 790 2301 etiam
819 2271 1004 2312 quantum
1033 2264 1083 2301 ad
1109 2270 1349 2313 potestatem,
1379 2262 1467 2312 quia

410 2319 457 2355 de
495 2324 620 2354 cetero
658 2329 736 2354 non
773 2325 898 2366 potest
930 2317 1032 2355 aliud
1066 2317 1212 2354 facere:
1251 2316 1346 2354 sicut
1382 2317 1467 2364 plus

411 2370 516 2407 daret
543 2370 689 2407 homini
717 2370 781 2418 qui
810 2370 916 2407 daret
948 2370 981 2406 ei
1010 2370 1186 2407 arborem
1225 2381 1314 2407 cum
1342 2369 1467 2406 fructi-

410 2423 481 2459 bus
510 2435 627 2471 quam
656 2423 720 2470 qui
749 2423 855 2459 daret
882 2423 916 2459 ei
944 2423 1084 2459 fructus
1112 2430 1280 2469 tanturn,
1309 2430 1351 2458 ut
1380 2422 1467 2459 dicit

409 2477 613 2513 Anselmus
631 2475 662 2521 *‚
684 2475 721 2511 in
749 2475 844 2512 libro
872 2476 917 2512 de
945 2475 1140 2512 Similitud.
1160 2475 1201 2497 ²⁸*
1229 2476 1278 2511 Et
1296 2475 1384 2512 inde
1413 2482 1468 2511 est

462 2590 489 2621 α)
510 2590 603 2622 magis.
617 2602 635 2606 —
654 2589 746 2614 melius
765 2594 825 2621 post
836 2589 946 2622 firmari
966 2588 1011 2613 Pa.

464 2625 488 2658 β)
509 2625 607 2650 dicata.
620 2638 639 2644 -
657 2624 780 2649 dedicata
800 2623 967 2654 PCDEHLa;
987 2631 1034 2655 pro
1053 2627 1152 2652 servat,
1171 2627 1311 2648 conservat
1329 2623 1385 2647 Psc
1399 2628 1424 2648 et
1441 2630 1467 2648 a.

1022 281 1286 328 QUAESTIO
1317 280 1887 327 LXXXV111,ART1CULUS
1915 282 1964 317 VI

1522 358 1627 406 quod
1663 359 1800 399 etiam
1812 359 2117 429 promittentibus
2153 358 2293 406 gratiae
2331 366 2510 434 aguntur,
2539 367 2579 422 ut

1521 410 1662 448 dictum
1693 419 1759 448 est
1758 413 1806 448 *ζ
2531 430 2533 433 ·

1573 460 1725 512 Tertio,
1755 459 1844 512 qui'a
1871 474 1939 513 per
1967 471 2100 500 votum
2133 460 2376 507 immobiliter
2394 451 2579 514 voluntas

1517 516 1691 557 firmatur
1714 493 1756 554 in
1777 517 1935 562 bonum.
1965 516 2107 554 Facere
2127 524 2255 554 autem
2283 508 2449 564 aliquid
2439 527 2491 553 ex
2510 529 2578 561 vo-

1518 569 1660 606 luntate
1686 570 1838 607 firmata
1866 569 1904 607 in
1933 571 2078 607 bonum
2113 569 2274 618 pertinet
2303 569 2353 607 ad
2381 557 2580 617 perfectio-2

1490 630 1492 664 ς
1519 634 1607 659 nem
1635 621 1804 671 Virtutis,
1819 630 1875 659 ut
1905 630 2008 671 patet
2043 634 2112 671 per
2147 622 2440 670 Philosophum,
2477 621 2518 658 in
2546 623 2578 659 H

1490 689 1492 700 ¹
1517 674 1636 713 Ethic.
1657 674 1696 710 *.
1735 651 1830 711 sicut
1852 675 1971 712 etiam
2004 687 2164 725 peccare
2201 681 2328 712 mente
2358 674 2546 711 obstinata
2559 679 2581 703 Ὺ

1519 734 1697 776 aggravat
1724 723 1941 780 peceatum,
1971 731 2007 770 et
2036 727 2169 773 dicitur
2194 733 2396 780 peccatum
2428 726 2467 764 in
2487 727 2579 784 Spi3

1519 779 1631 817 ritum
1662 780 1858 828 Sanctum,
1887 788 1929 817 ut
1951 793 2070 829 supra
2088 780 2108 802 ³³
2134 780 2279 828 dictum
2307 789 2476 818 est..
2501 815 2503 821 ,

1572 835 1633 870 AD
1658 844 1795 870 ptumum
1818 844 1916 871 Eae-o
1945 845 2136 872 D1CENDUM
2151 826 2260 882 quod
2288 833 2490 872 auotoritas
2514 812 2579 872 illa

1518 938 1775 976 voluntarium
1797 946 1924 978 causat
1944 942 1980 975 et
2000 938 2259 976 devotionem
2266 938 2439 975 excludit.
2466 933 2579 976 Unde

1491 994 1492 1007 ¹
1520 992 1709 1040 signanter
1729 991 1830 1028 dicit:
1860 991 1923 1028 Ne
1942 993 2017 1028 iam
2044 1003 2118 1028 non
2137 991 2270 1043 devoti,
2290 992 2356 1039 sed
2377 991 2484 1035 inviti
2499 1002 2579 1028 rem

1518 1045 1773 1082 voluntariam
1789 1044 1999 1093 jaciamus.
2028 1044 2245 1083 Necessitas
2272 1051 2403 1090 autem
2420 1042 2505 1090 voti
2524 1052 2580 1082 est

1519 1110 1588 1147 per
1614 1096 1989 1135 immutabilitatem⁶
2018 1097 2238 1135 voluntatis:
2267 1088 2370 1135 unde
2391 1104 2428 1134 et
2445 1085 2580 1137 volun-

1491 1193 1493 1195 ,
1519 1159 1634 1188 tatem
1673 1151 1876 1188 confirmat
1911 1158 1948 1187 et
1976 1151 2221 1187 devotionem
2249 1157 2372 1197 auget.
2411 1150 2460 1186 Et
2491 1149 2580 1210 ideo

1491 1242 1493 1244 ,
1519 1203 1613 1241 ratio
1642 1216 1720 1240 non
1749 1203 2577 1253 sequitur.

1571 1259 1630 1294 Ab
1650 1266 1840 1294 SECUNDUM
1857 1256 2043 1301 'mcENbuM
2062 1256 2168 1305 quod
2197 1254 2399 1292 necessitas
2419 1252 2581 1297 coactio-³

1519 1308 1587 1355 nis,
1617 1308 1842 1357 inquantum
1872 1310 1926 1345 est
1955 1309 2141 1355 contraria
2168 1308 2367 1356 voluntati,
2396 1306 2579 1357 tristitiam

1519 1368 1666 1407 causat,
1714 1361 1927 1399 secundum
1973 1361 2251 1420 Philosophum
2286 1362 2317 1399 *.
2358 1337 2581 1402 Necessitas

1491 1425 1493 1437 ¹
1519 1421 1645 1450 autem
1675 1413 1755 1450 voti
1790 1413 1828 1450 in
1866 1413 1925 1450 his
1953 1413 2018 1461 qui
2051 1422 2139 1450 sunt
2173 1415 2273 1451 bene
2302 1414 2491 1462 dispositi,
2519 1414 2580 1450 in·-

1519 1474 1704 1526 quantum
1732 1467 1968 1503 voluntatem
2005 1467 2225 1514 confirmat,
2255 1478 2334 1503 non
2362 1473 2492 1503 causat
2518 1466 2581 1503 tri·

1519 1519 1669 1566 stitiam,
1690 1520 1757 1556 sed
1785 1519 1978 1568 gaudium.
2009 1519 2120 1556 Unde
2147 1519 2381 1568 Augustinus
2410 1519 2514 1568 dicit,
2543 1515 2581 1556 iii

1520 1573 1678 1622 epistola
1705 1572 1757 1609 ad
1773 1573 2058 1614 Armentarium
2087 1578 2123 1609 et
2139 1572 2340 1614 Paulinam
2358 1571 2398 1608 *a
2426 1570 2519 1619 Non
2547 1564 2582 1611 te

1519 1627 1664 1663 vovisse
1685 1626 1894 1674 poeniteat.-
1923 1626 2038 1663 immo
2065 1626 2193 1675 gaude
2229 1626 2306 1663 iam
2334 1625 2400 1662 tibi
2424 1626 2478 1663 sic
2498 1637 2580 1666 non

1519 1680 1630 1716 licere
1657 1678 1758 1727 quod
1783 1690 1868 1715 cum
1897 1684 1959 1715 tuo
1987 1679 2206 1715 detrimento
2235 1678 2403 1715 licuisset.
2520 1701 2522 1705 ·
2544 1692 2578 1709 ω

1574 1732 1612 1769 Si
1641 1740 1770 1768 tamen
1798 1732 1924 1781 ipsum
1952 1743 2070 1780 opus,
2100 1731 2312 1768 secundum
2341 1742 2381 1768 se
2410 1730 2583 1768 conside-

1521 1792 1664 1833 ratum,
1693 1784 1795 1822 triste
1834 1791 1870 1821 et
1903 1783 2203 1823 involuntarium
2240 1783 2474 1835 redderetur
2495 1780 2583 1843 post

1519 1847 1667 1885 votum,
1689 1838 1781 1875 dum
1801 1845 1930 1875 tamen
1949 1845 2145 1875 remaneat
2162 1837 2342 1877 voluntas
2357 1829 2493 1874 votum
2512 1836 2582 1885 im-

1520 1891 1660 1951 plendi,
1681 1891 1807 1928 adhuc
1827 1898 1883 1928 est
1910 1891 2030 1938 magis
2058 1889 2296 1928 meritorium
2321 1901 2438 1938 quam
2466 1889 2497 1927 si
2515 1889 2582 1929 fie-

1521 1952 1576 1981 ret
1603 1944 1683 1981 sine
1710 1951 1824 1981 voto:
1855 1944 1944 1992 quia
1972 1943 2142 1992 impletio
2170 1942 2251 1980 voti
2285 1950 2341 1980 est
2367 1950 2491 1979 actus
2501 1941 2583 1979 reli*-

1520 1997 1666 2057 gionis,
1674 2009 1772 2045 quae
1802 2004 1857 2033 est
1873 1996 2010 2056 potior
2035 1996 2155 2034 virtus
2183 2007 2300 2046 quam
2328 1995 2581 2042 abstinentia,

1521 2051 1627 2088 cuius
1656 2058 1760 2087 actus
1790 2057 1845 2088 est
1871 2049 2050 2087 ieiunare.

1573 2105 1632 2140 An
1651 2115 1811 2140 TERTmM
1830 2115 2018 2140 DICENDUM
2045 2098 2150 2152 quod
2169 2101 2230 2139 ille
2250 2101 2316 2150 qui
2325 2088 2584 2150 facitsdliquifil

1521 2156 1602 2194 sine
1620 2164 1713 2193 voto
1739 2157 1854 2193 habet
1881 2155 2120 2194 immobilem
2146 2154 2384 2193 voluntatem
2408 2160 2585 2205 respectu

1520 2210 1618 2246 illius
1646 2209 1772 2258 operis
1791 2209 1989 2257 singularis
2016 2209 2122 2258 quod
2140 2207 2239 2255 facit,
2259 2215 2297 2244 et
2314 2215 2419 2245 tunc
2427 2207 2584 2255 quando

1521 2263 1626 2300 facit.
1655 2274 1734 2299 non
1770 2269 1897 2299 autem
1925 2270 2054 2300 manet
2091 2262 2268 2299 voluntas
2307 2260 2387 2299 eius
2424 2259 2584 2302 omnino

1521 2316 1671 2353 firmata
1698 2315 1737 2352 in
1765 2315 1947 2363 futurum,
1969 2315 2063 2352 sicut
2086 2314 2288 2362 voventis,
2294 2313 2359 2362 qui
2387 2324 2496 2351 suam
2515 2305 2587 2350 voa
2618 2315 2690 2356 3¹⁷*
2761 2323 2763 2326 ¹

1520 2370 1703 2406 luntatem
1725 2368 1903 2416 obligavit
1931 2368 1978 2407 ad
2007 2367 2148 2418 aliquid
2171 2366 2388 2405 faciendum
2418 2374 2454 2404 et
2481 2373 2584 2414 anten-

1521 2434 1640 2470 quam
1667 2422 1806 2458 faceret
1833 2421 1924 2458 illud
1946 2421 2133 2469 singulare
2162 2431 2272 2469 opus,
2293 2427 2331 2456 et
2357 2420 2516 2457 fortasse
2536 2418 2585 2458 ad

2514 2477 2577 2501 sti-[ss

2526 2537 2528 2543 r
2549 2528 2575 2545 ts!

1521 2475 1660 2523 pluries
1688 2474 1916 2511 faciendum.

1576 2588 1602 2620 γ)
1622 2587 1764 2612 obstinata.
1777 2602 1795 2607 -
1813 2587 1947 2612 abstinata
1966 2586 2041 2611 ABF.

1577 2622 1601 2654 ὃ)
1621 2626 1660 2648 est
1675 2630 1726 2655 per
1745 2622 1996 2648 immutabilitatem.
2007 2635 2025 2641 —
2040 2629 2091 2653 per
2110 2621 2320 2646 immobilitatem
2332 2621 2370 2654 fit
2386 2620 2432 2645 Pa.

1078 2695 1415 2727 'Commentaria
1439 2693 1690 2726 Gar-dinetus
1713 2692 1912 2725 Caietam

415 2778 461 2840 IN
479 2767 611 2797 articulo
632 2773 718 2797 sexto
742 2766 884 2796 eiusdem
904 2765 1098 2806 quaestionis
1118 2765 1469 2804 octogesimaeoctavae,

442 2818 519 2842 nota
542 2811 640 2851 quod,
665 2820 739 2841 cum
762 2810 793 2840 in
818 2817 931 2850 quarto
955 2809 1087 2840 articulo
1118 2810 1156 2839 de
1180 2809 1313 2842 utilitate
1335 2808 1420 2848 voti<
1441 2814 1472 2839 et
1488 2825 1498 2857 :4

411 2856 442 2886 in
467 2855 579 2895 quinto
611 2855 648 2884 de
678 2854 780 2894 specie
803 2853 952 2884 bonitatis
973 2854 1058 2889 voti,
1083 2853 1116 2883 in
1144 2860 1230 2883 sexto
1259 2852 1470 2893 comparativa

412 2899 587 2930 secundum
603 2898 776 2930 bonitatem
795 2898 939 2939 quaestio
954 2897 1071 2938 agitur:
1097 2907 1137 2927 an
1161 2897 1277 2928 scilicet
1300 2897 1340 2928 sit
1356 2896 1470 2928 melius

412 2953 494 2983 opus
511 2952 585 2973 curn
599 2949 675 2972 voto
695 2952 792 2982 quam
809 2942 885 2972 sine.
910 2942 950 2972 Et
973 2942 1098 2972 additur
1113 2941 1145 2971 in
1167 2941 1270 2978 titulo,
1288 2942 1392 2982 magis
1407 2951 1470 2971 me-

413 2988 575 3017 ritorium:
597 3004 616 3008 —
639 2987 671 3016 in
695 2986 882 3017 habentibus
906 2986 1075 3022 caritatem,
1100 2995 1239 3026 quorum
1263 2985 1469 3016 solummodo
1494 3006 1497 3012 «

413 3041 508 3070 opera
531 3037 604 3060 sunt
626 3030 794 3060 meritoria.

468 3075 503 3104 In
526 3074 731 3114 responsione
755 3074 794 3104 ad
818 3074 993 3104 secundum
1018 3074 1159 3104 eiusdem
1176 3073 1252 3104 sexti
1269 3073 1390 3104 articuli
1413 3073 1470 3103 du-

412 3118 502 3148 bium
517 3117 662 3154 occurrit,
679 3128 719 3148 an
735 3117 786 3147 ille
810 3127 906 3158 quem
930 3117 1070 3157 poenitet
1084 3118 1216 3154 vovisse,
1240 3117 1282 3148 ita
1301 3118 1390 3159 quod
1409 3117 1469 3147 dis-

414 3162 508 3202 plicet
531 3161 559 3191 ei
581 3161 713 3197 vovisse,
738 3168 768 3191 et
791 3161 817 3191 si
845 3168 924 3191 esset
946 3161 979 3191 in
1003 3168 1083 3191 statu
1107 3161 1271 3198 libertatis,
1297 3161 1377 3192 sicut
1407 3168 1470 3192 erat

413 3213 583 3246 antequam
606 3205 752 3240 vovisset,
777 3205 876 3235 nollet
897 3214 1021 3240 vovere,
1046 3214 1082 3235 ex
1105 3215 1170 3245 quo
1195 3211 1300 3236 tamen
1323 3211 1400 3236 voto
1417 3204 1470 3235 ad·

413 3249 582 3289 stringitur,
606 3249 676 3280 vult
697 3258 817 3279 servare
839 3255 953 3279 votum
973 3258 1078 3284 suum,
1103 3255 1225 3288 peccet:
1250 3255 1281 3278 et
1302 3249 1327 3278 si
1351 3255 1469 3289 peccat,

414 3304 454 3324 an
477 3300 584 3334 peccet
606 3293 789 3324 mortaliter.
814 3293 946 3323 Videtur
961 3292 1046 3323 enim
1064 3293 1154 3333 quod
1169 3302 1235 3322 non
1251 3299 1371 3332 peccet:
1395 3292 1471 3332 quia

414 3338 494 3368 velle
517 3348 612 3368 suurn
635 3337 732 3369 fertur
753 3337 786 3368 in
805 3336 966 3368 obiectum
988 3336 1111 3367 licitum
1134 3337 1251 3377 absque
1268 3336 1373 3377 aliqua
1388 3336 1471 3367 mala

416 3381 657 3412 circumstantia.
681 3380 898 3412 Manifestatur
921 3387 1131 3421 assumptum.
1156 3379 1239 3418 Quia
1253 3379 1338 3410 idem
1354 3386 1400 3411 est
1415 3380 1472 3410 ob-

415 3425 532 3456 iectum
554 3425 653 3461 istius,
679 3432 709 3455 et
731 3425 890 3455 obiectum
909 3425 1004 3455 unius
1020 3424 1146 3455 alterius
1169 3433 1235 3454 non
1259 3423 1401 3454 habentis
1416 3433 1472 3454 vo-

415 3476 484 3499 tum
508 3468 563 3509 qui
586 3469 700 3500 refutat
722 3468 859 3509 obligare
878 3479 911 3499 se
924 3475 1018 3499 voto:
1043 3478 1140 3509 quem
1164 3474 1287 3499 constat
1308 3478 1375 3498 non
1398 3477 1471 3508 pec—

418 3522 495 3543 care.
519 3512 697 3543 Differentia
720 3523 857 3553 namque
880 3513 961 3544 inter
980 3513 1057 3543 istos
1074 3513 1156 3543 duos
1178 3522 1245 3543 non
1261 3518 1307 3542 est
1330 3522 1367 3543 ex
1385 3518 1471 3552 parte

418 3556 549 3592 obiecti,
574 3557 628 3586 sed
655 3566 691 3587 ex
714 3563 799 3596 parte
828 3557 916 3587 modi
939 3556 1084 3587 volendi:
1117 3556 1191 3597 quia
1218 3556 1336 3586 habens
1358 3562 1471 3587 votum

418 3600 514 3631 fertur
536 3600 568 3630 in
590 3600 764 3631 libertatem
788 3611 806 3630 a
828 3608 904 3631 voto
929 3601 1189 3637 conditionaliter,
1213 3600 1329 3631 scilicet
1352 3600 1377 3630 si
1392 3606 1471 3630 esset

1524 2764 1556 2794 in
1581 2770 1663 2794 statu
1685 2763 1801 2798 libero;
1828 2772 1892 2793 non
1916 2763 2034 2792 habens
2056 2771 2131 2792 vero
2151 2768 2264 2792 votum
2288 2761 2385 2791 fertur
2407 2760 2440 2790 in
2463 2759 2586 2790 liberta·

1523 2814 1589 2840 tem
1612 2807 1766 2846 absolute,
1791 2807 1866 2847 quia
1890 2813 1936 2837 est
1958 2806 1989 2836 in
2014 2813 2096 2837 statu
2120 2806 2229 2836 libero.

1580 2852 1614 2882 In
1638 2851 1825 2892 oppositum
1849 2857 1956 2881 autern
1980 2857 2026 2881 est
2055 2850 2129 2891 quia
2153 2856 2241 2880 actus
2266 2849 2379 2880 cadens
2403 2857 2498 2888 super
2520 2857 2586 2878 ma-

1523 2895 1599 2927 teria
1622 2902 1816 2935 repugnante
1840 2901 1887 2926 est
1909 2894 2022 2926 malus.
2053 2894 2115 2927 Sed
2137 2900 2226 2925 actus
2249 2889 2433 2934 poenitendi
2455 2892 2488 2922 in
2511 2901 2586 2932 pro-

1523 2940 1629 2980 posito
1653 2939 1735 2970 cadit
1758 2949 1852 2979 super
1876 2938 2006 2970 materia
2030 2944 2240 2978 repugnante,
2265 2937 2340 2978 quia
2370 2945 2465 2977 super
2486 2936 2585 2972 bono,

1523 2984 1641 3015 scilicet
1663 2990 1739 3014 voto
1763 2983 1895 3013 emisso:
1921 2982 2114 3023 poenitentia
2131 2981 2215 3012 enim
2239 2990 2305 3011 non
2329 2980 2422 3011 debet
2440 2989 2506 3010 esse
2526 2979 2586 3010 nisi

1523 3028 1598 3058 mali
1621 3027 1786 3068 praeteriti
1814 3027 1898 3078 Ergo
1921 3026 2086 3057 eiusmodi
2095 3025 2288 3067 poenitentia
2310 3031 2477 3065 peccatum
2493 3030 2549 3055 est.
2566 3041 2585 3047 -

1523 3073 1564 3103 Et
1586 3072 1710 3103 videtur
1732 3071 1821 3123 quod
1845 3071 1884 3102 sit
1906 3071 2050 3101 mortale.
2073 3071 2162 3101 Tum
2181 3069 2256 3111 quia
2275 3079 2311 3099 ex
2330 3068 2415 3099 hoc‘
2407 3078 2478 3109 lpso
2497 3066 2587 3109 quod

1523 3116 1617 3147 habet
1640 3116 1804 3149 materiam
1827 3121 2066 3166 repugnantem,
2091 3121 2138 3145 est
2160 3121 2247 3145 actus
2270 3113 2373 3143 malus
2397 3123 2434 3143 ex
2457 3122 2516 3143 suo
2533 3121 2585 3168 ge·

1523 3170 1607 3191 nere.
1631 3159 1719 3190 Tum
1742 3157 1817 3200 quia
1840 3158 1981 3200 alioquin
2005 3156 2170 3199 religiosus
2194 3157 2306 3188 dolens
2329 3167 2396 3188 esse
2403 3179 2429 3196 ,
2435 3152 2586 3204 funffiiet

1523 3204 1592 3234 fore
1621 3204 1824 3254 religiosum,
1855 3210 1982 3243 paratus
2015 3209 2138 3233 tamen.
2150 3202 2254 3233 vivere
2277 3201 2446 3250 religiose
2460 3191 2586 3277 ,ᾄῖςίῧο

1525 3254 1588 3284 est,
1613 3254 1694 3278 esset
1715 3247 1748 3278 in
1771 3248 1859 3278 bono
1883 3253 1982 3278 statu:
2015 3246 2108 3277 dolor
2131 3246 2218 3278 enim
2240 3246 2298 3278 iste
2329 3244 2409 3278 nihil

1524 3301 1622 3332 quam
1645 3291 1839 3332 poenitentia
1861 3291 1928 3322 voti
1951 3290 2128 3331 religionis,
2153 3300 2230 3323 cum
2250 3289 2414 3321 voluntate
2430 3288 2506 3327 υρυ
2531 3296 2584 3318 vo-

1523 3335 1618 3366 vendi
1641 3335 1827 3376 religionem
1849 3334 1875 3365 si
1899 3341 1979 3366 esset
2000 3334 2088 3366 liber.
2568 3366 2574 3382 x

1580 3379 1617 3410 11.
1641 3379 1692 3410 Ad
1721 3378 1910 3410 evidentiam
1940 3378 2076 3415 horum,
2106 3377 2164 3409 tria
2186 3376 2322 3409 videnda
2343 3353 2434 3408 sunt:
2457 3362 2584 3417 ῥιξυίὀ,

1525 3423 1602 3464 quid
1626 3422 1796 3454 dicendum
1818 3422 1857 3453 sit
1881 3423 1919 3453 de
1945 3421 2139 3463 poenitentia
2158 3421 2225 3453 voti
2248 3418 2412 3456 absolute,-
2432 3416 2583 3455 secundo,

1523 3467 1602 3508 quid
1624 3467 1664 3497 de
1686 3467 1880 3507 poenitentia
1901 3467 1968 3498 voti
1990 3466 2070 3503 talis,
2094 3473 2185 3517 puta
2195 3463 2355 3506 religonis
2377 3463 2431 3494 vel
2450 3462 2585 3504 peregri·

1523 3511 1661 3543 nationis
1674 3510 1706 3548 *ς
1731 3511 1834 3547 tertio,
1857 3511 1935 3552 quid
1959 3511 1998 3541 de
2013 3509 2207 3551 poenitentia
2221 3509 2465 3540 subsecutorum
2480 3507 2584 3539 bono-

1525 3566 1597 3587 rum
1620 3565 1756 3596 operum
1770 3555 1798 3586 *.

1580 3599 1696 3636 Quoad
1720 3599 1870 3640 primurn,
1892 3599 2056 3629 sciendum
2073 3605 2119 3628 est
2141 3596 2230 3638 quod
2253 3595 2340 3627 aliud
2363 3601 2410 3626 est
2431 3594 2521 3635 loqui
2546 3595 2584 3625 de

2575 431 2579 436 ,
2607 409 2683 430 '‘Art.
2699 415 2718 436 5,
2734 409 2762 430 ad
2777 416 2796 431 2.

2683 690 2689 696 .
2705 681 2735 701 tv,
2745 681 2768 698 n.
2778 682 2816 704 3.-
2835 686 2840 689 -

2679 716 2685 722 .
2696 702 2748 723 tect.
2760 708 2789 724 iv.

2608 776 2675 803 'Qu.
2687 783 2733 802 xiv,
2744 781 2786 799 art.
2796 783 2816 798 ².

2609 1370 2618 1379 ·
2627 1369 2682 1391 [Λα.
2693 1369 2732 1391 eit.
2741 1370 2764 1391 in
2771 1376 2819 1398 urg.

2608 1581 2818 1631 811ΞΙ>ὶΙιῐΛίΙΖΧΧνΙῄ

2612 3515 2622 3525 ⁸
2636 3513 2707 3537 Nun.
2722 3519 2756 3537 ιιι.

2615 3558 2710 3580 ’Num
2724 3563 2752 3580 tv.
