2860 4244
388 270 460 307 368

1099 262 1364 309 QUAEsrlo
1395 261 1460 309 cl,

1490 260 1786 297 ARTlCULUS
1817 261 1830 295 1

875 477 1284 556 QUAESTIO
1331 475 2066 532 CENTESIMAPRIMA

1249 595 1340 635 DE
1388 594 1691 635 PIETATE

1161 711 1195 736 IN
1226 711 1400 742 QUATUOR
1426 710 1630 735 ARTlCULOS
1658 710 1776 735 DIVISA

467 814 591 848 ElNDE,
630 808 716 849 post
748 798 990 846 religionem,
1025 796 1345 833 considerandum
1385 803 1440 832 est

151 861 357 909 Jnffrfbgiu-uuh
387 814 512 895 Dde
541 854 677 903 pietate
706 854 737 889 ⁴⁵.
769 852 887 888 Cuius
923 850 1098 899 opposita
1132 849 1223 886 vitia
1252 861 1297 886 ex
1323 849 1440 898 ipsius
1467 849 1469 893 ζ

386 907 682 957 consideratione
711 905 960 942 innotescunt.

385 962 492 998 Circa
512 960 689 1009 pietatem
720 970 807 1005 ergo
836 963 1068 1005 quaeruntur
1096 963 1270 1004 quatuor.

436 1014 580 1050 Primo:
602 1012 650 1049 ad
679 1023 775 1060 quos
803 1010 923 1059 pietas
952 1022 992 1046 se
1021 1008 1209 1045 extendat.

1549 794 1748 832 Secundo:
1787 795 1878 843 quid
1911 806 1980 844 per
2016 794 2197 844 pietatem
2236 795 2425 845 aliquibus
2459 796 2561 833 exhi-

1598 848 1744 884 beatur.

1547 901 1701 938 Tertio:
1731 908 1859 937 utrum
1887 900 2008 949 pietas
2037 900 2083 937 sit
2110 901 2283 950 specialis
2310 901 2443 939 virtus.

1549 954 1718 1000 Quarto:
1747 961 1876 990 utrum
1914 953 2105 1001 religionis
2141 955 2300 992 obtentu
2338 955 2384 992 sit
2415 955 2562 1004 pietatis

1604 1007 1774 1044 officium
1803 1006 2196 1056 praetermittendum.

1190 1127 1510 1170 ARTlCULUS
1543 1125 1749 1169 PRIMUS

535 1232 689 1263 UTRUM
712 1231 861 1261 PIETAS
886 1230 933 1260 SE
958 1230 1196 1260 EXTENDAT
1220 1230 1278 1260 AD
1303 1228 1644 1259 DETERMINATAS
1667 1227 1888 1259 PERSONAS
1911 1227 2173 1265 ALIQUORUM
2196 1227 2406 1259 HOMINUM

1257 1317 1265 1340 1
1285 1317 1323 1341 ad
1346 1316 1420 1344 nm„
1440 1323 1496 1348 cap.
1517 1323 1550 1347 iv,
1570 1316 1628 1340 lect.
1646 1323 1674 1340 11.

408 1424 571 1473 ugrum(
589 1419 610 1444 D
636 1419 771 1444 PRIMUM
796 1418 849 1443 s1c
874 1418 1115 1443 PROCEDITUR.
1143 1405 1304 1443 Videtur
1332 1404 1438 1453 quod

403 1442 563 1521 &Zp
587 1460 706 1509 pietas
734 1472 812 1496 non
841 1472 881 1496 se
903 1459 1079 1497 extendat
1098 1459 1147 1496 ad
1168 1459 1438 1496 determinatas

396 1503 769 1562 Wpersonas
817 1514 1031 1562 aliquorum
1075 1512 1291 1549 hominum.
1339 1512 1439 1548 Dicit

397 1559 408 1570 ”
431 1557 688 1603 'Qenim
717 1566 971 1615 Augustinus,
1001 1566 1040 1603 in
1067 1566 1102 1602 X
1132 1566 1178 1603 de
1204 1566 1283 1603 Civ.
1313 1566 1389 1602 Dei
1405 1564 1437 1612 ²¹⁶,

379 1619 483 1668 quod
496 1620 616 1667 pietas
629 1621 785 1669 proprie
798 1620 873 1657 Dei
889 1619 1008 1656 cultus
1027 1619 1185 1669 intelligi
1200 1619 1302 1664 solet,
1323 1630 1437 1667 quam

382 1673 519 1711 Graeci
544 1674 731 1711 eusebiam
759 1679 906 1710 vocant.
938 1673 1012 1710 Sed
1042 1672 1114 1709 Dei
1135 1673 1254 1709 cultus
1279 1685 1357 1709 non
1387 1672 1439 1709 di-

380 1727 472 1763 citur
498 1738 566 1775 per
595 1726 920 1775 comparationem
942 1726 990 1763 ad
1010 1725 1198 1772 homines,
1220 1726 1288 1763 sed
1312 1726 1436 1762 solum

379 1780 427 1817 ad
455 1781 590 1816 Deum.
621 1781 721 1827 Ergo
750 1780 870 1828 pietas
899 1791 977 1816 non
1006 1792 1046 1816 se
1076 1779 1242 1816 extendit
1261 1779 1437 1816 determi-

378 1840 463 1870 nate
492 1833 539 1870 ad
568 1833 711 1882 aliquas
739 1833 941 1870 hominum
969 1845 1165 1881 personas.

292 1923 342 1939 xx„
432 1898 466 1922 2.
495 1887 726 1933 PRAETEREA,
762 1886 966 1934 Gregorius
992 1886 1091 1933 dicit,
1120 1886 1158 1923 in
1190 1887 1203 1922 I
1232 1885 1377 1922 Moral.
1401 1886 1437 1922 *ε

345 1932 350 1938 ’
377 1940 498 1976 Pietas
527 1940 563 1976 in
593 1940 652 1976 die
677 1951 745 1976 suo
774 1939 987 1976 convivium
1016 1939 1175 1985 exhibet,
1206 1939 1294 1987 quia
1315 1939 1440 1976 cordis

377 1993 519 2029 viscera
548 1993 827 2030 misericordiae
854 1993 1028 2041 operibus
1056 1993 1181 2041 replet.
1213 1992 1290 2030 Sed
1319 2004 1439 2041 opera

378 2046 656 2082 misericordiae
685 2054 771 2082 sunt
799 2046 977 2083 omnibus
1006 2046 1240 2083 exhibenda:
1269 2053 1311 2083 ut
1337 2053 1441 2095 patet

378 2111 444 2148 per
480 2099 756 2146 Augustinum,
791 2099 829 2136 in
858 2101 871 2135 I
901 2100 946 2136 de
974 2100 1083 2136 Doct.
1126 2099 1258 2136 Christ.
1284 2099 1304 2121 '¹‘
1337 2100 1440 2148 Ergo

378 2153 496 2201 pietas
533 2165 610 2189 non
649 2165 688 2189 se
727 2153 892 2190 extendit
928 2152 1178 2189 determinate
1215 2153 1264 2190 ad
1297 2152 1442 2202 aliquas

378 2205 559 2255 speciales
587 2218 783 2254 personas.

433 2260 466 2296 3.
497 2260 739 2306 PRAETEREA,
769 2259 910 2295 multae
949 2266 1035 2295 sunt
1070 2259 1165 2295 aliae
1194 2258 1231 2295 in
1264 2259 1441 2298 humanis

379 2313 489 2348 rebus
532 2312 896 2349 communicationes
939 2319 1090 2360 praeter
1136 2313 1440 2361 consanguinita-

240 2377 256 2394 α
378 2374 453 2401 tem
475 2370 492 2386 ²
520 2373 556 2402 et
584 2365 802 2402 concivium
832 2365 1239 2412 communicationem,
1269 2374 1311 2403 ut
1339 2374 1441 2416 patet

144 2426 223 2474 {cffi—
239 2432 354 2475 ''i233q'1x'
377 2431 445 2467 per
463 2418 753 2467 Philosophum,
770 2418 806 2455 in
821 2418 907 2455 VIII
923 2419 1043 2455 Ethic.
1059 2418 1095 2455 *z
1117 2426 1153 2455 et
1172 2431 1287 2467 super
1306 2432 1440 2468 quam-

144 2468 194 2506 sciq·
221 2469 226 2474 “
297 2468 303 2474 ’
378 2472 466 2508 libet
485 2484 615 2508 earum
644 2472 769 2520 aliqua
798 2471 962 2508 amicitia
989 2471 1180 2519 fundatur,
1210 2485 1308 2521 quae
1333 2473 1440 2511 vide-

145 2533 350 2556 ·Ord-etlnterfin-
377 2534 436 2562 tur
465 2537 546 2561 esse
575 2525 722 2573 pietatis
749 2524 885 2571 virtus,
915 2532 956 2560 ut
989 2524 1077 2561 dicit
1106 2525 1243 2562 Glossa
1262 2525 1299 2572 ²¹⁸,
1330 2527 1360 2562 II
1390 2527 1442 2564 ad

383 2578 475 2614 Tim.
501 2590 549 2625 111,
578 2590 692 2627 super
719 2577 810 2614 illud
829 2576 860 2623 ³¹⁸,
881 2578 1075 2614 Habentes
1103 2578 1251 2625 quidem
1280 2580 1439 2627 speciem

373 2631 530 2679 pietatis.
567 2631 668 2678 Ergo
707 2642 785 2667 non
815 2630 938 2666 solum
978 2631 1026 2667 ad
1064 2631 1366 2679 consanguineos
1405 2641 1441 2670 et

380 2683 555 2721 concives
583 2692 704 2732 pietas
733 2696 773 2720 se
802 2683 979 2720 extendit.

145 2586 153 2595 ⁸
170 2585 235 2606 Vers.
250 2592 269 2614 5.

432 2737 505 2773 SED
521 2748 666 2774 CONTRA
681 2748 747 2773 EST
761 2737 867 2784 quod
882 2736 1031 2773 Tullius
1047 2736 1147 2783 dicit,
1163 2737 1200 2774 in
1221 2750 1289 2774 sua
1303 2739 1440 2775 Rheto-

154 2797 176 2844 30

178 2797 218 2844 μὲ

218 2840 223 2849 ”
220 2802 232 2817 Ε

277 2797 321 2845 ἐξ

324 2799 340 2846 :··-·

1492 1404 1549 1441 bis
1579 1404 1729 1441 essendi
1759 1412 1795 1441 et
1813 1404 2098 1452 gubernationis
2119 1405 2287 1453 primum
2317 1405 2560 1455 principium.

1493 1457 1729 1494 Secundario
1748 1469 1843 1494 vero
1864 1457 1982 1495 nostri
2002 1470 2085 1495 esse
2107 1465 2143 1494 et
2156 1458 2442 1506 gubernationis
2460 1459 2563 1509 prin-

1493 1511 1634 1560 cipium
1654 1516 1670 1539 Υ
1699 1518 1786 1548 sunt
1812 1519 1989 1560 parentes
2018 1519 2055 1548 et
2081 1510 2215 1560 patria,
2244 1523 2267 1548 a
2295 1511 2434 1561 quibus
2459 1520 2496 1550 et
2521 1513 2561 1550 in

1493 1576 1568 1613 qua
1588 1572 1623 1601 et
1638 1562 1651 1585 δ
1671 1564 1748 1601 nati
1768 1572 1804 1601 et
1823 1564 1950 1601 nutriti
1970 1576 2115 1602 sumus.
2137 1565 2186 1617 Et
2204 1564 2292 1602 ideo
2311 1573 2400 1614 post
2417 1564 2560 1615 Deum,

1492 1617 1658 1655 maxime
1688 1625 1742 1654 est
1770 1618 1890 1654 homo
1921 1618 2071 1655 debitor
2098 1618 2319 1667 parentibus
2349 1626 2385 1656 et
2402 1619 2560 1668 patriae.

1492 1671 1604 1708 Unde
1637 1670 1732 1707 sicut
1759 1671 1808 1708 ad
1836 1670 2059 1719 religionem
2096 1671 2260 1720 pertinet
2292 1673 2436 1710 cultum
2474 1673 2560 1711 Deo

1492 1724 1691 1770 exhibere,
1721 1723 1771 1761 ita
1799 1725 1969 1762 secundo
1990 1729 2002 1746 ⁸
2029 1725 2149 1772 gradu
2177 1725 2226 1762 ad
2262 1724 2442 1774 pietatem
2476 1738 2561 1775 per-

1491 1777 1583 1814 tinet
1616 1777 1792 1814 exhibere
1827 1778 1970 1814 cultum
2002 1777 2223 1826 parentibus
2257 1785 2293 1815 et
2323 1779 2481 1828 patriae.
2518 1780 2560 1816 In

1493 1831 1594 1867 cultu
1615 1837 1744 1867 autem
1772 1838 1975 1879 parentum
2003 1831 2208 1868 includitur
2233 1832 2354 1869 cultus
2381 1832 2559 1870 omnium

1493 1883 1885 1931 consanguineorum:
1925 1883 2014 1933 quia
2052 1884 2165 1921 etiam
2204 1885 2477 1934 consanguinei
2515 1897 2562 1923 ex

1491 1938 1566 1974 hoc
1596 1936 1772 1973 dicuntur
1800 1937 1906 1985 quod
1927 1949 1971 1974 ex
1993 1937 2137 1974 eisdem
2166 1937 2385 1986 parentibus
2407 1950 2561 1987 proces-

1493 1997 1635 2037 serunt,
1656 1997 1698 2026 ut
1716 1998 1820 2038 patet
1837 2002 1906 2039 per
1925 1990 2218 2039 Philosophum,
2239 1990 2278 2028 in
2296 1991 2383 2028 VIII
2402 1992 2525 2029 Ethic.
2540 1991 2562 2014 '¹‘

1493 2045 1534 2080 In
1564 2044 1666 2080 cultu
1695 2051 1823 2080 autem
1857 2044 2001 2092 patriae
2031 2043 2246 2092 intelligitur
2279 2045 2400 2082 cultus
2436 2045 2563 2083 conci-

1492 2097 1599 2134 vium
1621 2095 1649 2144 ζ,
1681 2104 1716 2133 et
1745 2096 1919 2134 omnium
1957 2097 2101 2146 patriae
2131 2097 2357 2135 amicorum.
2397 2098 2447 2135 Et
2473 2097 2561 2136 ideo

1492 2150 1541 2187 ad
1569 2150 1641 2187 hos
1668 2149 1925 2199 principaliter
1951 2150 2072 2199 pietas
2101 2163 2141 2187 se
2171 2151 2349 2188 extendit.

1545 2204 1604 2240 An
1633 2214 1770 2240 PRtMUM
1799 2215 1898 2241 ERGO
1926 2215 2111 2241 mcaNDuM
2140 2203 2245 2253 quod
2273 2204 2311 2242 in
2340 2203 2477 2242 maiori
2508 2204 2563 2243 in-

1494 2255 1658 2293 cluditur
1685 2256 1824 2294 minus.
1855 2257 1903 2293 Et
1931 2256 2018 2294 ideo
2049 2258 2170 2294 cultus
2198 2257 2265 2307 qui
2287 2258 2373 2295 Deo
2403 2257 2564 2296 debetur

1492 2308 1648 2347 includit
1666 2309 1703 2346 in
1724 2322 1777 2352 se,
1799 2309 1895 2347 sicut
1913 2310 2055 2360 aliquid
2072 2310 2310 2359 particulare,
2333 2311 2477 2348 cultum
2497 2310 2563 2361 qui

1494 2362 1655 2400 debetur
1681 2363 1912 2412 parentibus.
1942 2363 2054 2401 Unde
2075 2363 2211 2401 dicitur
2238 2365 2403 2402 Malach.
2427 2363 2494 2402 1¹¹⁸:
2522 2364 2566 2402 Si

1493 2428 1565 2466 ego
1597 2421 1728 2464 pater,
1760 2417 1825 2454 ubi
1858 2417 1981 2453 honor
2000 2422 2018 2444 η
2047 2416 2184 2454 meus?
2219 2417 2268 2454 Et
2303 2417 2390 2454 ideo
2419 2429 2562 2456 nomen

1493 2469 1640 2518 pietatis
1670 2469 1782 2506 etiarn
1813 2469 1862 2506 ad
1891 2469 2063 2506 divinum
2094 2470 2235 2506 cultum
2264 2471 2433 2507 refertur.

1546 2523 1606 2559 An
1633 2534 1824 2559 SECUNDUM
1844 2534 2029 2559 DlCENDUM
2057 2523 2175 2570 quod,
2204 2522 2300 2559 sicut
2327 2522 2562 2571 Augustinus

1495 2574 1594 2622 dicit,
1624 2574 1661 2611 in
1691 2576 1726 2611 X
1754 2575 1800 2612 de
1823 2575 1902 2612 (Σίν.
1926 2576 2000 2612 Dei
2011 2575 2042 2621 ²¹²,
2070 2587 2177 2612 more
2194 2575 2304 2626 vulgi
2330 2588 2466 2614 nomen
2479 2577 2562 2625 pie·
2589 2584 2599 2595 ⁸

1494 2628 1578 2664 tatis
1605 2628 1717 2665 etiam
1738 2628 1774 2664 in
1796 2628 1970 2677 operibus
1989 2628 2560 2678 misericordiaefrequentatur.

1499 2681 1608 2723 Quod
1634 2681 1715 2718 ideo
1744 2681 1911 2718 arbitror
1938 2681 2102 2718 evenisse
2121 2682 2209 2730 quia
2237 2683 2435 2730 haecfieri
2446 2694 2562 2732 prae-

1494 2734 1602 2782 cipue
1635 2734 1793 2771 mandat
1821 2735 1943 2781 Deus,
1972 2746 2091 2783 eaque
2125 2735 2198 2772 sibi
2222 2735 2282 2772 vel
2301 2747 2377 2784 pro
2404 2733 2416 2757 θ
2443 2736 2561 2774 sacri-

317 2803 354 2824 e.,
379 2790 457 2826 rica
471 2789 508 2826 *3
528 2790 650 2827 Pietas
670 2796 722 2826 est
734 2801 807 2838 per
825 2801 940 2837 quam
959 2791 1147 2839 sanguine
1162 2791 1307 2837 iunctis,
1320 2792 1439 2840 patri·
1482 2788 1587 2835 ficiis
1599 2787 1754 2835 placere
1772 2793 1937 2824 testatur.
1957 2789 2022 2824 Ex
2040 2799 2115 2836 qua
2134 2788 2400 2826 consuetudine
2405 2790 2560 2838 sactum

379 2854 495 2890 aeque
506 2843 702 2889 benevolis,
714 2843 881 2891 officium
898 2849 933 2880 et
946 2843 1105 2893 diligens
1120 2844 1294 2880 tribuitur
1308 2845 1438 2883 cultus.
1465 2882 1467 2893 ,

432 2896 655 2933 RESPONDEO
685 2908 869 2933 DlCENDuM
904 2896 1009 2945 quod
1038 2897 1157 2934 homo
1197 2897 1357 2935 efficitur
1386 2898 1439 2935 di·
1465 2902 1467 2953 ξ

1493 2845 1547 2877 est
1575 2845 1615 2877 ut
1641 2846 1678 2877 et
1701 2841 1806 2877 Deus
1834 2841 1912 2889 ipse
1932 2841 2022 2889 pius
2049 2841 2207 2878 dicatur.

1546 2895 1606 2930 An
1640 2905 1800 2931 TERTmM
1833 2905 2017 2932 DJCENDUM
2051 2895 2157 2943 quod
2191 2895 2529 2933 commmunieatio
2551 2901 2560 2918 ‘

379 2948 594 2985 versimode
623 2949 703 2986 aliis
733 2949 881 2986 debitor
909 2949 1123 2986 secundum
1152 2949 1344 2988 diversam
1375 2963 1439 2988 eo·
1465 2960 1467 2994 ι
1494 2946 1868 2995 consanguineorum
1897 2954 1934 2984 et
1962 2947 2178 2985 concivium
2199 2948 2319 2996 magis
2348 2948 2562 2986 referuntur

381 3012 464 3036 rum
494 3001 763 3047 excellentiam,
785 3010 820 3039 et
840 3002 990 3040 diversa
1018 3003 1206 3040 beneficia
1230 3004 1277 3040 ab
1299 3003 1350 3041 eis
1379 3017 1440 3041 su-

382 3061 519 3100 scepta.
549 3055 590 3090 In
609 3061 769 3103 utroque
796 3063 923 3101 autem
944 3057 1049 3092 Deus
1070 3068 1264 3094 summum
1294 3057 1439 3095 obtinet

436 3243 752 3303 a)pconsanguinitatem.
775 3258 795 3264 -
818 3247 1088 3279 consanguinitatem
1113 3249 1205 3278 AEsK.
1229 3251 1439 3284 consanguineo-

382 3286 441 3303 rum
481 3295 489 3303 .

384 3348 403 3372 F
436 3312 460 3373 Iit)
475 3314 525 3372 ἔκί
542 3317 575 3339 et.
593 3328 612 3333 -
629 3315 675 3347 qui
693 3315 777 3344 DGIa,
797 3318 823 3340 et
841 3316 886 3348 qui
900 3316 932 3345 P;
951 3324 998 3348 pro
1017 3320 1043 3342 et
1061 3321 1108 3348 est,
1128 3321 1156 3343 ut
1175 3322 1214 3344 est
1232 3320 1381 3351 ABCEIKa,
1400 3322 1440 3347 sic

405 3367 412 3379 ,
431 3355 444 3373 e
497 3366 504 3373 .

436 3384 462 3416 γ)
477 3384 647 3415 principium.
665 3398 683 3404 -
698 3386 832 3418 principia
852 3386 899 3412 Pa.

437 3417 460 3450 δ)
480 3422 513 3443 et.
530 3432 549 3437 -
567 3419 627 3444 Om.
647 3420 801 3453 PGHKLpC
820 3427 844 3446 et
862 3429 887 3446 a.

438 3453 459 3484 ε)
478 3455 599 3479 secundo.
615 3468 634 3474 -
651 3456 809 3481 secundario
828 3457 874 3482 Pa.

1465 2995 1467 3053 ζ
1493 2999 1542 3036 ad
1570 2999 1753 3049 principia
1781 3000 1899 3037 nostri
1927 3013 2010 3038 esse
2040 3013 2157 3050 quam
2177 3001 2270 3039 aliae
2300 3001 2560 3040 communica-

1465 3055 1467 3069 *
1492 3052 1626 3090 tiones.
1665 3053 1714 3090 Et
1741 3053 1828 3091 ideo
1863 3053 1910 3091 ad
1945 3054 2020 3091 hoc
2039 3060 2055 3075 2‘
2083 3066 2228 3092 nomen
2262 3054 2411 3104 pietatis
2439 3054 2560 3104 magis

242 3108 254 3140 β
381 3105 529 3151 locum,
569 3105 631 3153 qui
661 3114 696 3142 et
714 3105 729 3135 β
758 3108 1087 3146 excellentissimus
1118 3117 1192 3158 est,
1223 3118 1260 3146 et
1288 3118 1343 3147 est
1371 3123 1439 3148 no·
1465 3110 1467 3137 ἒ

1494 3112 1716 3150 extenditur.

1544 3251 1570 3284 ζ)
1590 3253 1747 3278 concivium.
1764 3266 1783 3272 -
1801 3253 1919 3278 omnium
1937 3253 2085 3278 concivium
2106 3253 2152 3278 Pa.

1545 3287 1572 3320 η)
1592 3288 1686 3313 honor.
1704 3302 1723 3307 -
1740 3291 1780 3313 est
1798 3288 1884 3313 honor
1902 3288 1954 3313 PD.

1545 3321 1570 3355 Θ)
1589 3324 1630 3348 vel
1644 3331 1706 3355 pro.
1722 3336 1743 3343 -
1757 3331 1826 3355 prae
1845 3324 1874 3348 P.

1547 3359 1564 3391 ι)
1583 3359 1796 3384 communicatio.
1814 3373 1833 3378 -
1851 3359 2103 3385 communicationes
2129 3359 2186 3385 PsC
2205 3365 2230 3385 et
2248 3367 2273 3389 a,
2292 3359 2556 3386 communicationem

1491 3393 1530 3426 pC
1537 3400 1544 3424 3
1564 3401 1611 3426 pro
1632 3394 1793 3428 reseruntur,
1813 3394 1931 3428 refertur
1951 3395 2055 3419 ADHL.
2429 3398 2433 3402 '

1545 3429 1570 3461 κ)
1590 3429 1646 3454 hoc.
1666 3444 1684 3448 —
1702 3429 1767 3455 haec
1785 3429 1825 3454 ed.
1845 3429 2004 3463 afflFGi-H),
2024 3430 2072 3455 has
2091 3430 2121 3456 P.

2686 1528 2704 1599 σοι-4

2587 1995 2690 2046 &vn
2717 2002 2802 2046 ¹¹:³23:

2590 2373 2600 2383 ⁸
2614 2371 2681 2396 Van.
2693 2372 2717 2395 6.
