2860 4238
0 3980 17 4127 :mas-wm-
0 3756 19 3959 'ffl}³²2*-*⁸.ss:⁴
14 3727 15 3730 „
8 3661 19 3694 -,-,
12 3629 14 3636 .

14 827 25 842 ἰ
60 842 68 851 ”
82 840 119 862 Cf.
133 846 172 868 qu.
189 845 269 866 mxx,

57 866 146 890 lau-od.

23 935 25 937 >
57 927 69 940 ⁶
83 927 130 955 Qu.
145 933 197 950 ‹xv-

60 1401 219 1452 ,fau
226 1401 271 1450 ⁶131·
317 1388 326 1427 '¹

61 1600 274 1624 ‘Sui-beta.

70 2867 80 2878 ⁸
90 2865 138 2893 Qu.
151 2870 197 2891 ax,
207 2869 250 2888 m.
260 2870 281 2886 2.

70 3081 81 3091 ⁸
94 3080 152 3102 Ibid-

979 188 1244 235 QUAEST1O
1275 188 1411 234 cxw,
1441 188 1735 224 ARTICULUS
1766 189 1779 224 1

2389 199 2462 234 441

609 424 1017 504 QUAESTIO
1061 425 2188 504 CENTESIMADECIMAQUARTA

872 545 956 584 DE
989 544 1263 585 AMICITIA
1297 544 1414 585 SEU
1448 545 1897 586 AFFABILITATE

1121 660 1154 684 IN

1184 659 1278 685 DUOS
1305 659 1507 684 ARTICULOS
1535 660 1651 684 DIVISA

299 771 487 852 DEtNDE
525 761 843 798 considerandum
882 770 938 798 est
974 763 1020 799 de
1058 762 1221 798 amicitia
1259 774 1357 809 quae
1383 762 1386 796 Ὗ
1415 761 1524 797 Circa
1556 761 1759 799 amicitiam
1793 771 1921 799 autem
1959 775 2025 799 seu
2059 763 2314 800 affabilitatem
2356 775 2470 812 quae-

1385 818 1386 821 ’
1414 823 1546 850 runtur
1574 814 1662 850 duo.

380 838 577 875 affabilitas
619 838 753 875 dicitur
780 838 816 883 *;
856 845 891 874 et
937 838 983 874 de
1020 838 1118 875 vitiis
1148 843 1164 859 α
1206 838 1360 886 opposi-

297 921 343 958 tis
363 920 394 967 *,
424 933 523 968 quae
552 929 638 957 sunt
672 920 836 957 adulatio
867 928 902 956 et
934 920 1101 967 litigium.

1466 867 1617 903 Primo:
1647 875 1774 904 utrum
1805 867 1850 904 sit
1878 868 2047 916 specialis
2074 869 2205 905 virtus.

1469 920 1669 956 Secundo:
1699 928 1823 956 utrum
1855 920 1899 956 sit
1927 933 2013 969 pars
2042 921 2214 958 iustitiae.

1114 1026 1432 1070 ARTICULUS
1470 1027 1676 1069 PRIMUS

947 1120 1102 1151 UTRUM
1125 1119 1324 1151 AMICITIA
1347 1119 1414 1150 S1T
1438 1119 1653 1150 SPECIALIS
1678 1119 1834 1150 vmrus

1236 1198 1270 1223 1v
1289 1198 1385 1228 Ethic„
1405 1198 1462 1223 lect.
1481 1205 1534 1223 xlv.

430 1322 469 1341 a,

453 1389 463 1400 d

435 1455 441 1461 ν
469 1431 498 1472 Μ
516 1455 525 1468 ι
536 1438 676 1476 micitia
686 1441 858 1487 perfecta
872 1446 925 1476 est
938 1452 1036 1489 quae
1049 1446 1103 1477 est
1108 1446 1267 1488 propter
1284 1440 1359 1476 vir-

446 1490 650 1537 Quaelibet
669 1500 796 1529 autem
812 1494 931 1530 virtus
951 1501 1006 1530 est
1019 1493 1207 1530 amicitiae
1228 1505 1359 1530 causa:

300 1594 400 1641 dicit,
421 1606 458 1631 tv
485 1607 568 1645 cap.
597 1597 643 1634 de
668 1598 757 1635 Div.
775 1599 893 1636 Nom.
914 1599 934 1620 '¹‘
962 1600 1064 1648 Ergo
1093 1599 1257 1637 amicitia
1284 1611 1362 1635 non

301 1655 356 1685 est
383 1648 559 1698 specialis·
582 1650 714 1698 virtus,
744 1652 812 1688 sed
841 1665 1079 1700 consequens
1107 1664 1263 1690 omnem
1288 1652 1363 1689 vir-

299 1708 432 1738 tutem.

356 1765 392 1790 2.
410 1754 647 1803 PRAETEREA,
669 1757 925 1806 Philosophus
946 1759 1045 1805 dicit,
1066 1759 1103 1795 in
1125 1759 1175 1795 IV
1194 1758 1314 1794 Ethic.
1330 1757 1362 1804 *‚
1390 1775 1392 1798 ε

301 1805 349 1843 de
367 1807 431 1843 tali
457 1808 595 1856 amico,
616 1811 721 1857 quod
741 1823 815 1847 non
837 1812 873 1847 in
902 1813 1066 1848 amando
1086 1812 1144 1848 vel
1169 1812 1364 1848 inimican-
1390 1802 1392 1844 l

300 1858 348 1918 do
382 1860 513 1919 recipit
535 1862 686 1912 singula
703 1861 718 1892 β
744 1869 783 1900 ut
814 1871 967 1912 oportet.
996 1866 1072 1902 Sed
1101 1865 1207 1913 quod
1231 1863 1364 1912 aliquis

302 1923 408 1971 signa
436 1914 622 1951 amicitiae
652 1918 826 1953 ostendat
853 1918 902 1955 acl
928 1930 994 1955 eos
1021 1930 1118 1967 quos
1146 1930 1225 1954 non
1249 1925 1363 1963 amat,

301 1964 453 2024 videtur
470 1968 659 2016 pertinere
679 1969 727 2005 ad
747 1970 1041 2018 simulationem,
1062 1983 1160 2020 quae
1181 1978 1366 2019 repugnat

301 2025 441 2055 virtuti.
472 2020 574 2068 Ergo
602 2022 824 2060 huiusmodi
852 2024 1015 2061 amicitia
1044 2037 1123 2061 non
1151 2031 1207 2061 est
1234 2023 1363 2060 virtus.

359 2071 393 2107 3.
424 2072 657 2120 PRAETEREA,
686 2076 804 2113 virtus
823 2077 860 2113 in
884 2078 1077 2120 medietate
1091 2082 1106 2105 Υ
1133 2077 1366 2114 constituitur

297 2129 414 2172 prout
452 2127 600 2174 sapiens
641 2129 919 2176 determinabit,
958 2130 1054 2167 sicut
1090 2130 1225 2167 dicitur
1261 2130 1299 2166 in
1333 2131 1364 2166 II

305 2283 355 2320 ad
391 2283 604 2323 virtuosum
625 2285 639 2308 ⁶
666 2290 828 2337 pertinet
863 2290 1029 2326 maxime
1067 2302 1089 2326 a
1117 2289 1366 2326 delectatione

218 2356 226 2364 -
250 2352 279 2390 3-
305 2334 376 2372 sibi
412 2349 563 2385 cavere,
593 2348 634 2376 ut
668 2342 802 2379 dicitur
835 2344 866 2379 11
903 2344 1024 2380 Ethic.
1044 2342 1064 2364 '¹‘
1097 2343 1203 2379 Haec
1240 2350 1367 2380 autem

305 2389 468 2449 amicitia
481 2403 554 2440 per
570 2405 610 2429 se
628 2395 776 2442 quidem
795 2396 980 2433 desiderat
996 2396 1261 2442 condelectare,
1282 2407 1368 2432 con-

305 2447 454 2480 tristare
490 2451 614 2483 autem
648 2454 860 2485 reveretur.-
897 2457 937 2486 ut
965 2449 1221 2497 Philosophus
1259 2448 1366 2495 dicit,

252 2508 280 2545 -ζ
305 2494 344 2532 in
365 2495 417 2532 IV
433 2497 553 2535 Ethic.
574 2499 594 2521 ²¹⁶
622 2501 724 2549 Ergo
744 2502 963 2539 huiusmodi
982 2507 994 2523 Ε
1023 2502 1187 2539 amicitia
1206 2514 1285 2538 non
1314 2510 1370 2539 est

305 2547 436 2586 virtus.

335 2653 343 2659 ¹
361 2601 435 2638 SED
464 2615 621 2653 CONTRA,
651 2615 854 2657 praecepta
881 2608 972 2656 legis
1001 2608 1138 2645 dantur
1156 2607 1203 2645 de
1224 2608 1368 2645 actibus

305 2661 501 2693 virtutum.
525 2658 602 2695 Sed
620 2660 736 2697 Eccli.
758 2673 794 2697 1v
811 2661 832 2683 '¹‘
860 2661 1014 2698 dicitur:
1040 2661 1339 2711 Congregationi
1357 2659 1368 2684 ²

301 2717 516 2755 pauperum
553 2711 745 2760 affabilem
783 2719 817 2750 te
839 2715 976 2762 facito.
1015 2715 1117 2762 Ergo
1152 2713 1368 2760 affabilitas,

309 2771 406 2808 quae
436 2761 497 2799 hic
525 2764 688 2802 amicitia
716 2766 861 2813 dicitur,
892 2775 948 2804 est
975 2767 1165 2816 quaedam
1199 2766 1369 2815 specialis
1396 2793 1398 2811 ,

1396 2840 1398 2870 i
1423 2817 1528 2853 ximo
1544 2815 1727 2852 tristitiam
1748 2815 1891 2860 inferat,
1913 2813 2000 2850 dicit
2020 2812 2121 2848 enim
2135 2812 2353 2860 Apostolus,
2369 2812 2480 2847 Rom.

363 2866 588 2906 Responmzo
617 2882 802 2909 DICENDUM
829 2872 946 2921 quod,
977 2872 1072 2909 sicut
1091 2872 1233 2909 dictum
1263 2879 1318 2908 est
1335 2871 1367 2918 ³¹²,
1396 2876 1398 2879 ’

310 2930 399 2955 curn
426 2920 545 2958 virtus
581 2924 775 2962 ordinetur
802 2925 850 2962 ad
883 2926 1047 2972 bonum,
1076 2924 1142 2962 ubi
1162 2929 1180 2951 η
1209 2924 1371 2961 occurrit
1396 2919 1397 2922 ¹

307 2812 438 2850 virtus.

414 1297 487 1339 5⁷5<
509 1276 698 1339 peninum
726 1291 780 1317 sic
808 1291 1048 1340 Paocemrua.
1068 1281 1229 1318 Videtur
1257 1281 1363 1329 quod
1387 1282 1389 1319 ἑ
1415 1292 1532 1329 quam
1560 1280 1599 1316 in
1627 1279 1753 1317 dictis:
1784 1287 1825 1316 ut
1853 1279 1990 1316 scilicet
2018 1280 2065 1316 ad
2091 1291 2406 1328 unumquemque
2435 1292 2474 1316 se

393 1341 415 1380 ἑὲ
432 1339 674 1392 '‘atr-mma
699 1345 779 1370 non
813 1341 859 1371 sit
893 1333 1066 1383 specialis
1094 1334 1225 1371 virtus.
1261 1333 1362 1372 Dicit
1387 1337 1389 1382 l
1416 1334 1554 1370 habeat
1582 1333 1794 1370 secundum
1833 1332 1938 1380 quod
1967 1333 2086 1370 decet.
2125 1333 2174 1368 Et
2200 1332 2288 1369 ideo
2326 1340 2476 1382 oportet

417 1416 437 1429 4
459 1391 480 1430 ἢ
511 1396 613 1422 emm
628 1385 896 1435 Philosophus,
912 1387 951 1424 in
965 1387 1051 1424 VIII
1070 1388 1191 1424 Ethic.
1203 1387 1235 1434 *,
1256 1388 1359 1436 quod
1388 1386 1389 1429 l
1417 1398 1498 1423 esse
1537 1387 1730 1444 quandam
1771 1385 1973 1433 specialem
2015 1386 2193 1422 virtutem
2241 1398 2340 1433 quae
2377 1386 2476 1422 hanc

1418 1438 1724 1475 convenlentiam
1745 1438 1886 1474 ordinis
1915 1439 2104 1475 observet.
2134 1439 2183 1474 Et
2205 1439 2299 1474 haec
2318 1447 2477 1475 vocatur

1388 1501 1390 1528 ἐ
1417 1491 1582 1528 amicitia
1610 1491 1689 1528 sive
1719 1491 1928 1527 affabilitas.

299 1541 390 1590 quia
418 1542 558 1580 bonum
586 1545 759 1582 omnibus
790 1552 845 1582 est
873 1547 1055 1592 amabile,
1085 1554 1126 1583 ut
1153 1545 1361 1594 Dionysius
1389 1557 1390 1560 ¹

247 2193 276 2230 '‘.
303 2177 460 2214 Ethic.*
489 2180 565 2216 Sed
589 2181 713 2219 Eccle.
734 2195 782 2219 vn
801 2183 843 2205 ²¹⁸*
871 2184 1020 2221 dicitur:
1055 2184 1131 2220 Cor
1157 2183 1365 2232 sapientum
1393 2189 1394 2224 i

305 2230 370 2266 ubi
396 2231 560 2278 tristitia,
590 2239 627 2270 et
651 2247 718 2272 cor
743 2236 941 2273 stultorum
975 2237 1040 2273 ubi
1069 2237 1229 2274 laetitia.-
1265 2237 1366 2274 unde
1393 2228 1394 2248 ³

310 2971 481 3030 specialis
510 2975 604 3012 ratio
634 2977 743 3024 boni,
775 2978 826 3014 ibi
861 2986 1011 3028 oportet
1049 2990 1130 3015 esse
1165 2977 1368 3026 specialem
1396 2986 1397 3014 l

310 3031 496 3079 rationem
523 3029 682 3067 virtutis.
717 3031 870 3068 Bonum
900 3038 1026 3069 autem
1054 3031 1092 3068 in
1121 3030 1252 3067 ordine
1282 3042 1370 3066 con·
1396 3045 1397 3078 ᾗ

309 3076 421 3126 sistit,
451 3082 546 3118 sicut
580 3083 734 3132 supra*
762 3084 902 3121 dictum
938 3092 1003 3121 est.
1043 3084 1205 3134 Oportet
1242 3090 1369 3120 autem

307 3129 507 3193 hominem
541 3136 811 3174 convenienter
849 3137 897 3174 ad
931 3137 1025 3174 alios
1061 3136 1237 3175 homines
1272 3135 1370 3173 ordi-

309 3194 390 3219 narl
428 3199 466 3224 1n
505 3189 702 3226 communi
740 3191 1047 3237 conversatione,
1080 3198 1158 3227 tam
1196 3189 1234 3226 in
1263 3188 1368 3226 factis

362 3332 389 3364 α)
410 3330 490 3356 vitiis.
508 3343 526 3348 —
544 3328 600 3353 eius
618 3326 690 3351 vitiis
710 3326 739 3350 P.

362 3366 388 3400 β)
407 3365 522 3398 singula.
541 3377 560 3382 -
577 3362 696 3395 singulos
715 3359 964 3387 ABCEFGHIKLa;
983 3366 1030 3390 pro
1050 3358 1128 3390 quod,
1148 3357 1171 3382 si
1190 3357 1217 3381 Ρ.

1395 3176 1397 3192 l

361 3404 388 3436 γ)
409 3402 435 3426 in
456 3400 606 3425 medietate.
622 3411 642 3417 -
660 3396 812 3422 immediate
830 3393 1060 3426 PABDEFIKLpC
1079 3398 1105 3418 et
1122 3400 1147 3422 a,
1168 3392 1194 3416 in
1214 3391 1300 3416 medio
1316 3391 1368 3421 sC3
1396 3398 1397 3401 ¹

309 3439 454 3464 &aeter-ea
473 3436 498 3460 in
519 3434 605 3459 medio
623 3431 745 3458 consistit
763 3430 848 3455 virtus
866 3431 899 3454 H.

362 3473 387 3505 ὃ)
406 3473 563 3497 virtuosum.
581 3483 599 3489 -
617 3468 740 3494 vitiosum
760 3467 788 3491 P.

363 3509 385 3541 ε)
405 3506 564 3533 huiusmodi.
582 3519 601 3524 —
620 3505 681 3529 Om.
701 3504 729 3527 P.

452 3562 562 3586 Summe
580 3559 681 3584 ‘razon
701 3557 731 3581 D.
742 3556 856 3580 Tnomr.
875 3554 906 3578 T.
922 3554 965 3578 VI.

1470 1547 1529 1581 An
1567 1556 1704 1581 PRiMUM
1732 1555 1829 1580 ERGO
1867 1555 2050 1580 monimum
2083 1543 2188 1592 quod
2222 1543 2476 1591 Philosophus

1389 1610 1390 1646 ξ
1418 1598 1456 1634 in
1481 1597 1577 1634 libro
1604 1598 1825 1634 Ethicorum
1855 1598 1902 1634 de
1932 1596 2070 1645 duplici
2107 1596 2270 1632 amicitia
2297 1597 2474 1646 loquitur.

1419 1651 1594 1696 Quarum
1614 1663 1691 1686 una
1715 1649 1882 1686 consistit
1901 1649 2154 1698 principaliter
2177 1649 2215 1684 in
2242 1648 2379 1686 affectu
2399 1661 2476 1696 quo

1418 1716 1517 1740 unus
1554 1703 1669 1739 alium
1704 1703 1818 1751 diligit
1845 1702 1878 1737 ²⁸.
1924 1704 1972 1739 Et
2008 1703 2104 1738 haec
2138 1709 2262 1750 potest
2296 1701 2477 1750 consequi

1419 1768 1704 1805 quamcumque
1732 1756 1910 1792 virtutem
1930 1755 1961 1792 *.
1999 1756 2107 1801 Quae
2137 1762 2263 1790 autem
2298 1755 2346 1791 ad
2380 1755 2478 1790 hanc

1419 1809 1622 1846 amicitiam
1638 1809 1836 1857 pertinent,
1849 1807 1991 1857 supra*
2007 1809 2053 1844 de
2071 1808 2220 1844 caritate
2238 1807 2335 1844 dicta
2350 1815 2478 1844 sunt.-
2506 1817 2515 1826 ⁴

1418 1863 1543 1899 Aliam
1571 1874 1664 1898 vero
1700 1862 1903 1898 amicitiam
1932 1861 2038 1910 ponit
2056 1860 2076 1882 ’¹‘
2104 1873 2200 1909 quae
2239 1860 2477 1896 consistit·in

1420 1915 1508 1952 solis
1538 1915 1784 1951 exterioribus
1812 1914 1938 1951 verbis
1957 1915 2019 1950 vel
2046 1914 2162 1950 factis.
2193 1914 2303 1959 Quae
2324 1913 2479 1961 quidem

1420 1981 1498 2005 non
1535 1969 1650 2005 habet
1691 1968 1898 2016 perfectam
1937 1967 2122 2003 rationem
2166 1966 2371 2012 amicitiae,
2412 1966 2479 2002 sed

1421 2022 1614 2071 quandam
1643 2021 1723 2058 eius
1751 2020 2055 2057 similitudinem:
2086 2020 2309 2068 inquantum
2342 2018 2481 2057 scilicet

1421 2075 1503 2123 quis
1524 2073 1536 2095 ⁶
1567 2075 1744 2111 decenter
1763 2086 1803 2110 se
1823 2074 1937 2110 habet
1956 2074 2004 2110 ad
2024 2073 2105 2109 illos
2126 2085 2213 2108 cum
2234 2071 2371 2120 quibus
2391 2083 2479 2109 con-

1421 2136 1604 2164 versatur.

1474 2183 1531 2218 AD
1560 2192 1750 2217 SECUNDUM
1778 2191 1961 2216 DICENDUM
1991 2178 2094 2227 quod
2125 2177 2249 2214 omnis
2268 2175 2387 2213 hor'no
2417 2189 2481 2213 na-

1421 2234 1587 2270 turaliter
1615 2233 1720 2270 omni
1748 2232 1894 2269 homini
1925 2239 1979 2268 est
1998 2231 2142 2267 amicus
2172 2230 2341 2279 quodam
2370 2242 2482 2277 gene-

1422 2287 1488 2323 rali
1509 2299 1662 2323 amore:
1692 2286 1787 2322 sicut
1807 2285 1920 2322 etiam
1942 2284 2076 2321 dicitur
2093 2283 2208 2320 Eccli.
2229 2295 2289 2319 xm
2308 2282 2343 2328 ²³,
2374 2282 2479 2330 quod

1422 2352 1534 2376 omne
1559 2339 1704 2376 animal
1722 2339 1844 2388 diligit
1867 2338 1987 2374 simile
2005 2338 2085 2373 sibi.
2116 2337 2164 2372 Et
2182 2337 2284 2372 hunc
2303 2348 2476 2372 amorem

1423 2400 1706 2441 repraesentant
1735 2392 1839 2439 signa
1868 2390 2054 2427 amicitiae
2083 2401 2182 2437 quae
2210 2388 2294 2437 quis
2323 2389 2482 2425 exterius

1423 2446 1587 2482 ostendit
1619 2445 1656 2481 in
1685 2445 1811 2481 verbis
1844 2445 1906 2480 vel
1942 2444 2046 2479 factis
2084 2442 2195 2478 etiam
2236 2441 2418 2478 extraneis
2448 2449 2482 2477 et

1423 2499 1570 2547 ignotis.
1608 2498 1719 2535 Unde
1750 2510 1827 2534 non
1857 2505 1911 2533 est
1938 2496 1989 2532 ibi
2017 2495 2217 2532 simulatio.
2257 2495 2347 2531 Non
2381 2494 2482 2530 enim

1425 2552 1587 2588 ostendit
1615 2551 1667 2587 eis
1696 2551 1802 2598 signa
1830 2550 2017 2598 perfectae
2056 2547 2256 2584 amicitiae:
2287 2547 2374 2595 quia
2403 2559 2481 2583 non

1425 2605 1564 2642 eodem
1592 2605 1710 2641 modo
1741 2616 1781 2640 se
1809 2604 1924 2639 habet
1951 2600 2180 2638 familiariter
2208 2600 2256 2636 ad
2286 2607 2482 2636 extraneos

1424 2659 1519 2695 sicut
1539 2658 1586 2694 ad
1607 2670 1674 2693 eos
1694 2656 1759 2705 qui
1778 2663 1865 2692 sunt
1884 2655 1975 2692 sibi‘
2002 2653 2154 2702 speciali
2173 2652 2335 2689 amicitia
2355 2652 2480 2689 iuncti.

1477 2714 1535 2747 AD
1564 2721 1723 2746 TERTlUM
1748 2720 1931 2745 DICENDUM
1960 2707 2064 2755 quod
2093 2719 2158 2742 cor
2186 2705 2399 2754 sapientum
2428 2705 2481 2741 di-

1426 2764 1520 2800 citur
1548 2775 1630 2799 esse
1650 2762 1716 2800 ubi
1736 2761 1889 2807 tristitia,
1911 2772 1989 2797 non
2017 2759 2172 2808 quidem
2192 2767 2232 2794 ut
2251 2758 2331 2806 ipse
2350 2764 2366 2779 ἰ
2395 2770 2480 2806 pro-

1424 2881 1484 2906 xlv
1502 2869 1538 2905 *τ
1568 2869 1610 2905 Si
1629 2873 1786 2917 propter
1813 2867 1935 2904 cibum
1952 2867 2084 2914 frater
2111 2870 2194 2900 tuus
2227 2864 2480 2909 contristatur,

1425 2923 1500 2959 iam
1521 2934 1594 2958 non
1613 2921 1817 2958 secundum
1833 2919 2023 2956 caritatem
2040 2917 2232 2954 ambulas:
2253 2917 2318 2954 sed
2334 2924 2375 2952 ut
2395 2929 2483 2953 con-

1424 2975 1655 3012 tristantibus
1675 2972 1974 3011 consolationem
2003 2972 2096 3007 ferat
2112 2968 2138 3017 Ἀ,
2158 2969 2369 3006 secundum
2393 2969 2483 3006 illud

1423 3028 1539 3064 Eccli.
1567 3026 1670 3063 V11*:
1699 3027 1790 3063 Non
1819 3026 1914 3062 desis
1936 3023 2171 3072 plorantibus
2199 3022 2236 3059 in
2265 3022 2483 3058 consolatio-

1425 3093 1521 3126 nem,
1538 3086 1574 3116 et
1593 3092 1678 3116 cum
1697 3079 1908 3128 lugentibus
1926 3077 2091 3114 ambula.
2113 3098 2136 3104 -
2154 3076 2231 3112 Cor
2250 3082 2376 3111 autem
2397 3075 2484 3111 stul-

1424 3142 1550 3171 torum
1581 3140 1635 3169 est
1662 3132 1729 3169 ubi
1758 3131 1907 3177 laetitia,
1931 3142 2008 3167 non
2047 3129 2201 3178 quidem
2226 3135 2267 3164 ut
2294 3127 2363 3176 ipsi
2390 3127 2482 3164 alios

1396 3193 1397 3200 ¹
1424 3187 1647 3224 laetificent:
1673 3185 1739 3222 sed
1758 3193 1799 3222 ut
1814 3184 1883 3233 ipsi
1904 3184 2064 3220 aliorum
2084 3181 2221 3218 laetitia
2235 3181 2482 3229 perfruantur.

1475 3318 1500 3353 ζ)
1524 3317 1740 3351 Congregationi.
1758 3331 1777 3335 -
1797 3315 2037 3348 congregationem
2057 3313 2189 3346 FLpAIK3
2203 3320 2250 3344 pro
2259 3313 2354 3346 facito,
2364 3312 2439 3345 facio
2455 3312 2484 3337 Ρ.

1476 3354 1503 3386 η)
1524 3353 1576 3378 ubi.
1593 3366 1613 3372 -
1631 3353 1701 3377 unde
1720 3352 1763 3377 ubi
1782 3350 1990 3381 BDEFHKLpC.

1475 3387 1499 3422 θ)
1518 3389 1616 3414 scilicet
1635 3388 1702 3421 quis.
1719 3401 1735 3406 -
1755 3387 1851 3419 aliquis
1870 3386 1916 3411 Pa.
1934 3399 1953 3404 —
1971 3385 2021 3409 Pro
2041 3384 2107 3411 illos,
2127 3383 2186 3408 illas
2205 3383 2290 3408 BEFI.

1479 3425 1497 3456 ι)
1516 3424 1575 3449 sibi.
1593 3437 1613 3442 —
1630 3423 1677 3448 sub
1695 3422 1861 3449 ABCEFKL.
1879 3420 1926 3445 sub
1945 3420 1985 3451 (...
2003 3419 2053 3444 sibi
2072 3418 2165 3450 iuncti)
2185 3419 2226 3444 ed.
2245 3425 2270 3443 a.

1477 3460 1503 3492 κ)
1523 3460 1586 3491 ipse.
1604 3474 1624 3478 —
1643 3458 1693 3490 ips*
1711 3458 1762 3482 PL.

1477 3493 1506 3527 λ)
1518 3496 1605 3528 serat.
1623 3508 1641 3512 -
1654 3493 1731 3527 feras
1750 3491 1928 3520 ACEFHIKL.
1946 3491 2068 3523 conserat
2088 3489 2115 3513 P.

2505 1711 2515 1720 ⁸
2530 1710 2580 1731 Lib.
2595 1710 2658 1732 V111.

2506 1762 2514 1771 ⁸
2530 1762 2556 1782 D.
2573 1762 2608 1789 87,
2624 1767 2658 1789 95.

2531 1816 2579 1843 Qu.
2593 1822 2660 1843 xxiu,
2675 1821 2717 1837 art.

2507 1849 2522 1868 i;
2531 1846 2573 1864 nrt.
2582 1848 2602 1870 3,
2611 1843 2639 1864 nd
2650 1849 2665 1869 ις
2677 1849 2716 1870 qu.

2506 1875 2646 1921 ἕῖίέῗῗν,
2667 1901 2717 1922 cap.

2507 1928 2560 1970 ζῗν-
2570 1921 2594 1944 8.
2609 1921 2654 1943 Th.
2665 1922 2717 1942 lect.

2507 2283 2520 2295 ⁸
2534 2283 2600 2305 Vers.
2616 2289 2648 2311 ¹9·

2511 2869 2520 2876 ⁸
2534 2867 2602 2889 Vers.
2618 2873 2646 2894 ¹5·

2511 3025 2521 3034 ·
2536 3023 2603 3045 Vei-s.
2617 3022 2653 3050 38.
