2860 4238
403 208 479 253 446

405 403 482 428 non
511 397 566 427 est
592 396 790 438 peccatum
809 386 979 431 mortale,
1008 384 1075 420 sed
1093 383 1254 419 veniale.

1485 413 1487 426 ι

457 445 515 479 AD
535 453 670 478 PRIMUM
686 451 783 476 ERGO
799 449 982 475 D1CEND1JM
997 436 1101 484 quod
1117 434 1356 471 auctoritates
1376 434 1459 470 illae
1485 428 1487 453 ³

405 497 608 544 loquuntur
637 494 683 530 de
713 492 906 528 adulatore
936 489 1000 538 qui
1019 489 1148 525 laudat
1166 495 1366 536 peccatum
1396 487 1461 523 ali-

406 548 522 584 cuius.
558 546 660 583 Talis
698 545 798 581 enirn
834 542 998 580 adulatio
1037 541 1171 578 dicitur
1203 541 1287 589 plus
1322 551 1460 576 nocere

406 612 521 648 quam
558 598 702 647 gladius
739 595 1011 645 persecutoris,
1050 593 1138 642 quia
1175 593 1213 630 in
1248 592 1461 642 potioribus

405 653 514 689 bonis
542 658 664 696 nocet,
686 649 825 686 scilicet
852 648 891 685 in
911 646 1175 696 spiritualibus.
1206 647 1298 683 Non
1319 646 1421 682 enim
1442 651 1460 673 η
1486 648 1488 661 “

405 712 516 742 nocet
543 703 593 740 ita
622 702 835 739 efficaciter:
865 700 955 749 quia
974 699 1118 748 gladius
1137 699 1391 748 persecutoris
1411 699 1462 735 ef-

404 757 537 794 fective
558 755 703 801 occidit,
725 754 831 803 quasi
859 753 1051 790 sufficiens
1071 764 1186 789 causa
1204 752 1355 797 mortis;
1382 752 1463 788 nul-

457 889 483 920 η)
502 889 562 913 Non
582 887 660 913 enim.
678 900 698 906 -
716 886 771 911 Sed
789 893 841 911 non
862 885 919 916 GH,
938 885 999 910 Non
1019 888 1107 910 tamen
1128 885 1145 914 1,
1164 885 1225 909 Non
1245 888 1334 909 autem
1353 885 1381 909 P.

1084 198 1350 246 QUAESTIO
1381 197 1501 245 cxv,
1530 197 1827 234 ARTlcULUs
1857 198 1888 233 11

403 287 464 323 vel
494 283 806 331 consequendum
835 280 976 328 aliquid
1010 280 1046 315 in
1076 277 1318 324 necessitate,
1349 276 1459 312 alicui
1484 276 1486 291 ‘

405 339 576 375 adulatus
603 336 727 382 fuerit,
758 347 835 371 non
864 341 919 369 est
947 339 1077 368 contra
1106 330 1309 366 caritatem.
1346 329 1458 366 Unde
1485 333 1487 343 ³

1512 276 1570 312 lus
1608 283 1736 312 autern
1773 283 1897 325 potest
1926 274 1938 296 ⁰
1978 287 2059 312 esse
2093 275 2197 312 alteri
2231 274 2423 311 sufficiens
2461 287 2575 311 causa

1513 328 1708 377 peccandi,
1737 336 1779 365 ut
1808 341 1852 365 ex
1880 341 1995 377 supra
2013 328 2033 349 ’¹‘
2063 327 2169 365 dictis
2198 335 2311 376 patet.

1566 383 1625 418 AD
1650 392 1840 419 SECUNDUM
1863 393 2048 418 mmmmm
2069 381 2175 430 quod
2203 380 2296 417 ratio
2325 379 2386 416 illa
2405 380 2578 428 procedit

1485 478 1487 492 ⁴
1515 433 1562 470 de
1592 446 1637 470 eo
1667 433 1731 482 qui
1751 434 1926 471 adulatur
1945 433 2153 471 intentione
2173 433 2350 470 nocendi.
2381 433 2446 469 Ille
2475 432 2577 469 enim

1486 497 1487 505 ¹
1513 487 1598 535 plus
1627 494 1740 523 nocet
1767 487 1836 523 sibi
1865 499 1982 536 quam
2010 487 2108 534 aliis,
2140 486 2229 535 quia
2257 485 2328 523 sibi
2356 492 2470 522 nocet
2498 493 2578 522 tan—

1486 544 1487 548 ’
1514 551 1631 588 quam
1660 539 1851 577 sufficiens
1881 553 1995 577 causa
2022 539 2220 589 peccandi,
2251 538 2331 576 aliis
2360 545 2488 575 autem
2516 551 2579 575 oc-

1516 592 1752 630 casionaliter
1779 600 1939 630 tantum.

1568 647 1626 682 AD
1654 657 1815 682 TERTmM
1847 658 2032 683 DICENDUM
2066 645 2171 694 quod
2203 644 2408 682 auctoritas
2437 643 2499 681 illa
2526 644 2581 680 lo-

1487 702 1488 707 ’
1516 698 1643 747 quitur
1680 698 1728 735 de
1767 710 1812 734 eo
1841 699 1906 747 qui
1941 698 2150 747 proditorie
2187 698 2293 735 alteri
2327 698 2503 735 adulatur
2541 704 2583 733 ut

1518 763 1606 788 eum
1637 751 1808 799 decipiat.

1573 881 1597 915 θ)
1612 886 1712 915 potest.
1729 897 1748 902 —
1765 883 1904 907 adulando
1918 885 2011 914 potest
2029 882 2058 907 P.

1078 981 1412 1014 Commentaria
1434 979 1685 1013 Cardinalis
1707 979 1909 1012 Caietam

434 1090 454 1110 N
478 1079 608 1110 articulo
624 1079 763 1110 secundo
788 1078 930 1109 eiusdem
954 1077 1158 1119 quaestionis,
1175 1084 1260 1114 nota,
1280 1077 1313 1107 in
1330 1087 1463 1117 corpore

407 1092 567 1160 Ianiculi,
591 1123 719 1159 novitie,
744 1123 834 1163 quod
858 1123 932 1163 quia
954 1128 1119 1162 peccatum
1142 1121 1264 1151 veniale
1287 1131 1352 1151 non
1371 1121 1465 1151 habet

404 1168 540 1208 perfecte
555 1167 712 1199 rationem
735 1167 863 1207 peccati,
888 1166 963 1207 quia
979 1176 1045 1196 non
1062 1173 1108 1196 est
1132 1171 1251 1201 contra,
1267 1165 1322 1195 sed
1344 1171 1467 1204 praeter

404 1213 507 1252 legem
530 1212 602 1248 Dei;
627 1212 700 1242 ideo
725 1221 799 1242 cum
823 1211 951 1241 dicitur:
975 1210 1146 1247 Adulator,
1168 1209 1332 1240 laudando
1350 1218 1465 1249 pecca-

404 1262 471 1287 tum
495 1257 643 1294 alicuius,
661 1261 777 1296 peccat
792 1255 983 1292 mortaliter,
1007 1253 1160 1293 intellige,
1185 1253 1210 1283 si
1232 1253 1340 1283 laudat
1363 1252 1466 1283 homi-

405 1311 479 1331 nem
502 1301 540 1330 de
563 1307 692 1340 peccato
716 1298 850 1330 mortali.
873 1299 957 1329 Nam
981 1298 1006 1328 si
1030 1298 1068 1328 de
1083 1297 1198 1328 veniali
1220 1297 1337 1332 laudat,
1361 1297 1467 1327 venia-

1489 1078 1491 1113 ξ
1515 1076 1586 1107 liter
1608 1082 1727 1116 peccat.
1763 1075 1926 1114 Quoniam
1949 1075 2080 1106 materia
2107 1085 2174 1105 non
2197 1082 2244 1105 est
2271 1074 2427 1106 contraria
2450 1074 2584 1112 caritati,

1490 1114 1491 1156 J
1517 1130 1576 1150 nec
1606 1127 1716 1151 contra
1745 1120 1899 1151 iustitiam
1927 1119 2002 1156 Dei,
2035 1119 2090 1150 sed
2119 1125 2243 1159 praeter
2269 1119 2357 1150 illam
2386 1119 2498 1149 laudat
2529 1119 2586 1160 qui

1489 1170 1492 1191 2
1517 1164 1639 1194 veniale
1662 1164 1788 1195 laudat:
1813 1164 1889 1204 quia
1917 1163 2039 1194 veniale
2062 1173 2129 1194 non
2160 1170 2359 1200 estcontra,
2385 1163 2440 1194 sed
2462 1169 2587 1203 praeter

1491 1202 1493 1238 ζ
1517 1208 1671 1239 iustitiam
1700 1208 1769 1239 Dei.
1801 1209 1867 1238 Nec
1898 1214 2008 1238 contra
2040 1207 2243 1238 dilectionem
2273 1207 2411 1249 proximi
2441 1207 2587 1249 loquitur

1492 1245 1493 1258 ¹
1520 1252 1659 1282 fovendo
1689 1261 1765 1282 eum
1797 1252 1831 1282 in
1855 1258 1986 1292 peccato
2021 1251 2156 1282 veniali:
2189 1252 2244 1282 sed
2273 1258 2396 1293 praeter
2425 1262 2496 1283 eam
2511 1275 2519 1289 ,
2551 1258 2587 1283 ut

1493 1318 1495 1325 .
1521 1303 1615 1337 patet.

2707 274 2720 298 0

2605 323 2614 333 ’“
2630 322 2678 350 Qu.
2693 328 2759 348 ,ιι-ιιι,
2774 326 2816 343 art.

2605 355 2622 375 1,
2637 348 2665 370 ad
2680 354 2704 376 33
2719 349 2742 370 1⁵
2761 348 2816 374 11³²,

2605 375 2818 429 ggssu‘ffiffig,

2606 418 2682 476 312.ss
2693 433 2733 456 qu.
2749 417 2818 454 Lxxx}
