2860 4244
107 783 117 794 ⁸
132 783 222 830 efidqu.
244 788 299 804 mi

108 1409 180 1458 ἓιὶδ.
190 1408 220 1436 Χ,
231 1408 262 1431 nd
274 1408 320 1430 titt.

113 2262 126 2275 ⁴¹
133 2261 201 2285 νει-ι.
215 2268 251 2290 29,
260 2268 299 2291 3⁰·

113 2318 248 2345 ’Μαι-ῆι,
265 2318 325 2341 Ord.

114 2350 138 2369 σι
150 2345 235 2368 lamb.

116 2738 128 2750 ⁶
141 2737 208 2759 Ven.
222 2737 255 2759 16.

117 2790 128 2802 ⁸
140 2790 243 2813 Interiin.

1008 264 1273 310 QUAEsrlo
1303 265 1475 312 LXXIV,
1504 266 1799 303 ARTlcULUs
1829 267 1842 302 1

2441 267 2510 314 ¹39

717 461 1125 540 QUAEsTlo
1163 462 2144 542 SEPTUAGESIMAQUARTA

820 592 823 594 ’
1102 582 1190 622 DE
1237 581 1754 624 SUSURRATIONE

1165 687 1199 713 IN
1228 688 1323 713 DUOS
1350 687 1552 713 ARTICULOS
1580 687 1696 713 DIVISA

300 788 318 809 ι,
346 782 548 864 Damna>
571 771 891 809 considerandum
921 780 976 809 est
1009 772 1057 809 de
1090 772 1343 810 susurratione
1368 772 1400 809 ²¹².

428 826 478 862 Et
505 825 603 862 circa
630 825 705 862 hoc
733 832 966 872 quaeruntur
994 825 1084 862 duo.

1512 772 1664 808 Primo:
1693 780 1820 809 utrum
1849 775 2054 811 susurratio
2084 775 2128 811 sit
2162 783 2361 824 peccatum
2395 775 2520 813 distin-

1553 832 1669 861 -ctum
1698 837 1720 861 a
1747 825 1989 863 detractione.

1514 877 1712 915 Secundo:
1743 879 1849 925 quod
1870 884 1886 901 ‘²
1913 880 2052 916 horum
2081 880 2127 917 sit
2154 881 2316 928 gravius.

1155 992 1472 1036 ARTICULUS
1505 993 1712 1036 PRIMUS

692 1087 848 1118 UTRUM
872 1085 1143 1117 susunRArto
1167 1085 1233 1116 srr
1256 1084 1495 1116 PECCATUM
1519 1085 1788 1116 DtsTmCTUM
1812 1088 1842 1116 A
1864 1086 2178 1119 DETRAcrioNE

1051 1163 1126 1191 Infra
1145 1171 1190 1196 qu.
1208 1170 1280 1194 ιω,
1298 1167 1345 1188 art.

398 1274 436 1284 μ,
463 1272 468 1277 -
485 1278 488 1281 ,
496 1275 527 1303 ,a
556 1257 581 1282 n
599 1256 737 1282 ramum
756 1255 810 1281 stc
829 1255 1058 1281 PROCEDrrtJR
1071 1243 1103 1281 *.
1122 1243 1282 1281 Videtur
1301 1243 1436 1291 quod

389 1297 425 1325 2³
439 1309 459 1343 ἡ.
478 1276 546 1356 ‘3⁸⁴9
556 1296 763 1335 susurratio
791 1309 870 1334 non
898 1297 945 1334 sit
962 1305 1163 1356 peccatum
1192 1296 1408 1334 distinctum

364 1352 408 1387 Ψ
413 1347 481 1394 ἓν
494 1336 543 1401 ’ᾖ
557 1362 580 1387 a
607 1350 850 1387 detractione
892 1350 994 1388 Dicit
1021 1349 1125 1389 enim
1154 1349 1341 1397 Isidorus,
1370 1349 1408 1386 in

358 1378 489 1442 '1¹⁸⁰‘
494 1414 496 1420 ¹
514 1396 601 1438 *Ge
629 1415 654 1440 o
680 1403 847 1451 Etymol.
867 1402 908 1440 ²¹².
937 1404 1101 1440 Susurro
1120 1403 1167 1440 de
1191 1414 1284 1440 sono
1309 1402 1409 1440 locu-

345 1508 385 1545 in
411 1519 507 1545 aure
525 1508 701 1558 quuitur,
721 1509 960 1546 detrahendo.
991 1509 1069 1546 Sed
1086 1509 1192 1558 loqui
1221 1508 1267 1545 de
1292 1509 1409 1545 altero

347 1561 583 1600 detrahendo
621 1562 671 1600 ad
705 1561 979 1600 detractionem
1010 1561 1184 1610 pertinet.
1219 1561 1322 1608 Ergo
1351 1573 1411 1598 su-

347 1613 507 1674 surratio
541 1627 621 1652 non
658 1622 713 1652 est
739 1622 941 1663 peccatum
979 1614 1196 1652 distinctum
1233 1626 1255 1650 a
1289 1613 1411 1651 detra-

349 1675 486 1706 ctione.

403 1731 439 1758 2.
459 1721 693 1767 Pasa-ranas,
711 1720 830 1758 Levis.
851 1732 912 1758 xix
925 1719 945 1742 '¹‘
965 1719 1114 1757 dicitur:
1138 1719 1229 1757 Non
1249 1720 1322 1756 eris
1341 1720 1413 1756 cri-

347 1773 515 1812 minator
540 1785 615 1812 nec
634 1785 790 1811 susurro
819 1773 858 1811 in
884 1773 1046 1821 populis.
1081 1773 1158 1810 Sed
1196 1771 1414 1810 criminator
1439 1796 1440 1808 ι

347 1826 458 1865 idem·
486 1826 638 1865 videtur
664 1839 747 1863 esse
782 1826 890 1874 quod
923 1826 1123 1863 detractor.
1159 1826 1261 1874 Ergo
1300 1825 1412 1866 etiam
1440 1851 1441 1855 ,

349 1880 556 1918 susurratio
583 1892 607 1917 a
635 1879 867 1917 detractione
894 1891 975 1916 non
1001 1878 1138 1916 differt.

349 1992 385 2024 et
410 1986 588 2036 bilinguis
615 1985 834 2023 maledictus
859 1986 941 2023 erit.
972 1985 1048 2022 Sed
1068 1983 1242 2033 bilinguis
1264 1984 1415 2022 videtur

348 2038 453 2077 idem
483 2052 567 2077 esse
594 2039 700 2088 q'uod
729 2039 933 2076 detractor:
963 2038 1052 2086 quia
1076 2038 1332 2076 detractorum
1361 2045 1416 2074 est

350 2145 457 2182 aliter
484 2145 523 2182 in
546 2144 769 2194 praesentia.
799 2145 900 2193 Ergo
921 2157 1075 2182 susurro
1104 2152 1160 2182 est
1187 2144 1290 2181 idem
1308 2143 1415 2192 quod

352 2199 552 2236 detractor.

350 2316 586 2350 susurrones,
602 2305 840 2349 detractores,
857 2303 944 2340 dicit
963 2303 1098 2340 Glossa
1111 2302 1150 2339 *t
1172 2303 1415 2348 Susurrones,

351 2358 449 2395 inter
475 2358 619 2394 amicos
645 2357 872 2394 discordiam
904 2357 1127 2393 seminantes
1137 2369 1150 2398 ,·
1177 2356 1415 2400 detractores,

352 2411 419 2460 qui
443 2411 606 2447 aliorum
636 2411 734 2447 bona
764 2415 905 2459 negant
931 2409 991 2446 vel
1017 2410 1202 2447 minuunt.

406 2465 632 2501 Responmzo
661 2474 844 2500 DmENDuM
874 2462 978 2511 quod
998 2461 1202 2499 susurratio
1232 2469 1268 2498 et
1296 2461 1416 2499 detra-

353 2515 427 2566 ctio
446 2515 498 2547 β’
489 2529 527 2553 m
556 2516 715 2554 materia
743 2516 986 2562 conveniunt,
1007 2522 1044 2552 et
1072 2514 1185 2551 etiam
1213 2514 1252 2551 in
1280 2515 1415 2562 forma,

353 2569 435 2611 sive
462 2569 500 2609 in
521 2569 640 2610 modo
669 2568 871 2620 loquendi:
903 2568 991 2618 quia
1008 2575 1169 2616 uterque
1189 2568 1334 2605 malum
1355 2581 1418 2605 oc—

355 2618 452 2662 culte
482 2620 530 2661 de
548 2622 726 2672 proximo
756 2621 856 2660 dicit.
884 2621 1045 2670 Propter
1063 2633 1180 2670 quam
1209 2620 1418 2659 similitudi-

355 2686 447 2713 nem
473 2675 664 2714 interdum
682 2687 804 2713 unum
831 2687 902 2724 pro
921 2675 995 2712 alio
1023 2675 1196 2723 ponitur:
1225 2674 1328 2712 unde
1345 2675 1418 2711 Ec-

356 2728 427 2766 cli.
434 2738 470 2774 v,
492 2739 606 2778 super
628 2728 719 2765 illud
737 2728 772 2773 ³¹⁸,
801 2728 893 2765 Non
920 2728 1118 2776 appelleris
1143 2739 1312 2774 susurro,
1334 2727 1420 2764 dicit

358 2781 496 2822 Glossa
513 2781 554 2803 ²⁸·
545 2781 672 2818 .idest
686 2757 884 2819 detnactor.
914 2780 1104 2817 Differunt
1121 2789 1250 2818 autem
1270 2780 1308 2817 in
1327 2781 1416 2817 fine.

1369 1171 1396 1193 1,
1389 1170 1395 1176 ·
1416 1163 1459 1188 Ad
1478 1163 1565 1193 Rom„
1585 1171 1640 1196 cap.
1659 1171 1677 1194 1,
1697 1164 1754 1188 lect.
1772 1171 1827 1188 vm.

1462 1244 1565 1280 unde
1594 1243 1655 1280 illa
1683 1244 1784 1280 mala
1808 1244 1855 1281 de
1883 1244 2058 1293 proximo
2082 1245 2286 1294 praecipue
2313 1246 2456 1294 profert
2481 1258 2525 1283 ex

1464 1296 1603 1344 quibus
1630 1297 1828 1345 proximus
1855 1297 2031 1335 infamari
2058 1298 2188 1346 possit,
2213 1299 2276 1335 vel
2312 1299 2444 1335 saltem
2473 1299 2526 1335 di-

1463 1349 1581 1386 minui
1610 1349 1691 1386 cius
1719 1350 1833 1387 fama.
1863 1351 2026 1388 Susurro
2056 1358 2183 1388 autem
2212 1350 2370 1388 intendit
2397 1351 2526 1388 amici-

1436 1425 1437 1452 Q
1463 1402 1554 1439 tiam
1581 1415 1778 1451 separare:
1809 1411 1850 1440 ut
1876 1411 1980 1451 patet
2001 1416 2071 1452 per
2090 1404 2255 1452 glossam
2278 1404 2472 1441 inductam
2494 1405 2526 1452 *,

331 1455 455 1493 ‘tionis
468 1446 714 1505 appellatur:
741 1457 831 1504 quia
858 1468 934 1493 non
962 1457 999 1493 in
1017 1456 1126 1504 facie
1152 1455 1322 1500 alicuius,
1346 1456 1412 1493 sed
1436 1459 1438 1503 Q
1464 1462 1501 1491 et
1529 1467 1598 1503 per
1624 1455 1663 1492 id
1691 1455 1797 1504 quod
1834 1456 1969 1493 dicitur
1998 1457 2113 1494 Prov.
2141 1468 2224 1494 xxvl
2244 1457 2283 1493 *z
2313 1458 2526 1494 Susurrone

1463 1509 1671 1553 subtracto,
1701 1509 1828 1558 iurgia
1863 1510 2138 1558 conquiescunt.
2167 1510 2217 1547 Et
2247 1509 2335 1547 ideo
2371 1523 2526 1548 susurro

1437 1577 1439 1608 ᾗ
1464 1560 1552 1598 talia
1580 1562 1683 1598 mala
1701 1561 1843 1609 profert
1871 1563 1918 1598 de
1946 1563 2120 1610 proximo
2141 1574 2239 1611 quae
2258 1571 2418 1611 possunt
2437 1576 2527 1600 con-

1437 1614 1439 1637 f
1466 1621 1523 1650 tra
1550 1613 1677 1661 ipsum
1698 1626 1946 1651 commovere
1966 1615 2135 1652 animum
2161 1615 2366 1653 audientis:
2395 1629 2528 1653 secun—

1466 1667 1560 1703 dum
1588 1666 1680 1703 illud
1705 1666 1822 1704 Eccli.
1841 1679 1951 1704 xxvul
1970 1667 2008 1703 *z
2045 1669 2111 1705 Vir
2131 1674 2311 1716 peccator
2328 1670 2527 1706 conturba·
2554 1678 2563 1687 ·

1467 1719 1520 1756 bit
1545 1719 1699 1765 amicos,
1719 1725 1755 1756 et
1780 1720 1816 1756 in
1846 1721 1968 1757 medio
1990 1732 2126 1768 pacem
2150 1722 2364 1758 habentium
2393 1723 2528 1759 immit—

1467 1772 1510 1809 tit
1535 1772 1780 1810 inimicitiam.

1521 1826 1580 1862 An
1609 1837 1746 1862 ptumum
1783 1836 1882 1862 ano
1915 1836 2101 1863 montinum
2133 1826 2238 1874 quod
2272 1839 2447 1874 susurro,
2477 1828 2530 1864 in-

1440 1916 1441 1919 ,
1468 1885 1653 1926 quantum
1683 1878 1772 1915 dicit
1799 1879 1946 1915 malum
1975 1879 2022 1916 de
2051 1879 2138 1926 alio,
2159 1879 2293 1916 dicitur
2321 1880 2528 1918 detrahere.

404 1933 439 1970 3.
466 1933 704 1979 PRAETEREA,
729 1933 847 1971 Eccli.
875 1944 985 1970 xxvnt
1012 1931 1033 1954 ³⁶
1061 1931 1215 1968 dicitur:
1248 1932 1413 1968 Susurro
1440 1924 1441 1967 l

1469 1932 1511 1968 In
1539 1931 1614 1967 hoc
1641 1939 1768 1968 tamen
1798 1931 1924 1968 differt
1950 1944 1973 1968 a
2001 1931 2224 1979 detractore,
2253 1932 2342 1982 quia
2369 1946 2448 1970 non
2474 1934 2530 1971 in-

1468 1984 1588 2021 tendit
1615 1984 1833 2033 simpliciter
1849 1985 1994 2022 malum
2025 1984 2168 2031 dicere;
2197 1985 2266 2022 sed
2285 1985 2467 2035 quidquid
2486 1987 2532 2023 sit

1440 2066 1442 2075 ,
1467 2037 1559 2074 illud
1586 2037 1693 2086 quod
1711 2037 1832 2086 possit
1858 2037 2031 2075 animum
2049 2038 2161 2075 unius
2183 2039 2336 2076 turbare
2355 2045 2371 2068 Υ
2399 2047 2531 2077 contra

350 2091 492 2141 duplici
518 2092 645 2141 lingua
673 2092 791 2140 loqui,
811 2091 916 2129 aliter
943 2091 1082 2128 scilicet
1113 2091 1151 2128 in
1179 2090 1350 2128 absentia
1379 2098 1415 2126 et
1441 2112 1442 2115 =

1468 2090 1599 2137 alium,
1620 2090 1734 2128 etiam
1758 2090 1789 2127 si
1817 2090 1864 2128 sit
1881 2090 2100 2139 simpliciter
2128 2092 2286 2139 bonum,
2307 2100 2344 2128 et
2361 2090 2374 2113 δ
2402 2100 2531 2130 tamen

1469 2155 1657 2192 apparens
1685 2144 1844 2191 malurn,
1873 2143 2099 2191 inquantum
2129 2144 2299 2193 displicet
2327 2145 2360 2181 ei
2389 2146 2447 2182 cui
2477 2146 2532 2183 di-

1441 2224 1442 2227 *
1470 2204 1575 2233 citur.

406 2251 480 2288 SED
509 2263 655 2289 CONTRA
683 2262 748 2287 Es'r
776 2250 894 2299 quod,
914 2251 1027 2287 Rom.
1055 2262 1086 2297 1,
1118 2261 1233 2298 super
1260 2249 1351 2287 illud
1377 2249 1413 2296 ²¹⁶,
1441 2258 1443 2261 ’

1522 2251 1580 2286 AD
1609 2261 1798 2286 SECUNDUM
1818 2261 2002 2286 D1CENDUM
2030 2249 2135 2297 quod
2164 2249 2380 2286 criminator
2408 2250 2533 2287 differt

1471 2310 1506 2338 et
1525 2307 1537 2322 ²
1566 2314 1588 2339 a
1611 2314 1815 2339 susurrone
1836 2309 1872 2338 et
1901 2314 1922 2339 a
1943 2302 2163 2340 detractore.
2194 2302 2295 2349 Quia
2315 2302 2532 2340 criminator

1442 2364 1443 2406 ς
1471 2363 1542 2407 θεῖ,
1554 2355 1617 2403 qui
1646 2355 1796 2403 publice
1825 2354 1905 2391 aliis
1934 2355 2090 2391 crimina
2126 2355 2306 2404 imponit,
2331 2356 2394 2393 vel
2423 2368 2532 2393 accu-

1442 2442 1443 2449 ,
1470 2408 1590 2445 sando
1625 2409 1688 2444 vel
1724 2407 1998 2446 conviciando:
2034 2409 2139 2455 quod
2178 2421 2256 2445 non
2292 2409 2452 2457 pertinet
2484 2410 2532 2446 ad

1442 2453 1444 2498 f
1472 2461 1724 2498 detractorem
1754 2468 1790 2498 et
1817 2473 2076 2498 susurronem.

1523 2516 1583 2551 Ao
1616 2525 1776 2551 ’marum
1811 2525 1994 2551 monimum
2034 2513 2138 2563 quod
2176 2513 2348 2562 bilinguis
2379 2515 2532 2563 proprie

1472 2566 1607 2605 dicitur
1627 2579 1792 2604 susurro.
1819 2567 1919 2604 Cum
1941 2566 2041 2604 enim
2061 2566 2225 2604 amicitia
2245 2566 2290 2603 sit
2309 2567 2403 2604 inter
2423 2567 2531 2615 duos,

1444 2647 1445 2664 2
1444 2620 1599 2658 nititur
1626 2632 1779 2657 susurro
1810 2632 1854 2656 ex
1882 2627 2042 2669 utraque
2069 2627 2175 2668 parte
2199 2619 2401 2656 amicitiam
2432 2633 2534 2657 rum—

1472 2686 1584 2722 pere:
1615 2681 1651 2710 et
1677 2673 1764 2711 ideo
1795 2673 1943 2710 duabus
1962 2673 2096 2721 linguis
2124 2673 2239 2709 utitur
2262 2673 2311 2710 ad
2340 2674 2449 2719 duos,
2468 2674 2533 2710 uni

1473 2726 1603 2764 dicens
1630 2726 1777 2763 malum
1806 2726 1854 2763 de
1882 2726 1969 2762 alio.
1999 2727 2159 2774 Propter
2177 2726 2283 2773 quod
2312 2726 2444 2763 dicitur
2461 2727 2533 2763 Ec-

1445 2794 1446 2804 *
1473 2780 1532 2816 cli.
1553 2790 1683 2816 xxvm:
1713 2779 1876 2816 Susurro
1897 2785 1932 2815 et
1948 2779 2124 2828 bilinguis
2143 2778 2370 2824 maledictus,
2393 2786 2428 2815 et
2446 2780 2533 2816 sub-

358 2832 460 2880 QuIa
479 2827 666 2872 detractor
683 2832 841 2871 intendit
860 2833 1056 2882 denigrare
1076 2834 1220 2870 famam
1238 2833 1418 2882 proximi.
1446 2832 1449 2881 i
1474 2831 1589 2870 ditur:
1614 2832 1759 2868 Multos
1782 2832 1881 2868 enim
1906 2832 2058 2868 turbant
2072 2829 2084 2854 ²
2097 2843 2233 2879 pacem
2252 2832 2438 2868 habentes

413 2947 440 2979 α)
459 2946 542 2979 quod.
554 2960 574 2967 ·-
591 2947 657 2979 quid
676 2947 707 2972 G.

413 2981 439 3015 β)
458 2982 610 3007 susurratio
624 2985 650 3007 et
667 2981 808 3007 detractio.
820 2996 839 3001 -
856 2989 968 3007 susurro
987 2986 1014 3008 et
1031 2982 1170 3008 detractor
1188 2982 1239 3007 PL.

411 3017 439 3052 γ)
459 3017 578 3055 turbare.
590 3031 608 3036 -
622 3017 785 3050 perturbare
803 3017 874 3042 PDa.

1527 2945 1553 2978 δ)
1572 2949 1606 2970 et.
1620 2959 1639 2965 -
1657 2946 1720 2971 Om.
1739 2945 1768 2970 Ρ.

1529 2982 1550 3013 ε)
1570 2985 1606 3006 et.
1618 2994 1636 2999 —
1655 2981 1716 3005 Om.
1734 2980 1888 3006 PDGIKLa.

1527 3015 1553 3049 ζ)
1573 3016 1691 3041 turbant.
1704 3029 1722 3035 ·-
1741 3015 1860 3041 turbavit
1879 3015 2021 3047 PCDIsz,
2041 3015 2159 3040 turbabit
2177 3014 2207 3045 K,
2227 3014 2354 3039 turblavit
2371 3013 2401 3039 F.

2554 1411 2563 1420 ⁸
2571 1410 2628 1437 Arg.
2640 1410 2688 1431 Sea
2699 1394 2762 1431 cont.

2554 1470 2562 1476 ¹
2578 1466 2645 1488 Vera.
2660 1472 2696 1488 20.

2578 1677 2646 1700 Vera.
2660 1683 2686 1699 u.
