2860 4244
134 736 226 757 ··rracr.
235 735 342 757 xxxv.-
386 724 390 731 '

134 763 208 789 Super
221 769 270 790 cap.
280 769 341 787 xxvx,

134 795 192 810 vers.
208 789 242 817 63.

129 1476 138 1485 ·
154 1475 218 1497 Vers.
233 1481 268 1497 20.

129 1582 137 1589 ⁴
153 1580 218 1601 Vers.
234 1586 264 1607 17.

129 1796 137 1803 ·
153 1795 203 1815 Art.
219 1794 323 1821 praeced.

135 3393 143 3402 ⁸
157 3392 194 3414 Ps.
210 3398 269 3419 xvn,
283 3399 344 3415 vers.

133 3424 225 3466 Ξ7ἰῘΕΓ8.
240 3451 277 3467 20·

375 315 449 351 292
1075 302 1342 347 QUAESTlO
1371 302 1458 350 XC,

1134 435 1453 478 ARTICULUS

1487 304 1783 341 ARTICULUS
1814 305 1844 340 11

1487 437 1786 480 SECUNDUS

1037 527 1192 559 UTRUM
1216 527 1376 559 LlCEAT
1399 528 1635 561 DAEMONES
1657 529 1878 561 ADIURARE

425 638 448 650 κ
487 653 493 664 ,
581 629 603 655 D
619 629 807 654 SECUNDUM
823 628 876 654 sle
891 628 1130 654 PRocemrua.
1148 617 1308 654 Videtur
1329 617 1433 665 quod

508 667 559 719 ’ἦ
582 683 658 707 non
687 670 795 706 liceat
823 670 1032 707 daemones
1052 670 1238 707 adiurare.
1269 670 1369 706 Dicit
1398 683 1434 706 e-
1458 676 1461 690 ‘

549 719 658 760 nim
691 723 887 770 Origenes,
916 734 1030 771 super
1047 724 1184 760 Matth.
1202 722 1240 759 *t
1269 723 1360 760 Non
1380 729 1436 760 est

558 792 571 803 x
598 777 782 812 ecundum
805 782 1025 825 potestatem
1045 776 1172 813 datam
1192 788 1215 813 a
1235 776 1433 813 salvatore

369 831 548 867 adiurare
567 830 788 866 daemonia:
817 830 1016 866 Iudaicum
1037 830 1136 866 enim
1157 834 1211 866 est
1227 831 1308 866 hoc.
1339 830 1431 866 Non

368 891 495 920 autem
522 883 708 919 debemus
738 883 966 920 ludaeorum
988 882 1079 920 ritus
1099 882 1247 929 imitari,
1268 883 1335 919 sed
1362 895 1431 931 po-

368 936 440 973 tius
468 936 520 972 uti
556 943 739 983 potestate
770 948 791 972 a
821 936 971 972 Christo
1002 936 1099 972 data.
1138 937 1239 983 Ergo
1269 948 1347 972 non
1378 943 1433 972 est

368 989 509 1026 licitum
540 989 749 1026 daemones
779 989 965 1026 adiurare.

422 1054 457 1079 2.
484 1043 724 1089 PRAETEREA,
755 1042 863 1078 multi
900 1041 1183 1090 nigromanticis
1211 1041 1431 1078 incantatio-

368 1095 479 1132 nibus
517 1096 726 1132 daemones
762 1108 831 1144 per
859 1095 998 1144 aliquid
1028 1094 1201 1132 divinum
1230 1095 1429 1141 invocant,

367 1144 473 1197 quod
493 1156 548 1184 est
571 1149 757 1186 adiurare.
788 1149 827 1185 Si
847 1148 957 1196 igitur
975 1148 1116 1184 licitum
1138 1155 1193 1184 est
1222 1148 1431 1184 daemones

366 1202 551 1247 adiurare,
567 1199 707 1238 licitu'm
728 1209 783 1238 est
812 1200 1093 1249 nigromanticis
1113 1200 1430 1236 incantationibus

367 1255 431 1293 uti.
472 1255 587 1301 Quod
617 1263 719 1303 patet
747 1267 829 1292 esse
858 1255 1007 1291 falsum.
1049 1254 1150 1300 Ergo
1181 1261 1217 1290 et
1249 1253 1428 1301 primum.
1456 1268 1458 1282 ⁴

423 1309 457 1345 3.
479 1309 711 1354 PRAETEREA,
743 1308 976 1355 quicumque
1000 1306 1148 1342 adiurat
1175 1305 1354 1353 aliquem,
1385 1317 1431 1342 ex

366 1362 442 1398 hoc
469 1361 551 1409 ipso
581 1362 744 1409 aliquam
767 1360 988 1397 societatem
1008 1371 1096 1395 cum
1116 1358 1199 1407 ipso
1224 1358 1321 1395 facit.
1353 1359 1429 1396 Sed

366 1427 445 1451 non
482 1415 566 1451 licet
604 1427 692 1451 curn
732 1413 985 1450 daemonibus
1023 1412 1244 1449 societatem
1283 1412 1428 1449 faeere:

366 1462 585 1504 secundum¹
598 1467 689 1504 illud
714 1468 727 1502 Ι
753 1468 840 1504 Cor.
860 1478 882 1502 x
902 1466 939 1503 *ε
974 1465 1077 1503 Nolo
1105 1477 1171 1502 vos
1199 1465 1319 1502 socios
1335 1466 1432 1513 fieri

365 1521 662 1558 daemoniorum.
686 1521 788 1568 Ergo
810 1532 887 1556 non
907 1519 992 1556 licet
1011 1519 1222 1556 daemones
1241 1517 1427 1556 adiurare.

419 1574 492 1611 SED
522 1585 668 1610 CONTRA
696 1585 762 1610 EST
794 1573 899 1622 quod
929 1573 1063 1610 dicitur
1091 1571 1352 1608 Marc.u1t.*:
1381 1573 1428 1609 In

365 1628 516 1664 nomine
531 1639 612 1664 meo
629 1627 829 1663 daemonia
844 1626 999 1663 eiicient.
1022 1626 1099 1662 Sed
1115 1624 1295 1662 inducere
1311 1624 1428 1661 alium

365 1680 414 1717 ad
433 1680 574 1728 aliquid
595 1681 786 1728 agendum
811 1687 966 1728 propter
986 1690 1130 1715 nomen
1150 1677 1334 1725 divinum,
1354 1679 1429 1714 hoc
1456 1703 1457 1710 κ

366 1742 421 1770 est
440 1734 624 1771 adiurare.
651 1734 752 1780 Ergo
773 1733 915 1770 licitum
937 1739 992 1774 est
1011 1732 1221 1769 daemones
1241 1731 1427 1768 adiurare.
1455 1743 1457 1779 ᾗ

418 1788 643 1824 RESPONDEO
669 1798 853 1823 mCENDUM
878 1785 994 1834 quod,
1025 1785 1122 1822 sicut
1151 1784 1294 1822 dictum
1323 1792 1379 1821 est
1397 1784 1427 1831 ’¹2

366 1840 503 1889 duplex
532 1848 587 1877 est
616 1839 815 1876 adiurandi
844 1840 1002 1876 modus:
1041 1850 1140 1874 unus
1174 1837 1328 1886 quidem
1361 1850 1430 1886 per

366 1894 526 1930 modum
562 1892 839 1942 deprecationis
867 1893 929 1929 vel
966 1891 1195 1928 inductionis
1232 1891 1282 1927 ob
1321 1903 1430 1927 reve-

365 1947 524 1983 rentiam
554 1947 708 1982 alicuius
737 1945 851 1991 sacri3
890 1945 982 1982 alius
1011 1952 1140 1980 autem
1170 1956 1238 1992 per
1266 1943 1427 1981 modum

366 1999 651 2048 compulsionis.
682 1999 810 2036 Primo
831 2006 960 2035 autem
980 1997 1099 2034 modo
1120 2009 1197 2034 non
1227 1996 1313 2033 licet
1341 1997 1430 2034 dae-

365 2066 500 2090 mones
537 2053 729 2090 adiurare:
769 2051 857 2100 quia
891 2051 951 2088 ille
980 2051 1119 2087 modus
1148 2049 1346 2087 adiurandi
1374 2050 1429 2086 vi-

366 2107 474 2143 detur
502 2107 551 2142 ad
580 2105 773 2154 quandam
805 2103 1113 2142 benevolentiam
1137 2104 1200 2141 vel
1225 2103 1429 2142 amicitiam

365 2160 564 2208 pertinere,
596 2171 671 2207 qua
692 2171 769 2194 non
790 2158 874 2194 licet
902 2158 949 2194 acl
980 2158 1189 2194 daemones
1213 2156 1279 2193 uti.
1309 2178 1333 2184 —
1363 2157 1429 2194 Se-

366 2213 491 2250 cundo
513 2220 639 2249 autem
661 2211 906 2249 adiurationis
925 2211 1057 2257 modo,
1078 2210 1143 2259 qui
1165 2217 1220 2246 est
1237 2222 1306 2258 per
1326 2222 1430 2247 com-

365 2266 595 2315 pulsionem,
625 2265 710 2302 licet
738 2265 848 2301 nobis
877 2265 924 2301 ad
955 2263 1095 2312 aliquid
1124 2263 1195 2310 uti,
1226 2271 1262 2299 et
1290 2263 1339 2300 ad
1366 2263 1431 2300 ali-

366 2319 459 2367 quid
494 2331 571 2355 non
600 2319 694 2355 licet.
732 2319 954 2355 Daemones
983 2317 1082 2354 enim
1113 2317 1149 2353 in
1179 2329 1290 2353 cursu
1319 2316 1432 2354 huius
1458 2357 1459 2364 ἵ

365 2373 466 2409 vitae
495 2372 606 2408 nobis
635 2372 839 2408 adversarii
870 2371 1167 2407 constituuntur:
1197 2382 1273 2406 non
1303 2369 1430 2409 autem

368 2437 502 2462 eorum
531 2433 634 2461 actus
664 2433 814 2461 nostrae
845 2423 1081 2472 dispositioni
1111 2423 1336 2468 subduntur,
1351 2422 1432 2460 ,sed

367 2478 603 2527 dispositioni
651 2477 801 2514 divinae
844 2485 880 2513 et
922 2485 1139 2514 sanctorum
1183 2477 1431 2524 angelorum;

421 2592 447 2624 α)
468 2591 569 2616 datam.
581 2605 599 2610 -
619 2591 711 2616 datam
731 2591 804 2615 nobis
823 2591 854 2619 D.
875 2590 993 2615 divinam
1014 2591 1105 2615 datam
1125 2591 1172 2616 Pa.

421 2627 445 2660 β)
467 2628 614 2652 daemones.
628 2640 646 2645 -
666 2626 819 2651 daemonem
839 2626 868 2651 P.

417 2662 443 2697 γ)
463 2662 663 2694 adipiscendum
677 2662 720 2686 vei
734 2661 934 2686 addiscendum.
947 2674 966 2680 —
982 2661 1184 2693 adipiscendum
1204 2660 1276 2693 GpC‚
1289 2660 1430 2686 addiscen—

1487 617 1588 665 quia,
1617 626 1658 654 ut
1685 618 1918 666 Augustinus
1948 618 2048 666 dicit,
2078 618 2116 655 in
2145 619 2194 655 111
2224 618 2270 655 de
2296 619 2333 655 T
2329 619 2399 655 rin.
2419 618 2451 666 ³¹²,
2479 619 2552 667 spi—

1487 671 1579 707 ritus
1606 672 1773 708 desertor
1800 672 1946 721 regitur
1974 683 2047 722 per
2073 672 2244 720 spiritum
2273 672 2422 708 iustum.
2460 672 2552 708 Pos-

1486 736 1618 760 sumus
1647 736 1736 771 ergo
1766 725 1994 772 daemones,
2025 725 2247 772 adiurando,
2275 737 2346 773 per
2372 724 2552 761 virtutem

1487 777 1603 813 divini
1639 777 1806 813 nominis
1841 785 2023 827 tanquam
2059 773 2232 815 inimicos
2268 778 2467 827 repellere,
2504 790 2551 814 ne

1486 829 1597 866 nobis
1621 837 1785 866 noceant
1802 831 1864 866 vel
1885 830 2123 879 spiritualiter
2135 832 2197 868 vel
2218 830 2475 880 corporaliter,
2494 843 2551 867 se-

1487 883 1655 920 cundum
1692 890 1919 931 potestatem
1957 883 2085 920 datam
2112 888 2129 904 ²
2162 897 2184 920 a
2217 883 2388 921 Christo:
2419 895 2571 924 secum,

1488 937 1579 973 dum
1607 936 1696 972 illud
1727 936 1819 972 Luc.
1840 948 1863 972 x
1881 935 1922 972 *ε
1950 937 2060 982 Ecce,
2090 936 2175 973 dedi
2201 937 2304 974 vobis
2329 942 2550 985 potestatem

1486 989 1660 1026 calcandi
1691 1000 1807 1036 supra
1834 994 2021 1037 serpentes
2049 994 2085 1025 et
2109 989 2341 1037 scorpiones,
2375 995 2412 1026 et
2435 1001 2551 1038 supra

1486 1055 1636 1080 omnem
1663 1042 1837 1091 virtutem
1874 1042 2033 1087 inimici,
2067 1047 2104 1078 et
2138 1042 2230 1078 nihil
2255 1043 2360 1079 vohis
2395 1043 2550 1080 nocebit.

1458 1122 1459 1128 ι
1485 1095 1577 1132 Non
1605 1103 1735 1132 tamen
1770 1095 1911 1131 licitum
1941 1102 1996 1132 est
2030 1107 2097 1131 eos
2126 1094 2299 1131 adiurare
2333 1096 2382 1132 ad
2411 1095 2552 1144 aliquid

1486 1149 1534 1185 ab
1569 1148 1623 1185 eis
1658 1149 1955 1195 addiscendum,
1986 1148 2047 1184 vel
2077 1147 2189 1184 etiam
2226 1148 2275 1185 ad
2308 1147 2446 1196 aliquid
2485 1160 2553 1197 per

1485 1214 1552 1238 eos
1573 1201 1835 1248 obtinendum,
1861 1201 1950 1250 quia
1973 1202 2048 1237 hoc
2075 1201 2279 1250 pertineret
2308 1201 2356 1237 ad
2385 1200 2552 1249 aliquam

1483 1254 1705 1292 societatem
1726 1266 1812 1292 cum
1834 1254 1924 1302 ipsis
1943 1254 2181 1292 habendam:
2202 1254 2273 1291 nisi
2291 1254 2387 1291 forte
2408 1266 2453 1291 ex
2469 1266 2553 1303 spe-

1485 1307 1567 1344 ciali
1587 1306 1766 1344 instinctu
1792 1308 1853 1344 vel
1877 1307 2111 1344 revelatione
2137 1307 2279 1354 divina,
2301 1306 2416 1356 aliqui
2434 1307 2553 1344 sancti

1485 1360 1534 1396 ad
1562 1359 1712 1407 aliquos
1741 1359 1899 1396 effectus
1929 1360 2163 1397 daemonum
2194 1361 2419 1408 operatione
2446 1368 2553 1399 utan-

1483 1420 1559 1458 tur;
1599 1413 1695 1449 sicut
1729 1412 1863 1460 legitur
1891 1413 1938 1450 de
1968 1413 2080 1449 beato
2119 1414 2260 1450 Iacobo
2288 1413 2308 1435 ’¹‘
2345 1412 2451 1462 quod
2483 1425 2553 1463 per

1484 1466 1693 1503 daemones
1712 1464 1727 1495 β
1755 1465 1842 1502 fecit
1870 1466 2156 1513 Hermogenem
2186 1466 2235 1503 ad
2264 1478 2304 1503 se
2332 1466 2486 1505 adduci.

1537 1521 1595 1557 AD
1625 1531 1761 1556 PRJMUM
1791 1531 1890 1556 ERGO
1923 1530 2108 1556 DICENDUM
2146 1519 2252 1568 quod
2281 1519 2468 1567 Origenes
2495 1520 2551 1561 lov,-

1484 1573 1612 1621 quitur
1646 1572 1693 1609 de
1726 1572 1964 1609 adiuratione
2002 1584 2099 1620 quae
2128 1584 2206 1609 non
2235 1572 2282 1609 fit
2306 1573 2551 1621 protestative

1483 1638 1552 1675 per
1570 1627 1732 1662 modum
1754 1625 2039 1674 compulsionis,
2061 1625 2128 1662 sed
2152 1625 2272 1673 magis
2300 1622 2368 1674 per
2387 1626 2549 1666 modum

1484 1678 1685 1716 cuiusdam
1714 1679 1926 1716 benevolae
1955 1678 2245 1727 deprecationis.
2533 1708 2542 1722 ,

1537 1734 1596 1768 Ab
1612 1743 1803 1768 SECUNDUM
1818 1743 2002 1768 DICENDUM
2023 1733 2126 1780 quod
2154 1732 2422 1779 nigromantici
2441 1740 2552 1773 utun-

1483 1793 1543 1822 tur
1571 1784 1870 1821 adiurationibus
1906 1793 1940 1822 et
1973 1785 2281 1822 invocationibus
2313 1785 2549 1822 daemonum

1484 1839 1533 1875 ad
1553 1837 1693 1886 aliquid
1709 1838 1757 1874 ab
1773 1837 1826 1874 eis
1841 1837 2132 1886 adipiscendum
2148 1839 2211 1875 vel
2229 1838 2549 1882 addiscendum&

1485 1900 1521 1928 et
1549 1892 1623 1928 hoc
1644 1898 1699 1927 est
1718 1890 1900 1937 illicitum,
1926 1898 1967 1928 ut
1995 1890 2137 1928 dictum
2158 1899 2214 1927 est
2232 1890 2263 1928 ²¹².
2293 1891 2406 1928 Unde
2430 1891 2550 1940 Chry·
2575 1899 2587 1910 ·

1485 1952 1678 1981 sostomus
1707 1944 1805 1990 dicit,
1828 1945 1946 1981 Mare.
1969 1956 1978 1980 1
1997 1943 2028 1990 ²¹⁸,
2060 1956 2255 1993 exponens
2275 1944 2367 1981 illud
2385 1945 2548 1986 verbum

1482 1997 1653 2044 Domini,
1685 1998 1789 2046 quod
1809 1997 1952 2045 spiritui
1971 1996 2174 2034 immundo
2196 1997 2297 2044 dixit,
2321 1997 2550 2042 Obmutesce,

1484 2057 1520 2088 et
1537 2051 1602 2088 exi
1627 2051 1672 2088 de
1687 2048 1700 2072 δ
1718 2050 1889 2088 homine:
1918 2050 2163 2099 Salutiferum
2191 2051 2252 2087 hic
2275 2051 2382 2088 nohis
2409 2051 2551 2100 dogma

1484 2105 1606 2149 datur,
1630 2116 1677 2141 ne
1695 2105 1894 2140 credamus
1922 2104 2178 2150 daemonibus,
2208 2109 2530 2152 quantumcumqu

1483 2157 1699 2194 denuntient
1724 2158 1931 2194 veritatem.

1538 2213 1596 2247 AD
1625 2222 1785 2247 TERTIUM
1814 2222 2000 2247 DlCENDUM
2029 2209 2134 2258 quod
2164 2209 2256 2246 ratio
2286 2209 2347 2246 illa
2383 2209 2554 2259 procedit

1485 2264 1534 2301 de
1562 2263 1799 2300 adiuratione
1827 2275 1904 2311 qua
1931 2263 2160 2312 imploratur
2186 2262 2368 2300 auxilium
2396 2263 2554 2301 daemo-

1487 2329 1580 2355 num
1601 2318 1649 2354 ad
1663 2316 1810 2364 aliquid
1830 2317 2020 2364 agendum
2041 2317 2104 2353 vel
2124 2316 2454 2364 cognoscendum:
2478 2316 2554 2362 hoc

1486 2369 1589 2407 enim
1617 2369 1769 2407 videtur
1797 2370 1845 2407 ad
1878 2370 2074 2418 quandam
2103 2370 2323 2407 societatem
2352 2370 2553 2418 pertinere.

1487 2423 1564 2460 Sed
1597 2423 1703 2472 quod
1735 2423 1867 2471 aliquis
1896 2423 2107 2460 adiurando
2131 2423 2347 2460 daemones
2377 2423 2552 2471 repellat,

1486 2477 1560 2513 hoc
1589 2483 1645 2513 est
1673 2477 1721 2513 ab
1752 2488 1885 2513 eorum
1916 2476 2095 2513 societate
2125 2476 2315 2515 recedere.

1483 2590 1546 2616 dum
1566 2591 1598 2621 Η,
1618 2591 1810 2616 addiscendum
1831 2591 1872 2615 uel
1889 2590 2092 2622 adipiscendum
2112 2590 2141 2615 P.

1537 2624 1562 2658 ὃ)
1582 2626 1623 2651 de.
1636 2640 1654 2644 -
1672 2625 1899 2665 abeACDGHaJ
1917 2633 1965 2658 pro
1985 2625 2034 2655 hic,
2055 2625 2103 2650 hoc
2122 2625 2170 2650 Pa.

1030 2739 1363 2772 Commentaria
1386 2739 1638 2772 Gar-<linaiis
1661 2738 1862 2772 Caietam

397 2831 417 2850 N
441 2819 591 2850 omnibus
614 2819 713 2849 tribus
737 2819 874 2849 articulis
905 2819 1101 2860 quaestionis
1125 2819 1367 2859 nonagesimae,
1393 2819 1432 2849 de
1456 2819 1458 2856 ἓ

372 2833 616 2900 lAdiuratione,
641 2864 708 2894 sola
731 2874 805 2899 una,
831 2871 960 2904 propter
979 2864 1156 2894 secundum
1175 2863 1354 2899 articulum,
1379 2873 1432 2894 oc-

366 2909 462 2940 currit
485 2908 657 2938 dubitatio:
682 2916 839 2948 quantum
863 2908 979 2938 scilicet
1001 2909 1103 2939 valeat
1126 2908 1206 2938 ratio
1228 2908 1358 2944 litterae,
1383 2914 1430 2938 to-
1456 2919 1458 2943 5

366 2953 423 2984 ties
447 2953 585 2993 repetita,
611 2953 648 2983 de
673 2952 793 2983 actibus
818 2952 1047 2992 pertinentibus
1076 2952 1116 2982 ad
1139 2953 1300 2993 quandam
1332 2951 1431 2983 socie-

367 3005 463 3028 tatem
480 3007 553 3027 cum
571 2997 736 3027 daemone.
762 2996 970 3037 Consurgunt
985 2997 1143 3038 siquidem
1167 2996 1218 3027 hic
1238 2997 1303 3027 duo
1324 2997 1429 3028 dubia.

366 3043 417 3072 An
437 3041 561 3077 scilicet,
579 3048 717 3071 cessante
737 3041 825 3071 omni
849 3041 1059 3078 invocatione,
1080 3041 1251 3071 reverentia
1277 3048 1307 3072 et
1325 3047 1429 3082 pacto,

366 3092 433 3116 tarn
458 3085 599 3125 explicite
624 3095 720 3125 quam
744 3085 906 3125 implicite,
930 3085 1021 3116 liceat
1044 3085 1167 3116 homini
1184 3085 1229 3116 uti
1246 3086 1430 3125 operatione

368 3130 563 3160 daemonum
586 3130 625 3159 ad
649 3139 745 3170 opera
760 3140 825 3160 non
842 3130 1021 3160 excedentia
1037 3130 1117 3161 vires
1132 3130 1290 3161 naturales
1305 3139 1429 3167 eorum,

369 3184 425 3204 nec
449 3174 550 3210 mala,
575 3183 632 3204 nec
661 3180 790 3213 propter
818 3175 938 3204 malum
967 3174 1074 3205 finem.
1103 3193 1120 3197 -
1143 3175 1288 3205 Alterum
1313 3181 1375 3205 est:
1405 3175 1430 3205 si

368 3228 433 3248 non
458 3226 503 3249 est
526 3218 664 3254 licitum,
689 3228 728 3248 an
759 3218 798 3248 sit
826 3225 991 3258 peccatum
1015 3219 1148 3249 mortale
1171 3219 1216 3249 uti
1244 3218 1431 3249 huiusmodi

368 3262 516 3302 operibus
541 3262 754 3299 daemonum,
779 3269 856 3302 puta
878 3262 1054 3299 locutione,
1081 3263 1264 3294 executione
1287 3273 1343 3294 seu
1368 3273 1431 3293 ser-

368 3313 455 3336 vmo.

424 3351 463 3380 Et
487 3357 533 3380 est
555 3350 634 3380 ratio
659 3350 821 3380 dubitandi
845 3349 920 3390 quia
945 3361 1010 3380 non
1034 3358 1164 3391 apparet
1187 3351 1236 3381 hic
1256 3351 1377 3381 malum
1395 3361 1431 3381 ex

369 3403 496 3433 genere:
528 3395 582 3424 sed
606 3404 643 3424 ex
666 3394 823 3434 periculo,
848 3395 923 3435 quia
948 3395 1099 3435 scriptum
1125 3402 1170 3426 est
1185 3395 1217 3425 *z
1246 3395 1325 3426 Cum
1351 3405 1428 3436 per-

371 3448 461 3468 verso
475 3439 688 3478 perverteris;
707 3438 756 3468 vel
776 3438 850 3478 quia
867 3439 1074 3478 prohibitum,
1094 3439 1160 3470 lad
1173 3439 1246 3470 Cor.
1260 3450 1278 3469 x
1290 3439 1320 3469 *ε
1346 3440 1429 3470 Nolo

371 3492 426 3512 vos
438 3482 518 3522 fieri
533 3484 634 3512 socios
649 3483 899 3513 daemoniorum.
924 3501 945 3506 -
970 3484 1009 3513 Et
1033 3483 1222 3523 experientia
1246 3483 1430 3524 quotidiana

370 3532 508 3561 testatur,
533 3536 606 3556 cum
630 3527 803 3566 arreptitiae
827 3537 980 3567 personae
1003 3535 1187 3563 occurrunt,
1213 3527 1332 3558 multos
1355 3538 1430 3558 cum

372 3570 579 3600 daemonibus
608 3570 748 3610 colloqui
780 3571 897 3611 absque
926 3572 1075 3611 scrupulo
1104 3571 1322 3602 conscientiae.
1346 3589 1367 3594 -
1391 3572 1431 3602 Et

372 3616 492 3644 Auctor
515 3613 653 3650 inferius,
678 3624 731 3654 qu.
748 3625 816 3650 xcv,
837 3622 892 3645 art.
904 3625 936 3654 4,
961 3616 999 3644 ad
1022 3626 1046 3651 1,
1072 3615 1157 3646 dicit:
1182 3615 1352 3655 Inquirere
1369 3616 1430 3646 ali-

1485 2819 1562 2859 quid
1577 2829 1597 2849 a
1613 2818 1768 2849 daemone
1782 2823 1895 2858 sponte
1908 2823 2099 2848 occurrente
2118 2818 2310 2858 quandoque
2329 2817 2402 2848 licet
2417 2821 2554 2858 propter

1484 2864 1655 2894 utilitatem
1680 2864 1832 2893 aliorum.

1541 2908 1577 2939 11.
1603 2908 1654 2938 Ad
1673 2907 1863 2937 evidentiam
1880 2906 1976 2937 huius
1994 2905 2196 2943 difficultatis,
2212 2905 2377 2937 sciendum
2394 2912 2441 2936 est
2463 2905 2553 2946 quod

1483 2952 1534 2983 hic
1557 2962 1623 2982 non
1648 2958 1694 2982 est
1716 2951 1860 2992 quaestio
1885 2951 1924 2982 de
1947 2951 2150 2982 invocatione
2175 2951 2381 2987 daemonum,
2406 2956 2442 2981 ut
2465 2955 2550 2997 patet
2594 2974 2670 2987 m„

1485 3007 1521 3027 ex
1537 2996 1630 3027 titulo
1651 2996 1753 3026 dubii:
1779 2995 1933 3037 quoniam
1949 2994 2003 3025 illa
2023 3002 2069 3025 est
2085 2994 2249 3026 manifeste
2265 2994 2382 3032 illicita,
2398 3001 2429 3025 et
2441 2993 2552 3037 pecca]—

1484 3048 1553 3071 turn
1578 3041 1721 3077 mortale,
1739 3047 1883 3080 spectans
1899 3039 1938 3070 ad
1955 3039 2156 3079 apostasiam,
2173 3045 2209 3070 ut
2232 3038 2312 3070 infra
2331 3039 2364 3069 in
2387 3038 2460 3069 loco
2477 3043 2551 3081 pm-

1483 3084 1586 3126 prio*
1609 3091 1703 3125 patet.
1729 3085 1791 3116 Sed
1813 3083 1958 3126 quaestio
1981 3090 2029 3116 est
2053 3084 2092 3114 de
2111 3083 2280 3124 colloquiis
2304 3090 2334 3114 et
2357 3082 2551 3114 admissione

1484 3130 1684 3160 servitiorum
1708 3136 1739 3160 et
1766 3128 1968 3164 huiusmodi,
1994 3129 2124 3169 quando
2148 3129 2286 3159 daemon
2309 3135 2425 3167 sponte
2446 3135 2483 3158 se
2502 3124 2550 3157 nf-

1484 3174 1542 3205 fert
1565 3181 1620 3205 aut
1643 3173 1789 3204 occurrit.
1818 3173 1859 3203 Et
1883 3173 2053 3203 dicendum
2078 3179 2124 3203 est
2147 3172 2237 3213 quod
2260 3171 2427 3212 dupliciter
2448 3170 2549 3201 homo
2587 3188 2590 3189 ν

1483 3225 1589 3258 potest
1611 3217 1797 3248 huiusmodi
1814 3227 2002 3248 communes
2018 3224 2105 3248 actus
2123 3226 2262 3248 exercere
2281 3226 2356 3247 cum
2376 3216 2548 3258 daemone:

1484 3269 1539 3292 aut
1561 3269 1715 3302 tanquam
1734 3271 1808 3292 cum
1824 3261 1928 3297 hoste;
1954 3268 2008 3292 aut
2027 3267 2180 3302 tanquam
2195 3271 2270 3292 cum
2285 3259 2384 3296 socio.
2399 3269 2456 3291 neu
2471 3267 2550 3292 non·
2585 3263 2601 3278 '⁴

1483 3306 1584 3337 hoste.
1617 3305 1649 3337 Si
1674 3306 1758 3336 enim
1782 3306 1882 3336 homo
1905 3305 2036 3346 inquirit
2063 3305 2183 3346 aliquid
2208 3304 2409 3346 loquendum
2431 3303 2482 3334 vel
2504 3301 2549 3333 fa-

1485 3351 1634 3381 ciendum
1658 3360 1676 3380 a
1691 3350 1846 3380 daemone
1870 3357 2022 3390 tanquam
2047 3350 2085 3380 ab
2109 3350 2210 3386 hoste,
2235 3349 2360 3380 nullum
2383 3353 2549 3388 peccatum

1484 3402 1545 3425 est:
1578 3394 1734 3435 quoniam
1762 3394 1825 3424 dati
1849 3401 1923 3424 sunt
1946 3394 2038 3424 nobis
2065 3394 2098 3424 in
2122 3394 2245 3430 hoster»,
2270 3399 2301 3424 et
2333 3391 2486 3422 hostiliter
2509 3391 2549 3420 ad

1484 3450 1539 3470 eos
1563 3449 1622 3469 nos
1646 3439 1760 3469 habere
1783 3439 1945 3469 debemus.
1978 3439 2019 3468 Et
2048 3437 2203 3479 quoniam
2231 3446 2305 3468 cum
2328 3436 2376 3466 his
2403 3435 2548 3465 hostibus

1484 3483 1572 3514 nulla
1595 3490 1641 3514 est
1664 3482 1859 3513 indutiarum
1888 3492 2035 3513 concessa
2064 3482 2206 3518 libertas,
2231 3487 2267 3511 ut
2293 3479 2419 3510 interim
2449 3478 2550 3519 possit

1484 3528 1584 3558 homo
1609 3538 1683 3558 cum
1707 3527 1879 3563 daemone,
1904 3526 1994 3567 quasi
2018 3533 2145 3565 treugae
2168 3531 2328 3565 tempore,
2354 3522 2547 3559 conversari;
2593 3540 2595 3543 -

1484 3581 1683 3612 consequens
1714 3578 1760 3602 est
1790 3578 1825 3602 ut
1856 3581 1980 3610 semper
2010 3569 2164 3600 hostiliter
2191 3569 2231 3598 ad
2261 3578 2316 3598 eos
2346 3577 2404 3598 nos
2434 3567 2548 3597 habere

1484 3622 1639 3656 oporteat.
1664 3615 1714 3646 Ad
1737 3615 1844 3646 hostes
1863 3622 1970 3645 autem
1990 3613 2157 3654 dupliciter
2173 3622 2232 3644 nos
2247 3611 2478 3652 inculpabiliter
2498 3621 2547 3642 ex-

2579 631 2590 642 ·
2605 630 2662 659 Cap.
2677 637 2707 653 ιν.
2721 642 2726 646 ,

2577 945 2588 956 ⁴
2603 944 2672 967 νει-ι.
2687 950 2720 973 19·

2598 1415 2781 1468 maffia

2573 1471 2791 1521 1’0‘..„.'.·³1'1⁰⁹·⁷21..‘f

2579 1515 2790 1556 Certen-'Apost-

2577 1551 2619 1573 hb.
2634 1551 2676 1579 tv.
2687 1557 2738 1580 mp-
2753 1558 2789 1574 ιιι.

2857 1328 2860 1356 l

2856 1362 2860 1382 i

2846 1387 2860 1422 ’ἲ

2855 1429 2860 1438 2

2855 1538 2860 1549 ³

2857 1609 2860 1617 2

2577 3087 2789 3137 ’cssgfflmr

2842 3891 2857 4012 *⁸*.-‘.-.³''·b;„.
2855 3876 2857 3884 -
2847 3864 2857 3870 J
2846 3811 2847 3814 Α
2847 3771 2850 3774 ’
2847 3730 2854 3761 ⁰-
2841 3718 2843 3720 ’
