2860 4244
9 403 39 495 ξ
45 411 111 434 Vm.
124 417 159 440 3²-

147 2036 167 2049 i.
210 2032 214 2036 ,
245 1986 360 2050 §liqui
378 1993 491 2032 futuri
512 2003 681 2033 eventus.
698 2018 720 2024 -
739 1997 781 2033 In
800 1997 875 2033 hoc
893 2004 1023 2033 tamen
1042 1996 1119 2033 duo
1141 1996 1312 2034 conside·
1339 2010 1340 2046 i

159 1722 166 1729 ι
210 1719 216 1725 ⁷
245 1668 504 1726 ,efirporalium
534 1689 787 1726 organorum,
817 1677 985 1715 subiacet
1014 1688 1148 1714 eorum
1186 1677 1313 1714 anima

232 1772 332 1819 'liter
351 1781 581 1820 caelestium.
605 1783 656 1820 Et
674 1783 761 1821 ideo
781 1783 872 1821 nihil
892 1783 1070 1832 prohibet
1088 1783 1231 1831 aliquas
1252 1796 1315 1820 eo·
1340 1812 1341 1829 2

922 277 1189 323 QUAESTIO
1219 277 1339 325 XCV,

305 356 347 402 3.
369 356 602 403 PRAETEREA,
633 356 794 393 Gedeon
823 356 860 392 in
889 367 1050 392 numero
1090 358 1316 393 Sanctorum
1343 374 1344 380 1

256 408 428 456 ponitur,
457 416 499 445 ut
525 416 628 458 patet
653 409 753 446 Heb.
783 421 818 445 xi
846 408 876 445 ³¹².
916 409 992 445 Sed
1028 408 1188 445 Gedeon
1226 421 1317 446 usus

257 460 325 497 fuit
344 461 474 498 omine
503 473 547 498 ex
576 462 651 498 hoc
679 462 784 509 quod
813 461 957 499 audivit
993 461 1258 499 recitationem.
1282 471 1317 499 et

257 513 604 562 interpretationem
633 515 830 552 cuiusdam
860 514 1009 562 somnii,
1034 522 1075 550 ut
1094 515 1226 562 legitur
1252 516 1316 552 Iu—

257 566 327 605 dic.
347 579 395 604 vu
414 567 444 604 ³¹⁸.
475 568 524 604 Et
543 567 712 604 similiter
731 567 889 615 Eliezer,
910 579 1042 604 servus
1061 568 1250 615 Abrahae,
1276 576 1317 604 ut

255 619 388 667 legitur
419 620 510 657 Gen.
539 631 624 656 xx1v
642 619 673 657 ²¹⁸.
704 620 804 667 Ergo
832 620 1115 668 videtur‘quod
1153 621 1232 657 talis
1262 621 1315 658 di-

256 671 399 709 vinatio
427 685 507 709 non
534 673 580 709 sit
607 672 742 709 illicita.

310 726 384 762 SED
405 736 550 769 CONTRA
568 736 635 762 EST
654 725 758 774 quod
778 724 912 762 dicitur
931 726 1040 762 Deut.
1062 738 1146 763 xvu1
1166 726 1201 763 *t
1222 727 1313 763 Non

255 777 467 814 inveniatur
495 778 532 814 in
561 784 595 814 te
623 778 690 826 qui
714 779 883 815 observet
909 779 1086 828 auguria.

308 830 533 868 Ri-:sponnizo
571 842 755 868 monimum
788 832 892 880 quod
911 839 1038 868 motus
1066 832 1126 868 vel
1154 831 1313 879 garritus

254 882 398 931 avium,
427 884 489 920 vel
519 894 785 932 quaecumque
806 883 1070 933 dispositiones
1092 884 1313 921 huiusmodi
1338 887 1340 898 ¹

252 934 291 972 in
312 936 425 972 rebus
443 941 460 964 Υ
480 936 751 984 consideratae,
773 937 1015 974 manifestum
1037 944 1092 974 est
1111 937 1216 986 quod
1235 949 1313 974 non
1338 941 1340 984 ξ

253 996 342 1025 sunt
368 1000 482 1026 causa
501 989 714 1027 futurorum
739 997 968 1027 eventuum:
997 990 1099 1027 unde
1121 1001 1165 1026 ex
1186 989 1238 1026 eis
1257 990 1313 1026 fu-
1338 988 1340 990 ’

251 1048 334 1078 tura
363 1042 541 1090 cognosci
568 1050 649 1079 non
676 1051 837 1092 possunt
864 1043 958 1080 sicut
992 1054 1035 1079 ex
1064 1041 1198 1079 causis.
1239 1043 1313 1079 Re-

251 1093 432 1143 linquitur
470 1107 559 1143 ergo
588 1096 692 1144 quod
721 1095 750 1132 si
780 1108 826 1132 ex
854 1097 906 1132 eis
935 1095 1060 1143 aliqua
1093 1096 1218 1132 futura
1250 1107 1313 1131 co·
1338 1109 1340 1116 ·

251 1155 493 1195 gnoscantur,
522 1147 597 1185 hoc
618 1148 686 1185 erit
712 1147 937 1197 inquantum
958 1155 1044 1185 sunt
1064 1148 1221 1185 effectus
1249 1148 1312 1184 ali·
1338 1167 1340 1179 ι

248 1202 414 1249 'quarum
437 1213 638 1238 causarum
667 1213 765 1250 quae
786 1201 899 1238 etiam
920 1208 1006 1238 sunt
1033 1207 1232 1239 causantes
1250 1203 1312 1238 vel
1338 1209 1340 1257 ᾗ

248 1258 616 1303 praecognoscentes
643 1252 790 1290 fu'turos
820 1261 990 1291 eventus.

248 1298 276 1359 λ’(
304 1305 860 1355 Caufflmm-operationum
875 1307 1074 1344 brutorum
1092 1306 1312 1343 animalium
1339 1318 1341 1342 ε

247 1352 528 1408 δὲΐῆῐὲῐίηεωε
562 1359 718 1408 quidam
748 1371 826 1409 quo
856 1368 1061 1397 moventur
1084 1359 1122 1396 in
1151 1360 1312 1396 modum
1339 1400 1341 1406 ,

248 1403 405 1460 flaturae
423 1409 453 1448 ⁸:
482 1423 561 1449 non
592 1412 692 1450 enim
713 1413 856 1450 habent
879 1413 1092 1450 dominium
1119 1412 1176 1449 sui
1195 1420 1312 1450 actus.
1339 1427 1341 1456 ξ

248 1456 322 1501 Hic
340 1472 469 1502 autem
493 1465 688 1503 instinctus
717 1478 762 1502 ex
791 1465 932 1515 duplici
952 1478 1066 1503 causa
1084 1473 1209 1515 potest
1226 1478 1313 1514 pro-
1339 1484 1341 1492 ι

248 1508 397 1554 ⁴dedere.
426 1517 512 1555 Uno
532 1518 689 1568 quidem
717 1519 857 1566 modo,
887 1531 932 1556 ex
970 1531 1084 1555 causa
1113 1518 1310 1567 corporali.

249 1568 350 1623 Cum
379 1570 482 1608 enim
512 1571 620 1608 bruta
649 1571 827 1609 animalia
854 1583 933 1617 non
960 1571 1127 1608 habeant
1146 1570 1215 1608 nisi
1235 1571 1313 1608 ani-

247 1620 355 1661 'mam
370 1623 601 1672 sensitivam,
617 1624 723 1662 cuius
743 1637 878 1662 omnes
893 1624 1084 1673 potentiae
1105 1632 1191 1661 sunt
1209 1632 1314 1661 actus

249 1721 486 1780 dispositioni
506 1729 779 1768 continentium
801 1743 1019 1780 corporum,
1037 1737 1074 1766 et
1091 1729 1316 1779 primordia-

245 1828 337 1885 rhm'
360 1836 604 1886 >operationes
639 1849 721 1874 esse
753 1837 968 1874 futurorum
1001 1836 1124 1885 signa,
1153 1836 1314 1885 inquan-
1340 1875 1341 1888 χ

245 1890 329 1927 tum
357 1889 644 1926 conformantur
662 1889 970 1940 dispositionibus
995 1901 1200 1938 corporum
1229 1902 1313 1927 cae·
1339 1922 1341 1940 Ξ

244 1941 396 1980 testium
425 1949 462 1979 et
489 1942 585 1980 aeris
613 1943 850 1991 continentis,
881 1955 926 1980 ex
954 1955 1030 1992 qua
1048 1948 1061 1964 ²
1084 1942 1314 1991 proveniunt

1339 1989 1341 2003 l

246 2047 320 2101 rari
338 2055 498 2098 oportet.
529 2049 702 2086 Primum
721 2049 889 2098 quidem,
906 2057 947 2086 ut
973 2048 1194 2086 huiusmodi
1223 2062 1313 2098 ope·
1338 2079 1340 2103 ξ

244 2100 410 2154 ⁴t'tlti‘ones
429 2113 509 2138 non
525 2102 775 2140 extendantur
793 2103 861 2140 nisi
883 2103 932 2139 ad
951 2103 1312 2152 praecognoscentia

99 2167 214 2201 muns
243 2152 372 2191 Μυῖα
391 2164 489 2204 quae
510 2162 715 2193 causantur
740 2168 810 2204 per
837 2163 965 2193 motus
990 2154 1209 2192 caelestium
1230 2168 1311 2193 cor·
1336 2162 1339 2203 ξ

70 2204 76 2212 “
146 2198 171 2233 ·⁷·
188 2203 214 2211 ”
243 2202 406 2256 porum,
428 2214 470 2244 ut
495 2215 610 2258 supra
627 2208 649 2230 ⁸¹
674 2208 813 2246 dictum
843 2216 910 2246 est.
941 2208 1133 2256 Secundo,
1162 2215 1203 2244 ut
1232 2221 1310 2246 non
1336 2205 1338 2264 ξ

245 2259 498 2298 ‘extendantur
525 2261 596 2298 nisi
623 2261 672 2298 ad
702 2274 746 2298 ea
775 2273 872 2310 quae
907 2261 1118 2309 aliqualiter
1150 2270 1311 2310 possunt
1335 2274 1338 2309 1

245 2300 544 2361 &shuiusmodi
572 2314 750 2352 animalia
778 2315 976 2363 pertinere.
1014 2314 1311 2362 consequuntur

211 2407 213 2409 ,
243 2357 347 2403 enim
386 2378 456 2415 per
489 2367 664 2404 caelestia
697 2380 860 2416 corpora
898 2367 1154 2415 cognitionem
1191 2380 1309 2416 quan·
1335 2359 1337 2416 ξ

45 2444 50 2452 ,
99 2411 102 2416 ’
244 2411 335 2456 dam
363 2421 576 2457 naturalem
598 2428 634 2457 et
651 2420 868 2458 instinctum
899 2421 947 2457 ad
972 2433 1016 2457 ea
1046 2432 1144 2469 quae
1173 2432 1307 2457 eorum
1335 2420 1338 2459 ἶ

145 2555 214 2583 ’ἶ””
242 2563 322 2591 tvm
340 2562 387 2589 Pa.

131 2950 133 2956 ¹
154 2937 172 2950 ,
241 2915 501 2958 praecedentibus
516 2915 534 2934 *
555 2922 642 2956 patet
664 2915 831 2956 quomodo
855 2915 944 2955 signa
962 2924 999 2944 ex
1014 2914 1124 2945 avibus
1140 2921 1171 2944 et
1185 2914 1304 2945 anima-

125 2962 132 2990 “,
176 2990 201 3003 „-
241 2958 325 2991 libus
356 2966 542 2996 sumuntur,
567 2966 598 2990 et
625 2969 707 3000 quae
736 2959 871 2990 subsunt
899 2959 1083 2989 caelestibus
1107 2958 1303 2998 corporibus,

266 2517 269 2526 ἶ
294 2527 322 2562 γ)
341 2526 493 2554 huiusmodi
516 2529 542 2554 in
568 2529 654 2554 rebus.
676 2544 693 2548 -
718 2529 744 2554 in
763 2529 848 2554 ‚rebus
873 2529 1026 2554 huiusmodi
1048 2529 1080 2558 G.
1106 2529 1132 2553 in
1157 2528 1308 2554 huiusmodi
1334 2532 1335 2539 ¹

291 2597 322 2632 3)
341 2599 368 2624 in
386 2599 495 2625 modum
514 2602 637 2625 naturae.
649 2613 670 2618 —
687 2600 714 2624 in
734 2603 836 2625 motum
855 2599 940 2632 (motu
959 2598 1016 2634 DE)
1037 2603 1150 2625 naturae
1168 2599 1306 2624 ABDEFG
1332 2596 1334 2620 ἔ

243 2631 342 2667 IKLpC
359 2639 385 2659 et
402 2642 428 2665 a,
448 2638 520 2660 motu
541 2635 661 2660 naturali
678 2636 706 2660 Ρ.

248 2694 249 2697 ,
295 2669 319 2702 t)
337 2674 400 2702 qua.
411 2683 431 2689 -
448 2670 542 2703 quibus
560 2671 588 2695 Ρ.

1370 278 1665 316 ARTICULUS
1694 279 1761 315 VII
2355 280 2427 316 325

1371 358 1469 394 vitae
1508 366 1594 394 sunt
1626 358 1858 395 necessaria:
1898 358 1992 395 sicut
2029 365 2114 394 sunt
2147 357 2429 394 immutationes

1371 422 1470 458 quae
1499 411 1596 447 fiunt
1622 423 1691 459 per
1723 411 1865 459 pluvias
1896 419 1932 447 et
1958 419 2109 458 ventos,
2141 419 2177 447 et
2205 410 2276 447 alia
2303 410 2430 447 huius-

1371 463 1487 500 modi.

1422 516 1508 552 Alio
1538 517 1656 553 modo
1686 516 1878 553 instinctus
1907 516 2127 553 huiusmodi
2155 524 2356 552 causantur
2385 528 2428 552 ex

1371 580 1484 604 causa
1512 569 1701 616 spirituali.
1733 569 1882 606 Scilicet
1902 570 1963 606 vel
1993 581 2036 606 ex
2056 570 2162 606 Deo:
2193 576 2234 605 ut
2262 576 2363 617 patet
2390 569 2428 606 in

1370 621 1548 657 columba
1563 633 1677 669 super
1697 622 1888 659 Christum
1910 622 2162 659 descendente
2181 621 2212 668 ²¹⁶,
2235 629 2270 658 et
2289 622 2327 658 in
2347 634 2428 658 cor·
2455 628 2595 679 Qeffsffttpgfa
2614 635 2666 677 ὣς

1369 686 1420 710 vo
1450 674 1513 722 qui
1541 674 1645 722 pavit
1674 675 1797 711 Eliam
1817 676 1847 722 *,
1869 683 1905 711 et
1933 675 1971 711 in
2000 683 2080 711 cete
2109 675 2172 723 qui
2200 674 2396 711 absorbuit
2415 674 2427 698 ζ
2454 686 2535 708 cap-1,
2553 688 2665 706 vers-10:

2418 727 2424 734 ,
2454 707 2666 736 Luc.eap.1n,vers.

1369 734 1406 762 et
1434 726 1542 763 eiecit
1562 727 1694 763 Ionam
1713 727 1744 764 ²¹⁶.
1764 728 1834 764 Vel
1865 728 1977 764 etiam
2005 740 2049 764 ex
2075 727 2336 775 daemonibus,
2362 739 2427 776 qui
2453 738 2543 781 3²51ss
2616 767 2641 782 ca

1368 786 1522 815 utuntur
1550 779 1769 817 huiusmodi
1799 780 2082 829 operationibus
2119 781 2318 817 brutorum
2348 780 2426 817 ani·
2454 766 2666 813 1v11,v{{§.'4,ss‡

1366 832 1524 868 malium
1554 832 1602 868 ad
1631 832 1878 881 implicandas
1911 834 2058 870 animas
2086 838 2104 860 η
2133 833 2243 870 vanis
2280 833 2426 882 opinio·
2453 815 2665 895 §gr‘gnffetcap-”v

1367 884 1489 921 nibus.
2507 890 2513 896 ‘
2539 890 2566 934 ἠ

1421 937 1470 973 Et
1498 937 1632 973 eadem
1654 937 1747 974 ratio
1776 938 1927 974 videtur
1956 951 2037 975 esse
2067 937 2114 975 de
2144 937 2322 975 omnibus
2347 939 2426 976 aliis

1366 989 1597 1036 huiusmodi,
1613 998 1879 1038 praeterquam
1897 991 1943 1028 de
1964 990 2167 1027 ominibus.
2189 991 2290 1038 Quia
2307 993 2427 1029 verba

1366 1043 1547 1089 humana,
1577 1054 1675 1091 quae
1704 1043 1940 1092 accipiuntur
1966 1056 2036 1092 pro
2066 1043 2206 1090 omine,
2233 1056 2310 1080 non
2339 1045 2426 1082 sub-

1368 1095 1508 1132 duntur
1549 1095 1784 1144 dispositioni
1827 1097 2030 1133 stellarum.
2069 1097 2332 1145 Disponuntur
2374 1105 2425 1134 ta-

1367 1161 1458 1186 men
1486 1149 1698 1186 secundum
1728 1148 1896 1185 divinam
1917 1149 2218 1198 providentiam3
2250 1158 2286 1186 et
2309 1162 2425 1198 quan·

1368 1202 1495 1250 doque
1524 1201 1733 1238 secundum
1765 1201 2001 1239 daemonum
2030 1202 2304 1251 operationem.

1421 1254 1483 1291 Sic
1519 1254 1630 1302 igitur
1667 1255 1870 1292 dicendum
1911 1255 2016 1304 quod
2045 1255 2170 1291 omnis
2206 1255 2425 1292 huiusmodi

1368 1307 1569 1354 divinatio,
1600 1308 1629 1344 si
1661 1308 1882 1344 extendatur
1909 1309 2005 1344 ultra
2032 1307 2071 1344 id
2094 1309 2141 1344 ad
2171 1308 2275 1356 quod
2303 1316 2426 1357 potest

1367 1361 1578 1410 pertingere
1615 1361 1825 1398 secundum
1856 1361 2029 1398 ordinem
2059 1367 2213 1397 naturae
2241 1362 2302 1398 vel
2333 1361 2425 1398 divi-

1367 1426 1439 1451 nae
1458 1413 1731 1462 providentiae,
1754 1421 1809 1450 est
1836 1414 2092 1462 superstitiosa
2113 1421 2148 1450 et
2174 1413 2309 1451 illicita.

1420 1467 1479 1503 An
1508 1478 1644 1504 PRIMUM
1674 1478 1772 1503 ERGO
1800 1478 1983 1504 DICENDUM
1999 1466 2104 1515 quod
2131 1467 2206 1503 hoc
2234 1467 2338 1515 quod
2368 1468 2424 1503 Io-

1368 1520 1461 1568 seph
1495 1519 1604 1566 dixit,
1643 1532 1722 1556 non
1760 1532 1843 1556 esse
1881 1520 2045 1568 aliquem
2082 1519 2151 1556 sibi
2186 1519 2347 1557 similem
2385 1520 2423 1557 in

1368 1572 1521 1610 scientia
1544 1572 1764 1620 augurandi,
1785 1573 1995 1610 seeundum
2015 1573 2268 1620 Augustinum
2287 1573 2318 1620 ³¹⁶,
2339 1573 2423 1610 ioco
2452 1576 2662 1631 {ssffi‘xfgffienv

1369 1625 1475 1672 dixit,
1505 1637 1583 1662 non
1612 1625 1726 1672 serio,
1757 1625 1921 1662 refereris
1950 1626 2044 1662 forte
2074 1626 2148 1662 hoc
2176 1626 2224 1662 ad
2253 1626 2291 1662 id
2319 1626 2425 1673 quod

1340 1673 1341 1709 Ῐ
1366 1679 1504 1726 vulgus
1533 1678 1581 1715 de
1611 1690 1656 1714 eo
1687 1677 1922 1727 opinabatur.
1962 1679 2011 1715 Et
2043 1678 2094 1715 sic
2123 1678 2237 1715 etiam
2276 1679 2423 1727 dispen—

1368 1739 1470 1768 sator
1499 1730 1578 1767 eius
1606 1731 1754 1768 locutus
1784 1738 1848 1768 est.

1420 1786 1479 1821 An
1507 1795 1698 1821 SECUNDUM
1726 1796 1909 1821 mCENDUM
1931 1783 2035 1833 quod
2064 1783 2122 1820 illa
2141 1783 2343 1820 auctoritas
2371 1784 2424 1820 lo-

1368 1837 1494 1886 quitur
1514 1838 1561 1875 de
1582 1837 1796 1885 cognitione
1824 1837 1954 1874 avium
1976 1843 2147 1886 respectu
2169 1849 2302 1873 eorum
2327 1849 2424 1885 quae

1367 1890 1414 1927 ad
1446 1903 1508 1927 eas
1536 1891 1734 1939 pertinent.
1773 1890 1822 1927 Et
1850 1890 1899 1927 ad
1932 1890 2028 1929 haec
2064 1889 2424 1938 praecognoscenda

1339 1941 1341 1988 ξ
1368 1943 1607 1981 considerare
1637 1955 1767 1980 earum
1797 1955 1913 1980 voces
1943 1950 1979 1979 et
2006 1950 2133 1979 motus
2161 1955 2239 1980 non
2278 1950 2332 1979 est
2358 1943 2425 1979 illi-

1367 1997 1502 2033 citum:
1532 2004 1623 2045 puta
1651 1996 1681 2032 si
1710 1996 1793 2044 quis
1822 2009 1867 2032 ex
1895 1996 1970 2033 hoc
1998 1995 2102 2044 quod
2137 1995 2326 2032 cornicula
2355 1997 2424 2033 fre-

1366 2057 1527 2098 quenter
1555 2049 1717 2096 crocitat,
1747 2049 1940 2098 praedicat
1967 2048 2134 2097 pluviam
2166 2049 2238 2085 cito
2259 2061 2341 2085 esse
2370 2049 2424 2085 fu-

1338 2109 1339 2112 ’
1365 2111 1500 2140 turam.

1417 2158 1475 2193 AD
1503 2166 1663 2192 TERTIUM
1692 2166 1875 2192 monimum
1913 2154 2018 2203 quod
2047 2154 2208 2192 Gedeon
2244 2154 2423 2191 observa—

1363 2209 1419 2245 vit
1456 2207 1713 2245 recitationem
1755 2215 1791 2244 et
1828 2207 2105 2256 expositionem
2145 2207 2283 2244 somnii
2327 2207 2421 2244 acci-

1364 2262 1471 2310 piens
1491 2259 1503 2282 ⁰
1524 2273 1568 2306 ea
1595 2273 1666 2309 pro
1696 2261 1845 2307 omine,
1876 2260 1982 2309 quasi
2011 2260 2183 2297 ordinata
2211 2261 2259 2297 ad
2288 2260 2344 2296 sui
2369 2260 2422 2297 in·
2549 2259 2563 2285 ⁰

1364 2314 1608 2351 structionem
1639 2327 1660 2350 a
1690 2313 1817 2350 divina
1844 2313 2096 2362 providentia.
2118 2334 2141 2340 -
2171 2313 2220 2350 Et
2256 2313 2424 2350 similiter

1364 2367 1511 2404 Eliezer
1530 2367 1686 2404 attendit
1705 2367 1823 2403 verba
1842 2368 2002 2415 puellae,
2024 2365 2195 2403 oratione
2214 2366 2422 2414 praemissa

1365 2420 1413 2458 ad
1442 2421 1569 2457 Deum
1589 2419 1620 2456 *-
2450 2414 2459 2423 ¹
2475 2412 2542 2435 Vera.
2559 2419 2587 2435 12.

1414 2528 1440 2562 ζ)
1460 2529 1605 2554 absorbuit.
1618 2542 1637 2548 -
1655 2528 1771 2553 exsolvit
1788 2527 1963 2560 ABEFLpCK
1978 2532 2004 2553 et
2021 2535 2046 2558 a,
2066 2528 2207 2553 exsorbuit
2222 2528 2291 2558 GsC,
2310 2529 2424 2553 evomuit

1332 2578 1334 2594 ς
1362 2564 1430 2595 ΡῢΙ;
1449 2564 1587 2589 absorbuit
1604 2567 1631 2589 et
1648 2571 1702 2589 om.
1721 2564 1755 2589 H.

1413 2600 1442 2632 η)
1462 2600 1638 2632 implicandas
1657 2599 1772 2624 animas.
1783 2612 1802 2618 -
1820 2599 1995 2630 implicandas
2013 2599 2117 2624 animos
2135 2599 2271 2624 hominum
2291 2599 2339 2624 Pa.

1414 2633 1438 2667 Θ)
1458 2635 1599 2667 accipiens.
1611 2648 1630 2654 -
1648 2633 1802 2666 accipientis
1816 2634 1937 2659 ABEFIL
1946 2642 1952 2665 ;
1973 2633 2063 2659 abrasa
2077 2634 2129 2667 pC;
2149 2642 2196 2667 pro
2210 2641 2250 2664 ea,
2265 2641 2323 2659 eam
2339 2634 2422 2665 GHL;

1360 2678 1408 2704 pro
1426 2670 1562 2700 ordinata,
1582 2670 1737 2695 ordinatam
1757 2670 1800 2695 G1.

918 2749 1252 2782 Commentafia
1273 2748 1526 2781 cardinalis
1548 2748 1752 2781 Caietam

273 2836 296 2857 ιτ
317 2826 449 2858 articulo
465 2827 603 2867 septimo
619 2827 761 2858 eiusdem
777 2827 972 2868 quaestionis
988 2826 1304 2866 nonagesimaequin-

273 2877 338 2908 tae,
363 2871 429 2902 duo
456 2877 582 2902 tantum
609 2871 772 2902 scribenda
799 2878 888 2902 sunt:
920 2871 1076 2912 quoniam
1099 2880 1136 2901 ex
1159 2870 1249 2901 dictis
1271 2870 1304 2900 in

241 3002 387 3035 Primum
410 3010 457 3034 est
479 3004 568 3044 quod
592 3013 666 3034 cum
688 3003 720 3033 in
743 3003 844 3034 littera
869 3002 982 3033 dicitur
1004 3003 1092 3043 quod
1116 3012 1182 3032 non
1202 3009 1305 3032 exten-

243 3047 358 3078 dantur
380 3047 468 3088 signa
492 3046 679 3078 animalium
703 3047 767 3078 m'si
788 3047 832 3077 ad
855 3055 893 3077 ea
923 3056 1006 3087 quae
1027 3046 1213 3086 aliqualiter
1232 3055 1304 3086 pos·
1331 3047 1333 3066 3'

241 3097 318 3124 xant
339 3092 384 3123 ad
410 3091 592 3123 huiusmodi
613 3091 768 3122 animalia
790 3092 972 3131 pertinere,
998 3096 1029 3120 et
1051 3089 1192 3121 redditur
1213 3090 1303 3126 ratio,

241 3137 317 3178 quia
336 3141 575 3177 consequuntur
587 3137 799 3177 cognitionem
814 3140 845 3166 et
863 3135 1046 3166 instinctum
1061 3134 1105 3165 ad
1123 3135 1304 3165 necessaria

241 3190 321 3216 suae
344 3181 438 3218 vitae,
462 3190 529 3211 non
544 3179 698 3221 intelligas
721 3189 778 3220 per
797 3179 859 3210 hoc
881 3179 1007 3210 exclusa
1020 3179 1162 3209 humana
1175 3188 1194 3208 a
1209 3178 1305 3218 signis

242 3223 438 3261 animalium,
449 3231 602 3265 tanquam
614 3223 693 3254 nihil
708 3223 895 3264 pertinentia
907 3223 947 3253 ad
962 3223 1015 3253 illa
1029 3222 1186 3253 animalia.
1202 3222 1306 3262 Opor-

242 3275 286 3300 tet
302 3278 441 3309 namque
453 3269 590 3299 recolere
603 3268 693 3309 quod
707 3278 772 3298 una
788 3268 962 3309 eademque
974 3266 1114 3298 caelestis
1126 3277 1220 3297 causa
1235 3276 1304 3297 mo·
1330 3279 1332 3287 ι

241 3315 295 3343 iret
316 3312 463 3343 animalia
486 3319 518 3343 et
540 3312 680 3343 humana
703 3311 901 3354 (dispositive
923 3317 1031 3342 tamen
1059 3310 1167 3352 quoad
1189 3310 1304 3354 volun-

241 3355 349 3399 taria):
375 3367 410 3387 ac
433 3367 489 3397 per
511 3357 583 3392 hoc,
604 3355 750 3387 effectum
772 3355 967 3397 quandoque
990 3361 1097 3386 causat
1119 3355 1152 3385 in
1176 3354 1304 3385 animali

242 3400 444 3433 conformem
457 3400 580 3432 effectui
596 3401 756 3431 causando
770 3400 804 3430 in
819 3399 977 3430 humanis.
1002 3399 1096 3430 Verbi
1111 3399 1218 3439 gratia,
1236 3409 1303 3429 cae-

241 3444 312 3475 lum
333 3445 486 3476 inclinans
510 3445 650 3475 humana
673 3444 713 3474 ad
736 3443 826 3480 bella,
851 3450 958 3474 causat
979 3443 1012 3473 in
1032 3443 1222 3473 animalibus
1246 3442 1305 3473 dis-

241 3489 416 3528 positiones
440 3489 618 3525 cholericas,
643 3498 679 3518 ex
702 3487 817 3529 quibus
841 3487 1000 3528 prodeunt
1022 3487 1099 3518 tales
1121 3493 1229 3517 motus
1249 3494 1304 3517 aut

241 3542 353 3570 voces,
377 3533 532 3573 mugitus,
556 3532 706 3573 garritus.
723 3538 791 3568 etc„
815 3530 1013 3562 animalium.
1044 3530 1136 3562 Unde
1160 3530 1304 3571 cognitor

1358 2826 1544 2856 huiusmodi
1573 2825 1832 2856 conformitatum
1857 2826 2071 2857 coniecturam
2094 2833 2198 2856 sumet
2228 2826 2325 2857 futuri
2348 2827 2421 2857 belli

1358 2870 1439 2900 inter
1466 2870 1623 2901 homines.
1654 2870 1695 2901 Et
1722 2870 1765 2900 sic
1787 2869 1965 2900 verificatur
1987 2870 2075 2910 quod
2103 2877 2211 2901 motus
2234 2871 2420 2902 animalium

1358 2921 1433 2944 sunt
1455 2914 1575 2944 ratione
1599 2914 1825 2954 pertinentium
1848 2914 1888 2944 ad
1911 2923 1960 2950 se;
1992 2920 2022 2944 et
2045 2923 2120 2944 cum
2143 2914 2221 2950 hoc,
2245 2914 2421 2954 significant

1358 2958 1553 2998 quandoque
1577 2958 1757 2988 communis
1785 2968 1897 2988 causae
1921 2957 2059 2988 caelestis
2083 2958 2283 2989 co—effectum
2306 2959 2338 2989 in
2361 2959 2420 2989 hu—

1359 3001 1470 3031 manis.
1502 3001 1600 3039 Quod
1629 3009 1736 3032 autem
1766 3002 1880 3033 directe
1908 3011 1944 3032 ea
1974 3011 2055 3043 quae
2082 3002 2115 3032 in
2140 3002 2250 3033 avibus
2280 3010 2354 3033 sunt
2381 3003 2420 3033 ad

1359 3052 1465 3076 nostra
1488 3045 1670 3082 referantur,
1695 3052 1726 3076 et
1748 3046 1882 3076 stultum
1905 3053 1936 3077 et
1959 3045 2215 3085 superstitiosum
2239 3053 2294 3078 est.

1413 3089 1597 3120 Secundum
1613 3097 1659 3120 est
1681 3090 1770 3130 quod
1794 3090 1934 3130 accipere
1956 3090 2150 3131 quandoque
2165 3101 2261 3121 omen
2277 3091 2421 3122 oratione

1358 3134 1538 3174 praemissa,
1562 3134 1612 3164 vel
1635 3140 1787 3174 tanquam
1811 3144 1848 3164 ex
1867 3134 1972 3164 divina
1995 3134 2107 3165 datum
2129 3135 2337 3175 providentia,
2355 3145 2420 3166 non

1359 3185 1405 3209 est
1426 3185 1608 3218 peccatum:
1634 3184 1670 3209 ut
1692 3178 1726 3208 in
1749 3178 1956 3218 responsione
1971 3178 2012 3208 ad
2035 3178 2163 3209 tertium
2186 3179 2292 3210 habes.
2317 3180 2351 3210 Si
2374 3187 2421 3210 ta-

1357 3232 1432 3252 men
1456 3232 1493 3252 ex
1513 3222 1575 3253 hoc
1598 3232 1732 3262 persona
1753 3232 1819 3253 non
1835 3232 1867 3252 se
1883 3222 2100 3263 imprudenter
2123 3223 2264 3263 periculo
2285 3231 2422 3264 exponat

1358 3266 1449 3296 mali:
1474 3265 1628 3307 quoniam
1651 3276 1718 3296 non
1741 3273 1907 3307 propterea
1931 3274 2143 3303 excusaretur;
2168 3277 2225 3297 sua
2248 3267 2334 3297 enim
2354 3277 2417 3297 cre-

1358 3310 1472 3341 dulitas
1496 3317 1551 3341 aut
1566 3310 1667 3342 oratio
1691 3321 1757 3341 non
1781 3311 1873 3341 debet
1895 3310 1995 3341 facere
2018 3311 2184 3341 hominem
2206 3311 2418 3351 praecipitem.

1356 3354 1492 3395 Oportet
1519 3354 1605 3385 enim
1635 3354 1779 3385 divinum
1806 3354 1965 3395 percipere
1993 3355 2101 3385 lumen
2130 3361 2184 3385 aut
2213 3363 2418 3395 praeceptum

1355 3399 1395 3428 ad
1417 3398 1509 3429 haec:
1539 3405 1570 3429 et
1593 3409 1658 3429 non
1682 3409 1718 3429 ex
1741 3399 1808 3429 sola
1831 3399 1889 3429 hac
1913 3398 1994 3428 facili
2017 3398 2199 3429 credulitate
2222 3406 2278 3429 aut
2299 3398 2415 3430 fiducia

1357 3443 1478 3473 moveri
1501 3443 1540 3473 ad
1564 3452 1656 3483 opus.
1682 3443 1787 3474 Omen
1811 3452 1948 3482 namque
1973 3442 2013 3472 ad
2037 3442 2266 3482 cognitionem,
2290 3453 2356 3474 non
2380 3444 2419 3473 ad

1357 3485 1576 3526 operationem
1605 3486 1743 3523 licitum,
1769 3496 1805 3517 ex
1828 3493 2029 3525 nostrarerga
2051 3486 2158 3517 Deum
2180 3486 2304 3524 fiducia,
2329 3487 2417 3520 intel-

1358 3530 1477 3570 ligitur.
