2860 4244
0 948 2 953 V
43 979 47 985 1
66 973 138 995 .eap.
153 972 186 993 ιιι,

73 2027 106 2056 t..
123 2034 187 2055 xva,

33 2178 38 2182 '
78 2183 123 2200 mx
131 2178 180 2199 ..Ψ

137 2860 189 2884 ap.

57 3026 84 3083 ³1
101 3029 191 3075 ἕξις

817 235 1083 282 QUAESTIO
1113 235 1358 283 LXXXVIII,
1387 235 1682 273 ARTICULUS
1711 237 1779 272 XII

217 314 320 344 iicitur
343 314 492 354 principi:
523 314 603 345 sicut
626 324 682 345 nec
706 321 853 345 tractatus
881 314 1012 344 alicuius
1037 324 1109 344 cum
1133 314 1273 354 principe
1297 324 1300 373 Ι

217 358 396 388 subduntur
418 358 611 397 proconsuli.

271 401 318 431 Ex
342 408 428 441 parte
452 402 582 432 demum
606 402 674 438 Dei,
698 402 888 442 inquantum
907 401 935 431 ei
949 400 984 432 fit
999 401 1178 441 promissio,
1196 410 1271 431 con-

216 451 277 475 stat
303 445 392 485 quod
422 445 502 476 sicut
524 445 658 486 quilibet
679 449 779 476 homo
809 451 914 485 potest
936 444 1111 485 quamlibet
1139 444 1271 484 promis-

216 488 339 518 sionem
363 488 421 518 sibi
450 496 579 529 propter
601 498 634 519 se
664 486 778 519 fac'tam
807 488 903 519 libere
933 487 1084 524 relaxare,
1114 488 1157 518 sic
1185 488 1271 518 Deus

215 539 320 571 potest
342 532 506 572 quodlibet
536 538 648 562 votum
673 532 823 562 relaxare:
854 532 1007 572 quoniam
1034 531 1202 571 promissio
1226 538 1272 562 est

215 575 285 605 Deo
320 583 449 615 propter
471 576 576 606 Deum
606 575 696 606 facta.
727 575 767 605 Et
790 575 815 605 si
844 575 903 605 Dei
927 575 1068 606 Vicarius
1098 576 1190 615 plene
1213 585 1271 614 po-

216 625 325 650 testate
346 619 406 650 Dei
428 618 611 658 fungeretur
632 619 666 648 in
688 619 790 655 terris,
815 618 881 649 sine
905 619 1003 649 dubio
1027 627 1133 659 posset
1163 618 1270 649 omnia

215 669 289 692 vota
312 662 379 693 vice
402 662 460 693 Dei
482 663 628 693 relaxare.
658 662 719 693 Sed
742 662 896 702 quoniam
927 673 992 692 non
1015 663 1107 702 plene
1130 662 1271 701 fungitur

216 706 275 736 Dei
297 712 468 745 potestate,
499 705 555 736 se'd
576 705 723 742 limitate,
755 705 872 736 scilicet
894 707 934 736 ad
964 708 1157 746 pascendum
1185 716 1269 742 oves,

216 749 256 779 ad
279 749 416 780 clavibus
448 749 535 789 regni
565 749 726 780 caelorum
757 750 910 780 utendum
940 751 980 780 ad
1003 750 1270 786 aedificationem

215 793 287 822 ideo
320 802 386 822 non
409 798 513 832 potest
541 793 581 822 ad
603 792 730 824 libitum
758 799 833 824 vota
861 793 1013 830 relaxare,
1037 794 1092 824 sed
1115 800 1271 835 quantum

216 835 424 867 aedificationi
448 843 604 867 consonat
626 843 822 867 commutare
837 838 888 868 vel
911 837 1099 877 dispensare.
1123 837 1271 867 Relaxare

215 879 372 920 siquidem
400 880 440 910 ad
470 880 596 910 libitum
622 887 697 911 vota
723 880 857 921 pertinet
878 882 918 911 ad
946 881 1046 911 claves
1074 880 1272 911 excellentiae

214 923 314 964 ipsius
341 923 467 959 Christi,
490 925 546 964 qui
568 925 689 955 claudit
711 930 742 955 et
763 933 854 955 nemo
876 926 991 965 aperit,
1007 925 1113 965 aperit
1133 929 1164 955 et
1179 933 1271 954 nemo

215 967 336 998 claudit
349 967 377 998 *.

212 1051 220 1054 -
270 1011 362 1042 Unde
380 1011 468 1043 nulla
497 1011 547 1042 via
578 1017 718 1042 remanet
747 1021 811 1052 qua
841 1011 926 1051 Papa
948 1011 1049 1051 possit
1077 1012 1117 1042 ad
1145 1010 1271 1042 libitum

214 1055 288 1085 v'o'ta
309 1054 428 1086 irritare
451 1062 506 1086 aut
529 1055 673 1091 relaxare,
698 1054 758 1085 nisi
779 1055 983 1094 impediendo
1005 1055 1090 1085 viam
1111 1055 1192 1085 vitae
1223 1065 1272 1086 ae-

214 1107 329 1129 ternae.

272 1142 357 1173 vm.
372 1142 443 1172 >Ad
463 1141 676 1173 obiectionem
706 1148 813 1172 autem
836 1142 972 1182 primam
998 1142 1031 1172 in
1055 1142 1240 1182 oppositum
1255 1142 1272 1162 *

212 1186 329 1221 ,dieitur
344 1186 440 1226 quod
457 1185 516 1216 'illa
537 1185 724 1226 propositio,
754 1185 800 1216 In·
817 1187 905 1216 omni
925 1186 1120 1227 obligatione
1145 1192 1175 1217 et
1194 1196 1271 1227 pro-

211 1229 573 1271 ,missioneintelligitur
590 1235 722 1269 excepta
741 1231 917 1261 auctoritas
927 1230 1046 1270 Papae,
1064 1237 1094 1260 et
1106 1230 1170 1267 illa,
1183 1231 1274 1262 Nihil

207 1271 315 1314 potest
323 1274 470 1314 promitti
485 1274 518 1303 in
530 1273 764 1314 praeiudicium
775 1275 943 1314 potestatis
957 1274 1075 1314 Papae,
1100 1281 1131 1305 et
1145 1274 1271 1311 similes,

214 1323 350 1357 possunt
371 1317 495 1347 bonum
523 1323 554 1348 et
576 1317 699 1348 malum
722 1327 851 1348 sensum
873 1318 997 1348 habere.
1026 1318 1165 1349 Possunt
1187 1318 1273 1349 enim

212 1354 345 1402 imm&
368 1356 544 1401 dupliciter.
579 1360 698 1398 Primo,
721 1367 758 1391 ut
781 1361 868 1392 nulla
891 1361 1052 1401 obligatio,
1081 1368 1149 1398 etc„
1174 1362 1273 1402 possit

213 1404 434 1446 praeiu'ffi'earg
446 1403 595 1444 potestati
616 1402 730 1445 Papae.
754 1405 795 1436 Et
817 1405 861 1436 sic
881 1412 955 1436 sunt
968 1415 1068 1436 verae.
1081 1423 1102 1428 -
1115 1405 1272 1443 Secundo,

214 1443 531 1488 urnunso‘bligatio,
548 1455 616 1485 etc.,
634 1449 674 1480 sit
689 1458 770 1489 quae
793 1459 859 1479 non
882 1449 982 1480 subsit
997 1450 1144 1489 potestati
1160 1450 1272 1490 Papae.

212 1491 256 1529 Et
275 1491 320 1523 sic
343 1499 417 1523 sunt
439 1491 633 1523 falsissimae.

267 1535 401 1577 Propter
423 1535 585 1568 veritatem
607 1535 701 1577 primi
725 1546 850 1573 sensus,
869 1536 1039 1576 *religiosus
1062 1546 1128 1566 non
1151 1543 1274 1568 tenetur

215 1579 343 1611 obedire
371 1589 432 1610 suo
455 1580 630 1621 superiori,
653 1579 790 1611 totaliter
811 1580 861 1610 vel
888 1580 921 1611 in
945 1580 1116 1620 aliquibus,
1141 1580 1167 1611 si
1189 1581 1274 1621 Papa

214 1623 329 1655 exemit
358 1633 434 1654 eum
462 1623 599 1655 totaliter
620 1624 671 1654 vel
700 1623 734 1654 in
757 1623 882 1664 aliquo:
912 1623 1063 1664 obligatio
1093 1624 1178 1654 enim
1206 1624 1274 1655 voti

214 1667 412 1699 obedientiae
429 1666 464 1698 fit
479 1667 645 1708 superiori,
662 1674 692 1698 et
711 1677 776 1698 non
794 1668 870 1708 ligat
891 1678 1006 1698 manus
1028 1668 1131 1708 Papae
1155 1668 1194 1698 ad
1213 1668 1274 1699 dis-

213 1711 402 1753 ponendum
425 1712 464 1742 de
477 1711 562 1742 illius
585 1711 812 1751 superioritate.
835 1712 877 1742 Et
891 1711 993 1742 simile
1016 1718 1062 1742 est
1082 1712 1116 1742 in
1131 1712 1199 1742 aliis
1214 1712 1273 1743 hu-

213 1754 363 1787 iuamodi.
387 1754 461 1786 Hoc
476 1755 562 1786 enim
577 1765 644 1786 non
660 1762 706 1786 est
721 1755 855 1786 relaxare
879 1766 937 1786 nec
953 1755 1130 1796 dispensare
1149 1756 1182 1786 in
1196 1764 1272 1788 voto

209 1798 428 1836 demae,
451 1799 507 1830 sed
533 1799 642 1830 tollere
665 1799 917 1840 superioritatem
943 1799 1028 1830 illius
1050 1799 1189 1840 praelati.
1227 1801 1275 1831 Ex

210 1843 278 1884 3²ssss
288 1849 403 1883 «autem
424 1843 520 1884 primi
543 1853 654 1875 sensus
675 1843 805 1874 veritate
827 1843 906 1875 nihil
933 1843 1065 1874 habetur
1088 1851 1197 1875 contra
1220 1845 1274 1875 de-

210 1882 392 1939 germinata.
405 1887 489 1923 Nam
504 1887 544 1918 ad
559 1887 743 1919 habendum
759 1895 868 1919 contra
883 1887 1097 1924 determinata,
1115 1895 1276 1928 oporteret

214 1941 230 1962 a
259 1929 405 1972 J'Ussefe.
422 1931 511 1973 quod
532 1941 647 1963 vovere
677 1938 757 1962 esset
787 1931 820 1962 in
850 1931 1080 1972 praeiudicium
1110 1932 1274 1972 potestatis

281 1974 451 2012 ae‘Quod
471 1974 640 2006 ridiculum
664 1985 731 2006 esse
750 1982 835 2016 patet
857 1985 893 2006 ex
916 1980 955 2006 e'o
978 1976 1068 2017 quod
1091 1976 1173 2007 nulli
1185 1975 1275 2018 facit

208 2017 446 2061 pffleiudica'um
462 2019 517 2059 qui
532 2019 604 2050 iure
616 2028 675 2050 suo
691 2020 793 2050 utitur
806 2017 832 2050 ⁴.
856 2019 931 2050 Non
947 2019 1140 2059 praeiudicat
1159 2019 1274 2051 civitati

210 2060 295 2105 :ifle
309 2062 465 2104 qui„1icet
483 2062 523 2093 sit
540 2063 673 2094 civitatis
691 2073 773 2103 pars,
792 2063 978 2104 religionem
996 2063 1177 2104 ingreditur,
1198 2064 1273 2104 quia

209 2107 285 2154 Q
312 2116 391 2147 suae
417 2106 567 2138 libertatis
597 2106 712 2138 utitur:
744 2115 774 2139 et
803 2114 910 2138 tamen
940 2107 1046 2138 civitas
1074 2117 1140 2138 non
1170 2114 1274 2148 potest

207 2150 352 2199 EQUUS
372 2150 414 2182 de
437 2160 476 2182 eo
495 2150 673 2192 disponere.
697 2151 739 2182 Et
761 2151 805 2182 sic
828 2151 867 2182 de
891 2151 968 2182 aliis.
999 2151 1049 2182 Sic
1071 2151 1156 2182 enim
1179 2152 1273 2183 etiam

213 2189 273 2226 in
300 2194 461 2236 ropositO,
494 2202 531 2226 ut
553 2201 654 2236 patet:
688 2195 763 2236 quia
793 2195 925 2236 quilibet
950 2205 1069 2226 vovens
1102 2194 1170 2226 iure
1198 2206 1273 2227 suae

214 2204 364 2320 ὓῆηἱε
385 2238 486 2269 utitur
508 2247 546 2269 ex
568 2237 686 2270 Christi
709 2238 853 2270 consilio.

300 2282 369 2313 ‘uod
392 2289 499 2314 autem
514 2282 672 2313 secundus
695 2292 805 2314 sensus
824 2283 864 2313 sit
878 2282 986 2319 falsus,
1003 2283 1191 2323 probatione
1206 2293 1273 2313 non

212 2333 295 2368 eget.
311 2325 399 2358 Nam
415 2333 502 2367 patet
514 2326 697 2358 innumeras
713 2336 780 2357 esse
794 2326 1002 2367 obligationes
1018 2336 1100 2367 quae
1119 2337 1185 2357 non
1201 2328 1273 2358 sub-

210 2370 416 2412 apntTPapae
439 2370 480 2400 ad
501 2377 632 2402 nutum:
657 2378 692 2402 ut
715 2377 801 2411 patet
822 2371 856 2401 in
879 2371 1091 2402 contractibus
1114 2370 1194 2402 inter
1216 2371 1274 2402 ho-

213 2409 334 2455 minem
367 2421 398 2444 et
419 2413 594 2446 hominem.
630 2415 672 2446 Et
694 2415 798 2445 multo
821 2414 928 2444 minus
950 2414 1030 2445 inter
1053 2414 1219 2445 hominem
1244 2422 1274 2446 et

212 2452 333 2490 Deum:
357 2467 432 2491 cum
448 2458 580 2498 quilibet
596 2458 696 2490 homo
713 2458 858 2489 subditus
877 2458 917 2488 sit
931 2458 1045 2498 Papae,
1061 2458 1148 2489 Deus
1168 2465 1275 2489 autem

199 2496 358 2534 vffiffiuffl
379 2502 540 2539 subditus;
565 2509 596 2533 et
611 2503 637 2533 si
652 2502 733 2534 inter
748 2509 921 2542 utrumque
945 2502 1108 2532 subditum
1124 2502 1274 2542 obligatio

212 2547 319 2588 Papae
345 2554 412 2577 non
434 2547 542 2578 subest
564 2547 604 2577 ad
626 2547 762 2583 libitum,
791 2546 959 2587 quomodo
984 2546 1092 2576 cadere
1115 2553 1221 2586 potest
1242 2546 1276 2576 in

212 2590 355 2624 mantea:
376 2591 527 2630 sapientis
549 2591 639 2632 quod
661 2591 767 2622 omnis
790 2590 942 2630 obligatio
974 2589 1055 2620 inter
1076 2600 1180 2621 unum
1203 2591 1275 2621 sub-

212 2635 362 2677 :litasset
372 2634 506 2666 alterurn
521 2634 723 2675 superiorem.
733 2635 828 2675 Papa,
843 2635 947 2674 Papae
963 2634 1063 2664 subsit
1079 2635 1119 2664 ad
1133 2632 1276 2666 libitum?

247 2677 429 2721 uinpotius
453 2688 490 2710 ex
511 2679 574 2710 hoc
589 2679 678 2720 quod
701 2688 768 2709 non
791 2678 896 2709 omnis
918 2677 1068 2718 obligatio
1087 2678 1169 2709 inter
1186 2677 1276 2709 Chri-

215 2716 334 2755 suanos
346 2719 468 2760 omnes,
481 2733 564 2765 quos
577 2729 700 2754 constat
712 2722 823 2753 subiici
834 2723 949 2766 Papae,
966 2721 1111 2753 subditur
1122 2722 1225 2763 Papae
1237 2722 1275 2752 ad

215 2764 352 2804 libitum,
369 2767 449 2798 clare
467 2773 554 2807 patet
571 2767 660 2807 quod
676 2765 846 2797 Christiani
860 2776 926 2796 non
946 2773 1020 2796 sunt
1038 2766 1141 2806 Papae
1160 2765 1277 2796 subditi

212 2810 360 2842 &solute
382 2811 492 2852 quoad
515 2810 637 2847 omnia,
662 2810 718 2840 sed
739 2810 888 2846 limitate,
912 2809 1029 2840 scilicet
1056 2810 1164 2851 quoad
1187 2809 1276 2850 spiri-

213 2854 325 2892 tualia,
339 2856 373 2885 in
395 2855 648 2896 aedificationem
671 2855 815 2894 corporis
833 2854 953 2884 Christi
965 2853 993 2890 *,
1010 2861 1041 2884 et
1064 2863 1100 2884 ea
1122 2863 1204 2894 quae
1227 2863 1277 2884 or-

216 2898 367 2938 dinantur
389 2899 430 2929 ad
450 2899 538 2930 haec.

215 2980 221 2982 V
246 2972 250 2975 ,
272 2942 315 2973 Et
336 2952 375 2974 ex
387 2942 436 2972 his
451 2948 538 2983 patet
551 2941 716 2983 responsio
738 2941 778 2971 ad
793 2940 1077 2977 confirmationem,
1102 2946 1132 2971 et
1147 2940 1277 2971 alteram

218 2985 441 3017 obtectionem.

274 3030 328 3061 lx.
350 3026 390 3060 In
401 3029 607 3070 responsione
631 3029 671 3059 ad
686 3029 825 3066 tertium,
845 3028 980 3059 dubium
1003 3027 1139 3059 occurrit
1158 3027 1197 3058 ad
1220 3027 1277 3058 ho-

124 3069 192 3106 αττ-’,Ξ
218 3074 349 3105 minem.
373 3073 459 3111 Quia
474 3075 596 3104 Auctor
615 3079 701 3104 tenet
714 3073 731 3093 *
754 3073 843 3114 quod
859 3072 947 3103 solus
962 3072 1048 3113 Papa
1071 3072 1230 3112 dispenset
1244 3071 1276 3101 in

131 3108 192 3132 ’ω’
218 3117 301 3150 votis
329 3117 499 3159 perpetuis.
534 3116 595 3148 Hic
617 3124 725 3148 autem
747 3123 823 3148 vota
851 3116 1045 3147 ieiuniorum
1072 3123 1102 3147 et
1124 3115 1279 3146 abstinen—
1302 3138 1305 3150 ,

2303 244 2373 280 271

1325 316 1448 352 tiarum,
1473 325 1554 356 quae
1570 315 1763 355 quandoque
1779 321 1852 345 sunt
1868 321 2028 354 perpetua,
2046 319 2080 343 ut
2095 319 2190 353 patet,
2214 319 2244 343 et
2259 314 2297 343 ab
2314 314 2381 344 aliis

1326 359 1547 399 dispens-abilin
1570 358 1653 389 dicit.

1380 405 1430 434 Ad
1453 403 1515 433 hoc
1538 402 1651 432 dicitur
1665 402 1753 442 quod
1777 401 1906 432 materia
1927 400 2000 436 ista,
2025 400 2140 431 scilicet
2169 400 2240 440 quis
2263 400 2295 430 in
2315 410 2380 440 quo

1324 455 1402 478 voto
1425 447 1601 486 dispenset,
1624 445 1701 476 iuris
1724 452 1771 476 est
1793 444 1937 485 positivi:
1962 453 1992 476 et
2019 454 2085 474 non
2108 444 2214 474 solum
2236 444 2301 480 lex,
2327 445 2380 474 sed

1325 491 1522 521 consuetudo
1553 489 1585 519 in
1616 489 1665 519 his
1688 489 1741 519 dat
1769 496 1799 519 et
1822 488 1923 519 aufert
1951 488 2210 525 iurisdictionem.
2245 488 2285 518 Et
2308 497 2381 527 pro-

1324 541 1429 574 pterea
1451 533 1556 573 aliqua
1571 539 1644 563 vota
1660 532 1792 568 minora,
1817 539 1852 562 ut
1867 532 1990 562 visitare
2012 531 2122 562 limina
2138 531 2380 571 Apostolorum,

1325 584 1518 608 reservantur
1544 576 1662 615 Papae:
1688 583 1809 606 constat
1832 576 1916 606 enim
1943 576 2031 616 quod
2054 575 2164 605 vicinis
2187 575 2264 605 Urbi
2286 575 2381 614 longe

1324 621 1426 651 maior
1437 619 1644 660 peregrinatio
1661 626 1707 650 est
1726 619 1847 650 visitare
1863 626 2007 649 sanctum
2019 619 2181 649 Thomam
2196 618 2229 648 in
2244 618 2381 649 Cantua-

1324 665 1379 695 ria.
1411 664 1503 694 Unde
1525 663 1559 692 in
1575 662 1639 698 his,
1663 663 1744 693 ultra
1759 664 1878 702 legem,
1902 664 2102 693 consuetudo
2118 663 2307 692 aemulanda
2323 669 2380 693 est.

1380 707 1478 744 Quod
1490 713 1597 736 autern
1609 707 1647 736 de
1660 707 1818 746 perpetuis
1831 707 1986 742 obiicitur,
2000 706 2222 746 distinguendo
2238 706 2380 736 solvitur.

1324 752 1407 782 Nam
1438 750 1603 790 dupliciter
1625 750 1778 789 contingit
1809 750 1869 780 dici
1891 757 2003 780 votum
2026 757 2234 790 perpetuum:
2266 750 2382 781 scilicet

1325 794 1415 836 quasi
1434 804 1489 834 per
1503 803 1546 831 se,
1567 800 1597 823 et
1615 793 1705 833 quasi
1720 803 1775 833 per
1790 793 1942 824 accidens.
1966 793 2022 823 Illa
2041 794 2125 824 enim
2141 800 2215 824 vota
2235 793 2382 824 dicuntur

1325 844 1476 879 perpetua
1499 836 1588 877 quasi
1612 846 1667 876 per
1683 846 1714 866 se
1737 847 1817 876 quae
1841 837 1993 874 absolute,
2018 837 2084 868 sine
2100 837 2216 868 scilicet
2237 844 2381 877 tempore

1326 881 1457 917 adiecto,
1482 890 1627 920 expresso
1651 880 1720 910 solo
1736 887 1812 910 voto
1829 890 1903 911 cum
1926 881 2065 917 materia,
2081 881 2299 920 intelliguntur
2313 891 2381 920 per-

1325 931 1430 965 petua,
1447 932 1484 955 ut
1494 931 1607 954 votum
1623 923 1832 954 continentiae
1846 931 1876 954 et
1887 924 2059 963 religionis:
2076 925 2152 955 haec
2165 925 2250 954 enim
2266 924 2380 960 statim,

1325 969 1390 999 sive
1411 979 1429 998 a
1444 968 1512 998 iure
1527 967 1591 998 sive
1608 968 1646 997 ab
1668 967 1798 997 homine
1814 967 1965 1004 dicantur,
1982 968 2198 1008 intelliguntur
2220 975 2380 1008 perpetua,

1326 1013 1351 1043 si
1374 1011 1452 1042 nihil
1474 1011 1561 1042 aliud
1584 1011 1727 1041 addatur.
1751 1011 1807 1041 Illa
1821 1021 1896 1041 vero
1912 1021 1993 1051 quae
2017 1011 2083 1041 sine
2106 1011 2280 1042 adiectione
2304 1018 2381 1042 tem-

1326 1056 1412 1096 poris
1435 1065 1501 1086 non
1524 1054 1742 1094 intelliguntur
1765 1061 1925 1094 perpetua,
1950 1062 2022 1084 sunt
2045 1055 2136 1095 quasi
2160 1065 2217 1094 per
2239 1055 2382 1086 accidens

1327 1106 1487 1140 perpetua,
1512 1106 1548 1129 ut
1562 1105 1636 1128 vota
1658 1098 1926 1138 peregrinationis,
1950 1098 2069 1133 ieiunii,
2091 1099 2325 1139 eleemosynae:
2349 1099 2381 1129 in

1327 1144 1374 1174 his
1398 1143 1497 1179 enim,
1521 1142 1582 1172 nisi
1605 1149 1783 1182 apponatur
1806 1149 1860 1172 aut
1889 1151 2023 1182 semper,
2053 1148 2107 1172 aut
2130 1152 2303 1182 nunquam,
2329 1150 2383 1173 aut

1326 1189 1385 1219 tali
1407 1193 1559 1227 tempore,
1587 1186 1743 1216 incertum
1765 1185 1951 1226 relinquitur
1979 1195 2019 1216 an
2041 1186 2228 1225 temporalia
2250 1196 2290 1216 an
2313 1196 2382 1225 per-

1326 1239 1421 1271 petua
1437 1231 1507 1262 sint.
1524 1230 1684 1270 Loquitur
1699 1240 1773 1270 ergo
1789 1232 1910 1260 Auctor
1925 1230 1963 1259 de
1978 1229 2137 1269 perpetuis
2153 1229 2257 1269 primo
2272 1230 2381 1265 modo,

1327 1286 1402 1307 cum
1424 1275 1498 1306 dicit
1520 1281 1674 1304 reservata
1689 1284 1756 1304 esse
1770 1274 1872 1314 Papae
1889 1280 2040 1314 perpetua
2054 1280 2143 1303 vota:
2167 1283 2234 1303 non
2257 1274 2295 1303 de
2314 1283 2383 1313 per-

1326 1319 1429 1360 petuis
1452 1319 1591 1349 secundo
1615 1318 1724 1348 modo.
1754 1318 1840 1348 Haec
1864 1317 1949 1347 enim
1972 1317 2151 1357 frequenter
2173 1317 2328 1353 accidunt,
2353 1323 2384 1347 et

1327 1370 1419 1404 egent
1441 1362 1524 1393 facili
1546 1371 1674 1392 recursu
1698 1362 1737 1392 ad
1760 1361 1945 1401 praelatum.

1381 1408 1419 1438 X.
1444 1407 1479 1436 In
1506 1406 1616 1436 eadem
1638 1405 1853 1445 responsione,
1875 1405 1984 1445 quoad
2006 1411 2081 1434 vota
2102 1404 2304 1441 ieiuniorum,
2328 1405 2385 1435 du-

1327 1451 1416 1482 bium
1439 1450 1521 1480 male
1545 1450 1686 1479 solutum
1710 1449 1853 1484 occurrit,
1877 1459 1917 1478 an
1939 1458 2059 1478 vovens
2084 1447 2221 1478 ieiunare
2244 1448 2298 1478 tali
2322 1449 2381 1484 die,

1327 1502 1405 1535 puta
1427 1494 1460 1524 in
1482 1493 1588 1533 vigilia
1609 1492 1785 1523 Nativitatis
1807 1492 1920 1522 Beatae
1943 1491 2095 1531 Virginis,
2120 1491 2145 1521 si
2169 1501 2235 1521 non
2265 1492 2384 1523 ieiunat

1327 1538 1382 1569 illo
1407 1537 1467 1573 die,
1491 1543 1634 1567 teneatur
1657 1536 1804 1576 supplere
1827 1535 1890 1565 alio
1914 1535 1963 1565 die
1986 1535 2167 1565 ieiunando.

1382 1582 1434 1612 Ad
1456 1581 1518 1611 hoc
1534 1580 1677 1616 dubium,
1701 1587 1737 1610 ut
1759 1580 1851 1619 plena
1866 1579 1906 1610 sit
1923 1579 2075 1614 doctrina,
2091 1589 2165 1609 cum
2184 1579 2383 1609 distinctione

1328 1625 1496 1656 dicendum
1521 1631 1576 1660 est,
1593 1623 1682 1664 quod
1705 1630 1759 1654 aut
1773 1630 1886 1653 votum
1909 1622 2120 1662 principaliter
2136 1629 2181 1652 est
2200 1623 2238 1652 de
2253 1622 2382 1659 ieiunio,

1328 1678 1359 1701 et
1374 1667 1570 1704 secundarie,
1587 1667 1677 1708 quasi
1693 1677 1749 1708 per
1763 1667 1915 1702 accidens,
1933 1666 2156 1696 determinatur
2170 1672 2296 1705 tempus
2315 1666 2384 1696 talis

1329 1713 1405 1744 diei:
1430 1712 1511 1743 sicut
1526 1711 1680 1751 contingit
1701 1711 1735 1741 in
1749 1710 1874 1741 ieiuniis
1897 1709 2044 1740 iniunctis
2067 1720 2084 1739 a
2100 1710 2288 1746 confessore,
2307 1717 2384 1749 puta

1328 1757 1417 1798 quod
1440 1755 1572 1796 singulis
1587 1755 1681 1786 unius
1697 1754 1771 1785 anni
1790 1753 2043 1784 hebdomadibus
2058 1753 2175 1784 ieiunet
2195 1753 2270 1783 feria
2285 1760 2383 1790 sexta;

1328 1801 1361 1832 in
1384 1801 1432 1832 his
1455 1800 1541 1830 enim
1563 1798 1736 1839 principale
1759 1805 1806 1829 est
1827 1798 1916 1838 quod
1938 1797 2056 1828 ieiunet
2083 1797 2182 1828 semel
2203 1797 2236 1827 in
2264 1797 2384 1828 hebdo-

1327 1846 1430 1881 mada,
1461 1851 1492 1875 et
1521 1842 1706 1874 secundario
1736 1849 1873 1882 tempus,
1889 1859 1910 1864 -
1932 1844 1998 1871 Aut
2027 1841 2240 1881 principaliter
2270 1847 2317 1871 est
2346 1841 2384 1871 de

1327 1896 1480 1929 tempore,
1496 1894 1626 1928 propter
1641 1886 1850 1917 celebritatem
1869 1885 1918 1915 vel
1937 1885 2159 1915 devotionem:
2181 1891 2218 1915 ut
2233 1884 2386 1924 contingit

1327 1933 1359 1964 in
1382 1933 1431 1963 his
1446 1932 1502 1973 qui
1524 1938 1641 1962 vovent
1663 1931 1695 1960 in
1719 1930 1768 1960 die
1792 1929 1948 1960 Dominae
1970 1929 2104 1960 Nostrae
2127 1938 2183 1969 per
2201 1935 2308 1960 totum
2330 1938 2384 1959 an-

1328 1987 1406 2008 num
1429 1974 1506 2018 (hoc
1528 1981 1575 2006 est
1596 1975 1651 2005 illo
1676 1974 1725 2004 die
1749 1983 1814 2014 quo
1844 1973 2016 2004 celebratur
2038 1972 2247 2003 Annuntiatio
2269 1972 2384 2002 Beatae

1326 2021 1464 2061 Virginis
1482 2029 1538 2060 per
1555 2026 1660 2049 totum
1685 2015 1818 2059 annum)
1840 2017 1993 2048 abstinere
2014 2026 2032 2047 a
2050 2017 2194 2047 carnibus
2218 2023 2249 2046 et
2268 2016 2383 2046 lactici-

1327 2065 1396 2096 niis.
1420 2064 1482 2094 Hic
1503 2070 1630 2103 tempus
1646 2061 1858 2102 principaliter
1881 2059 2013 2101 eligitur,
2030 2067 2158 2101 propter
2181 2059 2385 2090 devotionem

1326 2108 1484 2140 Dominae
1505 2108 1649 2137 Nostrae.

1381 2153 1417 2183 In
1440 2151 1544 2192 primo
1569 2160 1643 2181 casu
1666 2156 1789 2181 tenetur
1812 2159 1848 2179 ex
1870 2155 1947 2179 voto
1971 2148 2011 2178 ad
2034 2148 2115 2178 duo:
2140 2147 2258 2178 scilicet
2280 2147 2320 2177 ad
2341 2147 2384 2177 ie-

1326 2196 1468 2232 iunium,
1493 2203 1523 2225 et
1546 2195 1643 2225 talem
1665 2194 1760 2224 diem.
1794 2193 1836 2223 Et
1857 2199 2023 2232 propterea
2045 2191 2072 2221 si
2095 2201 2162 2222 non
2190 2190 2308 2221 ieiunat
2331 2190 2385 2221 tali

1327 2240 1392 2276 die,
1417 2246 1540 2270 tenetur
1562 2238 1625 2268 alio
1650 2237 1700 2268 die
1722 2237 1876 2267 ieiunare:
1909 2236 1989 2267 sicut
2012 2235 2134 2265 debitor
2156 2234 2308 2275 pecuniae
2330 2233 2385 2264 tali

1327 2284 1387 2320 die,
1411 2283 1437 2314 si
1459 2291 1536 2314 tunc
1559 2292 1624 2312 non
1647 2281 1750 2317 solvit,
1773 2287 1897 2311 tenetur
1919 2286 2002 2320 post.
2018 2297 2039 2302 -
2063 2279 2099 2309 In
2122 2279 2262 2309 secundo
2278 2284 2385 2308 autem

1327 2338 1411 2364 casu,
1435 2326 1543 2357 sinon
1565 2326 1684 2356 ieiunat
1705 2325 1762 2355 illo
1778 2324 1838 2361 die,
1862 2334 1927 2354 non
1950 2330 2073 2354 tenetur
2087 2322 2149 2352 alio
2166 2322 2216 2352 die
2235 2321 2384 2358 ieiunare,

1326 2373 1381 2402 sed
1404 2370 1632 2412 poenitentiam
1654 2378 1744 2408 agere
1767 2368 1806 2399 de
1829 2377 1895 2398 non
1925 2374 2047 2397 servato
2070 2373 2163 2402 voto,
2188 2366 2214 2396 si
2236 2365 2269 2395 in
2292 2365 2386 2405 culpa

1327 2415 1402 2446 fuit:
1426 2414 1501 2455 quia
1525 2424 1607 2444 onus
1630 2412 1781 2452 temporis
1805 2418 1870 2442 erat
1891 2411 2057 2442 ieiunium.
2082 2410 2170 2441 Sicut
2185 2416 2259 2440 sunt
2278 2408 2386 2439 omnia

1327 2459 1443 2490 ieiunia
1459 2465 1573 2489 statuta
1589 2457 1627 2487 ab
1644 2456 1795 2487 Ecclesia:
1816 2461 1891 2485 sunt
1906 2454 1991 2485 enim
2007 2464 2103 2484 onera
2117 2453 2247 2484 illorum
2261 2460 2386 2484 tantum

1328 2503 1464 2538 dierum,
1489 2501 1570 2532 sicut
1592 2501 1688 2531 horae
1712 2499 1896 2535 canonicae;
1929 2499 1962 2529 in
1984 2498 2033 2528 his
2060 2498 2145 2528 enim
2167 2497 2299 2538 quilibet
2322 2496 2386 2527 dies

1327 2547 1482 2578 sollicitus
1505 2550 1551 2576 est
1573 2544 1632 2575 sibi
1655 2545 1715 2584 ipsi
1737 2550 1872 2574 tantum.

1383 2591 1424 2621 Et
1446 2589 1600 2630 quoniam
1622 2594 1696 2618 vota
1718 2597 1799 2628 quae
1822 2586 1903 2617 fiunt
1927 2586 1965 2616 de
1980 2585 2105 2616 ieiuniis
2127 2585 2160 2615 in
2175 2584 2288 2624 vigiliis
2309 2584 2386 2614 San-

1329 2641 1463 2670 ctorum,
1487 2640 1518 2664 et
1540 2631 1737 2669 huiusmodi,
1762 2630 1974 2662 communiter
1995 2629 2076 2660 fiunt
2098 2636 2134 2659 ut
2152 2638 2248 2659 onera
2264 2628 2386 2658 dierum

1327 2678 1468 2714 illorum,
1492 2677 1532 2707 ad
1554 2676 1765 2706 imitationem
1787 2674 1954 2710 Ecclesiae,
1978 2683 2059 2714 quae
2081 2672 2197 2703 ieiunia
2219 2671 2252 2702 in
2275 2671 2386 2711 vigiliis

1329 2721 1448 2752 statuit:
1469 2721 1541 2751 ideo
1558 2719 1770 2751 communiter
1783 2718 1860 2749 haec
1876 2723 1950 2748 vota
1969 2727 2034 2747 non
2050 2716 2191 2756 obligant
2206 2715 2286 2746 ultra
2302 2715 2386 2745 diem

1328 2766 1436 2802 illum,
1468 2774 1526 2795 nec
1553 2770 1676 2794 tenetur
1705 2770 1913 2802 transgressor
1936 2760 1998 2791 alio
2022 2760 2071 2790 die
2102 2759 2249 2790 ieiunare.
2285 2758 2386 2789 Cuius

1329 2808 1532 2839 manifestum
1555 2807 1683 2847 signum
1705 2812 1751 2836 est
1773 2805 1862 2846 quod
1885 2804 1911 2835 si
1933 2810 2015 2834 esset
2035 2803 2090 2833 illo
2106 2803 2157 2833 die
2179 2802 2333 2838 infirmus,
2350 2811 2385 2831 ac

1329 2863 1385 2893 per
1395 2852 1458 2883 hoc
1469 2858 1634 2882 excusatus
1648 2850 1704 2880 illo
1717 2850 1778 2886 die,
1794 2849 1915 2879 nullam
1931 2847 1990 2878 sibi
2001 2846 2136 2887 relinqui
2150 2845 2385 2886 obligationem,

1329 2903 1397 2927 tuta
1416 2894 1615 2931 conscientia,
1630 2903 1749 2924 vovens
1763 2893 1842 2923 bene
1860 2892 1975 2924 timens
1997 2891 2103 2921 Deum
2124 2896 2266 2931 putaret:
2297 2889 2387 2919 cuius

1330 2940 1517 2980 oppositum
1532 2939 1669 2969 crederet
1682 2937 1708 2968 si
1730 2936 1885 2967 ieiunium
1900 2935 1954 2966 tali
1978 2934 2027 2965 die
2050 2945 2069 2964 a
2092 2933 2271 2965 confessore
2284 2932 2388 2963 iniun-

1330 2990 1417 3015 ctum
1447 2993 1514 3013 non
1535 2981 1715 3022 perfecisset
1743 2986 1872 3021 propter
1893 2978 2118 3010 infirmitatem.
2151 2978 2222 3018 Ipsa
2251 2986 2388 3018 namque

1331 3027 1488 3058 distinctio
1512 3032 1643 3057 testatur
1665 3024 1708 3055 ibi
1731 3024 1885 3055 ieiunium
1908 3023 2044 3054 electum
2067 3028 2103 3052 ut
2125 3031 2207 3052 onus
2222 3020 2387 3060 temporis:

1331 3071 1397 3108 hic,
1428 3070 1572 3101 absolute
1602 3069 1757 3100 ieiunium
1781 3068 1931 3103 electum,
1955 3066 2028 3097 licet
2050 3075 2124 3096 cum
2153 3064 2208 3096 tali
2234 3071 2387 3104 tempore.

831 3286 1783 3366 *affigas—-
