2860 4244
153 2355 155 2357 ·
184 2344 339 2366 Matth.}mrn.
347 2344 375 2366 V.
383 2357 393 2361 -

417 273 494 308 410

1106 257 1372 303 QUAESTIO
1403 257 1537 304 CVIII,
1568 258 1864 295 ARTICULUS
1894 258 1907 293 1

876 457 1286 535 QUAEsTm
1333 419 2146 515 CENTESIMAOCTAVA

1169 578 1260 618 DE
1319 572 1836 621 VINDICATIONE

1198 692 1233 718 IN
1263 692 1436 724 QUATUOR
1463 692 1666 718 ARTICULOS
1694 693 1810 718 DIVISA

181 795 190 804 ⁸
206 794 241 815 Cf.
257 800 296 821 qu.
311 799 388 819 Lxxxx,

180 820 267 842 Introd.

500 799 605 824 EINDE
644 787 964 824 considerandum
998 794 1053 823 est
1082 787 1128 823 de
1161 786 1418 824 vindicatione
1446 787 1476 824 ²¹³.

420 797 547 879 DEt
577 840 674 877 circa
703 841 777 876 hoc
805 848 1040 888 quaeruntur
1067 848 1242 888 quatuor.

470 893 615 929 Primo:
645 901 770 929 utrum
800 893 1003 930 vindicatio
1033 893 1078 930 sit
1105 893 1215 930 licita.

1504 916 1506 942 ]

1587 787 1786 823 Secundo:
1816 794 1943 823 utrum
1973 787 2019 823 sit
2047 786 2218 834 specialis
2245 787 2376 824 virtus.

1588 839 1737 876 Tertio:
1769 839 1816 876 de
1845 839 1964 876 modo
1994 839 2225 876 vindicandi.

1587 893 1754 940 Quarto:
1784 892 1822 929 in
1851 905 1948 941 quos
1977 892 2021 929 sit
2047 892 2215 930 vindicta
2244 893 2464 931 exercenda.

1228 1002 1545 1044 ARTICULUS
1576 1002 1781 1044 PRIMUS

1159 1095 1314 1126 UTRUM
1338 1094 1593 1125 VINDICAT1O
1618 1095 1684 1125 SIT
1708 1094 1855 1126 LICITA

607 1174 681 1204 Infra,
701 1182 745 1206 qu.
765 1181 852 1204 cnvux,
872 1172 967 1205 art.'*3;
988 1175 1056 1199 Part.
1075 1174 1114 1204 111,
1134 1182 1179 1207 qu.
1197 1182 1237 1203 xv,
1257 1179 1303 1199 ait.
1323 1181 1355 1207 93
1376 1174 1417 1198 De
1435 1174 1519 1203 Malo,
1539 1182 1583 1206 qu.
1601 1182 1644 1205 xn,
1664 1180 1710 1199 art.
1734 1182 1760 1204 13
1780 1179 1826 1199 art.
1847 1175 1870 1206 3,
1890 1175 1921 1200 ad
1942 1175 1971 1205 5;
1989 1175 2034 1200 Ad
2051 1175 2137 1205 Rom„
2158 1183 2214 1207 cap.
2231 1183 2274 1206 xn,
2289 1176 2351 1217 lect.
2370 1183 2407 1200 111.

180 1263 189 1272 ²·
199 1260 389 1282 Vid.Comment.

182 1288 255 1309 Cam·
271 1290 331 1314 post·
347 1289 389 1307 m-
626 1264 649 1289 D
670 1263 807 1288 PRIMUM
827 1264 880 1289 sic
900 1264 1140 1289 PRocEDITUR.
1157 1252 1177 1274 ’¹‘
1195 1253 1354 1289 Videtur
1373 1252 1478 1300 quod
1503 1254 1505 1294 l

181 1321 200 1335 2.

627 1305 834 1341 vindicatio
875 1317 953 1341 non
996 1306 1042 1342 sit
1079 1305 1188 1342 licita.
1233 1297 1505 1360 Quicumque}

576 1357 731 1402 (enim
759 1366 916 1406 usurpat
944 1358 1013 1395 sibi
1043 1358 1148 1407 quod
1181 1358 1253 1395 Dei
1290 1366 1360 1405 est,
1390 1371 1477 1407 pec·
1503 1381 1505 1406 1

587 1404 698 1448 Kcat.
735 1411 813 1447 Sed
844 1411 1013 1458 vindicta
1049 1412 1210 1460 pertinet
1245 1412 1292 1448 ad
1329 1410 1505 1468 Deumzl

505 1272 576 1300 12st

558 1306 574 1326 ’n'

496 1376 517 1392 Ἰ
521 1376 550 1394 V

180 1469 278 1517 ἓξὲξ-ζ,
288 1468 389 1517 {sd-‘gf
420 1464 553 1500 dicitur
581 1464 682 1500 enim
708 1465 818 1500 Deut.
839 1476 935 1501 xxxn
958 1464 989 1510 ²¹³,
1011 1465 1222 1502 secundum
1253 1465 1363 1502 aliam
1386 1465 1478 1501 litte·
1504 1471 1505 1514 l

182 1501 390 1550 vers-¹9³'a‘fHeb3
420 1529 524 1554 ram:
552 1517 655 1554 Mihi
688 1518 914 1554 vindictam:
950 1524 986 1554 et
1017 1530 1089 1568 ego
1118 1518 1335 1555 retribuam.
1375 1519 1477 1566 Ergo
1504 1520 1506 1560 l

183 1555 234 1576 cap.
249 1555 270 1575 x,
285 1554 344 1570 vers.
354 1554 390 1575 30.
516 1570 522 1576 ,
600 1570 606 1576 ,
667 1570 672 1576 ,
740 1570 746 1576 ,
890 1571 897 1577 .
930 1571 935 1576 .
964 1571 970 1577 .

420 1582 543 1606 omnis
571 1571 776 1607 Vlndlcatlo
806 1578 862 1608 est
889 1571 1023 1607 illicita.
1504 1562 1506 1603 l

474 1635 508 1659 2.
539 1623 777 1670 PRAETEREA,
812 1624 871 1661 ille
908 1624 954 1661 de
992 1636 1068 1673 quo
1103 1624 1269 1661 vindicta
1297 1623 1506 1691 sumitur„

420 1688 498 1713 non
527 1676 716 1714 toleratur.
748 1677 825 1714 Sed
854 1678 944 1714 mali
963 1685 1050 1714 sunt
1077 1677 1279 1714 tolerandi:
1310 1678 1398 1726 quia
1418 1690 1478 1714 su·
1505 1694 1506 1732 i

181 1735 191 1745 ⁸
205 1734 272 1755 vm.
286 1739 306 1754 ²·
419 1741 488 1778 per
507 1729 596 1767 illud
622 1731 727 1767 Cant.
749 1742 772 1767 11
790 1730 822 1777 ²¹²,
844 1731 947 1767 Sicut
974 1731 1092 1767 lilium
1116 1731 1212 1767 inter
1233 1731 1371 1779 spinas,
1393 1730 1480 1767 dicit

182 1793 191 1802 ⁴
206 1791 262 1813 Ord-
279 1791 349 1818 Greg-
421 1783 557 1819 Glossa
575 1782 612 1818 *z
641 1783 732 1820 Non
749 1784 833 1831 fuit
858 1785 976 1820 honus
995 1785 1061 1832 qui
1077 1784 1197 1820 malos
1224 1784 1386 1821 tolerare
1405 1796 1479 1821 non
1505 1803 1507 1833 ;

415 1836 546 1884 potuit.
577 1836 678 1883 Ergo
698 1836 864 1873 vindicta
893 1849 970 1873 non
1000 1845 1054 1874 est
1082 1837 1270 1873 sumenda
1291 1838 1338 1874 de
1358 1837 1478 1874 malis.

476 1890 509 1925 3.
532 1889 764 1936 PRAETEREA,
792 1890 959 1926 vindicta
988 1903 1056 1938 per
1083 1902 1228 1938 poenas
1256 1890 1310 1937 fit,
1332 1902 1377 1927 ex
1401 1890 1481 1939 qui-

420 1942 492 1978 bus
522 1949 696 1978 causatur
724 1942 838 1979 timor
874 1942 1031 1980 servilis.
1068 1943 1144 1980 Sed
1178 1944 1237 1979 lex
1271 1955 1374 1980 nova
1402 1956 1481 1981 non

421 2003 476 2031 est
503 1995 560 2031 lex
589 1995 746 2041 timoris,
777 1996 844 2033 sed
873 1996 1031 2033 amoris:
1060 2003 1101 2032 ut
1119 1996 1352 2044 Augustinus
1381 1996 1480 2044 dicit,

184 2054 192 2062 ¹
206 2053 262 2079 Cap.
279 2058 333 2074 xvu.

420 2053 550 2084 contra
582 2049 838 2085 Adamantum
862 2050 893 2086 *.
924 2050 1046 2097 Ergo,
1077 2049 1125 2086 ad
1154 2049 1281 2086 minus
1309 2049 1348 2087 in
1376 2061 1481 2088 novo

420 2101 681 2148 Testamento‚
711 2101 876 2139 vindicta
905 2102 987 2139 fieri
1017 2114 1095 2139 non
1126 2102 1249 2140 debet.

472 2165 509 2200 4.
531 2155 763 2201 PRAETEREA,
785 2155 844 2191 ille
875 2155 1008 2192 dicitur
1036 2168 1076 2192 se
1111 2155 1304 2193 vindicare
1334 2156 1399 2205 qui
1428 2156 1482 2193 in-

420 2207 534 2243 iurias
563 2219 650 2244 suas
678 2208 878 2245 ulciscitur.
917 2209 1006 2255 Sed,
1036 2217 1078 2245 ut
1105 2208 1264 2255 videtur,
1291 2221 1370 2246 non
1397 2209 1484 2247 licet
1507 2215 1508 2218 ’

423 2259 535 2296 etiam
557 2260 669 2297 iudici
690 2261 726 2297 in
747 2273 787 2298 se
808 2262 1071 2309 delinquentes
1089 2262 1243 2311 punire:
1273 2261 1361 2299 dicit
1381 2262 1480 2299 enim

423 2313 739 2361 Chrysostomus,
756 2326 868 2362 super
881 2316 1018 2351 Matth.
1040 2315 1075 2351 *z
1097 2316 1297 2352 Discamus
1311 2315 1481 2366 exemplo
1507 2329 1509 2345 ι

184 2371 395 2419 ΙδτὲῐεξτΟΡΡ-Εὺτν-
428 2364 564 2402 Christi
590 2373 736 2403 nostras
765 2368 922 2404 iniurias
959 2369 1255 2417 magnanimiter
1281 2369 1482 2414 sustinere,

237 2413 242 2418 “
423 2419 496 2454 Dei
523 2425 646 2456 autem
682 2420 839 2457 iniurias
877 2432 944 2457 nec
982 2433 1097 2469 usque
1128 2422 1180 2458 ad
1205 2421 1373 2458 auditum
1405 2423 1482 2470 suf-
1508 2425 1510 2468 ξ

419 2472 534 2518 ferre.
566 2473 666 2519 Ergo
695 2473 899 2510 vindicatio
928 2473 1079 2510 videtur
1107 2486 1189 2511 esse
1218 2474 1351 2511 illicita.

481 2525 513 2561 5.
533 2525 765 2572 PRAETEREA,
794 2534 994 2574 peccatum
1023 2527 1270 2564 multitudinis
1290 2527 1409 2574 magis
1430 2535 1485 2564 est

424 2577 606 2614 nocivum
635 2590 751 2626 quam
780 2586 980 2627 peccatum
1009 2579 1120 2616 unius
1147 2587 1316 2616 tantum:
1353 2579 1485 2616 dicitur

185 2320 194 2329 ⁸
210 2318 254 2345 Op.
264 2318 359 2346 Impers.
369 2318 393 2339 in

187 2636 197 2646 ⁸
212 2635 277 2656 Vers.
292 2641 312 2663 5,
327 2635 348 2656 6.

285 2689 302 2705 0‘
424 2683 587 2720 laturam
609 2689 626 2705 ²
654 2684 821 2731 civitatis,
842 2690 878 2721 et
894 2685 1146 2722 collectionem
1159 2686 1302 2734 populi.
1335 2685 1411 2722 Sed
1436 2686 1483 2722 de
1510 2683 1512 2717 ἔ

424 2744 580 2784 peccato
610 2737 856 2775 multitudinis
886 2750 964 2774 non
993 2746 1048 2774 est
1075 2738 1242 2775 vindicta
1279 2739 1483 2776 sumenda:
1511 2744 1512 2756 ³

188 2796 197 2803 ·
214 2794 280 2816 Vers-
295 2799 331 2821 ²92
346 2799 382 2822 30·
425 2789 512 2837 quia
541 2802 655 2838 super
682 2790 772 2828 illud
793 2791 926 2828 Matth.
947 2803 1007 2827 xm
1026 2790 1057 2837 *,
1088 2792 1203 2828 Sinite
1227 2797 1385 2839 utraque
1406 2802 1484 2829 cre·
1511 2792 1512 2797 ’

424 2854 527 2879 scere
545 2841 571 2889 β,
601 2855 647 2879 ne
654 2844 762 2891 sorte
789 2844 982 2881 eradicetis
1001 2844 1174 2890 triticum,
1197 2844 1284 2882 dicit
1309 2845 1446 2882 Glossa
1465 2844 1485 2867 ’¹‘
1511 2841 1512 2876 1

425 2895 530 2943 quod
568 2895 762 2934 multitudo
801 2909 874 2934 non
911 2903 965 2933 est
999 2898 1383 2943 excommunicanda,
1418 2910 1486 2935 nec

285 2951 300 2975 Υ
420 2948 605 2996 princeps,
636 2950 736 2997 Ergo
766 2962 836 2986 nec
865 2950 936 2986 alia
963 2950 1168 2987 vindicatio
1189 2956 1204 2979 Υ
1233 2958 1288 2987 est
1315 2950 1424 2988 licita.

480 3002 552 3037 SED
582 3013 738 3048 CONTRA,
768 3003 858 3040 nihil
878 3010 933 3039 est
962 3003 1237 3052 expectandum
1259 3016 1281 3040 a
1301 3004 1386 3040 Deo
1415 3004 1485 3041 nisi

427 3054 531 3101 quod
552 3061 606 3090 est
625 3054 772 3091 bonum
794 3064 829 3092 et
848 3055 1001 3092 licitum.
1024 3057 1101 3094 Sed
1119 3057 1284 3094 vindicta
1304 3058 1350 3093 de
1370 3057 1485 3094 hosti·
1511 3059 1513 3101 ξ

426 3106 498 3143 bus
514 3113 570 3142 est
586 3108 819 3155 expectanda
834 3121 856 3144 a
870 3109 968 3146 Deo:
986 3109 1119 3146 dicitur
1134 3110 1236 3146 enim
1253 3111 1346 3147 Luc.
1358 3110 1484 3147 xvl11*:
1512 3113 1513 3117 ’

189 2876 198 2884 ·
213 2875 268 2896 Ord.
284 2841 344 2903 ἕως.

191 3108 199 3116 ·
214 3106 280 3128 Vers.
294 3112 315 3134 7.

288 3158 302 3183 ὃ
427 3159 530 3196 Deus
550 3171 623 3196 non
636 3157 779 3207 ⁶faciet
796 3161 996 3198 vindictam
1016 3163 1216 3199 electorum
1235 3175 1390 3199 suorum
1410 3163 1485 3200 cla·
1512 3166 1513 3202 ἶ

428 3212 610 3248 manlium
630 3213 681 3248 ad
697 3225 736 3249 se
754 3213 812 3249 die
831 3225 877 3250 ac
897 3214 1030 3251 nocte?
1054 3215 1161 3262 quasi
1181 3215 1340 3252 diceret:
1361 3217 1485 3252 Immo
1512 3229 1513 3261 3

424 3265 548 3311 faciet.
583 3266 685 3312 Ergo
713 3266 918 3303 vindicatio
953 3278 1030 3303 non
1059 3274 1115 3303 est
1151 3280 1219 3315 per
1247 3280 1286 3304 se
1321 3268 1421 3304 mala
1450 3276 1486 3304 et
1512 3267 1513 3314 ξ

429 3317 562 3354 illicita.
1512 3323 1513 3358 l

483 3459 509 3491 α)
528 3460 684 3491 zelatur-am.
698 3474 716 3479 -
735 3461 883 3485 delaturam
903 3461 931 3491 C,
951 3462 1099 3486 relaturam
1119 3462 1147 3486 F.

483 3493 508 3526 β)
528 3498 640 3527 utraque
658 3503 783 3521 crescere.
797 3510 814 3514 —
833 3499 946 3528 utraque
965 3497 1103 3529 (utrasque
1122 3498 1152 3526 Α,
1167 3497 1193 3521 in
1213 3497 1302 3523 tritico
1321 3497 1355 3530 L)
1372 3505 1488 3524 crescere

431 3529 530 3554 urticas
548 3530 711 3562 ABEFILpK
730 3536 755 3555 et
772 3538 801 3560 a,
822 3531 922 3556 urticas
940 3539 1058 3557 crescere
1077 3532 1114 3563 D,
1135 3535 1248 3565 utraque
1271 3540 1388 3558 crescere
1408 3541 1488 3566 usque

429 3564 466 3588 ad
484 3571 592 3589 messem
611 3565 681 3589 HsK.

426 2630 527 2667 enim
545 2630 661 2668 Eccli.
677 2643 760 2668 xxvi
784 2631 820 2668 *z
849 2632 885 2668 A
904 2632 1020 2668 tribus
1039 2632 1160 2669 timuit
1178 2644 1245 2669 cor
1263 2644 1409 2669 meum:
1429 2645 1485 2681 ze·
1510 2642 1512 2648 ’

1585 1253 1811 1289 RESPONDEO
1844 1264 2030 1290 monimum
2068 1254 2174 1302 quod
2210 1253 2417 1291 vindicatio
2450 1254 2493 1290 fit
2527 1265 2596 1303 per

1532 1305 1687 1354 aliquod
1715 1306 1879 1354 poenale
1912 1307 2058 1343 malum
2086 1307 2271 1344 inflictum
2307 1306 2491 1356 peccanti.
2527 1307 2596 1345 Est

1532 1370 1621 1406 ergo
1657 1358 1695 1395 in
1731 1358 1989 1396 vindicatione
2031 1359 2330 1398 considerandus
2370 1360 2595 1398 vindicantis

1532 1411 1694 1451 animus.
1734 1412 1774 1448 Si
1804 1412 1906 1449 enim
1935 1413 2016 1450 eius
2039 1413 2201 1450 ‘intentio
2239 1413 2379 1450 feratur
2410 1412 2595 1463 principa-

1531 1465 1613 1501 liter
1640 1464 1678 1502 in
1715 1466 1859 1502 malum
1892 1466 1990 1503 illius
2023 1466 2071 1503 de
2109 1478 2185 1515 quo
2218 1466 2426 1504 vindictam
2461 1467 2594 1514 sumit,

1533 1526 1568 1554 et
1596 1518 1646 1554 ibi
1676 1518 1857 1566 quiescat,
1888 1527 1944 1556 est
1972 1519 2131 1556 omnino
2152 1524 2164 1540 ⁸
2192 1519 2376 1557 illicitum:
2412 1519 2503 1568 quia
2531 1520 2596 1558 de-

1531 1571 1659 1608 lectari
1687 1572 1725 1608 in
1753 1573 1856 1609 malo
1881 1572 2030 1610 alterius
2058 1572 2220 1622 pertinet
2248 1573 2297 1610 ad
2325 1572 2471 1620 odium,
2491 1573 2596 1623 quod

1533 1624 1674 1661 caritati
1703 1633 1903 1674 repugnat,
1934 1638 2009 1675 qua
2037 1638 2172 1663 omnes
2204 1626 2382 1663 homines
2411 1626 2596 1664 debemus

1533 1678 1697 1726 diligere.
1727 1679 1812 1715 Nec
1831 1679 1963 1727 aliquis
1992 1687 2193 1716 excusatur
2212 1680 2242 1716 si
2260 1681 2406 1717 malurn
2429 1680 2598 1718 intendat

1505 1741 1506 1777 j
1532 1731 1628 1767 illius
1665 1731 1740 1780 qui,
1762 1732 1832 1768 sibi
1869 1732 2003 1769 iniuste
2038 1732 2160 1770 intulit
2188 1734 2356 1770 malum:
2392 1733 2488 1770 sicut
2515 1745 2593 1771 non

1534 1791 1734 1821 excusatur
1753 1785 1886 1832 aliquis
1905 1797 1974 1834 per
2001 1786 2076 1822 hoc
2105 1787 2209 1834 quod
2229 1786 2309 1823 odit
2328 1798 2368 1823 se
2388 1786 2595 1824 odientem.

1534 1837 1626 1874 Non
1655 1837 1757 1874 enim
1795 1838 1908 1875 debet
1944 1839 2062 1875 homo
2091 1839 2129 1876 in
2164 1840 2280 1876 alium
2307 1851 2479 1888 peccare,
2508 1852 2597 1890 pro-

1533 1898 1617 1939 pter
1644 1891 1719 1927 hoc
1749 1891 1855 1938 quod
1883 1891 1943 1928 ille
1962 1892 2136 1940 peccavit
2154 1893 2260 1941 prius
2287 1892 2326 1929 in
2345 1893 2490 1941 ipsum:
2520 1894 2597 1931 hoc

1536 1943 1637 1981 enim
1659 1951 1714 1980 est
1740 1944 1842 1981 vinci
1866 1957 1888 1981 a
1907 1945 2026 1992 malo,
2048 1945 2154 1993 quod
2181 1946 2390 1995 Apostolus
2408 1946 2596 1995 prohibet,

1533 1997 1647 2034 Rom.
1666 2009 1714 2034 xn
1733 1996 1765 2044 ²¹²,
1786 1998 1937 2034 dicens:
1966 1998 2062 2035 Noli
2077 1999 2179 2036 vinci
2203 2011 2227 2036 a
2255 1998 2376 2036 malo.-
2403 2000 2470 2037 sed
2489 1999 2598 2037 vince

1535 2050 1572 2087 in
1602 2051 1699 2087 bono
1728 2050 1883 2088 malum.
1920 2071 1944 2078 -
1981 2051 2021 2088 Si
2047 2064 2142 2088 vero
2178 2051 2336 2089 intentio
2369 2051 2598 2091 vindicantis

1534 2103 1675 2140 feratur
1701 2103 1955 2152 principaliter
1982 2104 2032 2141 ad
2061 2105 2216 2153 aliquod
2234 2106 2395 2154 bonum,
2415 2107 2464 2144 ad
2492 2106 2598 2156 quod

1534 2156 1756 2206 pervenitur
1773 2169 1842 2205 per
1860 2169 2027 2206 poenam
2047 2158 2250 2206 peccantis,
2270 2166 2362 2207 puta
2390 2159 2439 2197 ad
2468 2171 2598 2197 emen-

1536 2209 1730 2247 dationem
1758 2210 1965 2258 peccantis,
1994 2212 2058 2247 vel
2086 2212 2218 2248 saltem
2247 2212 2297 2249 ad
2325 2212 2597 2251 cohibitionem

1536 2262 1617 2300 eius
1647 2270 1682 2299 et
1710 2263 1876 2311 quietem
1906 2263 2087 2311 aliorum,
2117 2272 2155 2301 et
2182 2264 2230 2302 ad
2259 2265 2419 2302 iustitiae
2448 2278 2599 2304 conser-

1535 2316 1729 2353 vationem
1759 2323 1795 2353 et
1823 2316 1895 2353 Dei
1915 2318 2117 2364 honorem,
2137 2326 2263 2366 potest
2291 2331 2374 2356 esse
2393 2318 2599 2357 vindicatio

1536 2369 1647 2415 licita,
1677 2369 1756 2406 aliis
1786 2369 1920 2406 debitis
1949 2370 2239 2408 circumstantiis
2263 2372 2433 2409 servatis.

1590 2425 1648 2460 AD
1669 2434 1806 2459 PRthJM
1826 2435 1924 2460 ERGO
1944 2435 2129 2461 melerinum
2149 2424 2254 2472 quod
2283 2425 2343 2461 ille
2371 2424 2437 2473 qui
2465 2437 2600 2464 secun-

1509 2484 1510 2496 *
1538 2475 1629 2512 dum
1664 2476 1825 2523 gradum
1862 2476 1920 2512 sui
1956 2477 2099 2514 ordinis
2132 2477 2339 2514 vindictam
2376 2486 2526 2515 exercet
2562 2478 2601 2517 in

1537 2529 1672 2574 malos,
1694 2540 1772 2564 non
1801 2536 1957 2577 usurpat
1984 2529 2054 2566 sibi
2083 2530 2188 2577 quod
2217 2530 2289 2567 Dei
2309 2539 2376 2578 est,
2402 2531 2470 2568 sed
2488 2532 2602 2570 utitur

1537 2588 1723 2629 potestate
1765 2581 1835 2618 sibi
1874 2582 2052 2619 divinitus
2090 2595 2290 2620 concessa:
2328 2584 2463 2621 dicitur
2499 2585 2600 2623 enim

1537 2635 1649 2670 Rom.
1669 2645 1730 2670 xm
1748 2633 1779 2680 ³⁸,
1802 2634 1849 2670 de
1878 2635 2048 2684 principe
2077 2643 2240 2682 terreno,
2262 2637 2366 2685 quod
2391 2638 2467 2674 Dei
2492 2638 2600 2676 mini-

1511 2726 1512 2729 *
1536 2692 1612 2723 ster
1630 2692 1692 2732 est,
1713 2687 1854 2723 vindex
1872 2688 1909 2724 in
1929 2688 2027 2725 iram
2047 2689 2082 2725 ei
2100 2690 2165 2737 qui
2182 2689 2281 2726 male
2299 2690 2391 2740 agit.
2413 2691 2453 2727 Si
2473 2699 2600 2730 autem

1537 2747 1687 2788 praeter
1715 2740 1889 2777 ordinem
1920 2741 2071 2778 divinae
2099 2742 2341 2780 institutionis
2365 2743 2500 2792 aliquis
2519 2745 2601 2782 vin-

1511 2807 1512 2840 j
1539 2792 1677 2830 dictam
1715 2801 1904 2841 exerceat,
1933 2802 2093 2843 usurpat
2121 2795 2191 2832 sibi
2220 2796 2324 2846 quod
2357 2797 2430 2834 Dei
2459 2805 2535 2835 est:
2565 2806 2602 2835 et

1538 2846 1625 2882 ideo
1654 2853 1798 2895 peccat.

1590 2900 1649 2935 AD
1678 2911 1867 2936 SECUNDUM
1895 2911 2080 2937 DICENDUM
2109 2901 2215 2948 quod
2235 2902 2325 2939 mali
2353 2903 2560 2941 tolerantur
2579 2915 2602 2942 a

1511 2952 1512 2987 I
1538 2952 1649 2988 bonis
1677 2952 1715 2989 in
1743 2953 1818 2988 hoc
1846 2953 1951 3000 quod
1980 2954 2028 2990 ab
2059 2953 2111 2990 eis
2148 2955 2321 3004 proprias
2355 2955 2509 2994 iniurias
2537 2969 2602 3006 pa-

1538 3005 1673 3042 tienter
1700 3005 1899 3053 sustinent,
1930 3007 2143 3044 secundum
2179 3008 2285 3056 quod
2319 3017 2486 3058 oportet:
2525 3021 2604 3047 non

1540 3066 1666 3095 autem
1697 3059 1857 3096 tolerant
1886 3071 1952 3096 eos
1979 3067 2021 3096 ut
2049 3060 2258 3098 sustineant
2285 3061 2438 3100 iniurias
2466 3062 2539 3100 Dei
2567 3070 2603 3100 et

1512 3111 1814 3160 ¹proximorum.
1853 3112 1952 3149 Dicit
1992 3113 2094 3150 enim
2134 3114 2455 3163 chrysostomus,
2491 3126 2605 3165 super

1538 3165 1676 3201 Matth.
1697 3164 1734 3201 *ι
1763 3166 1809 3201 In
1833 3165 2001 3213 propriis
2029 3166 2175 3204 iniuriis
2194 3179 2272 3205 esse
2295 3169 2509 3218 quempiam
2531 3180 2603 3218 pa-

1540 3217 1704 3263 tientem,
1733 3217 1922 3254 laudabile
1948 3224 2020 3255 est.-
2057 3219 2216 3257 iniurias
2242 3227 2368 3258 autem
2395 3222 2472 3259 Dei
2500 3222 2603 3259 dissi-

1540 3269 1687 3306 mulare
1715 3270 1825 3306 nimis
1853 3276 1907 3307 est
1932 3271 2100 3319 impium.

1593 3323 1651 3358 An
1684 3333 1844 3359 TERTIUM
1873 3334 2057 3362 DICENDUM
2091 3325 2196 3375 quod
2230 3327 2289 3364 lex
2317 3327 2515 3375 Evangelii
2548 3335 2603 3365 est

1592 3465 1618 3498 γ)
1638 3465 1792 3490 vindicatio.
1804 3479 1823 3485 -
1841 3467 1959 3492 vindicta
1978 3468 2033 3493 ΒΚ.

1592 3499 1617 3532 δ)
1638 3507 1699 3525 ηοη.
1712 3514 1732 3520 -
1750 3501 1812 3526 Om.
1830 3502 2018 3535 ABDEFlpCK
2037 3509 2063 3529 et
2080 3511 2106 3534 a,
2125 3504 2195 3530 enim
2214 3505 2249 3530 H.

1540 3570 1576 3601 (l.
1593 3535 1615 3594 st)
1634 3538 1674 3603 es}
1688 3536 1805 3595 ιῖ-ἵιηίηο.
1819 3550 1838 3556 -
1856 3545 1907 3562 non
1922 3541 1961 3563 est
1974 3539 2083 3564 omnino
2098 3540 2192 3572 EFpA.
2212 3547 2263 3564 non
2278 3543 2319 3565 est
2330 3540 2359 3569 B,
2373 3547 2425 3565 non
2443 3544 2483 3566 est
2495 3542 2603 3567 omnino

1567 3577 1599 3595 ici
1615 3578 1657 3595 um
1718 3579 1743 3596 a.

2626 2006 2637 2018 ⁸
2649 2005 2719 2029 Vm.
2733 2010 2763 2028 ει.

2630 2642 2761 2668 ’Vend-

2630 3174 2642 3184 ο

2649 3172 2705 3195 Loc-
2715 3172 2786 3195 dmin
