2860 4244
32 1019 94 1042 ⁸Ad
107 1025 128 1041 2.

32 1415 128 1444 Ου’.

37 1899 48 1910 ·
62 1896 100 1920 ct.
113 1902 177 1920 nain.
186 1901 218 1919 n.

36 2427 47 2438 ⁹
68 2419 204 2454 (Ἀεὶ-54.

38 2469 144 2498 ‘Acli3¹

0 3024 5 3058 l
43 3044 54 3054 ⁸
73 3044 162 3072 opusc.
178 3043 253 3067 Caiet.

0 3114 5 3131 =
43 3073 106 3123 ffl',
115 3069 253 3129 affut-32

3 3134 6 3137 *
63 3149 116 3178 Ψ
132 3123 251 3178 ¹³⁵ngdit.

46 3399 58 3411 ⁴
76 3398 160 3428 Quodl.
182 3399 252 3427 vm,

45 3431 84 3455 qu.
97 3432 128 3453 vi,
142 3429 185 3449 art.
199 3432 216 3448 1.

920 278 1186 325 QUAESTIO
1216 278 1426 325 Lxxvm,
1455 277 1750 315 ARTICULUS
1782 278 1794 314 1

325 359 469 390 Secunda
485 366 601 395 autern,
626 358 779 399 quoniam
803 360 925 388 Auctor
947 366 1013 387 non
1037 356 1111 387 facit
1135 357 1212 386 duas
1235 357 1330 387 ratio-

270 413 335 439 ιιεε,
359 410 394 434 ut
417 404 568 434 obiiciens
591 403 821 442 interpretatur,
846 402 900 431 sed
923 409 1038 431 unam:
1063 407 1094 431 et
1117 401 1175 430 sub
1191 400 1243 431 illa
1260 401 1330 432 uni-

269 447 389 483 versali,
414 447 540 484 scilicet,
557 449 589 478 in
606 447 701 478 rebus
723 456 860 487 quarum
877 454 955 476 usus
970 450 1017 475 est
1032 446 1239 484 consumptio,
1257 445 1329 475 sub-

269 491 367 522 sumit
390 492 478 532 quod
501 491 636 532 pecunia
664 491 840 521 secundum
864 488 1071 530 principalem
1094 488 1142 519 sui
1166 499 1261 519 usum
1284 495 1331 520 est

269 535 339 566 talis
362 545 419 572 res,
445 535 562 566 scilicet
585 535 674 565 cuius
689 544 766 565 usus
783 540 829 564 est
844 532 1063 573 consumpti0;
1088 539 1119 563 et
1141 533 1254 572 probat
1268 533 1330 563 hoc

269 579 345 620 quia
367 579 547 620 principalis
571 588 647 609 usus
663 578 731 608 eius
747 584 794 608 est
817 577 950 617 expendi
965 577 998 607 in
1015 576 1329 612 commutationibus,

269 623 446 653 secundum
469 623 682 654 Aristotelem.
715 622 806 652 Unde
830 627 916 661 patet
937 620 1093 651 rationem
1115 620 1233 651 litterae
1257 621 1330 651 soli-

270 667 345 697 dam
368 666 590 706 efficacemque
613 674 750 696 manere.

326 710 363 741 11.
379 711 414 741 ln
430 710 635 750 responsione
647 709 687 739 ad
703 708 880 740 secundum
892 714 922 739 et
938 708 1075 744 tertium,
1089 708 1214 739 adverte
1230 707 1330 748 quod,

269 754 385 785 stando*
405 753 486 784 infra
509 753 661 784 terminos
685 753 761 783 iuris
785 752 884 782 divini
908 758 938 782 et
960 752 1119 788 naturalis,
1143 752 1267 782 licitum
1286 757 1332 781 est

269 797 404 828 condere
427 798 512 837 leges
535 797 735 837 permissivas
754 803 941 827 usurarum:
966 806 1031 826 non
1055 803 1184 836 propter
1205 796 1331 826 lucrum

268 841 449 881 principum
472 841 562 881 quod
576 841 615 871 ab
633 840 781 872 usurariis
805 840 992 881 percipiunt,
1017 840 1092 881 quia
1115 840 1176 870 hoc
1193 846 1239 869 est
1261 848 1332 879 par-

268 884 396 925 ticipare
418 885 451 915 in
475 885 622 921 crimine;
646 886 700 915 sed
725 891 855 926 propter
876 885 1043 915 vitandum
1066 883 1169 914 maius
1192 883 1330 918 malum,

268 935 346 970 puta
369 928 462 965 furta,
480 935 550 966 etc„
574 929 852 969 quemadmodum
874 929 997 959 licitum
1020 934 1067 958 est
1089 927 1225 958 condere
1247 926 1331 966 leges

267 972 468 1013 permissivas
484 973 695 1010 meretricum,
716 980 846 1014 propter
859 973 987 1004 vitanda
1003 971 1164 1002 adulteria.
1189 971 1255 1000 Nec
1273 970 1331 1000 hu-

268 1017 409 1048 iusmodi
431 1017 516 1057 leges
532 1024 607 1048 sunt
621 1017 765 1048 iniustae.
797 1017 890 1048 Unde
905 1016 938 1046 in
961 1016 1062 1046 littera
1075 1014 1093 1034 *
1115 1014 1228 1045 dicitur
1242 1013 1331 1053 quod

267 1061 318 1092 lex
340 1061 446 1102 Moysi
468 1061 529 1092 fuit
551 1061 635 1092 talis:
660 1071 758 1102 quam
782 1067 905 1091 constat
927 1069 992 1090 non
1009 1068 1075 1089 esse
1091 1058 1245 1099 iniquam.
1270 1057 1331 1087 Sed

268 1111 346 1136 nota
367 1105 457 1145 quod
479 1105 567 1136 aliud
585 1112 632 1136 est
650 1105 785 1136 condere
803 1105 907 1144 legem
929 1103 1019 1144 quod
1038 1112 1134 1132 usura
1156 1102 1257 1142 possit
1275 1101 1332 1131 im-

269 1159 356 1190 pune
378 1148 463 1179 fieri:
495 1156 527 1180 et
549 1149 653 1185 aliud,
677 1149 766 1189 quod
793 1157 889 1178 usura
912 1157 978 1177 non
1001 1146 1103 1186 possit
1125 1145 1233 1185 repeti.
1265 1145 1332 1176 Stat

269 1193 356 1224 enim
371 1203 439 1224 esse
462 1193 599 1233 primam
620 1193 724 1232 legem
747 1192 815 1222 sine
829 1191 983 1222 secunda:
1008 1191 1097 1231 quod
1120 1190 1238 1220 scilicet
1260 1199 1333 1219 usu-

271 1237 371 1268 rarius
394 1246 459 1267 non
481 1236 584 1277 possit
605 1246 623 1266 a
638 1236 720 1266 laico
735 1235 839 1266 iudice
858 1234 979 1275 puniri;
1004 1241 1035 1265 et
1050 1244 1124 1265 cum
1139 1234 1211 1270 hoc,
1231 1233 1333 1274 possit

269 1280 432 1312 conveniri
459 1280 550 1320 quasi
573 1279 705 1311 debitor.
738 1280 812 1310 Non
837 1279 922 1310 enim
945 1278 1051 1320 Moysi
1073 1278 1123 1309 lex
1148 1278 1333 1318 permittens

269 1333 399 1355 usuram
423 1324 462 1354 ab
486 1323 648 1360 extraneis,
672 1330 757 1354 vetat
772 1323 1007 1364 repetitionem:
1033 1323 1087 1353 sed
1109 1322 1332 1362 impunitatem

269 1367 424 1398 concedit.
458 1367 499 1398 Et
521 1367 663 1398 similiter
690 1367 808 1398 licitam
830 1368 899 1398 iura
922 1367 1026 1398 civilia
1053 1366 1163 1397 dicunt
1185 1376 1330 1402 usuram,

269 1418 306 1443 ut
327 1414 450 1443 Auctor
473 1411 548 1442 dicit
570 1412 603 1442 in
626 1411 728 1442 littera
743 1411 769 1442 *.

247 1484 256 1486 c
288 1455 437 1487 „lustu
461 1455 667 1496 responsione
690 1456 730 1486 ad
753 1463 912 1496 quartum,
937 1455 992 1485 ubi
1008 1454 1109 1495 agitur
1132 1455 1170 1484 de
1187 1465 1242 1494 spe
1261 1464 1333 1484 mu-

270 1499 404 1536 tuantis,
429 1499 565 1530 dubium
588 1500 739 1536 occurrit,
769 1510 809 1530 an
840 1509 911 1539 spes
940 1498 1076 1529 habendi
1104 1498 1225 1539 aliquid
1253 1498 1334 1528 ultra

270 1550 389 1574 sortem
412 1543 583 1574 constituat
605 1543 795 1574 usurarium.
830 1544 870 1574 Et
893 1549 938 1574 est
962 1543 1041 1573 ratio
1065 1541 1229 1572 dubitandi
1259 1541 1334 1582 quia

270 1597 345 1619 cum
368 1588 436 1618 sola
459 1597 514 1628 spe
543 1587 663 1628 aliquid
691 1587 828 1618 habendi
859 1586 940 1618 ultra
963 1593 1081 1617 sortem
1111 1592 1171 1616 stat
1197 1585 1334 1625 recipere

271 1631 392 1672 aliquid
415 1631 495 1662 ultra
511 1638 628 1662 sortem
646 1631 742 1671 gratis
765 1631 920 1661 donatum
936 1630 975 1661 ab
991 1640 1029 1661 eo
1053 1629 1110 1670 qui
1125 1629 1244 1670 accepit
1257 1639 1333 1667 ,mu-

270 1683 374 1707 tuum.
403 1676 445 1706 Et
467 1675 493 1706 si
515 1682 596 1706 esset
618 1685 730 1711 usura,
754 1681 913 1706 teneretur
935 1674 976 1704 ad
998 1673 1240 1704 restitutionem.
1273 1673 1335 1704 Sed

271 1729 346 1752 cum
369 1730 436 1750 non
459 1726 611 1756 teneatur,
636 1719 778 1760 sequitur
802 1719 890 1759 quod
914 1728 980 1749 non
995 1718 1035 1749 sit
1050 1728 1156 1748 usura.
1181 1735 1200 1740 —
1225 1718 1260 1748 ln
1277 1727 1334 1758 op-

271 1763 414 1805 positum
437 1770 544 1794 autem
567 1763 748 1794 communis
772 1763 943 1794 auctoritas
967 1762 1082 1793 dictare
1107 1761 1237 1792 videtur.

325 1807 377 1841 Ad
401 1807 591 1842 evidentiam
619 1807 716 1838 huius
739 1807 844 1844 dubii,
869 1807 935 1837 duo
958 1806 1096 1837 videnda
1121 1805 1220 1836 simul
1244 1811 1334 1841 sunt;

271 1850 390 1890 scilicet
415 1851 454 1882 de
482 1858 631 1895 peccato,
656 1858 687 1882 et
716 1851 755 1882 de
783 1850 998 1883 restitutione:
1029 1860 1069 1880 an
1100 1850 1140 1881 sit
1169 1856 1335 1890 peccatum

271 1904 403 1932 usurae3
428 1902 458 1926 et
474 1905 514 1926 an
529 1902 672 1926 teneatur
694 1895 856 1926 restituere
872 1895 898 1926 *.
929 1895 971 1925 Et
993 1894 1146 1936 quoniam
1169 1900 1337 1934 peccatum

272 1940 375 1972 cordis
399 1946 430 1971 et
453 1939 557 1980 operis
579 1939 612 1970 in
635 1940 746 1970 eadem
769 1946 843 1970 sunt
866 1939 984 1980 specie,
1009 1938 1083 1979 quia
1107 1938 1207 1968 facere
1232 1944 1262 1968 et
1286 1933 1337 1968 de-

270 1984 407 2016 siderare
430 1983 549 2025 aliquid
571 1983 653 2014 inter
676 1993 709 2014 se
739 1989 967 2014 convertuntur
988 1983 1022 2012 in
1043 1982 1184 2013 bonitate
1214 1988 1245 2012 et
1270 1992 1336 2012 ma-

271 2028 354 2066 litia,
387 2027 552 2059 sciendum
582 2035 628 2059 est
651 2028 740 2069 quod
770 2027 943 2059 desiderare
966 2027 1087 2068 aliquid
1113 2026 1195 2057 ultra
1218 2032 1336 2056 sortem

272 2071 440 2114 dupliciter
467 2071 637 2112 contingit:
668 2071 790 2113 primo,
819 2081 856 2103 ex
882 2077 1015 2107 mutuo,
1046 2071 1109 2101 hoc
1132 2077 1179 2102 est
1208 2076 1338 2110 propter

272 2123 441 2157 mutuum;
474 2115 635 2153 secundo,
659 2125 726 2146 non
756 2125 793 2146 ex
815 2122 949 2152 mutuo,
975 2115 1030 2146 sed
1058 2125 1095 2145 ex
1117 2114 1337 2145 benevolentia

273 2159 430 2192 amicabili
460 2160 527 2190 eius
556 2160 607 2191 cui
634 2166 807 2192 mutuatur.
838 2160 880 2190 Et
903 2159 928 2190 si
952 2159 1083 2200 quidem
1110 2158 1172 2190 hoc
1196 2158 1336 2189 secundo

272 2205 374 2236 modo
393 2211 535 2244 speretur
557 2203 676 2245 aliquid
699 2204 780 2234 ultra
799 2210 929 2242 sortem,
953 2207 1076 2234 constat
1096 2212 1163 2233 non
1179 2212 1246 2233 esse
1263 2212 1337 2233 usu-

273 2259 326 2280 rae
349 2255 528 2289 peccatum:
553 2248 707 2289 quoniam
732 2248 811 2278 nihil
826 2249 910 2286 inde,
929 2247 990 2278 hoc
1004 2254 1052 2278 est
1074 2257 1111 2278 ex
1125 2253 1252 2283 mutuo,
1269 2256 1337 2287 spe-

273 2298 378 2327 ratur.
397 2309 419 2316 -·
443 2292 476 2323 Si
493 2302 568 2324 vero
592 2292 696 2332 primo
712 2292 822 2328 modo,
838 2291 1159 2331 subdistinguendum
1173 2298 1229 2322 est.
1254 2290 1339 2327 Quia

273 2344 331 2369 aut
345 2343 487 2379 speratur
502 2346 539 2367 ex
551 2343 666 2367 mutuo
682 2335 903 2377 principaliter,
916 2342 972 2366 aut
987 2335 1184 2366 secundario.
1208 2335 1241 2365 Si
1254 2335 1339 2375 prin-

274 2380 431 2422 cipaliter,
455 2389 569 2411 usurae
597 2379 712 2411 vitium
735 2386 798 2417 est,
823 2387 932 2411 contra
958 2379 1090 2410 Domini
1115 2386 1338 2419 praeceptum,

275 2425 354 2456 nihil
369 2424 443 2455 inde
456 2429 622 2465 sperantes
636 2424 663 2454 *.
687 2423 719 2454 Si
739 2424 935 2460 secundario,
953 2433 1067 2454 usurae
1091 2430 1256 2464 peccatum
1272 2433 1339 2454 non

275 2475 332 2506 est,
349 2475 385 2500 ut
406 2470 528 2499 Auctor
551 2468 626 2498 dicit
652 2468 684 2498 in
710 2468 772 2508 Qq.
796 2467 836 2498 de
858 2469 966 2505 Malo,
984 2478 1039 2508 qu.
1062 2478 1126 2503 xm,
1151 2473 1207 2498 art.
1231 2467 1288 2498 ult.
1305 2467 1339 2497 *z

275 2512 431 2555 quoniam
461 2512 586 2543 licitum
609 2518 655 2542 est
682 2521 718 2542 ex
742 2511 894 2542 beneficio
923 2512 1011 2552 quod
1042 2510 1165 2542 confert
1191 2511 1338 2551 proximo

273 2557 316 2592 de
339 2566 409 2593 suo,
433 2556 547 2587 habere
571 2556 702 2587 oculum
726 2555 890 2587 sinistrum
913 2556 952 2586 ad
976 2555 1062 2586 utile.
1094 2554 1260 2595 Contingit
1283 2565 1338 2585 au-

276 2608 342 2634 tem
364 2600 416 2632 hic
431 2600 635 2632 secundarius
651 2606 811 2640 respectus
834 2600 964 2641 quando
984 2599 1098 2640 aliquis
1114 2605 1240 2630 mutuat
1263 2599 1340 2630 nihil

276 2651 406 2687 propter
428 2651 581 2675 mutuum
604 2650 786 2685 expectans,
811 2644 866 2674 sed
889 2650 1055 2684 expectans
1085 2653 1123 2673 ex
1150 2643 1340 2684 gratitudine

275 2689 361 2721 illius
384 2689 436 2719 cui
458 2695 623 2720 mutuatur
644 2688 733 2729 quod
756 2698 823 2718 non
843 2688 901 2719 erit
923 2688 1077 2728 ingratus,
1095 2687 1151 2717 sed
1173 2687 1254 2718 sicut
1273 2697 1340 2728 gra-

277 2733 356 2764 tiam
376 2731 423 2763 illi
445 2731 519 2763 facit
540 2732 731 2768 mutuando,
755 2731 798 2762 ita
812 2732 866 2763 ille
884 2740 990 2772 gratus
1005 2732 1056 2762 vel
1074 2731 1107 2761 in
1126 2732 1339 2762 remutuando

277 2777 329 2808 vel
349 2776 384 2807 in
399 2776 564 2807 serviendo
580 2776 630 2806 vel
648 2776 681 2806 in
697 2776 898 2807 munusculis
912 2776 999 2807 iuxta
1015 2775 1232 2806 conditionem
1249 2785 1341 2806 suam

279 2820 346 2856 erit,
371 2830 437 2852 non
459 2826 496 2852 ut
518 2830 649 2854 usuram
670 2819 781 2856 solvat,
805 2820 862 2850 sed
884 2826 919 2850 ut
941 2819 1035 2859 gratis
1059 2829 1092 2850 se
1115 2826 1239 2859 gratum
1257 2820 1340 2851 exhi-

278 2866 361 2896 beat.
393 2864 535 2895 Debetur
557 2863 643 2894 enim
665 2864 835 2900 mutuanti,
855 2864 976 2894 ratione
999 2863 1114 2899 mutui,
1134 2870 1165 2894 et
1188 2874 1237 2894 res
1260 2873 1341 2904 quae

279 2915 395 2941 mutuo
415 2915 461 2938 est
480 2917 638 2944 concessa,
658 2913 788 2948 propter
802 2907 906 2947 ipsam
919 2917 987 2938 rem
1005 2914 1200 2943 mutuatam;
1225 2914 1256 2938 et
1274 2918 1341 2948 gra-

279 2952 331 2989 tia,
348 2958 479 2993 propter
493 2951 642 2982 affectum
656 2951 831 2982 mutuantis
847 2951 952 2991 gratis.
975 2951 1016 2981 Et
1031 2957 1198 2991 propterea
1213 2961 1341 2991 sperans

279 3003 452 3037 utrumque
475 3005 549 3026 cum
573 2995 638 3026 suis
661 2994 820 3026 effectibus
843 3005 909 3025 non
933 3001 1050 3035 peccat.

334 3040 401 3071 Nec
423 3046 516 3081 putes
539 3049 591 3070 me
606 3039 830 3069 immemorem
852 3048 965 3069 eorum
980 3048 1062 3079 quae
1084 3038 1117 3068 in
1137 3038 1310 3075 Quolibetis
1324 3038 1342 3057 *

280 3084 408 3125 scripsi:
433 3083 587 3125 quoniam
609 3083 721 3114 eadem
744 3089 791 3114 est
813 3082 983 3119 sententia,
1007 3083 1081 3113 licet
1103 3082 1171 3113 aliis
1194 3089 1265 3114 utar
1286 3091 1342 3113 vo-

280 3128 409 3164 cabulis,
435 3135 466 3158 et
487 3127 602 3161 melius
626 3127 685 3158 hic.
710 3144 730 3150 —
754 3127 820 3158 Nec
836 3126 952 3158 fallaris
970 3133 1086 3167 putans
1102 3136 1168 3157 esse
1183 3126 1341 3158 sufficiens

280 3173 408 3214 signum
431 3172 592 3203 usurariae
614 3171 729 3203 mentis
759 3171 848 3212 quod
878 3181 945 3202 non
967 3177 1127 3202 mutuaret
1155 3171 1182 3201 si
1205 3171 1342 3202 crederet

278 3215 372 3248 illum
395 3216 541 3246 futurum
563 3215 731 3255 ingratum.
757 3215 814 3245 Est
836 3215 923 3245 enim
946 3215 1073 3255 signum
1096 3214 1188 3245 fallax
1211 3215 1244 3245 in
1268 3214 1340 3245 foro

279 3260 506 3292 conscientiae:
531 3259 676 3300 quamvis
694 3259 727 3289 in
747 3258 818 3289 foro
834 3258 971 3290 iudiciali
995 3260 1135 3290 multum
1158 3258 1238 3290 forte
1261 3269 1341 3299 pon-

278 3305 409 3341 deraret,
434 3311 465 3335 et
487 3304 633 3334 doctores
655 3309 808 3343 tanquam
826 3303 941 3334 nuntio
957 3313 1120 3343 perversae
1140 3303 1254 3334 mentis
1269 3303 1340 3343 ipso

279 3349 474 3390 quandoque
497 3354 637 3379 utantur.
662 3346 796 3377 Constat
827 3357 966 3388 namque
988 3347 1021 3377 in
1045 3347 1168 3378 arctiori
1191 3347 1340 3383 materia,

279 3393 395 3424 scilicet
409 3393 442 3422 in
459 3391 603 3428 simonia,
621 3391 774 3431 scriptum
790 3400 856 3421 esse
873 3391 911 3422 ab
930 3393 1069 3422 Auctore
1083 3391 1116 3421 in
1135 3391 1309 3428 Quolibetis
1323 3391 1340 3410 *

278 3437 369 3478 quod
391 3436 447 3478 qui
469 3436 555 3466 vadit
577 3435 617 3466 ad
640 3434 804 3465 ecclesiam
833 3441 963 3475 propter
989 3435 1240 3471 distributiones,
1266 3435 1341 3466 alias

279 3490 345 3512 non
367 3480 469 3512 iturus
489 3486 576 3518 tunc,
596 3489 662 3510 non
679 3485 725 3510 est
748 3478 950 3509 simoniacus.
974 3479 1015 3509 Et
1030 3479 1131 3510 simile
1147 3486 1194 3513 est
1215 3479 1248 3509 in
1268 3489 1340 3519 pro-

279 3524 402 3565 posito:
427 3524 502 3566 quia
525 3523 738 3554 remuneratio
762 3529 884 3563 sperata
907 3532 973 3553 non
989 3529 1036 3553 est
1053 3523 1133 3553 ratio
1157 3523 1244 3564 quod
1268 3533 1339 3553 mu-

279 3574 356 3605 tuet,
376 3569 431 3599 sed
454 3575 501 3599 est
520 3567 660 3599 conditio
685 3577 781 3607 quare
798 3566 898 3606 magis
922 3573 1048 3597 mutuat
1069 3566 1144 3597 huic
1167 3577 1264 3607 quam
1283 3567 1338 3603 illi,

280 3612 355 3652 quia
376 3612 433 3643 iste
456 3619 572 3652 gratus,
588 3612 639 3642 ille
663 3621 738 3642 non.

2374 275 2442 322 157

1439 357 1480 387 Et
1503 356 1657 397 quoniam
1680 356 1780 386 facere
1804 362 1834 386 et
1857 355 2047 390 desiderare,
2071 361 2107 385 ut
2130 354 2251 385 dictum
2275 360 2337 390 est,
2363 354 2444 384 eius-

1385 401 1456 431 dem
1481 407 1555 431 sunt
1577 400 1725 436 rationis,
1749 400 1775 430 si
1799 399 1870 440 quis
1898 409 1964 430 non
1988 399 2095 429 solum
2117 398 2194 429 haec
2214 398 2298 428 intus
2322 405 2444 438 speret,

1384 445 1438 475 sed
1458 451 1542 475 extra
1565 444 1659 475 etiam
1675 454 1765 484 spem
1787 444 1893 479 talem,
1910 443 1972 474 hoc
1995 450 2041 473 est
2064 443 2107 473 sic
2124 442 2321 473 moderatam
2338 449 2373 472 ut
2396 442 2446 472 de-

1384 489 1498 528 scripta
1512 495 1568 524 est,
1585 489 1789 524 demonstret,
1806 495 1837 518 et
1852 494 2002 528 sequatur
2025 486 2152 517 effectus
2167 485 2319 526 gratuitae
2342 496 2446 516 remu-

1385 532 1555 562 nerationis
1579 539 1614 562 ut
1642 532 1880 572 descripsimus,
1905 531 2029 562 nullum
2061 538 2108 561 est
2131 536 2296 571 peccatum
2319 539 2445 560 usurae.

1385 576 1476 606 Unde
1499 575 1532 605 in
1556 576 1699 616 sequenti
1729 576 1862 606 articulo
1887 578 2008 606 Auctor
2031 574 2106 606 dicit
2128 575 2227 615 quod,
2243 575 2272 604 si
2294 579 2445 604 mutuans

1384 619 1506 659 aliquid
1519 620 1654 659 accipiat
1673 629 1735 650 non
1751 621 1844 660 quasi
1859 621 2004 661 exigens,
2026 629 2084 649 nec
2101 619 2195 659 quasi
2209 628 2251 649 ex
2268 618 2377 658 aliqua
2393 618 2445 648 ob-

1385 664 1540 703 ligatione
1554 664 1650 693 tacita
1667 664 1717 694 vel
1740 673 1903 704 expressa,
1918 664 1975 695 sed
1996 664 2078 694 sicut
2099 663 2279 704 gratuitum
2303 662 2422 692 donum
2434 685 2443 699 ,

1385 716 1447 737 non
1466 712 1599 746 peccat:
1622 713 1652 736 et
1674 706 1818 747 loquitur
1838 708 1876 737 de
1893 707 2086 747 obligatione
2107 706 2198 743 civili,
2218 716 2282 746 qua
2305 706 2376 746 quis
2399 713 2444 736 te-

1385 756 1477 780 netur
1500 750 1539 780 ad
1562 750 1705 780 debitum
1721 751 1812 791 quasi
1827 751 1964 788 iustum;
1990 761 2056 781 non
2072 758 2179 781 autem
2198 750 2237 780 de
2253 749 2445 790 obligatione

1385 803 1449 834 qua
1464 794 1535 834 quis
1554 800 1678 824 tenetur
1693 795 1734 824 ad
1750 795 1891 825 debitum
1908 796 1947 825 de
1963 795 2137 831 honestate,
2154 794 2330 825 secundum
2347 803 2445 834 quam

1385 838 1477 868 debet
1500 837 1556 878 qui
1575 838 1679 868 mutui
1702 839 1834 877 gratiam
1848 839 1976 879 accepit,
1998 839 2078 869 ultra
2093 845 2254 874 mutuum,
2274 838 2445 878 rependere

1385 881 1558 922 gratuitum
1583 881 1773 912 beneficium
1795 883 1926 923 aequale
1954 889 1985 913 et
2008 882 2155 923 amplius,
2176 883 2353 912 secundum
2376 881 2444 912 Ari-

1385 925 1505 956 stotelis
1521 925 1698 955 doctrinam
1706 925 1732 956 *.
1753 926 1815 956 Sed
1829 926 1901 956 ideo
1913 927 2059 957 doctores
2071 934 2138 957 tam
2153 933 2243 957 caute
2258 926 2445 966 loquuntur,

1386 975 1421 1000 ut
1444 978 1502 999 nec
1525 968 1640 999 directe
1663 979 1721 999 nec
1744 969 1892 1000 indirecte
1916 977 2040 1010 petatur
2063 970 2197 1011 aliquid,
2222 970 2298 1010 quia
2321 970 2446 1000 fraudes

1384 1012 1565 1048 hominum,
1590 1012 1645 1052 qui
1669 1013 1709 1043 ad
1725 1013 1846 1043 malum
1861 1014 1954 1053 proni
1971 1021 2054 1050 sunt,
2071 1014 2194 1045 timent.
2219 1013 2303 1050 Quia
2318 1013 2351 1043 in
2375 1013 2445 1043 foro

1385 1056 1529 1088 exteriori
1552 1056 1690 1096 suspecti
1706 1064 1824 1087 essent:
1849 1058 1924 1098 quia
1939 1058 2086 1088 voluntas
2102 1057 2239 1097 proximi
2261 1057 2317 1097 qui
2340 1064 2445 1097 gratus

1385 1101 1498 1131 dicitur
1520 1100 1701 1140 ignoratur,
1726 1107 1756 1131 et
1781 1108 1911 1142 putatur
1940 1102 2029 1142 quod
2059 1101 2150 1141 quasi
2177 1101 2334 1131 redimens
2356 1111 2445 1131 vexa-

1385 1146 1508 1176 tionem
1531 1154 1622 1175 suam
1645 1144 1805 1184 rependat.

1444 1189 1496 1220 IV.
1521 1189 1586 1219 Nec
1609 1189 1703 1219 habet
1725 1188 1834 1219 locum
1858 1189 2013 1219 restitutio
2037 1188 2142 1229 aliqua
2155 1188 2172 1207 *
2193 1188 2321 1229 quando
2338 1198 2445 1228 supra-

1386 1233 1468 1264 dicta
1483 1239 1656 1263 servantur.
1676 1233 1808 1272 Propter
1823 1232 2005 1263 varietatem
2020 1239 2127 1263 tamen
2143 1239 2359 1263 occurrentem
2374 1232 2446 1262 hinc

1385 1278 1469 1314 inde,
1486 1277 1565 1308 scito
1581 1277 1671 1317 quod
1687 1277 1934 1317 quadrupliciter
1948 1283 2053 1317 potest
2068 1276 2179 1307 variari
2195 1276 2446 1316 recompensatio

1386 1321 1518 1352 alicuius
1542 1321 1623 1351 ultra
1640 1328 1758 1351 sortem
1782 1321 1848 1351 sine
1864 1328 1956 1361 pacto
1973 1321 2117 1361 explicite
2131 1320 2182 1350 vel
2197 1320 2365 1361 implicite:
2391 1319 2447 1350 sci-

1385 1366 1457 1396 licet
1488 1375 1525 1395 ex
1547 1371 1634 1405 parte
1658 1365 1833 1395 mutuantis
1857 1371 1997 1401 tantum;
2025 1365 2077 1395 vel
2099 1374 2136 1395 ex
2159 1371 2246 1404 parte
2269 1363 2448 1404 accipientis

1386 1416 1538 1440 mutuum
1553 1416 1693 1445 tantum;
1718 1409 1768 1439 vel
1784 1419 1820 1439 ex
1836 1416 1923 1449 parte
1940 1409 2119 1449 utriusque;
2143 1408 2193 1439 vel
2217 1419 2253 1439 ex
2268 1415 2355 1448 parte
2371 1418 2447 1438 neu-

1385 1454 1472 1484 trius.
1494 1453 1534 1483 Et
1546 1453 1656 1483 ordine
1669 1460 1872 1493 praepostero
1885 1464 1903 1483 a
1916 1453 2099 1483 clarioribus
2111 1452 2304 1489 inchoando,
2318 1452 2447 1493 quando

1387 1508 1424 1528 ex
1446 1504 1534 1537 parte
1557 1497 1699 1528 neutrius
1724 1503 1871 1536 corrupta
1888 1504 1935 1527 est
1958 1497 2101 1532 intentio,
2126 1497 2168 1527 ita
2191 1497 2279 1537 quod
2303 1506 2360 1526 nec
2377 1506 2448 1526 mu-

1386 1548 1479 1572 tuans
1509 1541 1602 1572 habet
1625 1540 1742 1570 malam
1766 1540 1975 1571 intentionem
1998 1541 2150 1576 habendi,
2176 1550 2232 1571 nec
2256 1541 2333 1570 dans
2356 1540 2449 1570 habet

1387 1585 1497 1625 aliquo
1527 1585 1627 1615 modo
1659 1584 1876 1620 coactionem,
1905 1585 1958 1614 sed
1988 1585 2122 1615 omnino
2152 1591 2265 1624 sponte
2295 1591 2325 1614 et
2354 1584 2449 1614 libere

1388 1629 1500 1664 donat,
1525 1628 1654 1659 nullum
1676 1627 1810 1658 omnino
1834 1635 1880 1659 est
1903 1635 2083 1668 peccatum,
2107 1635 2143 1658 ut
2166 1634 2267 1667 patet;
2299 1628 2448 1668 nullaque

1388 1672 1553 1704 intercedit
1575 1671 1741 1702 restitutio.

1445 1716 1506 1747 Sed
1530 1717 1659 1756 quando
1685 1715 1849 1756 utriusque
1873 1725 1962 1746 mens
1986 1715 2069 1745 mala
2093 1722 2152 1751 est,
2177 1715 2351 1746 mutuantis
2380 1715 2450 1755 qui—

1390 1761 1463 1791 dem
1491 1761 1566 1800 quia
1589 1760 1723 1790 omnino
1753 1760 1818 1790 sive
1845 1759 1906 1790 hoc
1937 1759 2001 1789 sive
2027 1759 2083 1789 illo
2115 1759 2214 1789 modo
2238 1759 2305 1789 vult
2331 1759 2449 1799 aliquid

1389 1805 1472 1836 ultra
1487 1811 1616 1840 sortem,
1634 1803 1815 1844 accipientis
1830 1813 1906 1834 vero
1922 1810 2074 1834 mutuum
2092 1803 2167 1844 quia
2181 1803 2267 1833 videt
2289 1803 2339 1833 vel
2361 1810 2451 1843 putat

1389 1859 1456 1879 non
1479 1858 1572 1889 posse
1594 1848 1682 1878 aliter
1706 1847 1764 1878 sibi
1783 1847 1948 1878 consulere
1971 1847 2031 1877 nisi
2055 1847 2159 1877 dando
2185 1845 2234 1889 (ac
2252 1857 2309 1887 per
2323 1847 2386 1878 hoc
2405 1855 2452 1878 est

1389 1893 1473 1923 mala
1494 1892 1627 1932 passive,
1651 1891 1726 1933 quia
1745 1892 1871 1932 patitur,
1896 1901 1962 1921 non
1986 1891 2062 1932 quia
2085 1891 2158 1922 facit
2172 1889 2320 1933 malum),
2343 1901 2451 1931 pecca-

1389 1945 1459 1968 tum
1482 1946 1598 1967 usurae
1622 1943 1677 1972 est,
1703 1942 1733 1966 et
1755 1941 1879 1966 tenetur
1901 1936 1941 1966 ad
1964 1935 2212 1966 restitutionem:
2237 1935 2312 1975 quia
2328 1945 2364 1966 ex
2379 1945 2451 1966 mu-

1389 1989 1446 2013 tuo
1462 1980 1675 2021 principaliter
1686 1987 1838 2020 speratur,
1852 1986 1883 2010 et
1898 1980 1989 2010 datur
2001 1989 2067 2010 non
2081 1979 2268 2010 voluntarie.
2287 1979 2329 2010 Et
2342 1979 2374 2009 in
2390 1979 2452 2011 hoc

1390 2036 1464 2057 casu
1481 2025 1724 2064 intelligendum
1738 2031 1785 2054 est
1801 2023 1976 2064 capitulum
1996 2023 2175 2061 Consuluit,
2192 2023 2296 2060 Extra,
2313 2021 2351 2054 de
2370 2023 2450 2054 Usu-

1389 2071 1446 2108 ris,
1471 2069 1551 2100 circa
1574 2068 1807 2100 restitutionem
1830 2077 1945 2098 usurae
1969 2067 2035 2098 sine
2059 2074 2163 2108 pact0.

1445 2113 1584 2151 Quando
1602 2122 1678 2143 vero
1702 2122 1739 2143 ex
1754 2119 1842 2152 parte
1860 2118 1985 2142 tantum
2001 2110 2181 2151 accipientis
2198 2117 2350 2142 mutuum
2367 2111 2451 2142 clau-

1387 2158 1471 2189 dicat
1485 2157 1630 2193 intentio,
1654 2156 1730 2197 quia
1746 2156 1863 2187 scilicet
1886 2155 1953 2196 ipse
1970 2165 2035 2186 non
2053 2156 2106 2186 dat
2119 2155 2296 2185 voluntarie
2312 2155 2344 2184 id
2363 2156 2452 2196 quod

1389 2203 1451 2238 dat,
1476 2208 1628 2232 mutuans
1645 2207 1751 2231 autem
1767 2200 1874 2236 credit,
1898 2207 2029 2241 propter
2045 2209 2136 2230 suam
2152 2198 2377 2236 innocentiam,
2394 2199 2452 2230 sibi

1390 2246 1484 2286 gratis
1508 2245 1589 2275 dari:
1615 2244 1799 2284 accipiendo
1823 2254 1889 2274 non
1912 2250 2036 2285 peccat,
2061 2244 2115 2274 sed
2145 2250 2268 2274 tenetur
2291 2243 2452 2274 restituere

1389 2290 1469 2321 illud
1499 2289 1629 2330 quando
1659 2288 1870 2329 postmodum
1897 2288 1959 2318 hoc
1982 2287 2057 2324 scit,
2081 2287 2107 2317 si
2134 2297 2170 2317 ex
2193 2286 2248 2317 illo
2277 2294 2323 2318 est
2352 2287 2453 2317 factus

1389 2333 1589 2374 locupletior.
1613 2334 1697 2363 Nam
1719 2332 1746 2363 si
1761 2332 1961 2372 consumpsit
1978 2330 2059 2362 illud
2078 2339 2230 2372 tanquam
2246 2331 2453 2361 adventitium

1390 2389 1456 2409 non
1472 2384 1705 2418 computatum,
1726 2377 1766 2406 ad
1785 2376 1863 2406 nihil
1886 2382 2019 2412 tenetur,
2041 2382 2071 2406 et
2089 2375 2147 2406 sibi
2162 2375 2224 2415 ipsi
2242 2375 2379 2415 imputet
2398 2375 2453 2416 qui

1391 2422 1493 2453 dedit:
1518 2428 1548 2452 et
1571 2431 1636 2451 non
1654 2427 1700 2451 est
1722 2421 1949 2460 imputandum
1966 2419 1994 2449 ei
2018 2419 2073 2460 qui
2096 2419 2130 2449 in
2152 2419 2237 2449 bona
2253 2429 2377 2459 semper
2391 2418 2454 2449 fide

1391 2466 1484 2502 stetit,
1510 2472 1540 2496 et
1563 2465 1641 2495 nihil
1664 2475 1701 2495 ex
1723 2464 1779 2494 illo
1802 2464 2015 2505 locupletatus
2031 2469 2088 2493 est.
2113 2462 2146 2494 Si
2161 2463 2246 2493 enim
2264 2463 2455 2502 locupletior

1391 2510 1492 2541 factus
1516 2519 1553 2539 ex
1568 2509 1624 2539 illo
1649 2515 1738 2544 esset,
1763 2514 1920 2539 teneretur
1939 2507 2068 2538 reddere
2084 2507 2225 2538 alienum
2248 2517 2313 2537 non
2332 2507 2453 2538 ratione

1391 2553 1598 2594 acceptionis,
1624 2553 1679 2583 sed
1702 2553 1823 2583 ratione
1846 2552 1890 2583 rei
1915 2558 2076 2591 acceptae:
2105 2551 2181 2592 quia
2203 2551 2413 2582 involuntarie
2437 2562 2454 2581 a

1392 2598 1526 2629 domino
1550 2597 1632 2628 exiit.

1447 2641 1587 2679 Quando
1611 2647 1719 2672 autem
1748 2646 1896 2681 corrupta
1919 2646 1966 2670 est
1988 2649 2078 2670 mens
2110 2649 2146 2669 ex
2169 2645 2257 2679 parte
2281 2639 2455 2670 mutuantis

1392 2693 1527 2723 tanturn,
1544 2692 1620 2716 tunc
1635 2691 1744 2725 peccat
1758 2684 1932 2715 mortaliter
1947 2684 2066 2725 absque
2081 2683 2190 2719 dubio,
2208 2684 2263 2713 sed
2278 2683 2317 2713 ad
2332 2683 2454 2714 restitu-

1392 2731 1514 2761 tionem
1530 2739 1597 2760 non
1612 2736 1746 2765 tenetur,
1763 2735 1800 2759 ut
1815 2728 1945 2769 quidam
1962 2728 2080 2758 dicunt.
2101 2727 2185 2764 Quia
2200 2727 2355 2758 restitutio
2372 2727 2454 2757 ordi-

1393 2782 1486 2805 natur
1508 2774 1548 2803 ad
1567 2773 1629 2804 hoc
1644 2773 1733 2813 quod
1756 2772 1808 2803 ille
1831 2772 1887 2813 qui
1903 2772 2010 2802 minus
2033 2772 2126 2802 habet
2149 2781 2247 2811 quam
2270 2781 2366 2801 suum
2389 2778 2453 2807 est,

1393 2819 1540 2850 rehabeat
1559 2827 1666 2848 suum.
1689 2817 1800 2852 Modo,
1816 2816 1874 2847 iste
1898 2816 1954 2857 qui
1970 2815 2100 2846 donavit
2122 2814 2201 2845 nihil
2222 2814 2328 2845 minus
2343 2815 2453 2845 habet:

1393 2862 1547 2904 quoniam
1562 2861 1625 2892 hoc
1635 2861 1724 2902 quod
1739 2861 1834 2896 dedit,
1852 2870 1918 2890 non
1932 2860 2057 2896 iniuste,
2068 2858 2122 2889 sed
2137 2859 2233 2889 libere
2250 2869 2267 2888 a
2283 2868 2316 2889 se
2332 2859 2455 2889 abdica-

1393 2906 1456 2942 vit;
1480 2915 1584 2946 neque
1599 2911 1646 2935 est
1661 2905 1699 2935 ab
1715 2914 1753 2934 eo
1771 2904 1922 2940 ablatum,
1936 2904 1991 2933 sed
2006 2903 2073 2943 ipse
2088 2909 2200 2943 sponte
2218 2902 2356 2933 donavit.
2380 2903 2453 2933 Non

1393 2956 1440 2980 est
1454 2949 1548 2989 igitur
1563 2948 1803 2979 restituendum.
1823 2965 1843 2970 -
1867 2948 1928 2978 Sed
1943 2947 1969 2977 si
1985 2947 2174 2978 meditemur
2189 2946 2222 2976 in
2237 2946 2353 2986 regulis
2368 2947 2455 2976 resti-

1393 2994 1556 3026 tutionum
1581 2992 1736 3032 superius,
1757 3002 1831 3022 cum
1850 2992 1888 3022 de
1912 2991 2109 3021 restitutione
2131 2997 2344 3027 tractaremus,
2369 2990 2455 3021 habi-

1392 3038 1441 3074 tis,
1466 3037 1565 3068 dubio
1590 3046 1656 3066 non
1679 3045 1777 3076 parvo
1798 3035 1962 3076 apparebit
1990 3035 2079 3076 quod
2100 3035 2177 3065 haec
2192 3034 2271 3065 ratio
2295 3034 2456 3065 concludit

1393 3081 1482 3123 quod
1498 3091 1564 3112 non
1580 3087 1627 3111 est
1645 3080 1876 3110 restituendum
1891 3079 1920 3110 ei
1936 3089 1954 3110 a
1972 3089 2038 3119 quo
2055 3079 2189 3119 accepit:
2215 3079 2268 3109 sed
2285 3089 2351 3109 non
2366 3079 2454 3119 quod

1392 3136 1459 3157 non
1475 3125 1515 3156 sit
1537 3124 1768 3156 restituendum
1784 3124 1936 3154 absolute.
1960 3123 2002 3154 Et
2020 3123 2099 3154 ratio
2114 3129 2162 3153 est
2176 3122 2250 3164 quia
2266 3132 2325 3163 pro
2348 3123 2455 3163 regula

1393 3169 1572 3210 accepimus
1582 3169 1599 3188 '¹‘
1614 3168 1703 3209 quod
1718 3168 1848 3209 quando
1863 3167 2004 3207 acceptio
2019 3167 2088 3207 ipsa
2103 3174 2150 3197 est
2164 3166 2290 3203 iniusta,
2307 3166 2350 3197 ita
2366 3167 2454 3207 quod

1393 3214 1445 3245 ille
1461 3213 1516 3254 qui
1532 3213 1644 3253 accipit
1660 3219 1768 3243 contra
1787 3212 1889 3252 legem
1906 3211 2028 3252 accipit,
2045 3221 2107 3241 non
2124 3211 2214 3241 debet
2227 3211 2287 3241 sibi
2302 3212 2451 3248 retinere,

1393 3258 1450 3289 sed
1471 3258 1561 3288 debet
1584 3258 1615 3287 in
1634 3257 1708 3297 pios
1727 3266 1805 3287 usus
1827 3261 2020 3287 convertere.
2046 3254 2181 3285 Constat
2203 3264 2340 3295 namque
2364 3255 2453 3295 quod

1392 3303 1426 3333 in
1449 3301 1510 3332 hoc
1534 3311 1618 3336 casu,
1642 3301 1715 3331 licet
1737 3301 1822 3331 datio
1846 3301 1885 3330 sit
1908 3301 2001 3336 bona,
2026 3299 2167 3338 acceptio
2191 3304 2296 3329 tamen
2316 3298 2384 3338 ipsa
2408 3306 2454 3329 est

1394 3346 1536 3377 usuraria
1551 3352 1582 3376 et
1596 3352 1706 3376 contra
1720 3344 1823 3384 legem
1840 3344 2003 3384 utriusque
2019 3342 2216 3373 Testamenti
2231 3342 2257 3372 *.
2283 3342 2368 3382 Ergo
2385 3353 2451 3373 non

1394 3396 1500 3431 potest
1521 3389 1574 3420 ille
1597 3389 1652 3430 qui
1668 3388 1788 3428 accepit
1810 3388 1951 3424 retinere,
1977 3387 2031 3417 sed
2055 3387 2147 3417 debet
2169 3386 2201 3416 in
2225 3386 2296 3426 pios
2311 3396 2387 3416 usus
2406 3397 2453 3417 re-

1391 3434 1529 3465 stituere.
1554 3434 1595 3464 Et
1617 3431 1837 3464 confirmatur:
1862 3431 1936 3472 quia
1952 3431 1990 3461 ad
2006 3430 2171 3461 vinculum
2186 3430 2370 3461 restituendi
2387 3430 2452 3461 suf—

1391 3478 1456 3509 ficit
1471 3478 1560 3518 quod
1575 3483 1718 3507 teneatur
1732 3476 1845 3516 aliquis
1861 3475 1980 3506 ratione
1993 3474 2183 3514 acceptionis
2199 3474 2343 3511 iniustae,
2358 3475 2452 3505 etiam

1393 3523 1418 3552 si
1443 3532 1508 3552 non
1531 3528 1674 3552 teneatur
1697 3520 1815 3550 ratione
1840 3519 1883 3549 rei
1907 3525 2068 3558 acceptae;
2098 3518 2130 3548 in
2154 3518 2321 3559 proposito
2346 3525 2452 3549 autem

1393 3566 1444 3596 hic
1466 3572 1590 3597 tenetur
1612 3564 1731 3595 ratione
1751 3563 1909 3594 usurariae
1928 3562 2126 3602 acceptionis.

1449 3609 1589 3640 Solvitur
1608 3616 1714 3639 autem
1737 3607 1797 3638 hoc
1829 3607 1962 3637 dubium
1987 3606 2208 3646 distinguendo
2238 3606 2319 3637 inter
2341 3616 2396 3646 per
2420 3617 2451 3636 se

2472 931 2563 954 ’Emic-
2572 933 2615 954 lib.
2622 933 2682 955 Vlss.

2472 964 2522 985 cap.
2528 964 2578 985 xm,
2585 965 2608 980 n.
2617 965 2637 986 7,
2644 966 2666 987 9.
2673 973 2683 977 -

2472 984 2496 1007 S.
2507 985 2551 1007 Th.
2567 986 2618 1007 lect.
2633 992 2682 1012 xm,

2472 1195 2522 1217 ⁸Cf.
2529 1202 2591 1217 num.
2599 1201 2682 1223 praec„

2472 1222 2509 1243 Ad
2522 1222 2668 1244 evidentiam.

2481 3175 2491 3184 ⁸
2499 3174 2546 3202 Qu.
2555 3179 2609 3197 an.
2621 3178 2662 3196 art.
2671 3181 2689 3201 5,

2480 3200 2509 3222 ad
2523 3207 2544 3222 2.

2479 3352 2489 3360 ⁸
2511 3350 2548 3372 Cf.
2568 3356 2615 3377 arg.
2643 3350 2691 3371 Sed

2479 3379 2572 3429 ggnza,
2588 3381 2609 3398 et
2628 3383 2689 3404 resp.
