2860 4244
905 246 1171 292 QUAESTIO
1202 246 1448 293 LXXXVIII,
1478 247 1773 284 ARTICULUS
1805 248 1852 284 III

287 324 411 356 virtutis
435 324 570 361 habitus,
595 325 637 355 ita
660 331 691 355 et
712 324 744 354 in
765 331 851 355 voto.
876 323 1031 354 Formalis
1055 330 1162 354 autem
1188 324 1266 355 ratio
1286 325 1351 354 voti

287 368 447 408 religionis
470 375 516 399 est
535 375 634 399 status
657 368 837 408 religiosus,
861 368 902 398 ad
920 377 1017 408 quem
1037 367 1127 407 quasi
1151 367 1352 398 materialiter

287 422 321 443 se
343 412 460 443 habent
481 420 556 443 vota
572 412 779 449 obedientiae,
799 411 991 452 paupertatis
1008 418 1039 442 et
1055 411 1211 442 castitatis.
1229 429 1247 434 -
1271 413 1350 443 Rur-

288 467 357 492 sus,
382 466 457 486 cum
489 466 585 487 omne
608 463 721 487 votum
745 457 783 486 de
807 466 845 486 eo
869 456 959 496 quod
989 462 1035 486 est
1065 455 1096 485 in
1121 462 1276 495 potestate
1307 456 1350 486 al-

287 501 394 536 terius,
418 500 532 531 habeat
555 500 743 540 implicitam
761 499 989 535 conditionem,
1013 500 1041 530 si
1061 500 1115 530 ille
1130 501 1278 538 voluerit,
1293 510 1350 530 seu

288 554 351 575 non
371 545 606 575 contradixerit
627 543 788 587 (alioquin
809 543 871 574 tale
886 550 1001 574 votnm
1024 550 1104 574 esset
1127 543 1272 574 illicitum
1296 550 1350 574 aut

287 586 444 631 fatuum);
468 595 499 619 et
522 595 645 619 constet
667 589 755 628 quod
777 583 891 618 votum
915 588 954 617 de
974 588 1166 617 assumendo
1190 587 1350 627 religionis

287 639 371 664 statu
402 632 436 662 in
459 631 521 662 hoc
544 631 738 662 monasterio
762 638 822 662 stat
853 631 886 661 in
910 638 1064 671 potestate
1094 631 1224 671 praelati
1248 638 1278 662 et
1302 641 1350 662 ca-

287 676 397 716 pituli:
431 685 630 716 consequens
653 683 699 706 est
721 675 811 716 quod
833 675 894 706 tale
916 682 1030 706 votum
1053 675 1092 705 sit
1115 675 1288 706 formaliter
1311 676 1349 705 de

287 720 479 750 assumendo
509 719 668 760 religionis
692 726 774 750 statu
808 725 839 750 et
861 719 1090 759 perseverando
1119 719 1150 749 in
1180 720 1295 749 eodem
1316 719 1349 749 in

286 764 348 795 hoc
363 763 556 794 monasterio
579 763 606 793 si
622 763 815 794 monasterio
831 763 996 803 placuerit;
1021 763 1221 794 materialiter
1242 769 1350 793 autem

287 808 326 838 de
349 808 543 838 observanda
570 807 759 844 obedientia,
782 807 930 844 castitate,
952 814 1145 848 paupertate,
1170 814 1228 838 etc.
1264 806 1350 838 Cum

286 861 362 891 ergo
386 851 527 882 conditio
551 861 617 882 non
640 858 722 882 extet
744 852 777 882 in
800 851 967 892 proposito
992 861 1077 888 casu,
1093 851 1169 892 quia
1191 857 1350 880 monaste-

284 895 370 926 rium
397 902 520 926 recusat
548 905 639 932 eum;
671 902 702 926 et
723 896 768 926 sic
790 896 870 926 ratio
894 895 1053 932 formalis,
1077 904 1159 936 quae
1189 894 1249 924 sub
1273 904 1349 924 con-

287 939 407 970 ditione
429 940 596 980 pendebat,
620 947 731 971 cesset:
756 949 955 980 consequens
984 946 1031 970 est
1052 939 1141 980 quod
1164 945 1278 968 votum
1300 945 1349 968 to-
1374 955 1376 979 2

285 983 387 1014 taliter
409 991 518 1021 cessat,
542 992 572 1015 et
594 984 679 1015 licite
701 991 806 1024 potest
828 983 898 1014 talis
921 992 1057 1023 persona
1080 982 1208 1018 nubere,
1229 982 1349 1022 absque

287 1027 496 1059 conscientiae
518 1028 679 1068 scrupulo.

341 1072 382 1103 Et
399 1071 605 1103 confirmatur
626 1072 699 1102 hoc.
723 1071 808 1108 Quia
823 1080 944 1101 servare
964 1070 1139 1101 castitatem
1162 1076 1192 1101 et
1215 1079 1348 1110 pauper-

287 1122 394 1153 tatem,
408 1122 478 1153 etc.,
490 1116 523 1146 in
535 1122 613 1147 voto
625 1115 786 1155 religionis
797 1121 872 1145 sunt
883 1115 970 1145 velut
981 1114 1163 1145 accessoria.
1185 1114 1348 1151 Quoniam

285 1166 535 1200 repraesentatur
558 1159 692 1190 naturali
708 1159 819 1189 ordine
833 1158 1022 1189 voventibus
1037 1159 1125 1199 quod
1148 1158 1181 1188 in
1197 1157 1348 1198 religione

284 1213 407 1234 servare
429 1204 507 1234 haec
529 1210 751 1244 opportunum
774 1209 805 1234 et
827 1212 1021 1239 consonum,
1045 1211 1104 1233 nec
1126 1202 1266 1233 multum
1291 1202 1348 1232 dif-

284 1246 367 1278 ficile
383 1254 440 1286 est,
463 1257 546 1288 quae
571 1247 762 1278 remansuris
781 1247 814 1277 in
833 1247 960 1278 saeculo
979 1253 1035 1277 aut
1056 1246 1273 1286 impossibilia,
1295 1253 1350 1277 aut

285 1291 365 1322 adeo
382 1291 519 1322 difficilia
541 1291 687 1322 videntur
703 1297 740 1322 ut
755 1291 969 1322 communiter
983 1297 1134 1321 voventes
1152 1290 1347 1331 religionem,

281 1334 312 1366 si
325 1345 392 1366 non
407 1345 609 1366 remansuros
624 1346 658 1366 se
670 1335 794 1372 scirent,
807 1345 873 1366 non
885 1342 1036 1366 voverent
1050 1335 1138 1366 haec.
1155 1335 1228 1365 Hoc
1241 1341 1349 1365 autem

284 1386 332 1410 est
353 1379 596 1421 signum-quod
617 1386 728 1410 natura
751 1379 822 1410 talis
844 1380 912 1410 voti
940 1389 1007 1410 non
1030 1379 1128 1410 fertur
1151 1389 1246 1419 super
1272 1378 1349 1409 haec

256 1421 439 1464 -.nisiaper
452 1422 612 1464 religionis
635 1430 769 1460 statum‚
793 1431 824 1455 et
852 1434 918 1455 non
947 1423 1052 1454 aliter:
1083 1422 1238 1464 quoniam
1260 1423 1349 1463 quod

285 1468 499 1499 communiter
528 1468 688 1499 invenitur
723 1468 852 1508 signum
881 1474 1010 1498 naturae
1049 1467 1093 1497 rei
1124 1473 1179 1497 est.
1213 1467 1349 1497 Reddito

285 1521 360 1552 ergo
382 1512 459 1543 huic
480 1511 641 1552 religionis
664 1519 758 1548 statu,
782 1522 882 1552 quem
895 1511 992 1547 vovit,
1016 1510 1205 1551 impossibili
1228 1511 1348 1551 absque

285 1565 344 1587 sua
367 1556 470 1597 culpa,
493 1556 659 1587 absolutus
682 1562 729 1586 est
747 1566 766 1586 a
780 1562 858 1587 voto
882 1565 948 1586 non
971 1554 1090 1591 medio,
1114 1555 1170 1584 sed
1191 1561 1272 1585 toto.

339 1599 382 1631 Et
414 1610 452 1631 ex
479 1600 529 1631 his
558 1607 644 1641 patet
673 1600 839 1640 responsio
867 1600 907 1630 ad
930 1598 1144 1630 obiectionem
1171 1598 1204 1628 in
1228 1605 1350 1629 contra-

283 1643 369 1675 rium
382 1641 414 1674 *ε
430 1644 507 1685 quia
521 1654 588 1675 non
603 1644 664 1675 nisi
682 1644 893 1683 materialiter,
909 1653 964 1674 seu
980 1642 1178 1679 secundario,
1195 1642 1351 1673 clauditur

282 1694 399 1719 votum
413 1688 626 1719 continentiae
641 1689 700 1719 sub
716 1687 843 1719 formali
858 1695 889 1719 et
904 1687 1080 1728 principali,
1092 1687 1151 1718 sub
1167 1686 1351 1717 conditione

280 1741 350 1764 non
374 1739 508 1764 extante.
526 1750 544 1756 -
566 1733 619 1763 Ad
643 1731 919 1763 confirmationem
938 1741 1014 1762 vero
1037 1731 1150 1762 dicitur
1172 1731 1262 1772 quod
1283 1733 1350 1762 Au-

282 1783 353 1808 ctor
371 1775 556 1817 intelligitur
577 1777 638 1808 sic:
661 1777 763 1807 Debet
786 1776 887 1808 facere
908 1776 998 1818 quod
1024 1775 1058 1806 in
1082 1785 1116 1806 se
1135 1782 1183 1806 est
1212 1774 1292 1806 circa
1315 1785 1351 1806 ea

280 1820 325 1853 td
343 1829 425 1861 quae
447 1827 589 1852 remanet
612 1821 763 1861 obligatio
786 1821 864 1852 voti.
895 1821 931 1851 In
954 1820 1122 1860 proposito
1146 1826 1254 1850 autem
1277 1829 1350 1850 casu

284 1874 351 1895 non
369 1871 510 1896 romanet
532 1865 684 1905 obligatio
707 1865 748 1895 ad
769 1865 906 1906 reliqua,
931 1874 998 1895 non
1021 1870 1144 1895 extante
1168 1863 1351 1895 conditione

283 1908 366 1940 circa
386 1909 570 1949 principale.

339 1952 378 1983 V.
402 1953 438 1983 In
459 1953 572 1983 eadem
585 1953 803 1993 responsione,
820 1953 902 1984 circa
918 1953 1057 1983 eundem
1078 1961 1198 1988 casum,
1215 1951 1350 1983 dubium

284 1996 436 2034 occurrit,
461 2007 501 2027 an
531 1997 630 2028 semel
652 1997 806 2028 refutatus
834 1997 873 2028 ab
896 1997 959 2027 hoc
982 1996 1176 2027 monasterio
1207 2002 1350 2027 teneatur

285 2040 416 2072 ulterius
439 2048 612 2082 expectare,
634 2041 662 2072 si
685 2041 766 2072 forte
789 2041 865 2072 alias
888 2040 1066 2071 admitteret
1090 2050 1174 2071 eum.

339 2085 390 2115 Ad
413 2085 476 2116 hoc
499 2085 614 2116 dicitur
635 2086 726 2127 quod
748 2085 978 2116 attendendum
1002 2091 1048 2116 est
1070 2084 1103 2115 in
1127 2084 1188 2115 hoc
1212 2094 1285 2115 casu
1309 2085 1349 2115 ad

284 2138 413 2159 eausam
435 2130 594 2170 repulsae,
619 2140 659 2160 an
682 2130 799 2160 scilicet
828 2130 869 2160 sit
890 2129 1091 2170 temporalis,
1122 2139 1163 2159 an
1186 2135 1347 2169 perpetua.

283 2173 368 2204 Nam
397 2173 423 2204 si
445 2174 603 2214 repellunt
631 2174 724 2205 illum
751 2184 818 2205 non
848 2173 1048 2214 simpliciter,
1079 2173 1133 2203 sed
1162 2183 1221 2213 pro
1252 2183 1347 2209 nunc,

283 2223 408 2248 tenetur
431 2225 609 2258 expectare:
641 2228 678 2249 a
701 2219 763 2249 hoc
785 2219 856 2259 ipso
879 2218 970 2259 quod
1001 2227 1067 2248 non
1096 2224 1142 2248 est
1165 2216 1348 2257 simpliciter

282 2261 448 2293 refutatus.
480 2262 514 2293 Si
537 2269 644 2294 autem
667 2263 828 2303 repellitur
850 2262 1003 2298 totaliter,
1028 2271 1094 2292 non
1125 2268 1252 2301 oportet
1281 2271 1347 2291 am-

282 2305 368 2346 plius
392 2313 563 2346 expectare,
586 2306 788 2338 manifestato
813 2306 932 2337 eisdem
954 2306 1042 2346 prius
1065 2315 1125 2336 suo
1148 2312 1240 2336 voto:
1273 2306 1348 2346 quia

282 2350 346 2381 hoc
369 2349 450 2381 forte
473 2358 554 2381 esset
582 2351 780 2381 inductivum
809 2361 922 2381 eorum
945 2350 985 2380 ad
1013 2349 1230 2390 recipiendum
1260 2360 1346 2380 eum.

340 2394 376 2424 ln
413 2395 525 2425 eadem
561 2395 769 2435 responsione
806 2395 942 2426 dubium
973 2394 1108 2425 occurrit
1147 2394 1185 2423 de
1222 2404 1260 2424 eo
1291 2394 1346 2435 qui

282 2438 371 2469 vovit
393 2438 607 2479 principaliter
630 2439 826 2479 religionem,
851 2446 907 2470 aut
929 2439 1116 2478 religionem
1139 2438 1245 2474 talem,
1269 2445 1347 2478 puta

241 2490 246 2495 ⁴
282 2481 555 2519 praedicatorum,
581 2490 611 2514 et
633 2484 779 2523 repulsus
803 2490 849 2513 est
872 2493 890 2513 a
913 2482 1022 2513 multis
1045 2482 1268 2522 religionibus,
1293 2489 1348 2513 aut

281 2536 303 2557 a
325 2526 470 2567 pluribus
497 2526 576 2557 locis
600 2527 742 2558 eiusdem
765 2527 942 2567 religionis:
975 2536 1014 2557 an
1036 2533 1180 2557 teneatur
1198 2536 1347 2566 quaerere

283 2579 341 2611 per
362 2580 476 2601 omnes
498 2571 666 2611 religiones
690 2579 720 2602 et
742 2581 799 2611 per
821 2571 931 2602 omnia
954 2571 1035 2601 loca.

339 2614 392 2645 Ad
414 2614 476 2645 hoc
499 2615 613 2646 dicitur
630 2616 719 2656 quod
745 2622 903 2656 quantum
931 2622 978 2646 est
1001 2625 1038 2645 ex
1061 2621 1172 2645 natura
1194 2614 1270 2650 voti,
1290 2614 1347 2645 iste

284 2664 410 2690 tenetur
433 2668 545 2689 omnes
568 2659 735 2700 requirere,
760 2659 786 2689 si
808 2669 880 2700 spes
901 2666 947 2690 est
962 2659 1050 2700 quod
1073 2658 1189 2689 alicubi
1211 2658 1349 2689 inveniat

286 2709 472 2743 receptores.
508 2703 549 2733 Et
571 2703 651 2733 ratio
680 2710 727 2734 est
749 2703 824 2743 quia
852 2714 889 2734 ex
911 2713 977 2744 quo
1009 2702 1160 2742 obligavit
1190 2711 1223 2732 se
1253 2703 1292 2732 ad
1315 2702 1348 2732 id

286 2746 376 2787 quod
406 2746 562 2787 dependet
591 2757 610 2777 a
631 2747 723 2784 totis,
749 2748 841 2778 debet
870 2757 983 2778 omnes
1012 2757 1029 2776 a
1053 2746 1169 2787 quibus
1192 2746 1350 2787 dependet

286 2790 453 2831 requirere.
477 2790 550 2821 Dixi
573 2797 691 2827 autem,
713 2796 869 2831 quantum
893 2796 941 2822 est
962 2800 1005 2822 ex
1027 2795 1146 2821 natura
1170 2791 1250 2821 voti:
1273 2791 1349 2830 quia

287 2844 325 2865 ex
337 2834 513 2865 intentione
527 2835 671 2865 voventis
686 2842 794 2875 posset
809 2835 897 2866 aliter
913 2834 1061 2865 accidere.
1084 2834 1168 2864 Nam
1183 2833 1209 2864 si
1229 2844 1348 2864 vovens

287 2887 354 2908 non
385 2878 568 2909 intendebat
591 2888 624 2909 se
648 2878 787 2919 obligare
815 2879 875 2909 nisi
898 2879 938 2908 ad
961 2878 1128 2918 religiones
1157 2877 1216 2908 sibi
1246 2884 1347 2914 notas,

288 2929 319 2953 et
341 2922 374 2952 in
389 2922 468 2953 locis
491 2922 690 2963 propinquis,
714 2932 780 2953 non
796 2929 920 2953 tenetur
935 2922 1051 2952 limites
1067 2931 1143 2952 suae
1165 2921 1349 2952 intentionis

288 2966 379 2997 exire.
416 2966 509 2997 Unde
538 2966 772 2998 adolescentula
794 2967 845 2997 vel
870 2966 966 2996 vidua
989 2975 1072 3006 quae
1101 2971 1197 2995 vovet
1228 2965 1349 3005 ingredi

287 3010 492 3050 religionem,
521 3017 552 3041 et
581 3011 708 3041 nullum
730 3010 763 3040 in
786 3017 867 3041 terra
896 3020 953 3040 sua
976 3015 1032 3040 aut
1054 3009 1243 3050 propinquis
1270 3009 1349 3040 locis

288 3054 451 3085 inveniens
483 3054 712 3085 monasterium
740 3054 829 3095 quod
851 3054 940 3084 illam
971 3053 1063 3090 velit,
1088 3063 1144 3093 per
1172 3053 1234 3084 boc
1260 3053 1349 3094 quod

288 3098 424 3140 quiescit
446 3098 614 3138 patienter,
638 3105 788 3138 reputans
811 3098 870 3129 sibi
894 3107 960 3128 esse
989 3097 1125 3138 amplius
1153 3097 1349 3138 impossibile

289 3143 379 3184 quod
393 3142 491 3179 vovit,
508 3142 583 3173 satis
596 3143 734 3174 ostendit
753 3142 836 3173 facto
856 3152 916 3173 suo
932 3142 1022 3183 quod
1038 3151 1104 3172 non
1119 3141 1301 3172 intendebat
1316 3151 1349 3172 se

288 3186 430 3226 obligare
450 3193 486 3217 ut
500 3186 559 3217 iret
581 3193 636 3218 aut
657 3187 794 3218 mitteret
815 3196 871 3227 per
893 3186 1052 3216 mundum
1075 3186 1257 3226 quaerendo
1279 3195 1350 3216 mo-

289 3230 434 3261 nasteria.
458 3230 500 3261 Et
513 3230 608 3261 simili
624 3231 724 3262 modo
739 3237 845 3271 potest
859 3230 992 3261 discerni
1007 3229 1141 3261 intentio
1153 3230 1349 3261 voventium.

289 3274 406 3305 Nullus
429 3274 588 3315 siquidem
610 3274 643 3304 in
666 3275 754 3306 ltalia
775 3284 896 3305 vovens
918 3274 1104 3314 religionem
1126 3273 1302 3305 intenderet
1317 3284 1350 3305 se

290 3318 429 3359 obligare
453 3318 493 3348 ad
515 3319 658 3349 eundum
685 3318 718 3349 in
742 3318 923 3354 Graeciam,
946 3318 1094 3354 Daciam,
1118 3324 1149 3348 et
1171 3317 1300 3354 similia,
1325 3318 1351 3348 si

290 3362 353 3393 hoc
375 3362 435 3393 sibi
457 3362 612 3393 diceretur
633 3363 763 3403 quando
786 3368 890 3393 vovet.

345 3406 409 3437 Sed
431 3407 526 3447 quid,
550 3406 576 3437 si
598 3406 668 3437 talis
690 3416 757 3437 non
779 3405 898 3436 invenit
919 3405 980 3436 nisi
1001 3405 1192 3436 monasteria
1213 3415 1280 3436 non
1303 3415 1350 3436 re-

289 3449 426 3481 formata
441 3457 548 3491 parata
563 3451 603 3481 ad
625 3450 692 3481 eius
707 3447 939 3490 receptionem?
961 3449 1127 3490 Numquid
1143 3448 1352 3490 obligabitur?

345 3494 526 3525 Dicendum
539 3495 639 3535 quod,
654 3494 719 3525 sive
734 3500 887 3525 vocentur
900 3493 1090 3524 monasteria
1105 3493 1272 3525 reformata
1287 3493 1352 3525 sive

291 3547 370 3574 non,
388 3538 415 3568 si
437 3539 564 3579 publice
588 3545 710 3570 constat
732 3538 822 3579 quod
844 3547 910 3568 non
926 3543 1066 3568 servatur
1080 3537 1123 3567 ibi
1138 3537 1288 3577 regularis
1308 3538 1353 3568 di-

291 3581 432 3622 sciplina,
447 3583 503 3613 sed
521 3583 655 3623 quilibet
668 3583 744 3613 vivit
762 3583 802 3613 ad
825 3581 986 3622 placitum,
1003 3588 1034 3612 et
1051 3588 1237 3621 reputantur
1251 3581 1353 3612 malae

2394 250 2466 294 245

1406 325 1614 356 conscientiae
1638 325 1702 356 fere
1725 334 1854 356 omnes:
1885 335 1950 356 non
1974 332 2098 356 tenetur
2121 335 2255 365 persona
2279 335 2360 365 quae
2383 325 2470 356 vovit

1405 369 1591 409 religionem
1620 369 1652 399 in
1675 369 1803 400 veritate
1836 369 1940 400 subire
1965 369 2235 400 conversationem
2263 369 2373 399 talium
2397 379 2468 399 mo-

1405 413 1630 450 nasteriorum;
1655 413 1807 453 scriptum
1831 422 1877 445 est
1900 413 1985 444 enirn
2001 413 2033 444 *x
2061 414 2141 444 Cum
2159 422 2315 453 perverso
2335 423 2468 453 perver-

1405 458 1491 488 teris.
1515 475 1536 480 -
1560 458 1656 488 Secus
1679 465 1786 488 autem
1810 465 1856 488 est
1879 458 1904 487 si
1927 465 2116 489 vocarentur
2130 457 2211 488 vitae
2230 457 2421 493 communis,
2439 465 2469 488 et

1404 507 1510 531 tamen
1533 501 1565 531 in
1588 501 1716 532 veritate
1745 502 1824 532 bene
1846 502 2002 538 viverent,
2027 512 2101 532 cum
2124 502 2239 532 timore
2262 501 2410 537 Domini,
2435 501 2466 531 in

1404 545 1660 575 substantialibus
1690 553 1720 576 et
1748 545 1856 576 multis
1884 546 2142 582 accidentalibus,
2166 546 2225 576 sub
2254 546 2467 585 praelatorum

1404 598 1478 618 cura
1501 588 1534 618 in
1557 589 1698 619 veritate:
1723 590 1868 629 quamvis
1891 600 1956 620 non
1976 590 2018 620 ita
2042 590 2177 620 districte
2191 590 2348 620 viveretur
2366 596 2402 619 ut
2420 599 2467 619 re—

1403 631 1518 671 gularis
1543 632 1635 671 exigit
1658 633 1832 673 disciplina.
1857 634 1930 664 Hoc
1953 634 2038 664 enim
2061 635 2160 664 modo
2185 643 2296 664 omnes
2320 633 2467 674 antiquae

1405 675 1500 706 hodie
1512 675 1658 706 videntur
1674 686 1740 706 esse
1756 677 1922 716 religiones
1938 678 2113 708 secundum
2129 678 2304 708 veritatem:
2322 677 2467 718 quamvis

1404 720 1581 750 secundum
1607 721 1762 750 vocabula
1791 722 1947 761 quaedam
1974 722 2124 762 regularis
2146 723 2228 752 vitae
2254 728 2407 752 vocentur
2437 728 2468 751 et

1404 763 1466 794 sint
1488 763 1521 793 in
1545 770 1687 803 respectu
1711 765 1750 794 ad
1774 765 1915 796 laxiores.

1454 807 1506 838 vl.
1524 807 1558 837 ln
1572 808 1682 837 eadem
1694 809 1909 848 responsione,
1918 819 1976 848 pro
1989 816 2109 849 quanto
2123 809 2165 840 ibi
2181 809 2466 849 tractaturquando

1403 857 1517 881 votum
1536 858 1582 881 est
1601 851 1719 882 factum
1736 852 1931 892 impossibile
1949 862 1986 883 ex
2002 853 2094 893 culpa
2113 853 2266 889 voventis,
2287 853 2382 883 dubia
2401 853 2466 883 duo

1403 894 1499 925 simul
1523 903 1702 926 occurrunt.
1734 896 1877 926 Primum
1900 904 1966 934 est,
1989 898 2028 926 ad
2052 897 2130 937 quid
2153 903 2277 928 tenetur
2299 897 2355 937 qui
2378 897 2464 929 vovi]

1402 939 1523 979 ingredi
1539 939 1734 979 religionem,
1759 947 1790 970 et
1812 941 2022 979 postmodum
2037 941 2190 971 contraxit
2213 948 2243 971 et
2266 950 2467 971 consumma-

1402 983 1448 1013 vit
1464 982 1715 1013 matrimonium.
1735 983 1918 1014 Secundum
1935 991 1981 1014 est
1992 984 2019 1020 *,
2033 985 2071 1014 ad
2084 985 2160 1025 quid
2173 991 2296 1015 tenetur
2309 984 2365 1024 qui
2379 984 2467 1015 vovit

1402 1036 1599 1066 perseverare
1612 1027 1645 1057 in
1668 1027 1829 1067 religione,
1855 1035 1885 1058 et
1908 1034 1981 1067 post
2004 1029 2157 1059 contraxit
2179 1035 2209 1059 et
2232 1028 2465 1059 consummavit

1403 1070 1652 1102 matrimonium.
1678 1071 1712 1101 In
1732 1078 1869 1112 utroque
1888 1071 2046 1112 siquidem
2061 1082 2133 1102 casu
2153 1072 2273 1103 factum
2289 1080 2334 1103 est
2352 1079 2466 1102 votum

1401 1115 1598 1155 impossibile
1621 1122 1657 1146 ut
1680 1115 1863 1146 observetur
1877 1125 1914 1146 ex
1930 1115 2023 1155 culpa
2038 1116 2190 1152 voventis,
2210 1126 2274 1156 qua
2289 1116 2465 1146 voluntarie

1403 1159 1572 1199 coniugem
1595 1169 1628 1189 se
1652 1159 1824 1191 constituit.

1457 1204 1508 1234 Ad
1536 1203 1677 1243 primum
1699 1204 1817 1234 horum
1847 1203 1960 1234 dicitur
1982 1203 2086 1244 quod,
2112 1213 2186 1234 cum
2213 1210 2325 1233 votum
2355 1203 2393 1233 de
2417 1203 2465 1233 in-

1401 1257 1509 1287 gressu
1532 1247 1691 1287 religionis
1707 1247 1906 1287 ,intelligatur
1929 1247 2105 1279 secundum
2128 1247 2266 1278 formam
2289 1247 2464 1283 Ecclesiae,

1402 1291 1519 1322 scilicet
1541 1299 1576 1322 ut
1598 1291 1790 1331 ingrediatur
1811 1292 1895 1322 bona
1918 1291 1979 1322 fide
2002 1292 2191 1331 probaturus
2215 1298 2245 1321 et
2266 1291 2465 1331 probandus;

1402 1335 1566 1366 manifeste
1585 1342 1671 1375 patet
1689 1336 1777 1376 quod
1795 1335 1829 1366 in
1847 1336 1901 1366 tali
1916 1343 1994 1367 voto
2009 1345 2073 1365 non
2090 1336 2245 1366 clauditur
2260 1341 2373 1365 votum
2389 1345 2463 1365 con-

1402 1380 1551 1410 tinentiae
1581 1380 1640 1410 nisi
1667 1380 1700 1410 in
1729 1380 1887 1420 potentia,
1918 1390 1999 1421 quae
2027 1386 2074 1410 est
2103 1380 2243 1410 conditio
2267 1379 2464 1409 diminuens:

1402 1424 1504 1454 homo
1528 1423 1613 1454 enim
1643 1423 1675 1453 in
1699 1424 1838 1463 potentia
1863 1434 1929 1454 non
1953 1430 1999 1454 est
2021 1423 2131 1455 homo.
2163 1424 2203 1454 Et
2226 1423 2327 1453 simile
2351 1430 2397 1453 est
2425 1423 2464 1453 de

1403 1467 1472 1498 aliis
1486 1468 1644 1508 religionis
1658 1467 1750 1498 votis.
1776 1468 1878 1504 Unde,
1899 1469 2031 1499 durante
2046 1467 2297 1508 impossibilitate
2312 1467 2465 1507 implendi

1402 1519 1516 1542 votum
1539 1512 1578 1542 de
1593 1512 1734 1551 ingressu
1758 1511 1953 1548 huiusmodi,
1970 1513 2009 1542 ad
2026 1513 2128 1544 solam
2143 1511 2371 1552 poenitentiam
2393 1521 2464 1551 pec-

1403 1556 1480 1592 cati,
1507 1556 1582 1596 quia
1612 1555 1684 1586 fecit
1714 1565 1746 1585 se
1775 1555 2004 1595 impotentem,
2028 1564 2059 1588 et
2084 1557 2283 1587 voluntatem
2311 1555 2464 1595 implendi

1403 1600 1533 1640 quando
1557 1599 1681 1639 poterit,
1705 1607 1846 1630 remanet
1869 1599 2035 1639 obligatus.

1459 1644 1528 1675 Vll.
1552 1644 1603 1674 Ad
1622 1643 1798 1674 secundum
1817 1653 1891 1674 vero
1911 1644 2055 1681 dubium,
2072 1644 2147 1685 quia
2162 1643 2292 1683 ponitur
2310 1643 2368 1672 sub
2387 1649 2464 1673 voto

1404 1688 1514 1719 cadere
1543 1687 1806 1727 perseverantiam
1835 1687 1868 1717 in
1896 1688 2061 1727 religione,
2086 1698 2152 1718 non
2181 1687 2271 1718 facile
2299 1686 2399 1726 liquet
2425 1686 2465 1716 ad

1403 1732 1482 1773 quid
1514 1739 1656 1765 remanet
1687 1731 1855 1772 obligatus.
1887 1732 2052 1763 Discordia
2084 1732 2241 1772 siquidem
2273 1737 2401 1770 apparet
2431 1730 2463 1760 in

1403 1776 1581 1816 principiis,
1607 1782 1636 1807 et
1659 1776 1691 1806 in
1715 1776 1926 1816 applicatione
1949 1776 1989 1806 ad
2012 1775 2261 1807 conclusionem.
2293 1775 2328 1804 In
2351 1774 2464 1814 princi-

1404 1820 1464 1861 piis
1487 1820 1627 1861 quidem,
1651 1820 1815 1861 quoniam,
1841 1827 1876 1851 ut
1898 1820 1985 1860 prius
1998 1820 2016 1840 *
2038 1827 2157 1851 tactum
2174 1819 2243 1855 fuit,
2262 1825 2376 1849 votum
2391 1818 2464 1848 sim-

1402 1865 1475 1905 plex
1497 1864 1656 1904 religionis
1679 1864 1815 1895 creditur
1838 1863 1958 1895 differre
1981 1864 2014 1894 in
2038 1864 2167 1895 materia
2190 1873 2208 1893 a
2229 1870 2307 1893 voto
2331 1862 2465 1893 solemni

1402 1908 1625 1949 professionis:
1650 1908 1692 1939 ita
1706 1909 1794 1949 quod
1810 1908 1939 1939 materia
1954 1908 2021 1939 voti
2037 1907 2241 1949 professionis
2257 1913 2304 1937 est
2318 1906 2465 1937 obedien-

1402 1953 1454 1989 tia,
1479 1959 1657 1993 paupertaS,
1683 1953 1816 1988 castitas,
1833 1959 1906 1989 etc.;
1931 1953 2060 1983 materia
2083 1959 2190 1983 autem
2213 1951 2279 1982 voti
2302 1950 2463 1991 simplicis,

1401 2007 1475 2028 cum
1499 1997 1616 2028 scilicet
1645 1997 1716 2037 quis
1739 2003 1834 2027 vovet
1856 1996 2043 2037 religionem
2066 2005 2226 2027 assumere
2256 2002 2286 2026 et
2308 2002 2463 2036 perpetuo

1373 2075 1375 2080 A
1401 2051 1594 2082 permanere,
1614 2047 1660 2071 est
1678 2041 1747 2081 ipsa
1765 2040 1920 2080 professio
1936 2041 1968 2071 in
1984 2041 2126 2077 veritate;
2150 2041 2181 2070 in
2202 2040 2264 2070 hoc
2279 2039 2364 2070 enim
2381 2039 2466 2069 clau-

1401 2085 1486 2116 ditur
1501 2092 1536 2116 ut
1559 2091 1743 2126 perseveret.
1767 2085 1841 2115 Non
1857 2085 1941 2115 enim
1965 2085 2038 2125 plus
2057 2091 2180 2115 tenetur
2203 2084 2242 2114 ad
2265 2093 2465 2124 perseveran-

1401 2130 1480 2160 dum
1502 2129 1534 2159 in
1558 2129 1708 2169 religione
1738 2129 1793 2170 qui
1817 2129 1904 2170 prius
1926 2137 2040 2160 votum
2063 2129 2195 2169 simplex
2222 2127 2332 2158 habuit
2355 2128 2393 2157 de
2416 2137 2463 2157 re-

1399 2174 1518 2214 ligione
1547 2173 1708 2210 absolute,
1733 2173 1821 2214 quod
1849 2173 1983 2204 includit
2010 2173 2288 2214 perseverantiam,
2317 2178 2348 2202 et
2376 2178 2462 2211 post-

1400 2218 1536 2249 modum
1559 2224 1605 2248 est
1628 2217 1798 2258 professus,
1823 2227 1920 2258 quam
1944 2217 1999 2258 qui
2023 2218 2090 2248 sine
2105 2216 2310 2257 praecedente
2329 2215 2464 2255 simplici

1399 2269 1477 2294 voto
1501 2262 1662 2303 professus
1686 2267 1748 2292 est:
1772 2261 1927 2302 quoniam
1950 2271 2015 2292 non
2032 2261 2104 2301 plus
2121 2261 2203 2291 cadit
2222 2260 2281 2290 sub
2296 2266 2372 2290 voto
2389 2259 2462 2289 sim-

1399 2307 1474 2346 plici
1497 2306 1656 2346 religionis
1685 2316 1784 2346 quam
1813 2305 2040 2345 perseverantia
2064 2305 2167 2336 debita
2190 2314 2227 2335 ex
2249 2303 2462 2344 professione,

1400 2357 1436 2381 ut
1458 2358 1552 2391 patet,
1566 2351 1676 2386 Extra,
1701 2350 1740 2380 de
1762 2350 1847 2387 Voto,
1873 2359 1939 2390 cap.
1957 2351 2020 2380 Per
2042 2355 2126 2387 tuas,
2152 2348 2208 2379 ubi
2230 2348 2382 2388 episcopo
2404 2347 2465 2378 Ge-

1399 2395 1551 2425 bennensi
1568 2394 1770 2434 praehabenti
1788 2401 1901 2424 votum
1918 2394 2077 2434 religionis
2093 2393 2207 2424 dicitur
2220 2392 2309 2433 quod
2324 2391 2378 2422 fiat
2396 2391 2465 2421 reli-

1398 2439 1517 2479 giosus,
1535 2445 1565 2469 et
1588 2439 1614 2468 si
1637 2445 1711 2478 post
1733 2438 1826 2468 fuerit
1848 2438 1963 2468 iterum
1986 2438 2024 2468 ab
2047 2437 2177 2468 ecclesia
2199 2435 2398 2467 Gebennensi
2422 2435 2465 2465 fa-

1399 2490 1468 2514 ctus
1491 2483 1670 2523 episcopus.
1695 2482 1810 2522 poterit
1834 2492 1900 2512 esse
1924 2482 2102 2523 episcopus.
2129 2482 2216 2511 Idem
2240 2487 2286 2510 est
2309 2490 2382 2519 ergo
2406 2489 2464 2509 vo-

1398 2537 1471 2557 vere
1494 2537 1527 2557 se
1551 2527 1696 2557 futurum
1710 2526 1903 2566 religiosum,
1928 2533 1959 2557 et
1981 2536 2013 2556 se
2029 2526 2245 2566 ingressurum
2269 2531 2298 2554 et
2321 2533 2462 2564 perseve-

1399 2578 1542 2602 raturum
1565 2571 1598 2601 in
1621 2570 1783 2610 religione,
1808 2577 1839 2601 et
1861 2581 1894 2601 se
1917 2570 2136 2610 professurum
2157 2568 2353 2609 religionem.
2378 2567 2465 2598 Con-

1399 2622 1460 2646 stat
1483 2622 1590 2646 autem
1613 2615 1703 2655 quod
1726 2615 1751 2644 si
1771 2614 1843 2655 quis
1858 2621 1953 2645 vovet
1975 2624 2008 2645 se
2032 2614 2251 2654 professurum
2267 2612 2463 2652 religionem,

1400 2659 1530 2690 materia
1553 2659 1622 2689 talis
1637 2659 1703 2689 voti
1719 2665 1766 2689 est
1783 2658 1851 2698 ipsa
1871 2658 2039 2698 professio:
2064 2658 2153 2688 cuius
2177 2656 2381 2698 professionis
2397 2666 2464 2685 ma-

1399 2704 1475 2734 teria
1498 2710 1572 2733 sunt
1595 2702 1788 2738 obedientia,
1813 2709 1982 2743 paupertas
2006 2708 2036 2732 et
2059 2702 2191 2732 castitas.
2222 2701 2296 2730 Non
2318 2706 2367 2730 est
2389 2709 2463 2739 ergo

1400 2748 1512 2778 eadem
1534 2747 1663 2777 materia
1693 2746 1858 2787 utriusque
1881 2746 1947 2776 voti
1970 2745 2145 2786 religionis,
2170 2744 2321 2784 simplicis
2349 2743 2464 2774 scilicet

1402 2799 1432 2822 et
1456 2791 1618 2821 solemnis.

1456 2834 1535 2865 Aliis
1565 2841 1672 2865 autem
1700 2834 1824 2864 videtur
1855 2833 1944 2874 quod
1974 2833 2104 2864 materia
2134 2832 2298 2872 utriusque
2320 2830 2386 2861 voti
2417 2837 2464 2861 est

1401 2879 1528 2914 eadem,
1553 2878 1597 2909 sic
1627 2878 1715 2918 quod
1742 2884 1808 2908 tota
1835 2877 1964 2908 materia
1986 2877 2053 2908 voti
2081 2876 2231 2907 solemnis
2259 2882 2306 2906 est
2335 2875 2464 2905 materia

1400 2922 1467 2953 voti
1491 2921 1658 2962 simplicis:
1683 2921 1828 2962 quamvis
1851 2931 1917 2951 non
1941 2931 1958 2951 e
1982 2927 2106 2957 contra,
2137 2920 2212 2961 quia
2235 2919 2331 2950 etiam
2357 2919 2463 2959 ipsum

1400 2973 1514 2997 votum
1533 2966 1675 2996 solemne
1699 2971 1745 2996 est
1768 2965 1897 2996 materia
1911 2965 1978 2996 voti
1994 2964 2155 3005 simplicis.
2180 2965 2220 2994 Et
2242 2963 2322 2994 ratio
2346 2963 2463 2993 horum

1401 3017 1448 3041 est
1463 3010 1538 3051 quia
1553 3009 1722 3050 promissio
1738 3015 1784 3040 est
1799 3015 1928 3050 propter
1943 3009 2148 3049 promissum,
2165 3018 2200 3039 ac
2215 3017 2270 3048 per
2286 3007 2348 3037 hoc
2364 3007 2463 3046 magis

1401 3054 1540 3085 tenditur
1562 3063 1619 3094 per
1636 3059 1750 3084 votum
1772 3054 1812 3083 ad
1835 3053 2031 3093 promissum
2053 3063 2152 3093 quam
2174 3052 2214 3082 ad
2238 3051 2464 3091 obligationem

1403 3098 1561 3139 promissi,
1581 3097 1856 3139 quemadmodum
1868 3097 1968 3137 magis
1979 3097 2118 3128 tenditur
2128 3097 2168 3127 ad
2183 3095 2354 3127 terminum
2367 3104 2464 3135 quam

1402 3143 1442 3173 ad
1455 3142 1554 3173 viam:
1578 3141 1749 3182 promissio
1765 3141 1851 3172 enim
1874 3147 1905 3172 et
1928 3141 2078 3181 obligatio
2101 3147 2230 3181 propter
2245 3149 2312 3170 rem
2330 3139 2464 3179 promis-

1402 3196 1470 3217 sam
1484 3185 1529 3222 fit,
1547 3192 1578 3216 et
1595 3185 1758 3216 ordinatur
1773 3186 1812 3216 ad
1828 3185 1916 3216 illam
1934 3185 2015 3216 sicut
2032 3185 2083 3215 via
2101 3185 2141 3215 ad
2164 3184 2346 3215 terminum.
2370 3182 2462 3213 Unde

1402 3231 1457 3272 qui
1480 3236 1575 3261 vovet
1597 3229 1752 3270 profiteri,
1778 3239 1851 3260 cum
1879 3228 2018 3270 profiteri
2047 3229 2197 3269 importet
2219 3225 2464 3268 promissionem

1402 3281 1434 3306 et
1456 3274 1684 3314 obligationem
1703 3274 1742 3304 ad
1766 3273 1939 3304 castitatem
1954 3280 2022 3310 etc„
2047 3282 2112 3303 non
2127 3278 2222 3302 vovet
2245 3270 2384 3311 profiteri
2403 3270 2463 3300 nisi

1404 3325 1534 3359 propter
1556 3328 1623 3349 esse
1650 3318 1852 3358 religiosum,
1877 3317 2094 3355 obedientem,
2118 3325 2306 3356 pauperem,
2331 3320 2463 3345 castum.

1405 3362 1498 3394 Cadit
1512 3372 1587 3402 ergo
1606 3363 1665 3392 sub
1679 3369 1757 3392 voto
1773 3371 1832 3392 suo
1849 3367 1916 3392 tota
1931 3361 2060 3391 materia
2078 3358 2294 3400 professionis,
2310 3359 2350 3388 ad
2365 3367 2464 3399 quam

1406 3407 1520 3437 directe
1546 3406 1647 3437 tendit
1669 3405 1773 3436 media
1800 3404 2005 3445 professione.
2028 3422 2049 3428 —
2072 3404 2114 3434 Et
2136 3402 2350 3434 confirmatur.
2380 3401 2465 3439 Quia

1405 3451 1581 3481 secundum
1598 3450 1787 3480 Anselrnum
1798 3449 1824 3485 *,
1841 3455 1953 3479 votum
1969 3458 2002 3478 se
2016 3448 2110 3479 habet
2128 3448 2167 3478 ad
2182 3456 2278 3487 opera
2293 3456 2375 3487 quae
2391 3452 2465 3476 sunt

1405 3494 1489 3525 illius
1512 3494 1642 3525 materia
1663 3494 1744 3524 sicut
1767 3493 1859 3523 arbor
1881 3492 1920 3522 ad
1943 3491 2079 3523 fructus:
2109 3491 2153 3522 ita
2179 3491 2268 3532 quod
2294 3490 2350 3531 qui
2372 3496 2466 3520 vovet

1407 3539 1460 3569 dat
1487 3539 1633 3568 arborem
1660 3544 1691 3568 et
1713 3537 1847 3573 fructus,
1872 3542 1903 3567 et
1931 3545 1996 3566 non
2025 3536 2078 3567 dat
2104 3536 2248 3566 arborem
2277 3534 2465 3565 reservando

1407 3582 1465 3613 sibi
1485 3582 1604 3613 fructus
1620 3580 1786 3622 (quoniam
1803 3579 1882 3611 nihil
1896 3578 2047 3622 voveret),
2064 3589 2122 3611 nec
2137 3579 2257 3611 fructus
2272 3579 2368 3614 solos,
2386 3578 2467 3608 sicut

2495 421 2505 431 ⁴
2521 421 2558 443 Ps.
2576 427 2630 447 xvn.
2646 428 2704 444 vers.

2496 453 2531 474 27.

2492 994 2503 1004 ⁸
2517 993 2554 1015 Cf.
2569 999 2631 1015 unm.
2647 1000 2686 1016 vu.

2492 1827 2502 1836 ⁸
2516 1825 2587 1847 Num.
2603 1832 2636 1847 ut.

2493 3451 2501 3459 ·
2523 3449 2643 3476 Eadmer.,
2668 3449 2703 3470 De

2492 3475 2630 3502 Sinnium„
2651 3481 2701 3503 cap.

2492 3508 2586 3524 uxxrv.
2605 3512 2616 3517 -
2643 3502 2702 3523 lnter

2493 3528 2556 3556 Opp.
2570 3529 2676 3550 Anselm.
