2860 4238
949 209 1214 256 QUAESTIO
1245 212 1418 261 CXVIII,
1447 214 1742 252 ARTICULUS
1771 216 1822 252 VI

287 286 403 322 habet
434 285 750 323 insanabilitatem
780 299 824 323 ex
850 294 958 335 parte
987 287 1154 324 defectus
1177 290 1346 337 humani,
1372 291 1375 343 Ι
1400 291 1514 328 habet
1533 292 1582 329 ad
1600 292 1744 341 ipsam:
1774 294 1863 341 quia
1887 294 1982 331 sicut
2000 294 2197 331 idololatra
2216 292 2229 315 λ
2250 294 2398 330 subiicit
2416 306 2458 330 se

151 348 166 365 κ
287 338 326 375 in
354 350 470 387 quem
490 344 506 360 ἰ
534 339 673 376 scilicet
700 351 852 388 semper
878 339 1050 388 procedit
1082 341 1250 378 humana
1282 355 1347 379 na·
1371 344 1375 416 Ι
1402 351 1592 381 creaturae
1621 346 1805 393 exteriori,
1834 346 1883 383 ita
1912 347 2024 384 etiam
2053 354 2090 384 et
2108 359 2256 384 avarus·
2286 347 2377 383 Non
2405 354 2457 383 ta-

288 399 391 428 tura:
430 391 517 439 quia
551 404 629 440 quo
667 392 802 440 aliquis
836 399 890 429 est
922 393 1043 440 magis
1077 393 1269 441 deficiens,
1300 408 1346 432 eo
1401 408 1491 433 men
1511 398 1648 434 eodem
1668 399 1803 436 modo:
1834 400 1900 436 sed
1926 400 2122 437 idololatra
2140 405 2158 428 μ
2185 399 2339 447 quidem
2369 400 2457 436 sub-

288 444 408 492 magis
436 443 576 492 indiget
604 445 833 482 adminiculo
873 445 1099 482 exteriorum
1135 459 1281 495 rerum,
1312 456 1348 484 et
1399 449 1476 486 iicit
1502 462 1542 486 se
1572 458 1763 501 creaturae
1793 452 1964 489 exteriori
1992 461 2033 489 ut
2060 452 2234 489 exhibeat
2262 452 2295 489 ei
2314 453 2455 488 cultum

287 497 374 534 ideo
404 497 524 544 magis
544 497 582 534 in
603 498 798 535 avaritiam
826 498 972 534 labitur.
1002 498 1112 535 Unde
1140 512 1209 548 per
1232 502 1345 538 talem
1401 502 1591 548 divinum3
1621 515 1759 540 avarus
1787 513 1914 541 autem
1943 505 2090 542 subiicit
2113 518 2153 542 se
2173 513 2366 542 creaturae
2395 518 2456 542 ex-

286 550 602 588 insanabilitatem
622 563 700 588 non
719 551 930 588 ostenditur
943 559 1143 599 peccatum
1164 564 1246 589 esse
1266 565 1347 600 gra·
1399 554 1524 591 teriori
1540 555 1787 594 immoderate
1806 558 1928 606 ipsam
1945 558 2250 607 concupiscendo
2266 559 2315 596 ad
2329 570 2455 605 usum,

285 603 390 640 vius:
421 603 489 640 sed
517 604 807 653 quodammodo
826 615 895 651 per
913 604 989 640 hoc
1009 612 1063 640 est
1085 605 1345 652 periculosius.
1399 619 1477 643 non
1496 613 1509 628 v
1536 608 1584 644 ad
1604 610 1759 646 cultum.
1788 611 1836 647 Et
1855 611 1941 647 ideo
1970 624 2048 648 non
2068 619 2216 660 oportet
2235 612 2339 660 quod
2366 623 2455 648 ava—

339 659 398 694 An
423 667 595 699 QUARTUM
618 668 802 693 mmmmm
833 657 938 705 quod
965 657 1122 694 avaritia
1150 670 1346 707 compara·
1371 642 1373 685 l
1399 659 1479 696 titia
1514 660 1652 698 habeat
1688 670 1830 700 tantam
1867 664 2089 711 gravitatem
2126 672 2308 714 quantam
2341 665 2456 702 habet

286 716 345 746 tur
372 709 605 747 idololatriae
624 722 694 758 per
713 711 904 758 quandam
923 710 1204 748 similitudinem
1229 724 1344 759 quam
1371 688 1373 761 l
1398 712 1622 750 idololatria.

2378 217 2452 263 461

107 1580 170 1593 ,ιυρι-

35 2330 131 2354 *Ὓαι
142 2331 176 2355 ιβ.

39 2443 249 2471 ‘BomianHL

4 4022 27 4223 stvm
0 3966 27 4013 ἐς*
4 3704 25 3952 mens-:mian
5 3679 12 3682 2
18 3635 21 3637 ,

267 1314 362 1326 „y”

339 823 364 854 x)
385 821 411 846 in
430 829 516 854 quem.
534 835 552 840 —
572 822 728 854 inquantum
747 823 860 848 BFILsC
879 828 904 848 et
922 831 939 848 a
945 831 954 853 ;
972 824 1064 849 abrasa
1081 824 1130 857 pC.

337 855 365 889 λ)
386 856 539 882 idololatra.
557 870 576 877 -
594 857 749 883 idololatria
767 858 1016 891 ABCDEFHILpK;
1036 867 1083 892 pro
1102 862 1128 884 et
1148 866 1257 888 avarus,
1282 867 1346 884 ava-

285 892 351 917 ritia
369 892 398 923 C,
417 899 518 918 avarus
536 893 621 923 PGH;
640 892 720 918 etiam
740 896 767 918 et
783 901 838 919 om.
855 901 881 918 a.

1453 825 1482 858 μ.)
1502 825 1655 851 idololatra.
1670 840 1689 845 -
1707 827 1861 852 idololatria
1879 829 1991 854 DFHIL.

1453 860 1476 892 ν)
1496 867 1557 885 non.
1575 874 1594 879 -·
1611 864 1699 886 tamen
1718 862 1815 886 addunt
1833 863 1879 887 Pa.

962 971 1295 1004 Commorat-,aria
1317 971 1569 1004 Cardinalis
1590 973 1790 1006 Caietani

316 1061 336 1081 N
360 1050 493 1081 articulo
517 1050 641 1090 quinto,
660 1059 733 1080 cave
749 1059 789 1080 ne
807 1049 839 1079 in
856 1049 958 1079 verbis
971 1049 1092 1079 litterae
1108 1058 1189 1079 erres
1209 1056 1264 1080 aut
1286 1049 1345 1080 flu·

289 1062 415 1132 Ictues,
441 1095 548 1134 legens
571 1094 660 1134 quod
677 1094 820 1133 privatio
843 1094 917 1124 boni
928 1092 1124 1133 formaliter
1140 1103 1176 1124 se
1197 1094 1290 1124 habet
1312 1095 1344 1124 in

278 1144 427 1180 peccato,
452 1139 617 1170 conversio
644 1143 750 1168 autem
781 1137 825 1168 ad
850 1138 966 1168 bonum
994 1138 1217 1168 commutabile
1246 1143 1345 1169 mate-

284 1184 421 1214 rialiter.
453 1183 615 1213 Memento
639 1182 728 1222 quod
757 1181 795 1211 de
818 1189 948 1221 peccato
971 1181 1003 1211 in
1031 1192 1143 1222 genere
1171 1181 1247 1212 mali
1271 1182 1345 1212 sirn-

1397 1050 1518 1090 pliciter
1541 1061 1645 1081 sermo
1670 1059 1726 1088 est,
1743 1062 1818 1083 cum
1841 1061 2065 1093 comparantur
2087 1055 2168 1086 inter
2183 1065 2215 1086 se
2231 1057 2319 1096 quod
2342 1066 2454 1087 eorum

1398 1094 1438 1125 sit
1461 1095 1561 1134 peius,
1586 1102 1622 1126 ut
1645 1095 1694 1126 hic
1710 1095 1753 1126 fit.
1779 1096 1913 1128 Constat
1935 1105 2041 1129 autern
2064 1098 2196 1129 formale
2219 1100 2337 1139 peccati
2355 1100 2388 1130 in
2402 1110 2453 1140 ge-

1399 1148 1472 1169 nere
1495 1139 1571 1169 mali
1595 1139 1777 1179 simpliciter
1799 1141 1967 1172 consistere
1990 1142 2023 1172 in
2042 1143 2233 1183 privatione:
2258 1151 2294 1175 ut
2311 1145 2455 1184 superius

1400 1182 1517 1222 pluries
1533 1183 1550 1202 *
1573 1183 1694 1214 dictum
1717 1191 1773 1215 est.

1093 1334 1410 1376 ARTICULUS
1440 1335 1647 1378 SEXTUS

863 1427 1019 1457 UTRUM
1043 1426 1250 1457 AVARITIA
1274 1426 1340 1457 SIT
1363 1427 1602 1459 PECCATUM
1625 1429 1876 1460 SPIRITUALE

389 1506 412 1531 1·
432 1506 487 1536 11⁸⁶.
507 1513 552 1538 qu.
571 1512 646 1535 Lxxn,
666 1509 711 1529 art.
733 1511 756 1534 2,
776 1505 807 1528 ad
825 1511 856 1536 4;
876 1504 909 1528 IV
928 1503 1014 1533 Sent.,
1035 1504 1094 1528 dist.
1112 1511 1151 1533 ιν,
1171 1511 1215 1536 qu.
1238 1511 1259 1533 1,
1278 1508 1324 1528 art.
1342 1511 1367 1535 4,
1387 1504 1436 1536 qu*
1457 1504 1480 1535 3,
1499 1505 1531 1529 ad
1551 1512 1580 1536 2;
1600 1505 1630 1529 In
1649 1505 1759 1535 Matth„
1780 1514 1834 1538 cap.
1852 1513 1925 1537 xxxu;
1944 1507 1988 1531 Ad
2007 1506 2110 1539 Ephes„
2130 1515 2184 1540 cap.
2203 1515 2227 1537 v.
2246 1508 2303 1532 lect.
2322 1516 2348 1532 n.

323 1606 375 1629 ’ψ
402 1610 468 1644 A«
494 1596 516 1621 D
541 1594 683 1621 sEx‘ruM
705 1595 758 1620 S1c
785 1594 1026 1619 PRocemrun.
1053 1581 1212 1618 Videtur
1239 1582 1344 1630 quod

340 1638 356 1645 '¹
412 1630 468 1686 {¹4
494 1636 651 1674 avaritia
672 1648 750 1672 non
771 1636 817 1672 sit
834 1643 1035 1684 peccatum
1058 1635 1260 1684 spirituale.
1281 1635 1344 1671 Vi-

430 1677 461 1737 ’ἧ
476 1690 481 1694 “
494 1690 544 1727 tia
564 1695 582 1712 ²
602 1689 702 1726 enim
723 1689 927 1738 spiritualia
945 1689 1124 1726 videntur
1143 1701 1225 1725 esse
1247 1688 1344 1725 circa

301 1720 321 1735 l,

291 1737 308 1764 ‚'
340 1738 425 1778 ς”ἿἺ
450 1736 702 1792 spiritualia
729 1743 843 1780 bona.
874 1742 951 1780 Sed
980 1742 1137 1779 materia
1165 1742 1343 1779 avaritiae

282 1803 370 1834 sunt
395 1796 500 1833 bona
528 1796 751 1846 corporalia,
781 1797 920 1834 scilicet
948 1795 1151 1832 exteriores
1180 1795 1343 1833 divitiae.

282 1850 384 1898 Ergo
411 1849 568 1900 avaritia
596 1862 674 1886 non
704 1857 760 1886 est
786 1857 985 1899 peccatum
1017 1849 1218 1897 spirituale.

337 1914 372 1940 2.
393 1903 630 1950 PRAETEREA,
659 1911 859 1951 peccatum
889 1901 1078 1952 spirituale
1107 1909 1237 1939 contra
1266 1913 1345 1937 car·
1369 1942 1370 1952 γ

281 1957 368 1993 nale
396 1955 586 1993 dividitur.
625 1956 702 1993 Sed
730 1956 888 1994 avaritia
915 1956 1066 1993 videtur
1100 1967 1182 1992 esse
1210 1966 1344 2004 pecca·
1369 1954 1371 1991 Ξ

281 2016 362 2046 tum
383 2010 552 2046 carnale:
581 2009 750 2058 sequitur
778 2010 881 2047 enim
902 2009 1182 2057 corruptionem
1204 2008 1342 2053 carnis3
1369 2025 1370 2042 2

279 2069 322 2099 ut
348 2070 452 2111 patet
478 2063 516 2099 in
545 2062 710 2108 senibus,
732 2063 796 2110 qui
815 2070 971 2112 propter
998 2069 1154 2099 naturae
1184 2061 1343 2098 carnalis
1368 2061 1370 2098 l

281 2116 471 2154 defectum
491 2116 530 2152 in
550 2115 747 2153 avaritiam
767 2116 947 2154 incidunt.
968 2117 1070 2164 Ergo
1090 2115 1245 2153 avaritia
1265 2127 1342 2152 non
1368 2120 1369 2144 ἐ

245 2168 247 2174 ’
280 2176 338 2206 est
363 2176 566 2219 peccatum
595 2169 796 2218 spirituale.

336 2223 370 2260 3.
391 2224 625 2270 PRAETEREA,
655 2229 854 2271 peccatum
885 2222 1033 2259 carnale
1063 2229 1119 2258 est
1141 2233 1210 2270 per
1238 2221 1340 2270 quod
1367 2242 1368 2247 =

280 2275 393 2313 etiam
423 2288 561 2325 corpus
581 2276 747 2313 hominis
767 2275 1028 2312 deordinatur:
1058 2274 1271 2311 secundum
1299 2274 1340 2310 il-

277 2329 343 2366 lud
371 2330 557 2378 Apostoli,
588 2331 601 2365 1
630 2330 682 2366 ad
712 2331 798 2366 Cor.
827 2328 921 2365 V1*:
957 2329 1031 2370 Qui
1047 2328 1266 2375 fornicatur
1301 2328 1338 2363 in
1366 2342 1367 2351 ¹

277 2393 413 2430 corpus
439 2395 549 2420 suum
563 2388 706 2430 peccat.
739 2384 813 2420 Sed
835 2381 991 2418 avaritia
1010 2381 1123 2418 etiam
1141 2380 1337 2417 hominem

277 2435 522 2484 corporaliter
535 2443 664 2472 vexat:
686 2436 787 2473 unde
808 2443 844 2471 et
858 2435 1155 2482 Chrysostomus
1171 2433 1201 2478 ³¹⁵,
1219 2434 1337 2470 Mare.
1364 2446 1366 2480 ᾗ

329 3293 356 3322 α)
381 3290 460 3315 Vitia.
479 3303 498 3309 -
516 3289 627 3314 Peccata
644 3289 690 3314 Pa.

329 3324 354 3358 β)
373 3328 519 3357 computat.
537 3339 555 3344 —
572 3328 748 3350 connumerat
766 3324 803 3354 L;
829 3331 876 3356 pro
901 3323 986 3353 vitiis,
1006 3330 1065 3348 cum
1084 3322 1156 3347 vitiis
1175 3322 1231 3353 ΡΒ,
1247 3322 1273 3347 in
1297 3322 1334 3346 νί-

276 3361 320 3386 tiis
338 3361 375 3391 D;
395 3365 576 3393 argumentum
594 3367 648 3385 om.
665 3360 699 3384 Η.

1397 1584 1635 1631 complentur
1670 1584 1709 1620 in
1737 1585 1818 1620 sola
1850 1585 2000 1622 animae
2035 1586 2350 1634 apprehensione.
2390 1588 2455 1624 Illa

1397 1647 1486 1683 ergo
1515 1643 1671 1684 peccata
1700 1637 1874 1674 dicuntur
1902 1638 2063 1675 carnalia
2092 1651 2189 1687 quae
2209 1639 2456 1687 perficiuntur

1395 1688 1432 1725 in
1461 1690 1674 1726 carnalibus
1703 1690 2032 1728 delectationibus:
2070 1691 2130 1728 illa
2156 1704 2250 1729 vero
2284 1693 2456 1730 dicuntur

1396 1742 1602 1790 spiritualia
1638 1738 1739 1791 quae*
1762 1743 2009 1791 perficiuntur
2035 1743 2072 1780 in
2106 1745 2356 1793 spiritualibus
2393 1747 2457 1783 de-

1396 1795 1670 1844 lectationibus,
1695 1796 1839 1844 absque
1864 1797 2005 1834 carnali
2034 1797 2291 1835 delectatione.
2321 1800 2370 1835 Et
2387 1801 2457 1836 hu-

1395 1848 1561 1885 iusmodi
1589 1856 1646 1886 est
1673 1849 1849 1886 avaritia:
1887 1851 2093 1887 delectatur
2121 1851 2221 1888 enim
2258 1863 2394 1889 avarus
2418 1853 2456 1890 in

1397 1902 1471 1938 hoc
1500 1902 1605 1950 quod
1633 1902 1847 1939 considerat
1873 1915 1913 1939 se
1940 1916 2203 1952 possessorem
2228 1904 2454 1943 divitiarum.

1397 1956 1446 1992 Et
1472 1955 1558 1991 ideo
1589 1955 1745 1992 avaritia
1764 1963 1819 1992 est
1836 1964 2038 2004 peccatum
2068 1957 2271 2006 spirituale.

1449 2009 1508 2044 AD
1536 2020 1673 2046 ramum
1701 2020 1799 2045 ERGO
1831 2021 2015 2047 mei-:Nouia
2043 2012 2147 2058 quod
2175 2011 2329 2047 avaritia
2358 2011 2456 2049 circa

1397 2063 1594 2110 corporale
1636 2061 1829 2098 obiectum
1866 2075 1944 2100 non
1980 2064 2125 2112 quaerit
2167 2065 2455 2102 delectationem

1396 2115 1646 2163 corporalem,
1676 2115 1744 2151 sed
1772 2115 1896 2151 solum
1925 2116 2145 2153 animalem:
2174 2126 2288 2165 prout
2316 2118 2455 2155 scilicet

1395 2168 1515 2204 homo
1545 2167 1751 2204 delectatur
1769 2168 1807 2205 in
1835 2169 1910 2205 hoc
1938 2171 2040 2218 quod
2072 2170 2220 2207 divitias
2247 2172 2453 2219 possideat.

1395 2221 1444 2257 Et
1477 2221 1564 2258 ideo
1598 2233 1677 2257 non
1711 2228 1766 2257 est
1801 2230 2003 2270 peccatum
2037 2224 2198 2260 carnale.
2229 2244 2252 2252 -
2289 2225 2453 2263 Ratione

1394 2281 1523 2310 tamen
1558 2273 1715 2320 obiecti,
1746 2274 1916 2311 medium
1953 2283 2007 2312 est
2043 2276 2139 2313 inter
2171 2285 2327 2325 peccata
2359 2291 2454 2326 pure

1394 2327 1609 2375 spiritualia,
1631 2338 1729 2373 quae
1753 2336 1940 2375 quaerunt
1965 2330 2255 2366 delectationem
2284 2331 2453 2379 spiritua-

1365 2397 1366 2428 }
1392 2381 1465 2417 lem
1498 2380 1594 2416 circa
1627 2379 1774 2416 obiecta
1809 2381 2034 2429 spiritualia,
2065 2383 2159 2419 sicut
2186 2384 2362 2431 superbia
2399 2394 2454 2423 est

1394 2433 1491 2469 circa
1521 2433 1801 2477 excellentiam3
1832 2442 1868 2470 et
1894 2435 1985 2471 vitia
2012 2448 2107 2483 pure
2143 2436 2323 2484 carnalia,
2354 2449 2451 2485 quae

1441 3287 1468 3320 γ)
1488 3287 1590 3319 recipit.
1608 3299 1628 3306 -
1646 3286 1753 3318 respicit
1770 3286 1942 3319 ADFIKLpC.

2481 1087 2491 1097 ⁶
2504 1086 2554 1113 Qu.
2572 1093 2595 1113 x,
2614 1091 2656 1113 art,
2670 1093 2690 1114 5,

2481 1112 2612 1140 Commeat,
2631 1119 2655 1134 n.
2670 1119 2690 1139 ις

2480 1139 2503 1160 1⁸
2513 1138 2568 1164 11²³,
2578 1145 2616 1166 qu.
2627 1146 2689 1166 uxr,

2480 1165 2550 1191 amfi,
2559 1165 2692 1187 Comment-

2481 1197 2503 1212 n.
2513 1197 2545 1213 vt.

51 2470 197 2520 ‘haiim'
224 2471 249 2492 ἡ
275 2502 312 2536 v,
343 2497 540 2537 comparat
568 2501 727 2526 avarum
749 2488 1013 2534 daemoniacQ
1035 2487 1099 2536 qui
1118 2487 1155 2523 in
1177 2499 1337 2534 corpore
1393 2493 1580 2533 quaerunt
1619 2486 1907 2523 delectationem
1944 2500 2038 2536 pure
2078 2490 2315 2537 corporalem
2353 2491 2451 2529 circa

25 2538 27 2540 ’
275 2550 445 2580 vexatur.
483 2543 585 2590 Ergo
615 2541 770 2579 avaritia
807 2554 885 2578 non
912 2541 1064 2578 videtur
1093 2551 1173 2577 esse
1206 2552 1339 2588 pecca·
1393 2539 1585 2576 obiectum
1615 2539 1823 2586 corporale.

276 2604 359 2633 tum
389 2595 591 2643 spirituale,
1363 2600 1365 2644 ᾗ
1444 2594 1502 2628 AD
1536 2603 1726 2628 SECUNDUM
1758 2604 1942 2628 DICENDUM
1974 2594 2077 2640 quod
2116 2602 2241 2631 motus
2276 2595 2406 2644 recipit
2434 2602 2450 2625 Υ
2570 2609 2586 2635 γ

331 2649 404 2685 SED
434 2660 580 2685 CONTRA
605 2659 671 2683 EST
699 2647 803 2694 quod
833 2646 1056 2693 Gregorius,
1086 2645 1211 2681 XXXI
1249 2646 1338 2681 Mo-
1363 2645 1365 2694 j
1392 2646 1558 2694 speciem
1586 2645 1796 2681 seeundum
1817 2645 2018 2682 terminum
2049 2647 2096 2683 ad
2126 2659 2255 2694 quem,
2277 2660 2356 2685 non
2384 2662 2448 2686 au-

35 2703 49 2721 ·’
68 2708 126 2740 0¹⁵²·
146 2714 198 2735 m,
220 2707 249 2729 ⁸¹·
277 2701 346 2739 ral.
367 2700 398 2746 ²⁸,
428 2707 624 2749 computat
643 2698 657 2728 β
685 2699 879 2736 avaritiam
899 2699 998 2734 vitiis
1018 2698 1282 2746 spiritualibus.
1363 2740 1364 2751 ἵ
1390 2706 1468 2735 tem
1498 2698 1711 2734 secundum
1739 2698 1943 2734 terminum
1963 2710 1985 2734 a
2013 2711 2102 2747 quo.
2133 2701 2182 2736 Et
2207 2700 2294 2737 ideo
2313 2701 2448 2738 vitium

24 2738 247 2796 ,xvnflnbeuxxn
330 2755 555 2791 Responmzo
587 2764 771 2789 DICENDUM
804 2751 910 2799 quod
938 2758 1094 2800 peccata
1131 2750 1336 2798 praecipue
1363 2753 1364 2767 ¹
1392 2751 1527 2788 dicitur
1555 2751 1702 2787 carnale
1732 2762 1775 2786 ex
1804 2751 1879 2787 hoc
1906 2751 2011 2799 quod
2039 2752 2157 2789 tendit
2174 2752 2212 2789 in
2233 2753 2447 2791 delectatio-

277 2807 315 2844 in
343 2806 482 2844 affectu
511 2805 730 2844 consistunt.
771 2806 918 2842 Omnes
951 2811 1078 2840 autem
1117 2803 1336 2840 affectiones
1391 2816 1481 2841 nem
1511 2804 1715 2848 carnalem,
1745 2815 1822 2839 non
1851 2810 1978 2840 autem
2008 2816 2053 2840 ex
2078 2817 2123 2841 eo
2149 2806 2252 2853 quod
2276 2808 2448 2855 procedit

277 2860 438 2907 animae,
469 2860 549 2897 sive
577 2859 794 2907 passiones,
823 2857 1072 2894 terminantur
1100 2856 1149 2893 ad
1177 2856 1337 2893 delecta·
1392 2869 1437 2894 ex
1466 2856 1591 2904 aliquo
1621 2856 1770 2892 defectu
1799 2856 1930 2892 carnis.

276 2913 398 2950 tiones
419 2922 455 2950 et
472 2912 654 2949 tristitias:
674 2919 716 2948 ut
734 2918 837 2959 patet
854 2922 923 2959 per
942 2909 1231 2957 Philosophum,
1249 2909 1287 2945 in
1303 2910 1334 2945 II
1443 2912 1502 2946 AD
1521 2921 1680 2945 TERTtUM
1699 2920 1882 2946 DICENDUM
1903 2909 2007 2958 quod
2026 2909 2323 2958 Chrysostomus
2342 2925 2446 2949 com-

37 2976 119 3025 ‘031³-
131 2982 166 3004 m,
176 2981 250 3004 n·³··
275 2967 394 3003 Ethic.
415 2967 435 2989 ’Β
462 2965 767 3004 Delectationum
783 2970 911 3000 autem
930 2963 1122 3011 quaedam
1143 2969 1229 2998 sunt
1257 2974 1337 2998 car·
1362 2964 1364 2979 '
1389 2969 1497 3010 parat
1523 2974 1682 2998 avarum
1712 2961 1975 3009 daemoniaco,
2005 2974 2083 2999 non
2111 2963 2199 3011 quia
2226 2972 2386 3002 vexetur
2407 2966 2445 3003 in

39 3002 64 3026 ε’
101 3004 123 3024 “’
141 3003 194 3025 Μ’
213 3007 248 3023 ω’
276 3021 397 3064 nates,
427 3027 464 3056 et
491 3018 679 3067 quaedam
708 3017 930 3066 spirituales.
970 3015 1151 3052 Carnales
1179 3014 1335 3063 quidem
1390 3027 1502 3051 carne
1522 3014 1618 3051 sicut
1632 3014 1915 3060 daemoniacus,
1932 3014 1999 3052 sed
2012 3027 2082 3063 per
2101 3017 2336 3064 oppositum:
2357 3018 2445 3066 quia

277 3073 546 3110 delectationes
574 3071 750 3109 dicuntur
768 3082 866 3118 quae
885 3069 922 3106 in
943 3081 1056 3105 sensu
1082 3067 1203 3104 carnis
1232 3079 1336 3104 com·
1390 3067 1486 3104 sicut
1517 3067 1787 3104 daemoniacus
1819 3067 1878 3104 ille
1913 3068 1959 3104 de
1990 3080 2067 3115 quo
2095 3069 2227 3116 legitur
2254 3071 2372 3108 Marc.
2402 3084 2444 3118 v,

275 3127 436 3174 plentur,
466 3125 560 3162 sicut
589 3123 856 3161 delectationes
885 3122 1059 3159 ciborum
1089 3127 1126 3157 et
1151 3123 1336 3157 venereo·
1362 3122 1363 3138 ¹
1390 3133 1429 3157 se
1458 3120 1678 3157 denudabat
1699 3119 1736 3167 *,
1766 3120 1816 3156 ita
1844 3132 1982 3157 avarus
2011 3133 2051 3157 se
2080 3122 2280 3170 superfluis
2309 3123 2446 3161 divitiis
2471 3130 2680 3183 ‘Lucemgapvnfif-

276 3191 381 3215 rum:
412 3177 680 3215 delectationes
697 3189 793 3215 vero
813 3175 1024 3225 spirituales
1045 3173 1218 3211 dicuntur
1236 3186 1335 3221 quae
1362 3189 1363 3192 ¹
1390 3181 1533 3210 onerat.
2471 3172 2599 3210 ven227.'
2674 3172 2680 3182 '
