2860 4244
232 440 240 448 ·
256 438 313 465 Cap.
332 438 367 459 Aa
384 438 440 459 abo-

230 464 307 490 tend,
329 464 358 485 de
375 464 439 485 Hae-

231 492 289 515 ret.,·
302 490 336 512 tit.
348 490 441 512 del-tae-

231 519 283 543 ret„
297 517 319 538 in
334 517 412 538 Sexto.

220 1444 310 1465 '’Matth.
314 1449 363 1471 cap.
368 1450 429 1469 xxvi,

219 1476 277 1492 vers.
290 1470 318 1498 69
333 1476 384 1498 sqq.

219 1531 228 1541 ⁸
250 1530 286 1552 Cf.
312 1537 351 1558 qu.
379 1537 412 1552 ιιι
422 1547 427 1556 ,

219 1561 259 1578 art.
272 1564 287 1584 1,
296 1557 426 1579 Comment-

218 1589 281 1605 num.
297 1590 335 1605 vu.

220 1611 241 1621 '⁸
256 1610 292 1631 Cf.
307 1614 349 1632 art.
365 1616 414 1638 seq.

214 2259 223 2268 ⁶
230 2257 283 2279 Vid.
293 2258 423 2280 Comment.

213 2284 285 2306 Caiet.
294 2288 347 2312 post
355 2288 397 2306 art.
403 2291 424 2313 3.

215 2564 224 2573 ⁸
239 2563 306 2584 Vers.
322 2563 344 2585 18
359 2569 411 2591 sqq.

213 3097 224 3107 ⁸
240 3096 304 3118 Vera.
319 3103 356 3123 24.

215 3202 225 3211 ⁸
239 3201 296 3228 Cap.
311 3206 345 3222 111.

475 225 549 260 306

470 303 553 332 salva
577 302 694 341 integre
719 301 855 332 interiori
878 301 948 336 fide,
966 301 1103 330 incurrat
1125 309 1243 338 poenas
1261 308 1464 328 censurarum
1479 308 1529 328 ec-

470 346 711 376 clesiasticarum
733 346 765 375 in
789 345 858 374 foro
878 343 1094 378 conscientiae,
1119 342 1161 372 ita
1185 342 1273 382 quod
1296 341 1329 371 in
1344 341 1481 377 veritate,
1499 348 1528 372 et

1143 221 1408 267 QUAESTIO
1438 220 1578 267 XCIV,
1607 222 1902 259 ARTICULUS
1932 223 1961 258 11

1583 298 1815 329 committentes
1838 299 1911 329 talia
1934 299 2073 330 crimina.
2099 299 2143 330 Ita
2166 301 2254 340 quod
2278 300 2303 330 si
2327 308 2408 331 esset
2430 301 2491 332 lata
2515 311 2643 332 excom-

1582 342 1804 373 municationis
1828 343 1979 373 sententia
2003 349 2110 373 contra
2134 343 2227 379 fures,
2251 343 2305 374 ille
2327 344 2383 384 qui
2405 344 2438 375 in
2461 345 2568 376 solum
2592 356 2641 377 ex-

469 400 535 419 non
559 389 663 419 solum
694 389 726 418 in
750 389 820 418 foro
845 387 987 418 exteriori
1015 386 1054 416 sit
1082 385 1383 415 excommunicatus.
1418 385 1459 415 Et
1482 392 1528 416 est
1552 402 1555 434 J
1581 385 1727 415 teriorem
1743 393 1849 416 actum
1866 385 1939 416 furti
1956 386 2182 417 consentiendo
2207 387 2327 417 furatus
2342 395 2397 424 est,
2415 389 2641 428 proculdubio

468 433 546 463 ratio
571 433 658 462 dubii
682 432 756 472 quia
773 440 919 462 censurae
939 437 1012 460 sunt
1030 430 1109 459 latae
1129 436 1237 459 contra
1256 428 1429 459 haereticos
1439 429 1466 460 *.
1492 429 1527 459 ln

468 487 540 507 casu
565 483 671 506 autem
695 475 859 515 proposito
884 474 971 503 nulla
994 480 1039 503 est
1062 471 1227 503 infidelitas
1242 472 1274 502 in
1290 473 1395 502 anima
1419 482 1526 503 secun-

467 521 544 550 dum
567 520 737 550 veritatem.
762 519 846 557 Ergo
870 527 935 547 non
951 517 1154 547 incurruntur
1177 517 1208 546 in
1229 516 1299 547 foro
1317 516 1525 547 conscientiae

465 563 648 594 huiusmodi
673 571 833 592 censurae.
854 578 873 583 -
898 561 937 591 Et
961 560 1173 590 confirmatur.
1208 560 1292 597 Quia
1315 560 1396 591 sicut
1419 561 1524 591 dicens

465 617 530 637 non
554 617 590 636 ex
612 605 786 636 intentione
809 603 936 640 infideli,
962 605 1015 634 sed
1039 605 1122 640 ioco,
1146 604 1239 634 verba
1263 604 1425 641 haeretica,
1447 612 1523 644 puta
1549 613 1551 636 ῑ

464 651 551 691 quod
575 656 703 679 mortuo
721 658 851 687 corpore
876 654 921 678 est
944 655 1070 678 mortua
1087 647 1181 678 etiam
1197 648 1311 685 anima,
1330 658 1394 678 non
1411 656 1456 679 est
1476 659 1523 679 ex·
1549 649 1550 665 ¹

464 693 731 725 communicatus:
763 692 806 722 ita
834 691 939 722 dicens
968 692 1051 722 facto
1076 692 1194 728 cultim,
1221 699 1250 722 et
1274 702 1338 722 non
1363 703 1399 722 ex
1422 693 1522 723 inten-
1548 694 1549 716 ἲ

463 738 558 772 tione,
583 737 707 766 idolum
731 746 797 766 esse
820 736 935 771 Deum,
961 746 1026 765 non
1051 742 1097 766 est
1120 736 1421 767 excommunicatus.

517 781 577 811 Pro
602 787 687 820 parte
706 786 814 810 autem
837 778 1021 810 affirmativa
1045 786 1091 810 est
1114 780 1189 820 quia
1212 780 1281 811 talis
1297 787 1344 811 est
1357 791 1429 811 vere
1444 791 1520 820 apo-

462 831 555 855 stata:
582 834 616 854 ac
640 834 695 863 per
718 824 788 859 hoc,
815 823 1115 854 excommunicatus.

516 868 567 898 111.
592 868 642 897 Ad
659 867 847 897 evidentiam
861 867 966 903 huius,
991 867 1154 898 sciendum
1175 875 1220 898 est
1243 869 1332 908 quod
1356 869 1521 908 dupliciter

461 911 614 951 contingit
637 911 776 952 aliquem
800 918 905 942 actum
929 912 1108 942 humanum
1131 912 1346 952 perniciosum
1370 923 1519 943 exercere.
1545 933 1547 955 j

461 955 592 991 Scilicet,
610 965 645 985 ex
664 955 771 986 animo
796 955 907 986 affecto
931 956 986 986 illo
1010 955 1104 986 vitio:
1130 963 1166 986 ut
1189 955 1213 985 si
1238 956 1309 996 quis
1334 966 1369 987 ex
1393 956 1520 988 avaritia
1545 982 1547 995 Ἰ,

460 999 589 1035 furetur,
607 1010 643 1029 ex
658 999 781 1030 luxuria
795 999 974 1036 fornicetur,
990 1010 1026 1030 ex
1042 999 1225 1030 infidelitate
1239 1007 1331 1039 neget
1346 1000 1518 1037 Christum,

459 1054 496 1074 ex
518 1043 658 1074 interiori
681 1043 858 1074 idololatria
889 1043 998 1075 offerat
1021 1050 1105 1074 extra
1133 1043 1320 1074 sacrificium
1343 1045 1446 1075 idolis.
1479 1046 1520 1075 Et
1544 1049 1546 1076 i

459 1088 497 1118 de
520 1088 586 1118 istis
610 1087 698 1118 nulla
722 1095 767 1118 est
791 1088 943 1127 quaestio.

514 1131 587 1162 Alio
607 1133 706 1162 modo
731 1131 884 1171 contingit
906 1131 973 1162 fieri
988 1142 1024 1162 ex
1040 1131 1147 1162 animo
1164 1131 1318 1162 refutante
1342 1132 1519 1162 secundum

458 1185 490 1205 se
514 1175 593 1205 illud
617 1175 755 1211 crimen,
781 1176 835 1205 sed
858 1182 986 1216 propter
1010 1175 1109 1205 alium
1133 1175 1279 1206 affectum
1303 1175 1518 1206 consentiente

457 1219 490 1249 in
518 1226 624 1250 actum
652 1219 836 1250 exteriorem
867 1219 1098 1259 perniciosum:
1120 1223 1166 1249 ’ut
1194 1219 1219 1248 si
1246 1219 1361 1249 mulier
1389 1229 1517 1249 exosam
1544 1233 1545 1236 ¹

457 1264 575 1294 habens
589 1263 752 1293 libidinem
775 1263 889 1293 timore
905 1263 1065 1303 permittat
1085 1272 1117 1292 se
1134 1263 1298 1302 cognosci;
1323 1269 1353 1292 et
1376 1262 1518 1294 similiter

456 1308 557 1338 homo
580 1317 710 1338 exosum
736 1308 853 1337 habens
877 1307 1008 1344 furtum,
1026 1306 1211 1346 compulsus
1235 1317 1253 1336 a
1276 1306 1419 1342 domino,
1445 1317 1518 1337 con—

457 1352 550 1382 sentit
572 1352 605 1382 in
622 1351 806 1382 exteriorem
830 1357 937 1381 actum
961 1350 1048 1386 furti;
1074 1357 1104 1381 et
1127 1350 1270 1381 similiter
1292 1350 1428 1380 retinens
1447 1361 1516 1391 per-

456 1395 570 1426 fectam
585 1395 670 1426 intus
693 1394 798 1430 fidem,
822 1395 937 1425 timore
960 1395 1071 1430 victus,
1096 1394 1252 1425 consentit
1274 1394 1307 1424 in
1331 1394 1516 1425 exteriorem

455 1446 562 1470 actum
578 1439 712 1479 negandi
729 1438 834 1474 fidem,
852 1445 888 1469 ut
903 1438 976 1469 fecit
990 1439 1100 1469 Petrus
1115 1438 1146 1475 *;
1172 1445 1226 1468 aut
1242 1438 1415 1479 despiciens
1431 1439 1516 1469 idola

455 1484 488 1513 in
504 1482 619 1519 mente,
635 1493 692 1513 sua
712 1482 835 1519 timore,
860 1490 896 1513 ut
918 1482 1130 1518 Marcellinus,
1155 1490 1225 1513 tura
1251 1482 1384 1513 exterius
1408 1482 1517 1513 offerat

454 1527 548 1558 idolis
564 1527 594 1563 *;
619 1534 673 1558 aut
696 1537 804 1557 amore
828 1526 975 1567 populari
995 1527 1081 1557 idem
1097 1526 1198 1562 faciat,
1216 1533 1252 1556 ut
1274 1527 1392 1557 Seneca
1406 1526 1450 1557 **.
1475 1527 1517 1557 Et

456 1573 494 1602 de
512 1571 696 1602 huiusmodi
713 1578 759 1602 est
782 1571 925 1611 quaestio
950 1581 1107 1610 praesenS.
1130 1571 1171 1601 Et
1185 1570 1250 1601 iam
1265 1581 1302 1601 ex
1318 1571 1396 1601 datis
1411 1581 1516 1602 exem-

454 1616 515 1656 plis
530 1622 634 1656 potest
649 1622 753 1655 patere
770 1615 887 1645 solutio
903 1615 1110 1656 quaestionis:
1136 1615 1223 1655 quod
1240 1615 1515 1655 quemadmodum

454 1670 520 1690 non
544 1666 708 1690 excusatur
737 1659 770 1689 in
794 1659 864 1689 foro
889 1659 1097 1690 conscientiae
1121 1669 1139 1689 a
1162 1658 1264 1695 furto,
1290 1658 1513 1695 fornicatione,

454 1704 620 1744 negatione
650 1702 739 1739 fidei,
765 1709 795 1733 et
822 1703 1018 1739 idololatria,
1043 1703 1098 1744 qui
1130 1713 1165 1733 ex
1189 1703 1292 1732 alieno
1316 1702 1427 1733 affectu
1455 1703 1514 1733 hos

454 1755 541 1778 actus
564 1747 758 1788 perniciosos
782 1747 915 1777 exterius
940 1747 1118 1782 committit,
1143 1747 1218 1787 quia
1233 1747 1410 1777 voluntarie
1427 1757 1515 1777 corn-

453 1792 549 1822 mittit
571 1799 657 1822 actus
681 1791 846 1822 exteriores
870 1791 980 1821 talium
1002 1791 1170 1826 vitiorum;
1194 1791 1237 1821 ita
1260 1801 1326 1821 non
1350 1798 1515 1822 excusatur
1540 1820 1541 1832 ,

1552 436 1554 476 J
1581 435 1661 458 esset
1679 430 1970 460 excommunicatus
1993 430 2024 460 in
2049 430 2120 460 foro
2137 431 2355 467 conscientiae,
2373 431 2448 472 quia
2463 433 2640 464 voluntarie

1580 472 1700 502 furtum
1724 474 1891 504 commisit.
1924 473 2073 504 Similiter
2096 474 2293 505 Christianus
2316 475 2368 505 ille
2399 475 2454 516 qui
2477 476 2510 506 in
2533 477 2640 508 solum

1579 517 1765 561 exteriorem
1782 525 1888 548 actum
1904 518 2038 556 negandi
2057 517 2154 548 fidem
2170 519 2338 554 consensit,
2356 526 2402 549 est
2423 519 2456 549 in
2476 519 2547 550 foro
2564 529 2639 550 con·

1550 566 1551 605 j
1578 560 1724 591 scientiae
1756 562 2066 592 excommunicatus:
2099 563 2174 603 quia
2207 562 2384 593 voluntarie
2416 563 2575 594 consensit
2606 564 2639 594 in

1577 610 1683 634 actum
1713 604 1919 641 infidelitatis,
1948 612 1978 636 et
2008 606 2100 636 illum
2131 606 2267 637 exercuit
2298 607 2443 647 negando
2475 606 2639 638 Christum

1576 649 1682 684 verbo,
1707 655 1742 679 ut
1764 649 1874 679 Petrus
1898 649 1980 680 fecit.
2005 650 2046 680 Et
2069 650 2211 680 similiter
2233 651 2289 691 qui
2313 651 2419 680 solum
2443 658 2550 681 actum
2573 651 2638 682 ido-

1575 691 1715 722 lolatriae
1746 693 1878 723 exterius
1907 693 2081 729 commisit,
2107 695 2399 726 excommunicatus
2428 702 2474 725 est
2502 695 2535 725 in
2566 695 2637 726 foro

1547 743 1549 767 ἐ
1575 736 1800 772 conscientiae,
1825 737 1900 777 quia
1923 744 2030 767 actum
2052 737 2243 769 infidelitatis
2272 746 2302 769 et
2325 739 2500 779 apostasiae
2522 739 2638 769 volun-

1546 815 1547 819 *
1574 780 1649 811 tarie
1673 780 1824 811 exercuit:
1857 787 1903 811 est
1926 780 2011 810 enim
2033 780 2213 813 idololatria
2240 793 2277 813 ex
2300 783 2431 823 proprio
2455 793 2567 823 genere
2591 785 2637 814 in-

1546 827 1547 866 }
1563 825 1736 865 fidelitatis
1753 825 1953 864 protestatio,
1972 831 2007 855 ut
2029 825 2061 855 in
2085 825 2143 856 hac
2161 826 2262 857 littera
2285 827 2408 858 dicitur.
2433 828 2474 858 Et
2489 828 2637 858 omnium

1574 869 1690 898 horum
1713 875 1743 898 et
1767 868 1919 898 similium
1943 869 2124 899 communis
2147 870 2226 900 ratio
2251 877 2297 901 est
2324 871 2400 911 quia
2422 871 2480 902 iste
2508 871 2541 902 in
2565 871 2636 902 foro

1573 912 1781 943 conscientiae
1796 920 1842 942 est
1856 912 2032 948 idololatra,
2050 912 2110 949 fur,
2128 920 2185 944 etc.
2209 914 2284 944 Non
2301 915 2386 945 enim
2402 915 2507 946 solum
2523 915 2638 946 dicitur

1572 957 1605 986 in
1628 957 1698 987 foro
1724 956 1933 987 conscientiae
1954 955 2004 986 fur
2027 963 2081 987 aut
2103 956 2272 988 idololatra
2286 958 2342 998 qui
2366 968 2402 989 ex
2425 959 2536 990 affectu
2561 959 2637 991 furti

1573 1007 1627 1031 aut
1649 1001 1845 1031 idololatriae
1870 1000 1991 1030 furatur
2013 1007 2068 1031 aut
2091 1001 2176 1030 idola
2200 1001 2284 1037 colit,
2309 1002 2363 1032 sed
2387 1003 2483 1033 etiam
2505 1004 2560 1044 qui
2579 1013 2635 1034 vo-

1544 1081 1546 1086 ,
1572 1045 1705 1075 luntarie
1735 1052 1855 1075 exercet
1886 1044 2071 1074 exteriorem
2101 1052 2209 1075 actum
2239 1045 2313 1076 furti
2345 1053 2400 1076 aut
2427 1046 2634 1079 idololatriae.

1544 1099 1546 1122 ι
1572 1089 1777 1120 Concurrunt
1800 1089 1886 1118 enim
1909 1095 1984 1119 tunc
2008 1089 2047 1119 ad
2070 1089 2151 1119 hanc
2175 1089 2469 1121 denominationem
2493 1098 2524 1123 et
2547 1098 2636 1122 actus

1544 1141 1546 1160 1
1572 1133 1704 1163 exterior
1727 1140 1757 1163 et
1780 1140 1868 1164 actus
1891 1132 2035 1163 interior:
2061 1133 2206 1173 quamvis
2231 1141 2317 1164 actus
2340 1134 2470 1165 interior
2492 1134 2636 1167 videatur

1571 1177 1662 1217 quasi
1687 1183 1850 1207 extraneus
1874 1177 1912 1206 ab
1937 1177 2089 1208 exteriori.

1626 1220 1678 1250 IV.
1704 1221 1744 1250 Et
1766 1230 1822 1260 per
1844 1220 1905 1250 hoc
1929 1227 2014 1260 patet
2029 1221 2193 1261 responsio
2210 1223 2249 1252 ad
2269 1222 2405 1262 primam
2421 1222 2635 1253 obiectionem

1543 1273 1545 1282 ¹
1570 1264 1602 1293 in
1626 1264 1814 1303 oppositum
1829 1264 1861 1300 *,
1887 1264 2020 1294 dicendo
2051 1266 2141 1305 quod
2168 1266 2219 1296 hic
2243 1273 2289 1296 est
2310 1266 2477 1297 infidelitas
2501 1266 2635 1297 exterior

1569 1307 1756 1338 voluntaria.
1781 1308 1822 1338 Et
1845 1307 1920 1347 quia
1935 1314 2022 1338 actus
2038 1309 2209 1340 voluntatis
2226 1319 2291 1350 quo
2308 1310 2464 1341 consentit
2478 1310 2511 1340 in
2526 1318 2633 1342 actum

1570 1351 1753 1382 exteriorem
1787 1351 1826 1381 ad
1855 1351 1988 1381 eandem
2016 1352 2152 1392 speciem
2186 1360 2304 1393 spectat
2332 1354 2366 1384 in
2389 1365 2452 1395 qua
2476 1362 2522 1386 est
2545 1361 2633 1386 actus

1570 1395 1712 1432 exterior,
1737 1395 1809 1425 ideo
1833 1395 1865 1425 in
1889 1396 1951 1425 hoc
1972 1395 2067 1432 dicto,
2087 1396 2213 1434 scilicet,
2229 1398 2402 1438 infidelitas
2422 1400 2564 1429 exterior
2579 1409 2632 1430 νο-

1569 1441 1724 1477 luntaria,
1741 1439 1912 1470 includitur
1926 1439 2055 1470 interior
2068 1440 2240 1471 voluntatis
2256 1449 2343 1472 actus
2359 1441 2559 1473 infidelitatis.
2585 1444 2632 1475 Ac

1542 1483 1543 1487 ’
1569 1494 1624 1524 per
1647 1484 1718 1519 hoc,
1741 1483 1919 1514 voluntarie
1943 1493 2060 1523 negans
2084 1483 2248 1515 Christum
2271 1486 2341 1515 solo
2365 1486 2472 1523 verbo,
2496 1495 2562 1516 non
2582 1495 2632 1517 so-

1568 1529 1637 1558 lum
1653 1535 1746 1564 extra,
1758 1528 1813 1558 sed
1830 1528 1924 1558 etiam
1939 1528 2024 1558 intus
2040 1535 2087 1559 est
2101 1529 2347 1569 quodammodo
2362 1529 2507 1567 infidelis,
2519 1538 2632 1571 quam-

1541 1577 1543 1583 ’
1568 1573 1614 1603 vis
1638 1572 1782 1602 absolute
1806 1582 1872 1602 non
1895 1572 1935 1602 sit
1958 1572 2042 1603 intus
2061 1572 2206 1603 infidelis.

1622 1617 1673 1646 Ad
1697 1616 1874 1646 secundum
1897 1616 2010 1646 dicitur
2033 1617 2123 1657 quod
2147 1617 2270 1654 dicens,
2296 1618 2519 1657 cognoscendo
2543 1618 2632 1659 quod

1569 1660 1662 1696 dicit,
1686 1661 1780 1691 verba
1804 1666 1912 1691 contra
1935 1659 2030 1690 fidem
2055 1661 2152 1697 serio,
2178 1661 2291 1702 procul
2314 1661 2412 1692 dubio
2438 1669 2484 1693 est
2506 1671 2631 1694 excom-

1541 1706 1542 1710 ’
1569 1705 1765 1740 municatus,
1790 1711 1826 1734 ut
1845 1704 1966 1734 dictum
1989 1711 2044 1735 est.
2077 1705 2199 1735 Dicens.
2216 1711 2324 1736 autem
2346 1705 2419 1736 ioco
2447 1715 2631 1748 excommu-

1540 1743 1542 1768 1'
1568 1748 1689 1778 nicatus
1721 1758 1786 1778 non
1811 1755 1871 1784 est,
1897 1747 1971 1788 quia
1999 1759 2064 1779 non
2088 1749 2163 1779 dicit
2189 1749 2241 1779 illa
2265 1748 2359 1780 verba
2382 1756 2419 1780 ut
2441 1757 2517 1781 sunt
2535 1751 2631 1783 verba

1566 1791 1772 1822 infidelitatis:
1797 1791 1978 1831 gravissime
2002 1800 2108 1823 tamen
2131 1799 2249 1833 peccat.

453 1836 485 1866 in
509 1836 579 1867 foro
604 1835 813 1867 conscientiae
841 1836 879 1866 ab
903 1835 1117 1866 ecclesiasticis
1140 1835 1279 1866 censuris
1307 1835 1377 1866 latis
1405 1842 1514 1866 contra
1540 1841 1541 1869 1

1218 1997 1535 2039 ARTICULUS
1567 1998 1867 2040 SECUNDUS

1124 2089 1280 2120 UTRUM
1305 2089 1602 2120 IDOLOLATRIA
1625 2090 1692 2121 SIT
1715 2090 1953 2122 PECCATUM

769 2166 799 2190 111
822 2166 899 2190 Cont.
920 2167 1006 2194 Gent„
1027 2173 1084 2197 cap.
1105 2173 1167 2196 cxx;
1187 2166 1230 2190 De
1251 2166 1314 2191 Dec.
1335 2166 1473 2198 Praecept.
1492 2171 1549 2198 etc„
1569 2174 1625 2199 cap.
1643 2167 1676 2192 de
1695 2167 1713 2192 1
1726 2167 1882 2199 Praecept.,·
1900 2168 1945 2192 Ad
1962 2168 2041 2193 Rom.
2048 2185 2056 2198 ‚
2076 2176 2132 2201 cap.
2150 2176 2168 2198 1,
2188 2169 2247 2194 lect.
2265 2176 2309 2194 νιι.

514 2310 524 2317 ·
579 2298 606 2320 “’
636 2319 642 2333 κ
664 2298 874 2334 idololatria
890 2310 967 2335 non
983 2298 1028 2335 sit
1046 2306 1260 2346 peccatum.
1282 2298 1387 2335 Nihil
1408 2298 1508 2335 enim

471 2349 584 2398 'J‘V‘
610 2348 719 2397 (fest
747 2359 947 2399 peccatum
981 2351 1086 2400 quod
1115 2363 1207 2388 vera
1242 2351 1338 2388 fides
1366 2351 1404 2388 in
1433 2352 1508 2388 cul-

510 2395 744 2440 N‘Ktum
772 2404 844 2440 Dei
873 2404 1041 2440 assumit.
1073 2405 1149 2441 Sed
1170 2416 1264 2440 vera
1291 2404 1388 2440 fides
1417 2404 1508 2442 ima-

451 2455 556 2503 gines
576 2457 761 2503 quasdam
782 2456 938 2493 assumit
958 2457 1006 2493 ad
1034 2456 1206 2493 divinum
1228 2457 1389 2493 cultum:
1418 2469 1507 2493 nam

453 2517 488 2545 et
520 2508 558 2544 in
593 2509 836 2545 tabernaculo
877 2517 981 2545 erant
1018 2509 1199 2556 imagines
1238 2509 1438 2555 cherubin,
1469 2517 1509 2545 ut

451 2561 584 2609 legitur
601 2562 724 2598 Exod.
746 2574 817 2598 xxv
831 2561 870 2607 ’¹‘;
902 2570 937 2598 et
955 2562 994 2598 in
1021 2562 1177 2598 ecclesia
1205 2562 1393 2610 quaedam
1414 2562 1507 2598 ima-

451 2614 554 2661 gines
582 2622 778 2662 ponuntur
806 2627 899 2663 quas
927 2615 1060 2651 fideles
1089 2616 1257 2651 adorant.
1297 2615 1399 2662 Ergo
1428 2615 1508 2652 ido-

451 2666 607 2712 lolatria,
638 2668 850 2704 secundum
888 2680 1002 2716 quam
1035 2667 1136 2704 idola
1175 2667 1400 2715 adorantur,
1429 2680 1506 2704 non

453 2727 507 2756 est
534 2727 747 2768 peccatum.

505 2785 539 2809 2.
561 2773 800 2819 PRAETEREA,
831 2773 981 2809 cuilibet
1001 2772 1184 2821 superiori
1215 2779 1269 2809 est
1297 2773 1507 2810 reverentia

452 2826 674 2862 exhibenda.
706 2826 782 2862 Sed
803 2825 925 2873 angeli
945 2834 980 2862 et
1000 2826 1148 2862 animae
1176 2833 1395 2862 sanctorum
1421 2834 1507 2862 sunt

451 2879 561 2915 nobis
590 2878 814 2927 superiores
859 2880 972 2926 Ergo,
1003 2879 1032 2915 si
1062 2879 1114 2915 eis
1144 2878 1364 2915 exhibeatur
1399 2891 1506 2916 reve-

451 2931 569 2968 rentia
597 2944 665 2980 per
693 2931 856 2980 aliquem
887 2932 1027 2968 cultum
1056 2932 1118 2969 vel
1148 2932 1420 2968 sacrificiorum
1443 2932 1505 2968 vel

452 2984 665 3030 aliquorum
693 2984 924 3031 huiusmodi,
945 2997 1023 3022 non
1052 2984 1119 3021 erit
1146 2992 1358 3033 peccatum.

507 3038 540 3073 3.
572 3037 812 3082 PRAETEREA,
847 3049 1020 3074 summus
1058 3039 1163 3074 Deus
1200 3037 1366 3074 interiori
1405 3039 1506 3074 cultu

450 3089 586 3125 mentis
615 3097 669 3125 est
699 3090 900 3126 colendus:
931 3091 1143 3126 secundum
1169 3090 1258 3127 illud
1289 3092 1391 3127 Ioan.
1414 3102 1448 3127 ιν
1466 3090 1504 3127 *t

450 3143 574 3178 Deum
604 3148 746 3190 oportet
780 3143 943 3178 adorare
971 3143 1007 3179 in
1043 3143 1173 3191 spiritu
1203 3148 1238 3179 et
1263 3144 1427 3180 veritate.
1458 3143 1507 3180 Et

450 3194 683 3242 Augustinus
713 3194 811 3241 dicit,
832 3194 870 3231 in
897 3195 1089 3231 Enchirid.
1109 3195 1140 3242 ²⁸,
1162 3195 1266 3243 quod
1287 3197 1391 3232 Deus
1419 3195 1506 3233 coli-

450 3253 511 3284 tur
527 3248 620 3295 fide,
640 3259 704 3295 spe
723 3253 759 3285 et
784 3248 949 3284 caritate.
980 3249 1109 3284 Potest
1132 3256 1261 3284 autem
1290 3249 1505 3295 contingere

451 3301 555 3348 quod
585 3300 717 3349 aliquis
745 3300 905 3337 exterius
933 3300 1035 3337 idola
1065 3301 1172 3347 colat,
1196 3301 1350 3337 interius
1378 3309 1506 3337 tamen

451 3365 472 3389 a
504 3365 597 3390 vera
633 3354 710 3390 fide
747 3365 825 3390 non
854 3353 1032 3390 discedat.
1076 3354 1177 3401 Ergo
1215 3353 1364 3390 videtur
1400 3354 1505 3401 quod

503 3482 530 3515 α)
549 3485 597 3507 est.
610 3495 629 3501 —
646 3486 713 3508 esset
731 3483 777 3508 Pa.

503 3517 528 3550 β)
547 3518 679 3550 superiori
695 3518 808 3543 cuilibet.
820 3532 838 3537 —
855 3519 961 3544 cuilibet
978 3519 1111 3551 superiori
1129 3519 1186 3550 PD;
1206 3524 1320 3544 naturae
1338 3527 1390 3545 om.
1410 3520 1427 3545 1.

663 2257 686 2281 D
697 2257 886 2282 SECUNDUM
898 2257 950 2281 εις
962 2245 1227 2282 PROCEDlTUR*.
1237 2245 1396 2282 Videtur
1404 2246 1510 2294 quod
1535 2248 1537 2278 ἓ

1564 2246 1644 2283 sine
1673 2246 1906 2294 praeiudicio
1928 2246 2045 2285 divini
2074 2248 2194 2285 cultus
2222 2248 2342 2297 possit
2365 2249 2499 2299 aliquis
2523 2257 2628 2291 exte-

1564 2300 1640 2335 rius
1669 2299 1770 2336 idola
1800 2300 1936 2336 colere.
2512 2343 2514 2346 ,
2557 2336 2559 2341 ,

1618 2353 1692 2388 SED
1722 2363 1868 2389 CONTRA
1888 2359 1945 2389 est
1968 2353 2073 2401 quod
2092 2354 2216 2391 Exod.
2235 2366 2285 2391 xx
2303 2354 2323 2376 ’¹‘
2352 2355 2505 2393 dicitur:
2533 2356 2626 2397 Non

1535 2398 1536 2408 ¹
1563 2405 1740 2441 adorabis
1768 2417 1824 2451 ea,
1847 2405 1987 2442 scilicet
2015 2406 2189 2454 exterius,
2210 2419 2330 2455 neque
2357 2408 2466 2455 coles,
2487 2408 2628 2449 scilieet

1563 2457 1728 2504 interius,
1749 2465 1790 2494 ut
1810 2458 1946 2494 Glossa
1965 2458 1985 2479 ’¹‘
2014 2458 2186 2507 exponit:
2217 2467 2254 2496 et
2270 2460 2437 2508 loquitur
2457 2461 2504 2498 de
2529 2463 2625 2500 scul-

1534 2509 1536 2540 ἰ
1561 2510 1713 2558 ptilibus
1743 2518 1779 2546 et
1806 2510 2046 2558 imaginibus.
2077 2512 2179 2559 Ergo
2200 2521 2400 2560 peccatum
2431 2522 2486 2550 est
2512 2514 2623 2552 idolis

1563 2562 1787 2599 exteriorem
1815 2564 1878 2600 vel
1906 2563 2124 2600 interiorem
2153 2566 2295 2602 cultum
2325 2566 2514 2604 exhibere.

1616 2616 1840 2652 RESPONDEO
1860 2628 2044 2653 DicENDUM
2065 2619 2168 2665 quod
2198 2618 2296 2656 circa
2323 2619 2398 2656 hoc
2422 2619 2536 2670 aliqui
2556 2619 2624 2664 du-

1561 2668 1704 2716 pliciter
1741 2677 1971 2706 erraverunt.
2013 2669 2182 2715 Quidam
2201 2671 2221 2693 ’¹‘
2257 2671 2358 2708 enim
2393 2680 2624 2721 putaverunt

1533 2749 1535 2752 >
1563 2722 1666 2770 quod
1695 2722 1832 2758 offerre
1862 2722 2090 2759 sacrificium
2121 2731 2156 2760 et
2182 2724 2257 2761 alia
2285 2725 2333 2762 ad
2361 2725 2509 2762 latriam
2537 2737 2622 2775 per-

1561 2774 1716 2810 tinentia
1743 2787 1822 2811 non
1852 2775 1977 2812 solum
2007 2788 2160 2812 summo
2181 2778 2279 2824 Deo,
2301 2778 2368 2815 sed
2397 2777 2512 2816 etiam
2541 2776 2622 2816 aliis

1561 2880 1666 2929 quod
1694 2880 1877 2929 superiori
1913 2881 2062 2918 cuilibet
2081 2881 2096 2911 β
2124 2890 2280 2920 naturae
2315 2883 2485 2922 divinam
2514 2896 2621 2922 reve-

1561 2933 1720 2970 rentiam
1749 2933 2004 2971 exhibendam
2032 2942 2185 2983 putant,
2215 2936 2323 2984 quasi
2351 2937 2437 2974 Deo
2465 2936 2621 2987 propin-

1560 2986 1692 3034 quiori.
1707 3006 1732 3014 -
1748 2987 1824 3023 Sed
1843 2987 1918 3023 hoc
1937 2987 2239 3026 irrationabiliter
2258 2989 2403 3027 dicitur.
2429 2991 2532 3027 Nam
2553 2990 2621 3034 etsi

1560 3051 1697 3075 omnes
1717 3039 1931 3088 superiores
1960 3041 2124 3078 revereri
2150 3041 2371 3090 debeamus,
2392 3055 2471 3080 non
2490 3040 2620 3081 tamen

1561 3091 1696 3128 eadem
1726 3093 1937 3130 reverentia
1966 3093 2145 3131 omnibus
2178 3095 2354 3143 debetur,
2383 3096 2449 3134 sed
2479 3093 2621 3147 aliquid

1560 3144 1720 3193 speciale
1750 3145 1909 3182 debetur
1946 3158 2099 3183 summo
2128 3147 2234 3196 Deo,
2264 3148 2328 3197 qui
2356 3148 2535 3198 singulari
2561 3161 2618 3187 ra-

1560 3197 1662 3233 tione
1683 3209 1818 3234 omnes
1839 3199 2004 3235 excellit:
2034 3207 2070 3236 et
2097 3199 2157 3236 hic
2177 3206 2193 3229 Υ
2221 3208 2277 3238 est
2296 3201 2426 3239 latriae
2445 3203 2577 3240 cultus.
2591 3221 2617 3231 -

1560 3250 1644 3286 Nec
1672 3257 1796 3297 potest
1824 3250 1909 3297 dici,
1930 3251 2025 3288 sicut
2043 3252 2199 3300 quidam
2228 3262 2458 3303 putaverunt
2475 3254 2506 3301 ⁸³,
2525 3255 2620 3291 haec

1559 3302 1718 3339 visibilia
1752 3304 1939 3351 sacrificia
1976 3305 2046 3341 diis
2073 3305 2156 3343 aliis
2191 3318 2420 3357 congruere,
2447 3307 2503 3344 illi
2526 3318 2616 3344 vero

1559 3367 1707 3392 summo
1736 3357 1836 3403 Deo,
1866 3362 2045 3406 tanquam
2078 3358 2245 3406 meliori,
2274 3359 2452 3406 meliora,
2481 3359 2620 3398 scilicet

1611 3486 1638 3519 γ)
1657 3486 1707 3512 hic.
1722 3500 1741 3505 -
1758 3487 1807 3512 hoc
1826 3487 1946 3513 PGHKa.

1562 2839 1675 2875 supra
1690 2826 1710 2848 ’¹‘
1730 2827 1846 2873 dictis,
1870 2835 1924 2864 est
1944 2833 1962 2850 α
1990 2828 2159 2866 debiturn
2185 2837 2220 2866 et
2238 2842 2308 2879 per
2327 2843 2366 2868 se
2392 2832 2552 2878 bonum,
2573 2843 2620 2869 eo
2645 2837 2658 2848 ⁸

2660 1271 2671 1282 ⁴
2684 1269 2755 1293 Num.
2769 1277 2795 1294 ιι.

2651 2369 2663 2381 ·
2677 2367 2747 2391 Vera.
2756 2372 2782 2397 Ὶ5.

2649 2472 2661 2484 “
2675 2472 2757 2496 Ordin.

2648 2684 2660 2696 ⁸
2673 2683 2793 2706 Platonici.

2746 2851 2763 2934 ὲ

2742 3211 2759 3238 ἵ

2644 3259 2655 3270 ”
2670 3258 2707 3281 Cf.
2722 3259 2792 3287 Aug„
2804 3258 2856 3290 joe.

2644 3285 2703 3307 iutra
2712 3291 2779 3314 prox.
2789 3288 2829 3307 cit.
