2860 4244
0 1127 2 1131 ’
35 1122 43 1151 ἶ
65 1155 72 1161 .
85 1138 214 1167 uppem,
229 1139 294 1161 om.

948 243 1214 291 QUAESTlo
1245 243 1385 290 LXXI,
1414 242 1711 279 ARTlcULUs
1742 242 1803 288 111,
1827 241 1876 277 ιν

2432 238 2499 273 125

1134 358 1451 402 ARTICULUS
1479 358 1707 400 TERTIUS

722 445 877 476 UTRUM
900 442 1165 475 AnvocATth
1189 442 1358 474 PECCET
1383 443 1417 474 SI
1442 442 1650 473 inlusi-AM
1674 441 1849 473 cAusAM
1876 439 2110 471 DEFENDAT

442 544 513 585 *aas
537 537 560 563 D
580 535 739 561 TERTHJM
757 535 812 561 sm
836 532 1075 560 PROCEfflTUR.
1095 520 1255 558 Videtur
1282 520 1388 570 quod
1413 522 1415 572 ζ

464 580 507 637 <32⁴
537 578 746 615 advocatus
775 588 854 613 non
880 582 1013 623 peccet
1041 573 1071 610 si
1094 572 1273 610 iniustam
1302 585 1389 610 cau—

357 562 473 607 ¹31:

344 632 354 671 β
408 630 504 670 πεζή
537 642 620 668 sam
663 629 851 666 defendat.
892 626 998 666 Sicut
1039 625 1142 663 enim
1181 625 1415 664 ostenditur*

347 676 478 717 15⁴⁸)
494 676 523 714 'Kx
534 682 669 732 peritia
695 680 835 718 medici
863 680 892 717 si
920 678 1179 718 infirmitatem
1213 680 1389 729 despera-

324 744 403 775 tam
431 743 549 782 sanet,
575 735 625 771 ita
655 733 767 772 etiam
806 732 1018 773 ostenditur
1044 731 1178 782 peritia
1213 730 1389 769 advocati

183 798 200 814 α
324 787 355 826 si
376 782 490 827 etiam
506 793 523 809 α
541 787 721 824 iniustam
741 799 898 824 causam
925 785 1129 824 defendere
1157 784 1289 835 possit.
1312 782 1388 822 Sed

323 840 496 879 medicus
523 841 698 878 laudatur
716 840 748 878 si
775 839 1035 878 infirmitatem
1063 837 1302 888 desperatam
1332 848 1389 874 sa-

321 901 399 933 net.
427 894 531 942 Ergo
561 893 675 931 etiam
703 893 915 931 advocatus
938 905 1019 931 non
1045 898 1190 941 peccat,
1210 887 1279 928 sed
1305 901 1388 927 ma-

321 943 378 995 gis
404 946 621 984 laudandus
649 943 715 994 est,
741 946 772 984 si
798 945 980 984 iniustam
1014 955 1169 981 causam
1198 941 1388 980 defendat.

350 1019 353 1021 ·
378 1011 413 1036 2.
435 1001 670 1050 PRAETEREA,
685 1011 709 1037 a
727 999 899 1048 quolibet
910 1005 1071 1048 peccato
1090 996 1176 1033 licet
1196 992 1387 1032 desistere.

323 1053 402 1091 Sed
430 1052 640 1091 advocatus
658 1051 814 1103 punitur
840 1051 871 1088 si
901 1061 1056 1089 causam
1081 1060 1191 1087 suam
1211 1047 1390 1099 prodide-

323 1105 369 1144 rit
387 1103 414 1153 β,
434 1114 475 1143 ut
499 1106 661 1150 habetur
679 1105 725 1151 11,
745 1114 811 1155 qu.
830 1116 866 1143 111
885 1103 916 1140 *.
945 1103 1049 1152 Ergo
1074 1101 1284 1140 advocatus
1310 1113 1389 1137 non

39 1170 41 1175 ·
84 1164 295 1194 num-Sionem
320 1166 456 1208 peccat
481 1157 659 1199 iniustam
689 1169 844 1195 causam
873 1154 1128 1202 defendendo,
1149 1154 1179 1191 si
1207 1165 1295 1192 eam
1325 1153 1389 1191 de-

62 1228 63 1233 *
226 1207 232 1213 ’
321 1211 554 1251 fendendam
583 1209 802 1259 susceperit.

377 1265 412 1302 3.
434 1265 667 1310 PRAETEREA,
688 1262 812 1299 maius
839 1261 992 1299 videtur
1020 1273 1101 1300 esse
1128 1266 1331 1310 peccatum
1359 1259 1390 1296 si

316 1316 500 1359 ,iniustitia
526 1323 654 1355 utatur
672 1315 722 1353 ad
750 1315 887 1352 iustam
909 1326 1066 1352 causam
1091 1312 1387 1360 defendendam,
1415 1350 1416 1364 χ

319 1374 412 1421 puta
437 1366 689 1419 producendo
717 1367 832 1407 falsos
859 1375 974 1406 testes
1000 1368 1063 1405 vel
1096 1366 1295 1415 allegando
1324 1366 1389 1404 fal—

288 1469 300 1471 „
312 1420 532 1475 §gs-leges,
547 1416 897 1472 ‘q'fiam‘iniustam
931 1432 1087 1458 causam
1123 1419 1388 1458 defendendo:

316 1474 410 1527 quia
435 1475 512 1513 hoc
540 1483 597 1512 est
623 1481 825 1524 peccatum
853 1472 892 1512 in
919 1473 1056 1521 forma,
1084 1472 1175 1509 illud
1203 1472 1243 1510 in
1270 1479 1390 1511 mate-

321 1527 385 1579 ria.
416 1527 493 1566 Sed
525 1527 678 1568 videtur
703 1527 894 1565 advocato
931 1526 1044 1564 licere
1071 1525 1209 1562 talibus
1243 1524 1390 1563 astutiis

320 1575 395 1619 u'ti:
420 1581 520 1619 sicut
541 1578 775 1622 ,milirilicet
807 1591 853 1617 ex
888 1576 1032 1618 insidiis
1062 1589 1248 1628 pugnare.
1285 1577 1389 1629 Ergo

319 1633 472 1675 videtur
498 1634 604 1697 quod
630 1633 843 1684 advocatus
878 1644 957 1671 non
992 1638 1126 1682 peccat
1152 1629 1183 1668 si
1209 1630 1388 1670 iniustam

321 1698 478 1727 causam
504 1685 699 1731 defendat.

329 1735 337 1790 J
359 1732 450 1778 ‘San
469 1735 617 1790 ‹3on
638 1751 710 1778 ·1=:s·r
738 1738 844 1788 quod
864 1737 1000 1776 dicitur
1028 1738 1059 1789 ll
1079 1735 1247 1785 Paralip.
1266 1748 1330 1775 iux
1347 1735 1388 1774 *ε

318 1787 444 1845 Impia
464 1793 628 1843 praebe-5
645 1791 856 1832 auxilium.-
885 1796 922 1830 et
947 1790 1087 1829 idcirco
1113 1791 1213 1827 iram
1231 1789 1392 1828 Domini

168 1855 250 1893 ,τω
275 1874 284 1882 .
316 1846 528 1890 merebaris
545 1851 573 1884 ἵ.
599 1846 676 1886 Sed
695 1845 907 1884 advocatus
927 1843 1136 1883 defendens
1160 1854 1316 1882 causam
1336 1842 1391 1883 in-

124 1900 129 1907 ‘
173 1895 175 1897 ’
315 1895 459 1953 iustam
486 1899 608 1949 impio
634 1899 794 1948 praebet
820 1897 1012 1936 auxilium.
1042 1897 1157 1947 Ergo,
1178 1894 1389 1948 peccando,
1416 1906 1417 1918 ¹

320 1952 416 2001 iram
445 1951 605 1992 Domini
633 1959 811 1990 meretur.

373 2007 600 2043 Responnsso
629 2017 815 2043 morannum
853 2004 958 2052 quod
986 2002 1154 2039 illicitum
1191 2009 1247 2039 est
1279 2001 1391 2039 alicui

321 2059 521 2109 cooperari
549 2059 598 2096 ad
618 2059 764 2096 malum
792 2056 1012 2094 faciendum
1032 2056 1112 2092 sive
1142 2056 1391 2104 consulendo,

82 1740 212 1764 'vm-a.

321 2113 402 2151 sive
417 2112 650 2159 adiuvando,
662 2111 741 2149 sive
757 2110 1082 2160 qualitercumque
1099 2108 1390 2146 consentiendo:
1417 2123 1419 2141 e

321 2166 412 2217 quia
439 2165 640 2203 consilians
673 2171 710 2201 et
745 2163 981 2201 coadiuvans
1013 2162 1307 2211 quodammodo
1337 2170 1393 2199 est

321 2219 486 2270 faciens3
517 2226 552 2257 et
578 2218 788 2269 Apostolus
822 2216 932 2267 dicit,
961 2215 1012 2254 ad
1037 2216 1150 2253 Rom.
1180 2227 1190 2252 1
1216 2215 1256 2261 ³¹²,
1287 2217 1391 2264 quod

318 2272 431 2325 digni
445 2278 534 2311 sunt
550 2277 672 2310 morte
690 2283 765 2308 non
788 2269 912 2308 solum
930 2269 998 2318 qui
1011 2269 1167 2318 faciunt
1179 2274 1391 2317 peccatum,

83 2221 223 2251 ‘ven-32.

316 2326 516 2364 sedetiam
543 2325 610 2374 qui
625 2322 1115 2372 consentiuntsacientibuS.
1143 2322 1254 2359 Unde
1276 2329 1312 2358 et
1331 2334 1392 2359 su·
1418 2357 1420 2361 ,

1440 532 1509 568 pra
1527 519 1548 541 *
1576 519 1716 556 dictum
1747 527 1801 556 est
1819 519 1926 569 quod
1954 530 2089 556 omnes
2109 517 2200 554 tales
2229 516 2277 553 ad
2306 515 2504 553 restitutio-

1441 583 1531 610 nem
1559 579 1743 609 tenentur.
1774 572 2019 610 Manifestum
2055 578 2110 608 est
2138 577 2264 608 autern
2301 568 2406 619 quod
2441 568 2505 605 ad-

1440 632 1600 662 vocatus
1623 632 1660 662 et
1679 624 1858 663 auxilium
1884 633 1920 663 et
1945 624 2144 662 consilium
2160 629 2326 673 praestat
2346 621 2379 659 ei
2399 621 2505 658 cuius

1443 689 1579 714 causae
1614 678 1880 726 patrocinatur.
1918 677 2029 715 Unde
2068 676 2098 713 si
2135 676 2296 714 scienter
2327 674 2504 712 iniustam

1442 741 1598 766 causam
1629 729 1806 777 defendit,
1837 731 1981 779 absque
2011 728 2128 767 dubio
2157 727 2320 777 graviter
2347 734 2504 778 peccat;

1443 791 1479 820 et
1498 783 1547 819 ad
1574 781 1850 821 restitutionem
1869 790 2017 820 tenetur
2040 782 2120 820 eius
2141 781 2272 819 damni
2291 781 2396 830 quod
2417 792 2506 817 con-

1442 843 1499 874 tra
1526 834 1705 873 iustitiam
1734 847 1803 884 per
1822 835 1903 873 eius
1931 835 2111 873 auxilium
2133 835 2249 872 altera
2275 846 2364 884 pars
2385 834 2506 871 incur-

1443 888 1502 926 rit.
1531 887 1570 925 Si
1598 895 1726 925 autem
1755 888 1971 936 ignoranter
1997 887 2175 926 iniustam
2197 899 2351 924 causam
2380 886 2507 924 defen-

1444 940 1507 988 dit,
1528 948 1665 991 putans
1685 952 1768 978 esse
1787 940 1939 988 iustam,
1960 948 2171 988 excusatur,
2192 940 2403 978 secundum
2425 951 2507 977 mo-

1444 994 1538 1031 dum
1566 1005 1644 1042 quo
1674 993 1884 1042 ignorantia
1913 1005 2091 1031 excusare
2111 991 2123 1014 δ
2151 1000 2286 1042 potest.
2335 1029 2340 1034 ,

1496 1050 1555 1084 Αι)
1584 1058 1722 1087 ptumum
1746 1057 1844 1084 meo
1873 1057 2058 1084 DICENDUM
2078 1046 2184 1094 quod
2212 1045 2384 1084 medicus
2412 1045 2507 1082 acci-

1441 1099 1551 1150 piens
1578 1100 1617 1137 in
1636 1111 1727 1136 cura
1754 1098 2012 1137 infirmitatem
2036 1098 2277 1148 desperatam
2305 1097 2396 1135 nulli
2423 1097 2509 1134 facit

1442 1152 1630 1191 iniuriam.
1651 1151 1875 1191 Advocatus
1903 1159 2032 1189 autem
2052 1151 2260 1200 suscipiens
2280 1162 2436 1188 causam
2455 1150 2509 1188 in-

1414 1209 1416 1252 }
1443 1206 1581 1242 iustam
1608 1204 1744 1242 iniuste
1764 1203 1877 1244 laedit
1906 1217 1995 1242 eum
2016 1211 2147 1242 contra
2175 1216 2290 1252 quem
2309 1208 2320 1224 ⁸
2349 1203 2510 1252 patroci-

1415 1255 1550 1297 ³nium
1588 1265 1764 1308 praestat.
1809 1257 1858 1295 Et
1900 1256 1988 1296 ideo
2025 1269 2104 1295 non
2143 1265 2198 1295 est
2235 1255 2365 1294 similis
2403 1256 2508 1293 ratio.

1444 1311 1633 1360 Quamvis
1671 1309 1774 1349 enim
1807 1309 2008 1349 laudabilis
2035 1309 2212 1348 videatur
2245 1317 2432 1358 quantum
2461 1309 2509 1347 ad

1442 1365 1617 1415 peritiam
1645 1363 1746 1412 artis,
1765 1371 1895 1403 tamen
1920 1371 2056 1414 peccat
2083 1370 2270 1413 quantum
2293 1362 2342 1400 ad
2369 1361 2510 1401 iniusti-

1443 1418 1533 1457 tiam
1559 1416 1777 1464 voluntatis,
1799 1428 1875 1467 qua
1902 1415 2067 1456 abutitur
2095 1424 2174 1454 arte
2202 1415 2251 1453 ad
2280 1415 2437 1453 malum.

1496 1473 1556 1509 An
1583 1481 1775 1508 SECUNDUM
1803 1481 1988 1508 DICENDUM
2017 1469 2121 1518 quod
2154 1468 2383 1516 advocatus,
2413 1467 2444 1506 si
2471 1467 2509 1508 in

1442 1522 1628 1574 principio
1658 1521 1816 1560 credidit
1845 1534 2001 1560 causam
2030 1522 2167 1561 iustam
2197 1534 2280 1560 esse
2309 1530 2345 1559 et
2377 1528 2511 1571 postea

1443 1577 1482 1616 in
1508 1588 1692 1627 processu
1712 1582 1894 1625 appareat
1922 1587 2006 1613 eam
2029 1586 2111 1613 esse
2137 1573 2327 1622 iniustam,
2348 1586 2427 1613 non
2447 1574 2511 1613 de-

1443 1629 1517 1681 bet,
1536 1641 1622 1667 eam
1648 1628 1824 1677 prodere,
1844 1635 1887 1668 ut
1914 1627 2054 1665 scilicet
2075 1627 2188 1665 aliam
2216 1635 2364 1679 partem
2393 1627 2509 1674 iuvet,

1442 1683 1506 1721 vel
1533 1689 1679 1721 secreta
1707 1692 1799 1719 suae
1828 1693 1965 1719 causae
1993 1680 2099 1719 alteri
2133 1680 2228 1728 parti
2256 1680 2408 1718 revelet.
2439 1681 2512 1718 Po-

1443 1743 1515 1775 test
1541 1742 1671 1773 tamen
1701 1742 1738 1772 et
1765 1734 1879 1772 debet
1911 1744 2067 1773 causam
2107 1733 2303 1779 deserere;
2330 1734 2393 1771 vel
2423 1745 2510 1771 eum

1415 1792 1417 1806 ¹
1444 1789 1551 1828 cuius
1579 1799 1737 1826 causam
1765 1786 1841 1838 agit
1868 1787 1917 1826 ad
1946 1786 2163 1826 cedendum
2198 1785 2402 1833 inducere,
2431 1786 2511 1823 sive

1444 1843 1492 1883 ad
1521 1840 1856 1890 componendum,
1886 1839 1966 1878 sine
1994 1839 2203 1879 adversarii
2232 1839 2387 1877 damno.

1495 1897 1555 1934 An
1574 1905 1736 1933 warum
1750 1905 1938 1933 mesanum
1957 1893 2074 1943 quod,
2090 1893 2186 1932 sicut
2205 1892 2350 1942 supra*
2369 1892 2509 1931 dictum

1445 1956 1521 1998 est,
1548 1947 1655 1987 militi
1686 1947 1749 1985 vel
1778 1946 1863 1986 duci
1892 1946 2076 1986 exercitus
2104 1946 2190 1984 licet
2217 1946 2256 1984 in
2285 1945 2384 1983 bello
2412 1945 2510 1984 iusto

1445 2014 1489 2039 ex
1509 2000 1653 2038 insidiis
1681 2011 1794 2049 agere
1815 2011 1859 2036 ea
1886 2012 1984 2049 quae
2014 2000 2138 2036 facere
2164 1999 2279 2037 debet
2304 1998 2512 2048 prudenter

1417 2063 1418 2066 ’
1445 2053 1684 2102 occultando,
1705 2065 1784 2092 non
1813 2060 1942 2092 autem
1962 2053 2161 2091 falsitatem
2183 2051 2441 2091 fraudulenter
2459 2052 2511 2088 fa-

1445 2107 1604 2146 ciendo:
1635 2106 1724 2155 quia
1751 2106 1863 2144 etiam
1891 2107 1988 2143 hosti
2011 2106 2133 2154 fidem
2161 2117 2315 2143 servare
2348 2111 2510 2154 oportet,

1445 2162 1541 2198 sicut
1559 2160 1709 2197 Tullius
1729 2159 1828 2207 dicit,
1850 2159 1886 2196 in
1909 2160 1958 2196 III
1978 2159 2024 2196 de
2043 2159 2150 2207 Offic.
2166 2158 2186 2181 ’¹‘
2205 2159 2317 2196 Unde
2338 2166 2375 2195 et
2394 2159 2512 2196 advo-

1446 2222 1530 2252 cato
1569 2213 1787 2255 defendenti
1819 2225 1975 2250 causam
2012 2212 2150 2250 iustam
2185 2212 2271 2249 licet
2307 2212 2513 2262 prudenter

1445 2267 1635 2305 occultare
1674 2278 1719 2304 ea
1756 2265 1892 2315 quibus
1932 2265 2108 2314 impediri
2144 2272 2274 2314 posset
2311 2277 2512 2313 processus

1445 2321 1545 2358 eius:
1575 2332 1655 2357 non
1685 2327 1813 2356 autem
1842 2318 1928 2355 licet
1955 2318 1990 2355 ei
2018 2318 2144 2366 aliqua
2172 2318 2329 2356 falsitate
2357 2318 2422 2355 uti.

1013 2387 1812 2407 —..——.——..——-—2-———-

374 2440 402 2474 α)
422 2438 513 2464 etlam.
526 2452 545 2457 -
563 2438 627 2464 Om.
644 2437 763 2462 PAGta.

374 2474 400 2508 β)
415 2473 580 2507 prodiderit.
591 2486 611 2493 -
624 2472 779 2506 perdiderit
797 2471 1080 2505 PADEFGfflKLch
1098 2476 1126 2496 et
1143 2479 1189 2496 xa.

353 2531 355 2534 .
373 2511 402 2545 γ)
421 2510 551 2536 idaim...
569 2509 722 2535 uuerdan-1¹5.
734 2522 753 2528 -
771 2508 858 2535 ideo...
878 2507 1019 2534 mereberis
1038 2508 1067 2533 P.

1495 2434 1520 2468 δ)
1540 2441 1681 2460 excusare.
1694 2448 1714 2453 -—
1731 2433 1860 2459 excusari
1878 2432 1999 2462 Poena,
2019 2431 2130 2464 (omisso
2149 2432 2316 2465 ignorantia)
2336 2439 2463 2458 accusare
2482 2433 2511 2459 Ε.

1497 2471 1519 2503 ε)
1539 2477 1626 2503 quem.
1638 2483 1658 2490 -
1675 2469 1773 2495 iniuste
1791 2469 1889 2493 addunt
1906 2468 1954 2493 Pa.

999 2587 1334 2622 Commentario
1356 2586 1609 2622 Garamans
1631 2567 1832 2620 catenam

352 2681 373 2705 u
394 2670 530 2703 articulo
553 2669 700 2702 secundo
724 2675 755 2702 et
782 2667 876 2700 tertio
903 2667 985 2700 nihil
1007 2667 1144 2701 occurrit
1167 2667 1387 2704 scribendum,
1414 2699 1417 2716 l

325 2683 414 2748 Iuisi
437 2715 527 2757 quod
549 2713 583 2746 in
604 2713 698 2747 tertio
714 2712 848 2746 articulo
872 2712 1054 2745 memineris
1070 2711 1284 2755 ignorantiam
1301 2722 1388 2743 excu-
1414 2717 1417 2766 ζ

322 2769 391 2792 sare
411 2759 543 2801 quando
567 2765 614 2791 est
634 2767 731 2791 causa
753 2765 841 2790 actus
866 2763 897 2789 et
918 2767 986 2788 non
1001 2763 1049 2788 est
1071 2763 1248 2798 peccatum.
1272 2756 1314 2786 Et
1337 2766 1391 2788 vo-
1415 2773 1417 2792 ι

320 2810 411 2838 eamr
432 2801 611 2843 ignorantia
634 2812 728 2835 causa
748 2808 838 2833 actus
860 2801 1003 2844 qnando,
1027 2800 1053 2831 si
1077 2800 1231 2837 scivisset,
1256 2810 1322 2831 non
1345 2800 1389 2831 fe·
1415 2802 1417 2840 ζ

320 2848 424 2880 cisset.
454 2847 512 2880 Est
534 2855 666 2888 quoque
694 2845 761 2877 sine
783 2853 914 2886 peccato
944 2845 1076 2888 quando
1106 2851 1153 2876 est
1175 2844 1309 2876 alicuius
1332 2844 1390 2876 cir·
1415 2845 1417 2880 Ι

318 2891 530 2925 ευωςωιιτίαε
557 2900 660 2933 quam
686 2899 754 2922 non
776 2896 883 2932 potest
905 2896 961 2922 aut
983 2899 1050 2920 non
1073 2895 1198 2921 venetur
1221 2888 1318 2927 scire,
1342 2894 1389 2925 et,

321 2937 349 2970 si
371 2943 497 2969 tenetur
512 2935 600 2971 scire,
622 2944 691 2967 non
714 2933 775 2966 fuit
797 2932 959 2975 negligens
982 2940 1019 2965 ut
1041 2933 1144 2966 sciret,

378 2982 420 3013 Et
450 2981 527 3013 haec
551 2978 739 3020 ampliando
769 2978 810 3009 ad
840 2978 1048 3014 advocatum,
1071 2977 1249 3017 perspicere
1273 2976 1391 3017 poteris

1435 2666 1471 2698 ,si
1494 2673 1660 2699 excusatus
1681 2672 1729 2697 est
1750 2675 1770 2698 a
1782 2664 1982 2698 defendendo
2001 2664 2154 2696 iniustam
2173 2674 2301 2697 causam
2319 2663 2509 2704 ignoranter.

1443 2711 1509 2751 Qui
1532 2710 1619 2743 enim
1642 2709 1778 2743 omnino
1802 2709 2016 2742 defendissent
2036 2708 2102 2743 sive
2121 2708 2239 2741 iustam
2261 2708 2326 2740 sive
2349 2708 2509 2745 iniustam,

1443 2755 1590 2797 quamvis
1625 2753 1766 2788 nesciant
1795 2754 1964 2790 iniustam,
1989 2763 2055 2785 non
2083 2763 2120 2784 ex
2142 2752 2330 2796 ignorantia,
2354 2753 2409 2785 sed
2437 2763 2510 2785 curn

1442 2798 1630 2839 ignorantia,
1655 2808 1737 2839 quae
1760 2808 1826 2829 non
1851 2804 1994 2834 excusat,
2019 2797 2258 2838 patrocinantur
2287 2796 2412 2829 iniuste.
2445 2797 2509 2834 Qui

1444 2843 1540 2876 etiarn
1563 2853 1631 2876 non
1655 2849 1767 2875 curant
1794 2842 1969 2875 discernere
1993 2848 2024 2874 et
2051 2848 2213 2884 penetrare
2243 2851 2284 2874 au
2311 2841 2429 2874 iustam
2460 2841 2509 2871 vel

1442 2887 1595 2921 iniustam
1613 2897 1743 2919 causam
1758 2886 1940 2928 suscipiant,
1961 2885 2125 2919 manifeste
2140 2885 2305 2926 negligunt
2322 2885 2401 2916 scire
2421 2886 2509 2928 quod

1444 2938 1591 2965 tenentur
1606 2931 1695 2965 scire.
1715 2930 1782 2969 Qui
1799 2937 1908 2963 autem
1924 2940 1962 2962 ex
1977 2929 2233 2970 contingentibus
2250 2929 2328 2963 nihil
2347 2929 2508 2967 omittunt,

1444 2975 1505 3007 tuti
1518 2975 1682 3012 incedunt,
1697 2974 1794 3007 etiam
1816 2974 1842 3008 si
1866 2981 1979 3007 errant.

1109 3112 1430 3155 ARTICULUS
1459 3111 1736 3162 QUARTUS

614 3208 771 3240 UTRUM
794 3206 1038 3238 ADvocATo
1062 3205 1222 3237 LICEAT
1247 3205 1332 3237 PRo
1357 3205 1441 3237 suo
1466 3205 1734 3237 PATRomNJo
1758 3205 1982 3236 PECUNIAM
2006 3204 2220 3236 Ace1PERE

1052 3285 1086 3309 IV
1105 3284 1189 3314 Sent„
1209 3285 1268 3309 dist.
1286 3292 1342 3314 xxv,
1362 3292 1406 3317 qu.
1425 3291 1462 3316 111,
1482 3290 1528 3309 art.
1550 3292 1573 3315 2,
1593 3284 1642 3317 qn⁸
1663 3291 1686 3316 2,
1706 3285 1737 3309 ad
1756 3292 1782 3318 9.

367 3391 370 3401 .
398 3389 421 3411 ,2
443 3388 515 3430 tm<
540 3379 563 3403 D
583 3376 757 3409 QUARTUM
775 3376 828 3401 sn:
853 3375 1093 3402 PROCEDlTUR.
1107 3364 1268 3401 Videtur
1285 3363 1393 3412 quod

379 3432 409 3447 '¹
470 3415 510 3463 ’,ἢ
541 3419 730 3457 advocato
749 3429 827 3454 non
856 3417 966 3454 liceat
991 3430 1062 3466 pro
1082 3430 1152 3454 suo
1181 3417 1393 3466 patrocinio

349 3506 369 3521 ,Ἴ
411 3523 421 3530 .
446 3523 454 3529 .
478 3460 744 3522 ’(Ρεωῐιὶειιῐι
773 3470 956 3519 accipere.
992 3470 1122 3518 Opera
1150 3470 1252 3507 enim
1282 3470 1392 3507 mise-

2533 518 2544 527 ·
2552 517 2602 544 Qu.
2610 522 2666 541 exn.
2675 523 2687 538 a

2689 520 2744 545 r1.7.

2540 1895 2551 1904 ⁸
2558 1894 2606 1921 Qu.
2614 1899 2651 1921 xz,
2659 1898 2702 1915 nrt.
2712 1900 2732 1922 3.

2539 2162 2549 2171 ‘⁸
2563 2161 2621 2189 Cap.
2636 2167 2701 2183 xxix.

1445 3363 1722 3401 munerationis
1745 3363 1936 3401 facienda:
1961 3363 2172 3400 secundum
2191 3362 2282 3399 illud
2298 3363 2390 3399 Luc.
2403 3361 2507 3398 X1v*:
2536 3367 2546 3377 ·
2584 3373 2596 3388 0
2644 3373 2652 3388 ¹

1451 3418 1546 3454 Cum
1554 3417 1660 3465 facis
1673 3417 1880 3465 prandium
1908 3422 1973 3453 aut
1991 3428 2135 3462 cenam,
2156 3415 2235 3452 noli
2250 3427 2388 3452 vocare
2415 3415 2508 3451 ami-

1445 3482 1508 3507 cos
1536 3476 1617 3507 tuos
1645 3482 1764 3518 neque
1791 3470 1932 3507 vicinos
1959 3469 2099 3514 divites,
2120 3480 2167 3505 ne
2182 3469 2290 3517 forte
2318 3474 2353 3505 et
2379 3469 2450 3516 ipsi
2475 3474 2509 3504 te

476 3540 483 3554 ›
523 3525 728 3563 ricordiae
757 3536 836 3560 non
858 3530 943 3560 sunt
970 3522 1104 3559 intuitu
1123 3523 1316 3560 humanae
1337 3535 1392 3560 re·
1419 3530 1421 3573 ξ
1447 3523 1659 3569 reinvitent,
1690 3529 1725 3559 et
1748 3524 1827 3570 fiat
1861 3522 1926 3559 tihi
1955 3522 2158 3559 retributio.
2202 3522 2279 3559 Sed
2315 3529 2506 3570 praestare
