2860 4244
152 613 161 622 ⁸
176 611 211 632 Ad
227 610 290 631 Rom.
311 615 362 636 cap.

152 643 193 661 xu,
210 643 266 658 vers.
281 642 301 664 3.

156 1316 167 1327 ⁸
181 1315 249 1336 Num.
265 1320 281 1336 1.

257 3181 300 3201 1,n.
310 3181 383 3202 4sqq.

175 3175 270 3223 ἶὲερῂι.
283 3202 335 3223 lect.
346 3208 361 3223 1.

265 3353 289 3372 n.
305 3353 327 3369 n.
339 3353 368 3375 13.
376 3359 385 3363 -

178 3347 254 3395 Sc'aili.
270 3374 321 3395 lect.
343 3380 373 3395 iv.

387 271 460 308 366

385 348 541 389 loquitur,
565 354 595 378 et
623 356 764 386 expresse
788 345 862 376 dicit
891 345 980 384 quod
1003 343 1087 383 apud
1111 342 1217 372 Deum
1240 340 1307 370 sola
1331 339 1440 379 poeni-
1465 340 1468 378 ¹,

386 393 481 423 tentia
497 401 579 432 opus
594 397 649 421 est.
675 390 707 421 Si
723 398 860 429 namque
875 387 996 428 sufficit
1017 386 1165 416 Creatori
1175 394 1237 425 per
1251 384 1353 414 solam
1363 393 1442 433 poe-
1467 384 1469 424 l,

387 437 550 467 nitentium
570 435 602 465 in
618 434 752 464 simonia
767 432 894 462 mentali
917 430 1116 471 satisfacere,
1134 439 1199 459 non
1216 437 1290 468 ergo
1308 434 1342 458 ut
1358 433 1443 458 satis·
1468 434 1470 474 ἶ

387 480 478 510 faciat
494 480 573 515 Deo,
590 479 622 508 in
642 478 712 508 foro
730 475 938 507 conscientiae
953 480 1076 505 tenetur
1092 473 1131 502 ad
1155 472 1257 506 aliud,
1275 478 1353 512 puta
1369 471 1444 501 resi-

387 524 579 564 gnationem,
599 521 838 555 restitutionem,
857 526 913 549 etc.
938 519 1011 549 Non
1035 523 1181 547 tenentur
1200 526 1274 555 ergo
1292 515 1444 546 mentales

388 567 561 602 simoniaci,
579 576 614 596 ex
639 564 771 595 naturali
795 570 825 594 et
841 563 948 593 divino
971 562 1047 597 iure,
1066 561 1126 591 nisi
1150 561 1189 590 ad
1205 559 1444 600 poenitentiam.
1472 597 1473 611 χ

444 612 495 642 IV.
513 610 596 647 Quia
612 609 706 648 igitur
722 618 784 638 non
809 611 931 647 oportet
941 606 1018 645 plus
1034 614 1146 645 sapere
1161 614 1257 645 quam
1274 609 1397 644 oportet
1412 603 1445 639 *;

389 663 418 685 et
435 653 594 685 decretalis
609 653 662 683 illa
674 659 845 692 utrumque
862 650 945 686 dicit,
959 649 1076 680 scilicet
1090 656 1121 679 et
1136 649 1225 689 quod
1241 649 1327 688 apud
1341 649 1447 678 Deum
1474 687 1475 691 Ἰ

389 698 502 729 sufficit
525 697 592 728 sola
611 695 814 736 poenitentia,
833 703 862 726 et
878 694 1022 724 absolute
1046 693 1134 733 quod
1152 702 1215 723 non
1239 697 1389 723 tenentur
1405 692 1448 722 ad
1474 699 1476 731 ς,

390 743 636 782 resignationem
661 740 876 780 spiritualium
911 743 940 768 et
971 737 1193 778 temporalium
1225 746 1326 777 quae,
1359 736 1447 766 nullo

386 792 496 828 pacm,
521 785 577 816 sed
599 784 716 824 affectu
740 784 842 813 animi
858 781 1072 822 praecedente
1094 781 1245 821 utrinque
1267 781 1375 811 taliter
1397 790 1450 810 ac·
1476 819 1477 823 Ἰ

388 831 578 870 quir-untur:
593 829 665 858 ideo
678 827 821 858 absolute
836 826 1007 856 dicendum
1020 832 1066 856 est
1077 825 1167 866 quod
1183 824 1348 855 simoniaci
1365 834 1450 854 men·
1476 838 1478 870 ¹.

389 874 473 909 tales,
497 873 559 903 hoc
582 879 628 902 est
651 872 717 902 sine
741 870 830 901 omni
847 870 1068 905 conventione,
1092 878 1157 899 non
1181 875 1338 906 tenentur,
1356 869 1451 899 etiam
1476 872 1478 908 ξ

389 918 421 948 in
438 917 508 947 foro
524 915 742 950 conscientiae,
759 915 798 945 ad
818 914 1052 945 restitutionem
1067 923 1180 944 eorum
1196 923 1278 954 quae
1294 923 1331 944 ex
1345 920 1452 943 mente
1477 909 1478 935 l

390 970 419 993 et
443 961 553 992 affectu
575 959 750 990 simoniaco
773 958 990 999 acquiruntur,
1013 957 1078 988 sive
1103 957 1165 988 sint
1190 957 1365 997 spiritualia
1388 957 1452 987 sive
1477 964 1480 969 ·

389 1005 589 1045 temporalia,
614 1004 668 1034 sed
692 1003 760 1034 sola
784 1003 827 1033 eis
851 1002 1045 1043 poenitentia
1068 1001 1192 1032 sufficit.
1223 1002 1315 1032 Unde
1339 1011 1452 1032 omnes

390 1049 553 1080 simoniaci
570 1059 587 1079 a
603 1058 710 1084 manu,
727 1047 835 1087 lingua
850 1047 899 1077 vel
916 1046 1082 1087 obsequio,
1097 1056 1162 1076 non
1179 1055 1215 1076 ex
1231 1046 1452 1082 conventione,

390 1094 444 1124 sed
459 1104 495 1124 ex
515 1092 679 1134 principali
699 1102 754 1132 spe
774 1091 838 1122 sive
854 1091 965 1122 affectu
982 1091 1059 1121 haec
1075 1090 1184 1120 dantes
1198 1090 1250 1120 vel
1268 1090 1454 1131 recipientes

391 1145 519 1178 propter
535 1136 717 1177 spiritualia,
742 1142 874 1176 peccant
897 1135 1072 1166 mortaliter
1095 1141 1226 1174 peccato
1243 1134 1407 1170 simoniae,
1426 1142 1456 1165 et
1480 1177 1482 1180 y

391 1189 465 1212 sunt
484 1182 516 1212 in
539 1189 620 1212 statu
638 1180 848 1211 damnationis
872 1186 1013 1210 aeternae
1038 1178 1180 1220 quandiu
1204 1186 1404 1218 perseverant
1423 1179 1456 1209 in
1480 1189 1482 1203 Ξ

390 1226 444 1257 tali
455 1227 539 1256 malo
553 1226 674 1256 animo:
693 1225 747 1255 sed
762 1235 827 1254 non
844 1231 991 1255 tenentur
1006 1224 1046 1254 ad
1063 1223 1288 1262 resignandum
1305 1230 1359 1254 aut
1371 1223 1456 1254 resti-

391 1271 547 1302 tuendum
565 1270 667 1301 taliter
682 1275 818 1309 accepta.
841 1269 881 1299 Et
897 1268 939 1299 sic
956 1267 1168 1299 communiter
1192 1267 1306 1297 servari
1321 1267 1455 1298 videtur.

447 1315 497 1345 Ad
520 1314 712 1345 obiectiones
731 1320 839 1343 autem
854 1313 886 1342 in
903 1312 1091 1353 oppositum
1107 1309 1132 1348 ¹⁸²,
1158 1322 1194 1342 ex
1210 1311 1327 1352 quibus
1345 1311 1457 1342 clarior
1482 1315 1483 1322 ¹

392 1358 445 1389 fiet
466 1358 597 1394 veritas,
623 1358 793 1389 dicendum
817 1364 873 1387 est.
904 1357 944 1388 Et
967 1357 1006 1387 ad
1037 1357 1191 1397 primam,
1216 1366 1298 1396 quae
1322 1355 1456 1386 difficilis

391 1403 481 1433 valde
505 1410 559 1439 est,
585 1402 697 1433 dicitur
720 1401 808 1442 quod
833 1401 917 1431 datio
940 1401 991 1432 vel
1014 1401 1155 1441 acceptio
1180 1407 1285 1441 potest
1308 1411 1375 1431 esse
1397 1401 1458 1431 illi-

392 1447 451 1477 cita
474 1447 649 1487 dupliciter.
678 1447 751 1477 Uno
776 1447 892 1482 modo,
917 1446 1095 1476 secundum
1119 1445 1222 1485 ipsam
1245 1445 1384 1475 formam
1407 1456 1459 1476 ex·
1483 1442 1485 1487 ξ
1512 1442 1657 1473 suadeat:
1686 1442 1832 1483 quamvis
1856 1443 1943 1473 enim
1965 1442 2111 1484 princeps
2142 1443 2242 1484 possit
2265 1453 2302 1474 ex
2325 1443 2393 1474 sola
2415 1443 2580 1475 voluntate

392 1491 512 1521 terioris
536 1498 623 1522 actus
646 1501 744 1531 quem
760 1489 915 1531 significat
930 1497 995 1520 tam
1018 1490 1104 1520 datio
1124 1500 1223 1530 quam
1243 1490 1398 1530 acceptio:
1424 1497 1459 1521 ut
1484 1501 1485 1506 ¹

394 1545 467 1565 cum
491 1542 577 1566 actus
602 1535 696 1565 dandi
720 1535 771 1565 vel
794 1534 966 1574 accipiendi
991 1544 1028 1564 ex
1044 1544 1100 1564 sua
1117 1534 1261 1565 exteriori
1286 1533 1389 1564 forma
1412 1542 1459 1565 est
1484 1533 1485 1546 ³

393 1579 542 1616 venditio,
567 1579 687 1621 emptio
711 1586 742 1610 et
765 1578 961 1610 huiusmodi.
987 1578 1060 1609 Alio
1085 1579 1201 1615 modo,
1226 1588 1263 1609 ex
1286 1579 1356 1609 solo
1379 1579 1458 1609 inte-

394 1624 468 1654 riori
492 1624 619 1655 affectu:
651 1631 727 1664 puta
755 1624 830 1664 quia
853 1630 941 1654 actus
965 1623 1099 1654 exterior
1121 1623 1299 1654 secundum
1323 1624 1459 1653 modum
1485 1619 1486 1622 ¹

394 1676 424 1699 et
446 1668 584 1699 formam
611 1668 746 1699 exterius
775 1668 869 1698 habet
891 1667 1048 1698 rationem
1076 1667 1257 1698 donationis
1285 1667 1459 1707 gratuitae,
1485 1667 1486 1671 ’

395 1713 449 1743 sed
477 1723 514 1743 ex
545 1713 614 1743 solo
645 1712 757 1743 affectu
787 1711 927 1743 interiori
958 1712 1052 1742 habet
1078 1711 1234 1742 rationem
1257 1712 1459 1743 venditionis.

395 1758 516 1796 Regula
543 1757 612 1793 illa,
639 1757 777 1794 Quando
814 1756 900 1787 datio
931 1761 961 1786 et
994 1757 1134 1796 acceptio
1163 1761 1209 1786 est
1241 1757 1371 1794 illicita,
1397 1767 1459 1788 non
1485 1753 1487 1763 ⁴

389 1806 495 1842 potest
519 1803 652 1832 retineri
671 1801 779 1832 taliter
792 1801 994 1840 acquisitum,
1020 1800 1205 1840 intelligitur
1228 1801 1267 1831 de
1286 1801 1414 1831 datione
1431 1809 1461 1832 et

396 1845 579 1886 acceptione
601 1845 709 1876 illicita
732 1845 836 1885 primo
857 1845 966 1880 modo,
984 1852 1014 1875 et
1033 1855 1098 1874 non
1123 1845 1281 1876 secundo:
1306 1845 1459 1887 quoniam
1487 1866 1488 1876 2

397 1890 501 1930 primo
524 1890 622 1920 modo
645 1890 729 1920 datio
754 1896 783 1919 et
807 1888 947 1929 acceptio
971 1896 1017 1919 est
1040 1899 1096 1929 per
1118 1899 1150 1919 se
1173 1889 1295 1925 illicita;
1321 1891 1461 1920 secundo

398 1942 505 1965 autern
528 1935 627 1964 modo
649 1941 695 1964 est
717 1933 823 1964 illicita
846 1943 902 1974 per
916 1933 1070 1969 accidens,
1087 1933 1162 1974 quia
1181 1944 1247 1964 non
1263 1944 1300 1964 ex
1316 1935 1415 1964 modo
1433 1942 1463 1966 et

398 1979 501 2009 forma
531 1979 690 2015 exteriori,
716 1978 769 2008 sed
800 1988 837 2007 ex
860 1978 1008 2008 adiuncta
1033 1978 1115 2008 mala
1137 1978 1323 2009 intentione.
1356 1979 1397 2009 Et
1419 1979 1462 2010 sic

398 2031 444 2054 est
467 2024 499 2054 in
522 2023 700 2064 proposito.
728 2022 813 2053 Cum
838 2022 922 2052 enim
946 2022 1014 2052 sola
1037 2022 1173 2052 simonia
1196 2023 1341 2053 mentalis
1365 2023 1463 2054 utrin-

398 2078 461 2108 que
484 2067 660 2103 intervenit,
685 2066 771 2097 datio
797 2073 826 2097 et
850 2066 990 2106 acceptio
1015 2073 1062 2097 est
1080 2066 1187 2097 illicita
1204 2077 1269 2097 non
1286 2068 1463 2098 secundum

399 2112 585 2143 exteriorem
608 2112 755 2146 formam,
780 2111 835 2141 sed
857 2121 894 2141 ex
910 2111 1058 2141 adiuncta
1074 2111 1213 2142 interiori
1230 2111 1405 2142 intentione
1421 2112 1465 2143 ita

399 2157 468 2187 sola
498 2157 586 2197 quod
610 2166 676 2186 non
699 2155 792 2186 efficit
815 2155 848 2185 in
871 2162 943 2186 actu
967 2155 1112 2186 exteriori
1134 2154 1223 2186 illam
1246 2156 1390 2197 iniquam
1414 2167 1464 2187 ex-

399 2201 547 2231 teriorem
571 2200 723 2231 formam:
749 2199 903 2240 quoniam
926 2199 979 2229 ille
999 2199 1055 2240 qui
1075 2200 1137 2236 dat,
1162 2210 1218 2240 per
1232 2201 1367 2231 modum
1387 2201 1464 2232 doni

400 2246 462 2282 dat,
479 2252 509 2275 et
529 2255 593 2275 non
613 2255 668 2285 per
684 2244 821 2274 modum
836 2244 1037 2280 venditionis,
1056 2243 1129 2275 licet
1148 2244 1233 2275 intus
1252 2245 1365 2276 habeat
1383 2245 1465 2276 hanc

401 2290 615 2330 iniquitatem;
641 2295 671 2319 et
694 2288 836 2319 similiter
859 2289 912 2318 ille
935 2288 991 2329 qui
1014 2288 1137 2329 accipit,
1162 2299 1217 2329 per
1234 2290 1367 2320 modum
1388 2290 1465 2321 doni

402 2334 525 2374 accipit,
547 2333 620 2364 licet
643 2334 728 2364 intus
751 2342 789 2363 ex
812 2332 922 2373 iniqua
944 2333 1108 2363 voluntate
1131 2341 1224 2365 emat.

458 2378 508 2408 Ad
537 2378 708 2408 secundam
737 2377 948 2408 obiectionem
980 2377 1094 2407 dicitur
1121 2378 1210 2418 quod
1237 2378 1467 2419 praesupponit

403 2431 506 2452 unum
529 2422 655 2457 falsum,
679 2421 824 2451 videlicet
847 2422 936 2462 quod
959 2421 1128 2461 episcopus
1152 2429 1295 2453 teneatur
1317 2424 1356 2453 ad
1381 2423 1465 2454 resti-

403 2466 561 2496 tutionem
585 2466 669 2495 illius
693 2465 846 2506 pecuniae
869 2475 966 2506 quam
986 2476 1023 2496 ex
1039 2466 1168 2497 mentali
1185 2467 1320 2497 simonia
1337 2467 1466 2507 accepit.

404 2510 492 2541 Patet
515 2519 653 2550 namque
677 2509 710 2540 in
728 2516 814 2540 textu
838 2509 999 2540 decretalis
1014 2510 1099 2540 illius
1122 2511 1211 2550 quod
1235 2521 1292 2541 nec
1316 2512 1354 2541 ad
1378 2511 1467 2552 spiri-

404 2554 541 2585 tualium
565 2564 622 2584 nec
641 2554 680 2583 ad
703 2554 928 2593 temporalium
951 2554 1053 2584 taliter
1069 2554 1298 2594 acquisitorum
1323 2562 1469 2586 tenentur

405 2598 571 2629 simoniaci
595 2597 747 2628 mentales
771 2598 929 2638 utrinque.

462 2643 511 2672 Ad
534 2642 658 2673 tertiam
679 2641 901 2677 obiectionem,
926 2651 1007 2682 quae
1031 2652 1048 2671 a
1067 2642 1305 2679 Panormitano,
1328 2642 1360 2672 in
1384 2643 1468 2674 dicto

407 2697 475 2727 cap.
493 2687 666 2724 Mandata,
691 2686 801 2716 diffuse
825 2693 983 2722 tractatur,
1008 2686 1168 2716 recitando
1191 2693 1239 2717 tot
1263 2687 1400 2717 rationes
1424 2687 1469 2717 di-

406 2731 557 2762 versitatis
580 2731 660 2761 inter
679 2730 859 2761 usurarium
876 2737 906 2761 et
925 2730 1137 2761 simoniacum
1152 2730 1318 2767 mentales;
1344 2732 1471 2762 omissis

407 2776 557 2806 omnibus
579 2785 660 2816 quae
676 2775 782 2805 minus
798 2774 988 2805 sufficienter
1006 2774 1067 2805 dici
1082 2774 1237 2811 videntur,
1259 2782 1294 2806 ut
1317 2782 1407 2815 potes
1427 2776 1470 2806 ibi

406 2820 530 2856 videre;
561 2819 694 2850 breviter
718 2819 830 2850 dicitur
857 2819 947 2860 quod
970 2819 1048 2850 ratio
1076 2829 1173 2859 quare
1197 2819 1358 2850 usurarius
1382 2830 1470 2851 men-

407 2864 477 2895 talis
505 2870 629 2895 tenetur
656 2863 696 2893 ad
724 2863 956 2895 restitutionem
979 2863 1046 2894 eius
1079 2864 1168 2904 quod
1191 2873 1257 2894 non
1281 2866 1388 2895 animo
1414 2865 1469 2895 do-

408 2908 503 2938 nandi
527 2919 544 2938 a
568 2907 761 2938 mutuatario
785 2908 895 2938 datum
912 2915 967 2944 est,
992 2907 1185 2938 simoniacus
1202 2914 1309 2938 autem
1325 2909 1470 2940 mentalis

409 2962 474 2982 non
501 2959 624 2982 tenetur
648 2952 687 2982 ad
710 2952 941 2983 restitutionem
965 2952 1032 2982 eius
1063 2952 1151 2992 quod
1179 2962 1197 2982 a
1220 2953 1350 2983 mentali
1373 2953 1469 2984 simo—

410 2996 500 3026 niaco
524 2996 631 3026 animo
655 2996 779 3026 emendi
802 2997 852 3026 vel
875 2996 1032 3027 vendendi
1055 3003 1102 3027 est
1130 2996 1300 3033 donatum,
1325 3005 1371 3029 est
1395 2997 1470 3038 quia

409 3040 498 3081 quod
520 3040 622 3070 taliter
646 3040 736 3070 datur
760 3040 913 3076 usurario,
938 3050 1004 3071 non
1028 3040 1120 3071 datur
1144 3048 1277 3081 sponte,
1302 3042 1357 3072 sed
1380 3042 1469 3072 invo-

409 3083 543 3114 luntarie
559 3082 782 3126 (involuntarie
799 3094 937 3125 namque
961 3085 1128 3115 solvuntur
1143 3095 1266 3121 usurae,
1283 3085 1469 3117 redimendo

410 3127 624 3158 vexationem:
642 3134 688 3157 est
704 3127 788 3157 enim
804 3128 846 3158 ibi
861 3128 1077 3159 voluntarium
1093 3129 1227 3160 mixtum
1244 3129 1469 3166 involuntario,

412 3179 446 3202 ut
466 3178 550 3211 patet
567 3181 603 3202 ex
619 3171 659 3201 111
676 3171 779 3202 Ethic.
791 3170 836 3213 *):
856 3173 944 3212 quod
961 3179 1067 3202 autem
1083 3173 1174 3203 datur
1190 3173 1366 3205 simoniaco
1382 3185 1470 3205 men—

411 3216 480 3251 tali,
505 3216 597 3246 datur
618 3215 811 3251 voluntarie,
836 3216 989 3256 quoniam
1019 3217 1110 3247 datur
1140 3217 1247 3247 animo
1272 3218 1397 3248 emendi
1420 3219 1471 3249 vel

412 3259 582 3295 vendendi;
606 3265 729 3290 constat
752 3259 838 3290 enim
870 3260 958 3300 quod
989 3266 1054 3290 tam
1082 3270 1185 3290 emere
1215 3271 1314 3301 quam
1336 3262 1471 3293 vendere

412 3303 581 3334 voluntarii
605 3310 783 3334 contractus
807 3310 891 3339 sunt,
915 3304 1034 3344 absque
1057 3303 1271 3335 involuntario
1295 3305 1412 3342 mixto,
1436 3313 1471 3337 ut

413 3357 449 3378 ex
466 3348 493 3378 V
507 3345 606 3379 Ethic.
623 3347 640 3367 *
665 3348 769 3378 habes.
799 3348 855 3378 Est
876 3347 971 3388 igitur
994 3354 1062 3378 tota
1082 3347 1266 3379 diversitatis
1289 3349 1368 3380 ratio
1386 3349 1471 3380 diffe-
1498 3359 1499 3362 ¹

413 3391 511 3422 rentia
534 3391 614 3422 inter
635 3392 852 3422 voluntarium
875 3398 905 3422 et
928 3391 1195 3422 involuntarium:
1220 3392 1296 3433 quia
1318 3393 1360 3424 ibi
1384 3393 1472 3424 invo—

414 3435 545 3466 luntarie
569 3435 669 3471 datur,
694 3442 724 3466 et
746 3435 818 3466 ideo
842 3436 1072 3467 restituendum
1087 3443 1147 3472 est;
1172 3436 1222 3467 hic
1238 3443 1345 3468 autem
1360 3438 1472 3469 volun—

414 3479 499 3514 tarie,
524 3486 554 3509 et
576 3479 648 3509 ideo
672 3489 737 3509 non
761 3487 806 3510 est
830 3479 1019 3511 restitutioni
1043 3480 1230 3511 obnoxium.

470 3523 508 3553 V.
534 3523 567 3552 ln
592 3523 796 3563 responsione
819 3524 858 3554 ad
877 3524 1050 3564 septimum
1073 3524 1216 3555 eiusdem
1231 3524 1335 3556 ultimi
1351 3525 1472 3557 articuli

415 3566 607 3606 quaestionis
631 3567 826 3603 centesimae,
851 3568 974 3599 adverte
997 3569 1084 3609 quod
1107 3568 1208 3599 littera
1223 3569 1373 3600 defectiva
1389 3570 1473 3601 vide—

416 3617 481 3640 tur:
506 3610 660 3650 quoniam
683 3610 783 3642 defuit
805 3611 836 3652 ly
860 3613 1036 3643 ordinatus.
1061 3613 1162 3644 Debet
1185 3613 1270 3643 enim
1294 3614 1394 3645 dicere
1412 3614 1468 3645 sic:

1090 262 1355 310 QUAESTIO
1385 262 1435 308 C,
1465 261 1762 298 ARTICULUS
1791 261 1842 297 VI

1499 337 1564 374 Qui
1580 342 1626 368 est
1642 338 1812 368 ordinatus
1828 337 1878 368 vel
1892 337 2109 378 beneficiatus,
2126 343 2200 367 etc.:
2220 346 2295 366 nam
2312 342 2435 367 constat
2453 346 2564 367 secun-

1498 381 1576 411 dum
1600 391 1723 417 omnes,
1748 388 1778 412 et
1801 381 1934 411 habetur
1956 381 2061 416 Extra,
2084 380 2124 411 de
2146 381 2307 418 Simonia,
2332 390 2401 421 cap.
2417 380 2453 411 Si
2475 382 2565 422 quis,

1498 425 1588 465 quod
1605 435 1679 455 cum
1696 425 1840 456 ordinato
1854 424 1986 455 scienter
2001 424 2173 456 simoniace
2193 424 2280 455 solus
2293 424 2380 465 Papa
2395 424 2566 465 dispensat.

1553 469 1637 499 Nota
1662 470 1813 506 secundo,
1838 470 1927 510 quod
1951 470 2071 510 Papam
2094 478 2188 509 posse
2206 466 2386 509 dispensare
2402 468 2436 499 in
2454 468 2568 509 poenis

1500 522 1575 543 curn
1599 514 1688 543 omni
1712 513 1899 549 simoniaco,
1922 523 1988 544 non
2012 520 2058 544 est
2082 512 2232 549 dubium;
2261 513 2316 543 sed
2345 522 2385 543 an
2409 512 2571 553 dispenset

1472 591 1473 596 ¹
1500 557 1570 597 ipso
1595 557 1678 588 facto
1703 567 1778 588 cum
1801 557 2074 588 committentibus
2090 567 2199 588 secum
2215 557 2396 593 simoniam,
2419 556 2455 587 in
2473 566 2570 597 quae-

1501 601 1639 631 stionem
1654 601 1784 632 vertitur
1798 602 1879 632 inter
1892 602 2054 632 doctores:
2078 601 2271 642 quibusdam
2288 601 2465 632 dicentibus
2481 601 2571 642 quod

1502 646 1587 685 Papa
1610 645 1793 685 intelligitur
1809 646 1989 686 dispensare
2005 646 2039 676 in
2053 646 2107 676 tali
2124 656 2208 682 casu,
2233 646 2308 687 quia
2331 645 2461 676 scientia
2484 645 2571 686 prin-

1503 689 1580 729 cipis
1609 696 1739 729 purgat,
1767 690 1848 720 sicut
1877 690 2062 731 intelligitur
2091 690 2272 730 dispensare
2304 700 2379 720 cum
2409 689 2572 730 irregulari

1475 755 1476 758 ,
1503 732 1697 764 conferendo
1728 733 1756 763 ei
1787 734 1919 764 scienter
1943 734 2089 765 ordinem
2111 735 2162 765 vel
2190 733 2399 770 beneficium,
2423 734 2500 774 quia
2525 733 2573 763 in-

1476 808 1477 811 ,
1503 777 1604 808 tendit
1627 777 1715 818 quod
1740 787 1817 808 suus
1841 784 1929 808 actus
1953 778 1993 809 sit
2015 778 2138 809 efficax:
2164 779 2202 809 de
2226 778 2344 809 horum
2365 788 2502 809 numero
2526 783 2574 808 est

1504 822 1614 852 Petrus
1639 822 1677 851 de
1701 822 1830 858 Palude,
1855 822 1888 852 in
1911 823 2044 859 Quarto,
2070 823 2141 853 dist.
2157 833 2226 859 xxv,
2251 833 2305 864 qu.
2323 833 2364 860 tv,
2383 829 2441 854 art.
2463 833 2472 853 1
2493 822 2526 852 *ε
2551 839 2573 845 -

1505 865 1573 896 aliis
1597 875 1672 896 vero
1701 865 1909 896 sentientibus
1937 866 2144 907 oppositum,
2168 867 2244 907 quia
2271 867 2329 898 etsi
2351 868 2437 907 Papa
2465 873 2575 907 posset

1506 910 1701 950 dispensare,
1727 920 1793 940 non
1816 917 1923 941 tamen
1948 910 2218 942 communicando
2246 911 2280 942 in
2303 911 2435 942 crimine
2457 911 2574 943 intelli-

1505 954 1590 995 gitur
1613 954 1810 995 dispensare:
1836 954 1875 985 de
1894 955 2012 986 horum
2035 965 2171 986 numero
2195 961 2242 986 est
2264 955 2520 992 Panormitanus,
2541 955 2575 985 in

1478 995 1480 1042 Ἀ
1507 1008 1575 1039 cap.
1599 1009 1608 1028 1
1637 999 1677 1029 de
1700 998 1855 1029 Simonia.

1563 1043 1696 1073 Videtur
1718 1050 1825 1074 autem
1849 1043 1927 1073 mihi
1951 1044 2041 1084 quod
2064 1043 2142 1074 haec
2166 1044 2305 1074 secunda
2324 1043 2436 1084 opinio
2460 1042 2576 1075 rationi

1507 1094 1538 1118 et
1559 1087 1681 1118 veritati
1703 1087 1865 1123 innitatur,
1891 1086 2010 1128 duph'Ei
2034 1087 2165 1118 ratione.
2197 1088 2306 1119 Primo
2330 1088 2420 1129 quia,
2445 1097 2518 1119 cum
2543 1088 2577 1118 in

1480 1169 1481 1172 Ἴ
1507 1131 1562 1162 tali
1585 1141 1659 1162 casu
1683 1142 1749 1162 non
1772 1132 1963 1163 interveniat
1981 1132 2174 1172 dispensatio
2194 1142 2250 1163 seu
2266 1132 2344 1163 iuris
2357 1132 2508 1164 relaxatio
2526 1142 2578 1163 ex-

1480 1207 1482 1218 ,
1508 1186 1630 1216 presse,
1656 1186 1723 1206 non
1747 1176 1807 1207 alia
1829 1176 1951 1207 ratione
1982 1184 2087 1217 potest
2115 1177 2176 1208 dici
2200 1177 2290 1218 quod
2318 1177 2370 1208 hic
2391 1176 2579 1208 interveniat

1509 1219 1703 1260 dispensatio
1723 1220 1784 1250 nisi
1807 1221 1883 1261 quia
1906 1221 2177 1261 praesumendum
2192 1229 2238 1252 est
2261 1221 2351 1262 quod
2373 1221 2460 1262 Papa
2474 1221 2578 1252 inten-

1482 1305 1483 1311 Ὶ
1510 1265 1564 1294 dat
1586 1264 1657 1304 ipso
1681 1274 1741 1294 suo
1766 1264 1849 1296 facto
1874 1265 2063 1305 dispensare.
2096 1266 2158 1297 Sed
2180 1266 2298 1297 falsum
2321 1272 2367 1296 est
2390 1265 2578 1297 intervenire

1510 1308 1561 1339 hic
1577 1308 1846 1348 dispensationem
1865 1317 2113 1350 praesumptam.
2138 1310 2224 1351 Ergo
2241 1310 2328 1341 nulla
2347 1310 2398 1341 hic
2411 1309 2580 1341 intervenit

1482 1373 1484 1385 .
1511 1352 1714 1394 dispensatio.
1745 1370 1764 1376 -
1792 1354 1948 1384 Probatur
1977 1354 2092 1385 minor.
2124 1354 2208 1392 Quia
2237 1355 2278 1385 ad
2307 1355 2580 1395 praesumendum

1511 1397 1600 1438 quod
1630 1397 1775 1438 princeps
1805 1398 1981 1438 dispenset,
2010 1398 2180 1439 requiritur
2209 1399 2298 1440 quod
2327 1406 2410 1430 recta
2437 1398 2518 1430 ratio
2545 1399 2580 1430 id

1512 1487 1708 1527 dispensare,
1733 1487 1759 1517 si
1783 1493 1890 1517 tamen
1913 1487 2063 1518 voluntas
2087 1487 2154 1518 eius
2178 1497 2323 1528 expressa
2346 1497 2413 1518 non
2436 1487 2579 1525 habetur,

1484 1547 1486 1572 3
1512 1541 1579 1562 non
1599 1531 1692 1562 debet
1714 1531 1874 1571 praesumi
1893 1532 1982 1572 quod
2001 1532 2162 1572 dispenset
2177 1532 2237 1562 nisi
2252 1539 2335 1563 recta
2350 1530 2472 1563 ratione
2490 1541 2581 1573 prae-

1513 1575 1731 1616 sumptionem
1748 1575 1934 1606 huiusmodi
1946 1577 2108 1608 suadente.
2124 1577 2186 1613 Sed
2201 1583 2284 1608 recta
2296 1576 2376 1607 ratio
2391 1587 2458 1607 non
2470 1577 2583 1609 suadet

1513 1620 1593 1656 hoc,
1618 1620 1673 1650 sed
1696 1620 1804 1660 potius
1828 1620 2028 1661 oppositum.
2059 1621 2144 1659 Quia
2167 1621 2236 1652 talis
2261 1621 2454 1662 dispensatio
2478 1627 2526 1652 est
2547 1621 2582 1653 in

1515 1665 1686 1695 maximam
1709 1665 1882 1705 perniciem
1897 1665 2075 1696 Ecclesiae:
2100 1675 2175 1696 nam
2191 1675 2228 1696 ex
2243 1665 2296 1696 illa
2318 1665 2407 1697 fieret
2429 1672 2465 1697 ut
2487 1666 2582 1697 sacri-

1486 1725 1487 1742 :
1514 1709 1575 1750 legi
1595 1716 1699 1740 essent
1720 1709 1854 1749 legitimi
1877 1716 2018 1749 pastores
2042 1717 2073 1741 et
2095 1720 2292 1750 possessores
2308 1711 2527 1747 ecclesiarum;
2552 1717 2584 1742 et

1514 1753 1634 1794 passim
1657 1753 1804 1784 homines
1826 1753 1939 1794 iniqui,
1964 1755 2065 1785 securi
2089 1755 2126 1785 de
2150 1755 2235 1786 licita
2258 1755 2473 1796 possessione,
2498 1765 2582 1786 eme-

1487 1834 1488 1837 *
1515 1805 1584 1829 rent
1607 1809 1624 1828 a
1647 1798 1731 1838 Papa
1756 1797 1921 1834 beneficia;
1953 1805 1984 1829 et
2006 1798 2051 1829 sic
2074 1799 2214 1829 Ecclesia
2237 1799 2422 1840 impleretur
2443 1799 2582 1840 indignis

1515 1843 1660 1883 praelatis
1680 1850 1711 1873 et
1734 1843 1858 1874 curatis.
1884 1842 1959 1880 Quo
1983 1843 2072 1883 quod
2095 1843 2303 1883 perniciosius
2327 1853 2394 1874 esse
2417 1841 2539 1885 potest?
2562 1862 2580 1866 —

1515 1888 1581 1918 Nec
1601 1888 1705 1918 obstat
1727 1888 1817 1928 quod
1832 1887 1896 1917 iam
1912 1887 2127 1927 supponimus
2142 1887 2240 1929 'quod
2262 1888 2348 1929 Papa
2371 1895 2418 1919 est
2439 1888 2582 1930 iniquus.

1488 1954 1490 1962 ⁴
1517 1932 1681 1970 Quoniam
1698 1942 1765 1962 non
1778 1938 1824 1963 est
1839 1931 1985 1972 princeps
2001 1933 2253 1972 praesumendus
2269 1932 2359 1972 peior
2375 1942 2474 1973 quam
2485 1943 2585 1974 opera

1489 2006 1490 2015 ¹
1517 1987 1574 2007 sua
1589 1983 1776 2007 monstrent.
1802 1977 1913 2016 Longe
1929 1983 2037 2007 autem
2053 1976 2143 2017 peior
2164 1984 2244 2008 esset·
2258 1977 2344 2017 Papa
2358 1977 2499 2008 vendens
2521 1977 2584 2018 spi-

1489 2039 1491 2043 *
1516 2020 1641 2053 ritualia
1660 2028 1691 2051 et
1712 2021 1823 2051 volens
1849 2028 1990 2051 ementes
2015 2021 2098 2052 licite
2122 2021 2175 2052 illa
2191 2021 2353 2062 possidere
2367 2021 2493 2063 illisque
2509 2021 2583 2059 frui,

1517 2075 1616 2107 quam
1640 2065 1664 2095 si
1689 2066 1804 2096 vendat
1834 2071 1974 2096 tantum:
2001 2066 2156 2106 quoniam
2179 2066 2230 2096 hic
2253 2072 2300 2097 est
2323 2075 2427 2096 unum
2450 2066 2584 2103 malum,

1517 2111 1560 2141 ibi
1585 2110 1712 2150 duplex.

1573 2154 1731 2190 Secundo,
1748 2153 1822 2194 quia
1846 2153 1871 2184 si
1896 2163 2032 2194 persona
2053 2154 2158 2195 Papae
2181 2154 2273 2185 sciret
2286 2154 2380 2185 illum
2396 2154 2448 2186 cui
2462 2154 2586 2187 confert

1517 2199 1665 2229 ordinem
1687 2199 1737 2229 vel
1760 2197 1950 2229 beneficium
1973 2209 2041 2229 esse
2064 2199 2387 2236 excommunicatum,
2411 2206 2443 2230 et
2465 2199 2586 2240 absque

1519 2243 1580 2274 alia
1602 2243 1804 2274 absolutione
1829 2242 1951 2274 confert
1973 2243 2019 2274 illi
2043 2242 2189 2274 ordinem
2211 2243 2262 2274 vel
2285 2242 2494 2280 beneficium,
2518 2253 2587 2275 non

1518 2294 1685 2328 propterea
1708 2287 1843 2318 absolvit
1861 2297 1936 2318 eum
1953 2288 1991 2318 ab
2009 2287 2354 2319 excommunicatione:
2380 2295 2415 2319 ut
2433 2288 2530 2319 habes
2549 2297 2587 2320 ex

1491 2329 1493 2356 ἶ
1519 2343 1588 2372 cap.
1605 2332 1641 2362 Si
1656 2332 1819 2369 Summus,
1836 2332 1876 2362 de
1891 2332 1979 2363 Sent.
1994 2332 2175 2371 Excomm.,
2194 2332 2227 2362 in
2243 2332 2357 2369 Clem„
2373 2332 2428 2364 ubi
2446 2332 2480 2363 in
2499 2339 2586 2364 textu

1520 2376 1634 2407 dicitur
1662 2377 1750 2417 quod
1775 2387 1812 2407 ex
1835 2377 1896 2407 hoc
1926 2377 2016 2417 quod
2038 2377 2125 2417 Papa
2155 2376 2270 2418 quovis
2294 2377 2394 2407 modo
2421 2376 2587 2418 participat

1519 2421 1652 2452 scienter
1667 2431 1741 2451 cum
1758 2420 2045 2458 excommunicato,
2062 2431 2129 2451 non
2145 2428 2289 2452 censetur
2304 2421 2396 2452 illum
2412 2421 2586 2458 absolvere,

1521 2465 1581 2496 nisi
1609 2465 1670 2495 hoc
1699 2475 1731 2496 se
1754 2465 1835 2495 velle
1865 2465 2030 2505 exprimat.
2061 2466 2102 2496 Et
2132 2465 2245 2496 Glossa
2271 2465 2407 2502 ibidem,
2432 2465 2465 2496 in
2487 2466 2586 2496 verbo

1520 2510 1632 2550 quovis
1655 2510 1765 2546 modo,
1792 2509 1866 2540 dicit
1889 2510 1978 2550 quod
2001 2509 2096 2540 etiam
2119 2509 2181 2540 hoc
2212 2509 2305 2540 habet
2327 2510 2437 2540 locum
2459 2509 2492 2540 in
2516 2519 2587 2550 par-

1521 2553 1704 2593 ticipatione
1732 2553 1764 2583 in
1788 2553 1912 2584 divinis.
1943 2554 1976 2584 Si
2000 2554 2086 2584 enirn
2110 2554 2205 2594 Papa,
2230 2553 2423 2584 conferendo
2454 2553 2588 2586 scienter

1522 2597 1668 2628 ordinem
1690 2598 1740 2627 vel
1763 2596 1952 2628 beneficium
1973 2598 2257 2634 excommunicato,
2276 2608 2341 2629 non
2357 2597 2493 2629 absolvit
2512 2608 2588 2629 eum

1522 2641 1593 2682 ipso
1617 2641 1710 2678 facto,
1728 2642 1782 2672 sed
1801 2642 2003 2682 recipientem
2019 2642 2168 2683 relinquit
2183 2642 2259 2672 iuris
2276 2642 2496 2682 dispositioni;
2521 2642 2589 2683 pari

1523 2685 1655 2724 ratione,
1672 2696 1738 2716 non
1758 2686 1872 2716 relaxat
1894 2686 1970 2717 iuris
1986 2686 2167 2717 communis
2190 2687 2433 2727 dispositionem
2452 2697 2508 2727 per
2526 2686 2589 2718 hoc

1523 2731 1612 2771 quod
1635 2730 1756 2761 confert
1779 2730 1969 2761 beneficium
1992 2731 2037 2761 illi
2061 2731 2117 2772 qui
2139 2731 2321 2771 recipiendo
2341 2738 2388 2762 est
2411 2732 2589 2763 secundum

1522 2774 1591 2805 iura
1607 2775 1901 2806 excommunicatus
1918 2782 1948 2806 et
1963 2774 1998 2806 fit
2015 2775 2172 2812 inhabilis,
2189 2782 2248 2806 etc.
2268 2793 2289 2799 —
2308 2776 2349 2807 Et
2372 2775 2588 2808 confirmatur.

1523 2819 1608 2856 Quia
1631 2819 1882 2859 dispensationes
1905 2819 2102 2856 huiusmodi,
2126 2830 2200 2850 cum
2216 2820 2352 2851 maxime
2372 2820 2549 2852 exorbitent
2570 2830 2590 2852 a

1523 2863 1590 2894 iure
1614 2870 1644 2894 et
1667 2864 1753 2894 bono
1778 2864 1953 2901 Ecclesiae,
1978 2871 2053 2895 sunt
2080 2864 2266 2895 strictissimi
2295 2864 2372 2895 iuris
2402 2871 2434 2896 et
2455 2864 2589 2896 minime

1524 2908 1783 2948 praesumendae.

1579 2952 1633 2983 VI.
1658 2953 1709 2983 Ad
1728 2952 1848 2983 motiva
1863 2959 1971 2983 autem
1990 2952 2117 2983 alterius
2134 2952 2297 2993 opinionis
2311 2953 2329 2972 ’⁸‘
2351 2953 2467 2984 dicitur
2488 2953 2588 2994 quod,

1522 2996 1595 3027 licet
1610 2996 1739 3027 scientia
1755 2996 1904 3037 principis
1920 2997 2111 3038 inquantum
2127 2997 2284 3038 princeps,
2300 3007 2384 3038 quae
2399 3004 2446 3029 est
2461 2997 2590 3029 scientia

1523 3040 1667 3081 publica,
1691 3041 1887 3082 quandoque
1910 3048 2036 3072 excuset
2059 3039 2104 3084 (et
2127 3051 2193 3072 non
2217 3051 2357 3082 semper:
2383 3049 2418 3073 ut
2448 3048 2535 3083 patet
2555 3042 2590 3074 in

1524 3085 1620 3116 allato
1637 3085 1777 3125 capitulo
1792 3084 1834 3128 *)‚
1859 3085 1987 3117 scientia
2009 3093 2116 3116 tamen
2139 3085 2289 3127 principis
2311 3086 2504 3127 inquantum
2526 3086 2592 3127 pri-

1523 3136 1594 3160 vata
1618 3139 1762 3170 persona,
1787 3129 1846 3160 nisi
1870 3129 1997 3161 aliunde
2020 3137 2178 3170 appareat,
2203 3140 2269 3161 non
2291 3130 2416 3161 videtur
2432 3140 2589 3165 excusare.

1524 3174 1617 3204 Unde
1641 3173 1666 3203 si
1690 3174 1773 3214 Papa
1798 3173 1906 3204 tribuit
1930 3174 2063 3205 scienter
2085 3173 2275 3205 beneficium
2294 3174 2466 3215 irregulari,
2490 3174 2516 3206 si
2539 3184 2590 3209 so·

1524 3218 1594 3247 lum
1609 3217 1671 3248 hoc
1687 3217 1744 3248 scit
1759 3225 1794 3248 ut
1813 3217 1932 3258 privata
1951 3228 2096 3258 persona,
2113 3229 2178 3249 non
2194 3218 2297 3250 habeo
2321 3229 2380 3259 pro
2396 3225 2482 3250 certo
2501 3218 2590 3260 quod

1525 3269 1745 3301 praesumatur
1769 3261 1949 3302 dispensare
1973 3272 2048 3293 cum
2071 3271 2129 3293 eo:
2154 3270 2190 3294 ut
2212 3269 2299 3303 patet
2322 3273 2359 3294 ex
2381 3263 2514 3295 inducto
2540 3272 2589 3294 ca-

1525 3304 1628 3345 pitulo
1658 3305 1691 3335 in
1722 3306 1851 3337 materia
1880 3306 2107 3343 absolutionis,
2132 3317 2214 3348 quae
2243 3317 2309 3338 non
2335 3313 2383 3338 est
2412 3307 2455 3338 ita
2476 3306 2591 3339 odiosa

1525 3349 1606 3380 sicut
1629 3349 1831 3389 dispensatio.
1861 3350 1922 3380 Sed
1946 3351 2002 3381 etsi
2026 3357 2280 3392 praesumeretur
2302 3350 2500 3391 dispensare,
2523 3360 2591 3381 non

1525 3400 1691 3433 propterea
1714 3393 1817 3424 simile
1839 3394 1980 3435 sequitur
2003 3395 2035 3426 in
2060 3395 2226 3436 proposito
2243 3405 2328 3426 casu.
2353 3394 2437 3432 Quia
2460 3394 2493 3425 in
2517 3405 2590 3435 pro-

1525 3438 1631 3478 posito
1655 3444 1764 3468 nostro
1791 3439 1877 3479 Papa
1907 3446 2050 3479 peccaret
2073 3439 2247 3471 mortaliter
2270 3438 2482 3479 dispensando
2515 3448 2591 3470 cum

1524 3482 1656 3522 indigno
1680 3483 1769 3523 quod
1793 3482 1833 3514 sit
1855 3490 1980 3523 pastor:
2009 3484 2222 3524 dispensando
2245 3489 2352 3514 autem
2375 3492 2450 3514 cum
2473 3482 2591 3523 irregu—

1526 3526 1592 3562 lari,
1618 3536 1683 3556 non
1699 3533 1826 3566 oportet
1848 3527 1938 3567 quod
1961 3535 2078 3567 peccet.
2102 3527 2195 3559 Unde
2211 3532 2297 3567 patet
2311 3535 2377 3559 non
2394 3536 2460 3557 esse
2473 3527 2592 3558 similes

1526 3580 1634 3607 casus,
1661 3580 1717 3601 nec
1740 3571 1874 3602 eandem
1898 3571 2053 3603 rationem
2077 3570 2298 3612 praesumendi
2321 3570 2591 3610 dispensationem

1526 3614 1586 3648 hic,
1611 3621 1641 3645 et
1664 3615 1717 3645 ibi.

2597 822 2612 836 ⁸
2625 823 2707 846 Concl.
2721 830 2742 853 ³·

2617 2957 2829 3009 aeaeae

2616 3089 2795 3114 *Sim-mus.
2839 3105 2843 3108 .
