2860 4244
154 1664 163 1672 ⁸
171 1662 216 1689 Qu.
229 1668 281 1689 xxv,
290 1665 331 1683 art.
340 1662 361 1683 8.

153 2498 273 2519 ‘Ariston
295 2497 365 2519 Cate-

151 2530 207 2560 gor
211 2530 260 2571 cap¹
260 2529 344 2575 ¹111n
306 2529 328 2545 n.
331 2529 363 2545 22.

245 2577 297 2598 lect.
312 2582 336 2598 ιι.

154 2603 252 2630 ’Super
265 2606 307 2624 art.
323 2609 341 2630 5.

154 2577 229 2598 S..T

159 3330 167 3338 ⁴
189 3328 196 3334 ¹
229 3344 234 3350 .
251 3334 277 3352 11,
289 3334 311 3349 n.
328 3334 343 3349 1.
358 3339 367 3344 -

249 3356 300 3376 lect.
314 3360 338 3375 11.

160 3383 179 3392 “
189 3381 242 3403 ideo
249 3381 336 3402 maiori
343 3380 367 3401 in

155 3407 271 3438 periculo
287 3412 369 3428 versa-

159 3437 197 3456 tur
210 3434 250 3461 qui
261 3433 343 3454 incidit
353 3433 369 3453 Ρ

157 3461 211 3515 (pro
218 3460 294 3487 peiuae
300 3459 370 3487 prius

138 3339 233 3376 's.·r.

159 3515 168 3524 ⁸
189 3519 204 3534 a
228 3519 248 3533 ³
267 3512 356 3533 Thomu

159 3539 210 3561 add.
225 3539 250 3560 P

158 3565 253 3587 ’Num
268 3571 283 3586 1.

395 265 443 301 30

394 343 467 376 dem
491 343 693 381 persistamus
717 342 866 394 opinione
897 341 934 370 de
958 340 1012 370 illo
1041 339 1186 379 proximo
1216 339 1249 368 in
1277 348 1339 378 qua
1368 338 1454 378 prius

394 395 528 416 eramus
554 386 648 417 Verbi
670 388 776 426 gratia,
802 384 956 415 habebam
982 384 1132 414 Ioannem
1156 392 1213 422 pro
1237 382 1305 411 viro
1329 381 1452 412 sobrio:

392 429 520 459 invenio
545 431 753 470 postmodum
768 430 875 468 ipsum
889 429 968 458 bene
986 427 1204 457 comedentem
1227 432 1258 455 et
1280 425 1452 456 bibentem.

394 483 460 503 non
479 482 611 504 moveor
635 484 671 504 ex
694 475 755 504 hoc
779 473 861 502 facto
878 471 1138 501 adiudicandum
1161 469 1250 510 quod
1274 469 1454 500 necessitate

395 517 508 546 ductus
531 525 635 548 sancte
659 518 741 554 facit,
766 516 854 557 quod
871 521 951 545 esset
974 514 1006 544 in
1030 513 1195 543 meliorem
1218 519 1339 553 partem
1362 513 1454 544 inter-

394 559 524 610 pretari;
549 571 606 591 nec
629 562 669 590 ad
693 560 903 591 dubitandum
928 559 966 588 de
982 557 1148 588 sobrietate
1163 556 1242 594 eius,
1267 557 1355 597 quod
1376 564 1456 587 esset

393 604 425 633 in
450 603 590 643 peiorem
615 612 735 644 partem
759 603 928 637 declinare;
959 602 1014 632 sed
1042 601 1174 641 persisto
1205 601 1237 631 in
1261 601 1363 641 prima
1386 601 1455 641 opi-

394 647 490 677 nione
513 649 684 684 immotus,
709 649 770 678 hoc
794 653 839 677 est
863 646 949 676 enim
972 646 1004 676 in
1029 645 1194 675 meliorem
1217 651 1339 684 partem
1362 645 1455 675 inter-

394 690 506 730 pretari
530 692 682 731 negative.
712 693 752 722 Et
774 691 860 721 iuxta
883 690 968 720 hunc
992 699 1137 725 sensum,
1163 689 1289 719 nullum
1311 689 1457 719 imminet

392 734 569 774 periculum
593 735 661 765 falsi
681 734 797 770 iudicii,
823 741 853 764 et
876 743 988 764 omnes
1005 732 1203 764 difficultates
1219 739 1324 763 motae
1347 733 1454 763 locum

392 787 457 807 non
485 779 616 809 habent:
647 789 720 809 nam
748 778 874 808 nullum
897 777 941 808 sic
968 776 1003 808 fit
1030 787 1152 808 novum
1181 777 1353 814 iudicium,
1378 778 1454 807 dum

391 822 532 860 negative
556 822 797 862 interpretamur
821 822 916 851 dubia
938 821 972 851 in
996 821 1162 852 meliorem
1186 828 1317 861 partem.

448 864 499 896 111.
523 866 555 896 Si
574 873 682 896 autem
705 866 896 905 intelligatur
920 865 1064 905 positive,
1089 865 1205 895 scilicet
1228 865 1327 905 quod,
1353 864 1455 894 dubiis

391 910 627 940 occurrentibus
651 911 689 941 de
705 910 863 950 proximo,
887 908 942 940 fiat
960 909 1174 949 interpretatio
1197 909 1228 938 in
1254 915 1375 948 partem
1391 918 1455 938 me-

390 952 520 990 liorem;
545 961 620 985 tunc
644 961 690 985 est
717 964 828 984 sensus
853 953 942 994 quod
971 953 1102 994 quando
1131 953 1250 983 factum
1284 952 1415 992 aliquod
1438 963 1456 982 a

391 998 537 1036 proximo
554 998 690 1029 occurrit
709 998 843 1029 dubium
859 1007 925 1038 quo
942 996 1050 1028 animo
1070 996 1190 1028 factum
1206 997 1254 1032 sit,
1276 996 1454 1026 faciendum

391 1046 437 1070 est
456 1042 494 1072 de
510 1051 595 1075 novo
611 1042 765 1073 iudicium
781 1041 981 1082 opinativum
1000 1041 1087 1083 quod
1107 1041 1194 1071 bono
1211 1040 1319 1070 animo
1339 1040 1455 1071 fecerit.

391 1084 452 1114 Sed
469 1085 575 1126 regula
590 1086 667 1116 haec
682 1086 715 1116 in
727 1086 788 1116 hoc
801 1096 895 1116 sensu
911 1085 1078 1125 dupliciter
1094 1091 1199 1125 potest
1211 1084 1319 1124 accipi.
1337 1084 1455 1120 Primo,

392 1135 427 1158 ut
450 1130 489 1160 sit
512 1130 620 1169 regula
639 1131 755 1160 docens
778 1130 855 1170 quid
879 1129 1023 1161 absolute
1047 1129 1147 1159 facere
1172 1128 1323 1158 debemus
1347 1128 1378 1158 in
1403 1128 1456 1159 tali

391 1181 540 1204 occursu:
572 1181 608 1204 ut
630 1174 747 1205 scilicet
770 1174 882 1204 doceat
905 1174 993 1214 quod
1016 1173 1140 1203 bonum
1163 1179 1224 1207 est,
1249 1172 1379 1212 quando
1404 1182 1455 1202 oc-

391 1224 520 1248 currunt
539 1215 634 1248 'nobis
658 1218 735 1248 haec
760 1218 864 1254 dubia,
889 1226 1097 1257 prorumpere
1119 1216 1151 1246 in
1168 1223 1274 1246 actum
1295 1215 1455 1256 opinionis

390 1260 493 1291 bonae
510 1262 548 1292 de
564 1261 719 1302 proximo,
737 1261 973 1301 interpretando
993 1261 1082 1302 quod
1102 1260 1189 1290 bono
1206 1259 1315 1289 animo
1339 1259 1455 1295 fecerit,

392 1305 570 1336 excusando
594 1306 704 1341 illum,
730 1312 760 1336 et
782 1305 978 1335 huiusmodi.
1011 1305 1051 1334 Et
1074 1304 1118 1334 sic
1141 1313 1200 1343 ego
1224 1313 1290 1332 non
1313 1303 1454 1342 intelligo

389 1349 532 1388 regulam
554 1349 647 1379 istam
672 1359 738 1379 esse
762 1349 938 1379 secundum
962 1354 1079 1379 rectam
1101 1347 1266 1378 rationem.
1292 1346 1453 1383 Quoniam

390 1400 473 1423 recta
497 1393 576 1423 ratio
604 1403 670 1422 non
693 1393 786 1423 tradit
813 1392 902 1432 quod
926 1401 962 1421 ex
986 1391 1110 1422 obiecto
1135 1389 1270 1421 neutrali
1291 1397 1456 1429 generetur

390 1443 445 1466 aut
467 1443 611 1466 sumatur
632 1436 744 1476 opinio
768 1436 927 1466 declinans
942 1435 983 1465 ad
998 1435 1127 1466 alteram
1143 1440 1275 1474 partem,
1292 1434 1346 1464 sed
1366 1435 1454 1474 quod

390 1488 500 1511 neuter
522 1486 736 1519 praeservetur
759 1479 944 1510 intellectus.
957 1497 977 1502 -
993 1478 1089 1510 Nulla
1111 1488 1220 1509 rursus
1242 1478 1321 1508 ratio
1345 1479 1456 1509 suadet

389 1531 424 1554 ut
448 1533 598 1554 occursus
614 1523 754 1563 ambigui
778 1523 850 1554 facti
867 1523 994 1553 alterius
1018 1522 1136 1562 obliget
1152 1533 1203 1553 me
1227 1522 1266 1551 ad
1290 1523 1369 1552 bene
1386 1522 1454 1562 opi-

389 1568 532 1598 nandum
549 1568 587 1598 de
602 1567 689 1607 ipso:
708 1577 782 1598 cum
798 1577 864 1597 non
883 1573 989 1597 tenear
1014 1566 1108 1597 etiam
1125 1566 1164 1596 ad
1182 1565 1302 1606 aliquid
1319 1565 1454 1606 opinan-

390 1612 468 1642 dum
497 1612 535 1650 de
559 1611 630 1651 ipso
653 1611 686 1641 in
709 1611 907 1651 particulari,
933 1610 1013 1641 sicut
1036 1614 1093 1641 nec
1117 1610 1156 1640 ad
1180 1610 1395 1649 diligendum,
1420 1617 1455 1640 ut

388 1663 474 1696 patet
490 1666 526 1686 ex
542 1655 728 1695 supradictis
751 1655 784 1685 in
798 1661 930 1685 tractatu
953 1655 992 1685 de
1008 1654 1133 1686 caritate
1149 1654 1176 1684 *.
1190 1671 1211 1676 -
1225 1654 1308 1684 Boni
1324 1655 1453 1684 demum

389 1700 546 1731 rationem
568 1709 634 1729 non
657 1699 752 1730 habet
775 1705 811 1729 ut
833 1700 952 1739 absque
976 1698 1158 1729 necessitate
1181 1705 1236 1728 aut
1263 1698 1378 1737 pietate
1402 1698 1455 1728 ali-

389 1754 453 1785 qua
478 1753 635 1783 exponam
650 1743 845 1774 intellectum
868 1752 978 1773 meum
1000 1739 1142 1783 periculo
1167 1741 1308 1772 falsitatis
1331 1742 1454 1782 saepius

388 1787 603 1818 incurrendae.
627 1787 703 1817 Non
719 1794 765 1818 est
787 1786 882 1826 igitur
905 1796 1015 1817 sensus
1031 1786 1088 1817 iste
1109 1785 1264 1826 positivus
1280 1786 1454 1816 sumendus

390 1832 533 1862 absolute
556 1838 587 1861 et
610 1831 803 1871 simpliciter.

446 1875 497 1906 IV.
522 1875 595 1904 Alio
619 1885 694 1905 vero
718 1874 817 1904 modo
842 1873 926 1904 sumi
950 1880 1054 1913 potest
1077 1883 1188 1904 sensus
1204 1873 1262 1903 iste
1282 1883 1318 1903 ex
1334 1883 1453 1914 suppo-

390 1919 512 1955 sitione,
531 1919 647 1949 scilicet
669 1919 698 1949 si
721 1918 925 1949 iudicandum
943 1923 1010 1948 est:
1031 1917 1074 1948 ita
1098 1917 1187 1958 quod
1203 1917 1311 1957 regula
1326 1917 1385 1948 ista
1401 1918 1456 1948 do—

390 1971 456 1994 ceat
479 1963 568 2003 quod
591 1962 687 1993 dubia
710 1962 742 1992 in
765 1962 932 1992 meliorem
955 1968 1077 2001 partem
1091 1968 1169 1992 sunt
1180 1961 1413 2001 interpretanda
1429 1962 1452 1992 si

390 2007 598 2038 iudicandum
614 2013 669 2042 est,
694 2006 719 2036 si
737 2012 863 2046 oportet
878 2005 1018 2036 iudicari.
1043 2005 1084 2037 Et
1106 2005 1156 2036 hic
1172 2012 1219 2036 est
1237 2015 1329 2036 verus
1344 2016 1455 2036 sensus

390 2050 484 2081 huius
508 2050 650 2090 regulae,
676 2056 772 2089 prout
795 2049 845 2080 hic
869 2049 1062 2089 disputatur;
1095 2056 1125 2080 et
1153 2049 1326 2080 intenditur
1349 2049 1382 2080 in
1405 2049 1454 2080 lit-

390 2102 470 2130 tera,
497 2102 527 2124 et
555 2094 649 2124 habet
673 2100 774 2124 motas
805 2092 1010 2124 difficultates.
1043 2093 1084 2123 Et
1106 2099 1273 2133 propterea
1300 2093 1454 2124 declarare

390 2149 440 2169 eas
465 2144 600 2178 oportet.
625 2138 672 2168 De
696 2137 866 2177 praecipua
882 2144 988 2168 autem
1013 2136 1206 2175 difficultate,
1230 2138 1319 2177 quod
1342 2138 1453 2174 homo,

389 2182 624 2222 interpretando
647 2181 680 2211 in
704 2181 870 2212 meliorem
893 2187 1025 2222 partem,
1049 2181 1178 2212 incurrit
1201 2188 1236 2212 ut
1260 2181 1454 2222 frequentius

390 2226 572 2262 falsitatem;
604 2225 810 2256 recolendum
839 2232 885 2255 est
912 2225 1001 2266 quod
1028 2224 1205 2256 intellectus
1237 2225 1392 2265 practicus
1421 2226 1453 2256 in

390 2270 564 2300 moralibus
592 2269 758 2309 dupliciter
785 2269 951 2305 concurrit,
980 2275 1015 2300 ut
1042 2279 1237 2309 cognoscens
1263 2275 1293 2300 et
1319 2277 1356 2300 ut
1382 2270 1453 2300 diri—

390 2323 479 2354 gens;
505 2320 535 2344 et
558 2313 647 2354 quod
670 2323 735 2343 non
760 2314 873 2344 eodem
893 2314 992 2343 modo
1015 2323 1108 2343 verus
1132 2320 1178 2344 est
1202 2320 1236 2344 ut
1259 2323 1454 2353 cognoscens

391 2365 422 2389 et
445 2357 590 2397 dirigens,
615 2358 670 2387 sed
692 2357 825 2388 diverso.
850 2358 934 2388 Nam
949 2364 985 2388 ut
999 2367 1205 2397 cognoscens,
1222 2367 1314 2388 verus
1330 2363 1377 2388 est
1399 2368 1454 2398 per

392 2401 646 2432 conformitatem
670 2401 710 2431 ad
733 2411 799 2431 rem
823 2401 993 2440 cognitam,
1017 2401 1097 2432 sicut
1120 2401 1296 2432 intellectus
1311 2402 1454 2441 specula-

391 2446 490 2476 tivus:
515 2445 556 2475 ab
571 2455 607 2475 eo
631 2445 716 2475 enim
739 2445 823 2485 quod
845 2455 898 2476 res
913 2450 960 2475 est
983 2446 1033 2476 vel
1048 2455 1109 2475 non
1127 2450 1184 2482 est,
1209 2446 1312 2476 oratio
1335 2445 1455 2476 dicitur

392 2499 468 2521 vera
493 2489 543 2520 vel
554 2489 650 2530 salsa
665 2488 692 2519 *.
717 2489 779 2519 Sed
802 2496 838 2519 ut
861 2489 1007 2529 dirigens,
1030 2499 1123 2519 verus
1138 2496 1184 2519 est
1206 2499 1263 2529 per
1283 2489 1454 2520 conformi-

391 2540 490 2565 tatem
513 2533 552 2562 ad
575 2533 751 2572 appetitum
775 2539 913 2564 rectum:
945 2539 980 2563 ut
1003 2532 1115 2563 dicitur
1138 2533 1171 2563 in
1194 2533 1236 2563 VI
1253 2533 1400 2572 Ethic.*,
1424 2541 1455 2564 et

391 2577 426 2607 in
449 2576 647 2617 praecedenti
670 2576 777 2612 Libr0,
801 2587 863 2606 Lvn
880 2587 933 2617 qu.
949 2576 977 2612 *,
1001 2576 1239 2607 declaravimus.
1263 2577 1322 2607 His
1338 2577 1455 2607 etenim

393 2622 419 2652 si
442 2621 612 2660 iungamus
634 2630 718 2660 quae
739 2620 771 2650 in
794 2620 897 2650 littera
919 2621 1076 2656 dicuntur,
1101 2621 1189 2661 quod
1211 2620 1407 2661 interpretari
1422 2622 1454 2651 in

393 2665 558 2696 meliorem
573 2671 694 2704 partem
710 2671 829 2704 spectat
843 2665 883 2694 ad
898 2664 1044 2695 affectum
1057 2674 1112 2694 seu
1128 2664 1306 2704 appetitum
1321 2671 1454 2701 rectum,

393 2716 424 2740 et
450 2709 544 2739 habet
571 2708 688 2748 pluries
716 2718 871 2738 annexam
898 2708 1084 2744 falsitatem;
1109 2707 1199 2739 facile
1227 2715 1273 2739 est
1301 2709 1454 2740 deducere

392 2753 482 2794 quod
504 2752 690 2782 huiusmodi
713 2752 928 2792 interpretatio
952 2752 986 2783 in
1009 2752 1174 2783 meliorem
1197 2760 1319 2792 partem
1342 2763 1455 2784 nocere

392 2803 497 2837 potest
518 2796 691 2827 intellectui
714 2802 750 2826 ut
765 2806 960 2836 cognoscens
976 2803 1031 2832 est,
1055 2806 1114 2836 pro
1133 2803 1254 2837 quanto
1277 2796 1389 2827 falsam
1404 2808 1455 2828 co—

392 2841 568 2881 gnitionem
595 2840 790 2880 quandoque
812 2840 949 2880 ingeret;
980 2841 1036 2871 sed
1063 2841 1193 2880 prodest
1218 2840 1390 2872 intellectui
1421 2849 1456 2872 ut

392 2885 528 2924 dirigens
551 2890 611 2920 est,
635 2884 710 2924 quia
733 2883 806 2914 facit
827 2884 935 2924 ipsum
958 2884 1089 2924 dirigere
1113 2884 1318 2915 conformiter
1340 2886 1380 2915 ad
1402 2896 1455 2926 ap-

393 2929 529 2969 petitum
547 2935 678 2964 rectum,
703 2934 799 2968 atque
822 2938 877 2967 per
893 2928 954 2958 hoc
977 2928 1183 2965 intellectum,
1201 2935 1236 2959 ut
1259 2929 1454 2969 dirigentem,

393 2983 460 3003 esse
475 2982 595 3003 verum.
620 2973 661 3002 Et
683 2971 708 3002 si
732 2981 806 3002 cum
830 2972 878 3002 his
902 2972 1083 3003 recordatus
1106 2972 1201 3003 fueris
1225 2973 1313 3013 quod
1335 2973 1455 3004 intelle-

394 3023 461 3047 ctus
486 3016 640 3057 practicus
667 3025 734 3045 non
757 3015 857 3046 differt
880 3026 898 3046 a
921 3016 1114 3056 speculativo
1141 3017 1173 3047 in
1197 3017 1325 3048 veritate
1349 3018 1456 3058 cogni-

393 3060 507 3096 tionis,
532 3061 587 3091 sed
610 3059 805 3096 directionis,
829 3067 859 3090 et
883 3059 944 3090 hoc
967 3070 1033 3090 esse
1061 3060 1105 3090 1111
1129 3060 1313 3100 proprium;
1341 3061 1455 3092 inferes

394 3105 483 3145 quod
509 3104 542 3134 in
569 3103 755 3134 huiusmodi
781 3103 1054 3143 interpretatione,
1078 3104 1150 3135 licet
1176 3105 1371 3145 quandoque
1397 3105 1455 3136 mi-

394 3154 516 3179 sceatur
538 3147 656 3178 falsitas
680 3147 879 3187 cognitioniS,
903 3157 1028 3187 semper
1049 3148 1208 3179 invenitur
1225 3158 1337 3179 verum
1360 3149 1392 3179 in
1408 3149 1455 3179 in-

393 3192 519 3223 tellectu
548 3191 685 3232 practico
712 3191 905 3232 inquantum
933 3191 1087 3231 practicus
1111 3198 1165 3228 est,
1193 3199 1323 3232 propter
1345 3193 1454 3223 verita-

395 3243 460 3266 tem
484 3235 671 3266 directionis.
697 3235 738 3266 Et
760 3235 915 3276 quoniam
934 3235 1047 3267 notitia
1063 3235 1235 3266 moralium
1258 3236 1297 3266 ad
1320 3236 1382 3267 hoc
1405 3247 1454 3267 or-

395 3279 520 3310 dinatur
543 3289 608 3310 non
631 3286 668 3310 ut
691 3289 932 3319 cognoscamus,
953 3279 1007 3310 sed
1026 3286 1061 3310 ut
1080 3289 1260 3319 operemur,
1285 3286 1321 3310 ut
1344 3280 1456 3311 dicitur

395 3323 427 3354 in
451 3323 478 3353 11
493 3323 639 3359 Ethic.*;
662 3323 736 3354 ideo
760 3323 850 3363 peius
874 3329 920 3354 est
941 3323 1078 3354 incidere
1092 3323 1127 3343 **
1149 3323 1182 3354 in
1205 3324 1239 3354 id
1261 3324 1351 3364 quod
1379 3334 1455 3355 con-

395 3367 538 3398 trariatur
560 3367 731 3398 intellectui
755 3374 791 3398 ut
813 3367 971 3407 dirigenti,
996 3377 1093 3408 quarn
1108 3367 1142 3398 in
1164 3367 1196 3398 id
1219 3368 1309 3408 quod
1332 3375 1454 3399 contra-

396 3411 493 3442 riatur
510 3411 681 3441 intellectui
705 3418 740 3441 ut
763 3411 983 3451 cognoscenti,
1007 3418 1042 3442 ut
1064 3411 1096 3442 in
1111 3412 1212 3442 littera
1227 3412 1245 3431 *
1268 3411 1454 3443 defenditur.

452 3455 491 3485 V.
514 3455 565 3484 Ad
588 3455 710 3485 obiecta
726 3454 743 3474 *
766 3455 860 3495 igitur
884 3455 1114 3492 descendendo,
1140 3462 1170 3486 et
1193 3456 1232 3485 ad
1258 3455 1392 3486 dubium
1417 3456 1455 3486 de

397 3498 610 3534 conclusione,
636 3498 748 3529 dicitur
770 3499 859 3539 quod
882 3509 918 3530 ex
934 3499 1021 3530 malo
1045 3509 1138 3530 sensu
1161 3499 1280 3530 litterae
1305 3500 1454 3540 procedit.

395 3542 479 3573 Nam
495 3542 581 3572 aliud
599 3550 645 3573 est
668 3542 768 3573 dicere
792 3542 824 3573 in
849 3543 951 3573 dubiis
967 3543 1121 3574 iudicIum
1145 3543 1176 3574 in
1198 3543 1363 3574 meliorem
1386 3554 1456 3584 par-

397 3592 462 3616 tem
485 3596 551 3616 esse
575 3586 688 3616 falsum
713 3593 748 3616 ut
770 3586 802 3616 in
826 3587 982 3626 pluribus:
1008 3594 1038 3618 et
1055 3588 1139 3618 aliud
1156 3594 1202 3618 est
1218 3588 1318 3618 dicere
1342 3588 1374 3618 in
1398 3588 1454 3618 du-

1080 260 1346 307 QUAESTIO
1377 260 1463 308 LX,
1494 261 1788 298 ARTICULUS
1819 261 1869 297 lV

1506 338 1565 368 biis
1581 339 1737 370 iudicium
1751 340 1784 370 in
1801 340 1966 370 meliorem
1985 346 2107 379 partem
2124 349 2190 369 esse
2208 339 2324 370 falsum
2342 339 2458 379 pluries
2475 349 2572 380 quam

1505 382 1538 412 in
1563 382 1750 414 deteriorem
1774 390 1907 423 partem.
1933 383 2077 413 Primum
2096 383 2254 422 siquidem
2277 383 2397 414 dictum
2419 382 2572 423 significat

1505 426 1594 466 quod
1617 427 1761 458 absolute
1781 434 1827 457 est
1849 427 1964 458 falsum
1988 426 2070 457 utin
2089 426 2246 466 pluribus:
2272 427 2448 458 secundum
2465 433 2571 462 autem

1504 479 1570 499 non
1595 469 1748 510 significat
1770 470 1841 507 hoc,
1858 471 1912 502 sed
1930 469 2083 510 significat
2106 471 2204 511 quod,
2226 470 2441 511 comparando
2458 480 2570 501 nume-

1505 523 1577 543 rum
1589 513 1761 544 falsitatum
1773 514 1981 545 incidentium
1994 524 2052 554 pro
2065 514 2172 553 peiore
2185 521 2282 554 parte,
2295 514 2348 544 ille
2361 523 2513 544 numerus
2527 520 2573 544 est

1506 558 1617 587 maior.
1639 557 1725 588 Cum
1741 558 1830 588 cuius
1846 558 2077 598 comparativae
2091 558 2109 577 *
2130 555 2258 589 veritate
2279 563 2339 588 stat
2358 558 2456 598 quod,
2476 558 2610 588 abso-

1506 602 1572 632 lute
1588 602 1762 641 loquendo,
1777 608 1887 632 neutra
1905 602 2072 632 declinatio
2087 602 2120 632 in
2137 602 2241 632 dubiis
2258 609 2304 632 est
2318 611 2391 632 vera
2406 608 2442 632 ut
2457 601 2492 632 iuv
2501 602 2572 641 plu

1508 646 1609 675 ribus:
1630 645 1784 686 quoniam
1799 646 1896 676 dubia
1911 653 2022 676 neutra
2038 653 2112 677 sunt
2126 656 2163 676 ex
2174 653 2286 676 natura
2301 656 2367 676 sua.
2390 645 2482 676 Unde
2498 655 2572 676 cum

1508 695 1731 728 argumentum
1754 690 1905 729 procedat
1927 699 1963 720 ex
1987 689 2091 730 primo
2115 690 2209 726 dicto,
2228 697 2258 720 et
2281 690 2382 721 littera
2401 699 2466 720 non
2481 689 2570 725 illud,

1509 733 1562 763 sed
1586 733 1761 763 secundum
1778 733 1872 768 dicat;
1897 739 1982 773 patet
1997 733 2172 773 responsio,
2196 734 2285 774 quod
2301 733 2378 764 falsa
2394 740 2440 764 est
2455 733 2571 764 minor.

1564 777 1616 807 VI.
1641 777 1690 806 Ad
1720 776 1854 806 dubium
1877 786 1952 807 vero
1981 777 2019 807 de
2043 777 2163 808 ratione
2191 777 2323 814 dicitur,
2353 783 2510 818 quantum
2533 777 2572 807 ad

1508 827 1704 861 praesentem
1730 820 1867 851 litteram
1894 826 2028 859 spectat,
2057 822 2146 860 quod
2173 823 2294 852 Auctor
2320 821 2454 852 intendit
2482 821 2572 861 quod

1508 865 1587 895 nulli
1611 864 1698 894 alteri
1721 870 1830 894 nocet:
1855 863 2010 904 quoniam
2033 863 2184 896 iniustitia
2206 874 2272 896 non
2296 872 2343 896 est
2365 865 2405 896 ad
2420 865 2571 905 seipsum.

1508 910 1674 946 Quantum
1697 918 1772 938 vero
1803 907 1843 937 ad
1870 907 2088 938 difficultatem
2115 909 2264 939 materiae
2290 908 2386 940 huius
2410 909 2571 945 absolute,

1508 953 1621 983 dicitur
1648 952 1736 992 quod
1760 951 1865 990 negari
1890 961 1955 981 non
1979 958 2084 991 potest
2112 951 2192 992 quin
2219 951 2296 982 falsa
2320 953 2431 992 opinio
2460 959 2573 984 noceat

1508 997 1566 1027 sibi
1589 996 1649 1036 ipsi
1673 996 1888 1036 aliquantum:
1914 1005 1987 1026 cum
2013 995 2128 1025 falsum
2153 996 2358 1027 contrarietur
2373 1006 2458 1032 vero,
2484 996 2573 1038 quod

1509 1047 1555 1071 est
1577 1041 1700 1082 bonum
1723 1040 1917 1075 intellectus,
1943 1046 1973 1070 et
1995 1039 2075 1069 bono
2092 1049 2134 1069 ex
2157 1041 2342 1070 necessitate
2356 1041 2573 1071 contrarietur

1506 1085 1646 1121 malum,
1672 1091 1707 1114 ut
1731 1084 1844 1114 dicitur
1866 1083 1899 1113 in
1922 1084 2196 1114 Praedicamentis
2209 1083 2236 1113 *.
2267 1083 2328 1114 Sed
2357 1085 2572 1124 comparando

1509 1129 1575 1158 duo
1600 1128 1684 1158 mala
1710 1127 1922 1163 occurrentia,
1946 1127 2062 1158 scilicet
2089 1127 2206 1167 pluries
2236 1126 2301 1158 falli
2327 1127 2360 1158 in
2387 1127 2574 1159 huiusmodi

1508 1172 1719 1212 singularibus
1735 1182 1809 1202 cum
1825 1172 1912 1202 bono
1929 1170 2040 1202 affectu
2065 1172 2103 1201 ad
2127 1171 2321 1211 proximum,
2338 1178 2368 1202 et
2384 1171 2491 1209 minus
2507 1171 2574 1203 faui

1508 1226 1583 1247 cum
1605 1216 1720 1246 iniuria
1743 1215 1890 1255 proximi.
1915 1215 2050 1246 dicimus
2073 1215 2164 1255 quod
2182 1215 2289 1246 minus
2306 1216 2428 1247 malum
2443 1222 2490 1247 est
2511 1215 2574 1255 pri--

1508 1270 1599 1290 mum
1627 1269 1726 1300 quarn
1749 1260 1934 1290 secundum.
1966 1259 2007 1289 Et
2033 1258 2108 1299 quia
2136 1260 2174 1289 de
2199 1259 2325 1290 duobus
2349 1260 2440 1290 malis
2464 1259 2571 1291 minus

1507 1310 1554 1333 est
1577 1303 1769 1342 eligendum,
1794 1303 1819 1332 si
1843 1308 1970 1343 oportet
1993 1303 2128 1333 alterum
2151 1302 2264 1342 eligere
2272 1312 2280 1339 ;
2304 1303 2376 1334 ideo
2396 1303 2511 1334 melius
2527 1309 2574 1334 est

1507 1346 1703 1387 frequentius
1727 1345 1792 1376 falli
1817 1356 1892 1376 cum
1915 1346 2000 1376 bona
2023 1346 2188 1386 opinione.

1563 1391 1604 1421 Et
1627 1390 1652 1420 si
1683 1397 1791 1420 contra
1814 1389 1876 1420 hoc
1899 1389 2049 1426 instetur,
2074 1390 2149 1430 quia
2175 1390 2208 1420 in
2236 1390 2338 1422 littera
2365 1399 2432 1422 non
2460 1391 2574 1423 dicitur

1508 1435 1614 1464 minus
1629 1434 1761 1471 malum,
1779 1434 1843 1470 sed,
1861 1434 1975 1464 melius
1990 1438 2037 1464 est
2058 1433 2143 1474 quod
2161 1434 2278 1474 aliquis
2290 1434 2487 1475 frequenter
2498 1434 2573 1476 sal-

1507 1478 1612 1509 latur:
1634 1478 1843 1517 respondetur
1858 1477 1974 1518 primo,
1991 1478 2079 1518 quod
2098 1477 2131 1518 ly
2150 1477 2264 1508 melius
2282 1487 2348 1508 non
2365 1484 2472 1518 potest
2489 1479 2574 1509 sumi

1505 1522 1539 1552 in
1562 1522 1620 1552 hac
1644 1521 1882 1562 comparatione
1898 1521 1958 1551 nisi
1977 1521 2121 1552 abusive:
2147 1521 2302 1562 quoniam
2318 1521 2515 1563 comparatio
2537 1521 2574 1554 fit

1506 1566 1546 1596 ad
1570 1565 1657 1595 aliud
1680 1565 1846 1596 manifeste
1862 1565 1994 1601 malum,
2018 1564 2136 1596 scilicet
2158 1565 2306 1596 iniuriam
2329 1565 2474 1606 proximi.
2493 1566 2574 1598 ‘Non

1507 1619 1582 1650 ergo
1602 1609 1827 1640 inconveniens
1843 1615 1890 1639 est
1912 1618 2069 1649 exponere
2092 1609 2143 1639 hic
2159 1610 2273 1640 melius
2288 1610 2320 1640 in
2336 1610 2573 1650 comparatione

1507 1654 1547 1684 ad
1562 1653 1658 1690 aliud,
1674 1653 1754 1684 idest
1770 1654 1876 1684 minus
1891 1653 2022 1684 malum.
2040 1670 2061 1678 -
2077 1653 2300 1693 Respondemr
2315 1654 2456 1685 secundo
2471 1653 2572 1695 quod,

1505 1698 1578 1728 licet
1601 1697 1797 1738 comparatio
1817 1697 1856 1727 sit
1874 1697 2015 1733 abusiva,
2030 1697 2111 1727 sicut
2127 1707 2201 1730 cum
2217 1697 2339 1734 dicitur,
2363 1699 2432 1729 Nix
2455 1699 2573 1739 estqab

1505 1743 1575 1772 bior
1593 1749 1709 1779 corvo,
1732 1748 1763 1772 et
1785 1741 1898 1780 eligere
1921 1740 2034 1772 falsam
2048 1741 2236 1781 opinionem
2260 1741 2300 1773 sit
2319 1742 2445 1773 malum
2466 1752 2572 1782 mora·
2625 1757 2629 1762 ’

1505 1786 1589 1817 liter:
1615 1795 1771 1825 exponere
1791 1792 1896 1815 tamen
1912 1795 1944 1815 se
1964 1784 2105 1826 periculo
2121 1785 2300 1816 incurrendi
2319 1785 2430 1816 falsam
2447 1785 2572 1827 opinio:

1506 1839 1591 1865 nem,
1614 1829 1744 1869 quando
1765 1835 1900 1869 oportet,
1921 1838 1987 1858 non
2002 1835 2048 1859 est
2063 1829 2186 1860 malurn
2201 1829 2372 1861 moraliter.
2396 1829 2448 1861 Sic
2463 1835 2571 1862 autem

1507 1875 1599 1904 docet
1613 1873 1720 1914 regula
1735 1873 1803 1903 ista.
1823 1873 1906 1903 Nam
1921 1872 1977 1913 qui
1992 1873 2092 1903 utitur
2106 1873 2237 1913 regula'
2229 1880 2306 1910 ista,
2315 1884 2382 1905 non
2397 1874 2456 1904 nisi
2473 1876 2571 1915 opor-

1505 1924 1569 1949 teat
1591 1916 1738 1967 iudicare,
1763 1917 1795 1946 in
1819 1917 1985 1947 meliorem
2007 1923 2129 1956 partem
2156 1917 2310 1954 declinat,
2333 1927 2418 1950 non
2417 1918 2572 1958 eligendo

1506 1961 1619 1992 falsam
1642 1961 1844 2001 opinionem,
1873 1961 1928 1991 sed
1958 1961 2136 2011 periculum
2161 1961 2342 1992 incurrendi
2369 1962 2480 1993 falsam
2503 1962 2572 2004 ορδ-

1506 2006 1638 2037 nionem
1660 2005 1827 2045 praeponit
1850 2011 1951 2036 certae
1965 2005 2097 2036 iniuriae
2117 2005 2264 2045 proximi.
2285 2005 2478 2044 Quoniam
2469 2017 2495 2037 is
2515 2006 2572 2048 qui

1504 2050 1538 2080 in
1561 2049 1749 2080 deteriorem
1773 2055 1895 2089 partem
1917 2048 2147 2099 interpretatur,
2172 2056 2332 2091 quantum
2354 2057 2401 2081 est
2423 2060 2461 2081 ex
2483 2058 2572 2102 parte

1507 2104 1582 2130 sua,
1606 2093 1680 2126 facit
1703 2094 1822 2133 absque
1846 2092 1944 2123 dubio
1967 2093 2012 2123 1111
2034 2092 2199 2130 iniuriam,
2224 2093 2367 2124 iudicans
2389 2092 2483 2125 illum
2506 2095 2570 2125 m'a—

1505 2138 1575 2168 lum
1599 2147 1634 2168 ex
1659 2137 1768 2173 dubio,
1785 2137 1880 2168 etiam
1901 2137 1926 2167 si
1950 2137 2102 2168 divinaret
2117 2146 2244 2168 verum:
2270 2138 2425 2178 quoniam
2448 2138 2511 2170 hoc
2524 2145 2572 2170 est

1506 2192 1562 2221 per
1585 2181 1738 2212 accidens.
1762 2181 1802 2212 Et
1825 2181 1876 2211 hic
1899 2190 2009 2211 sensus
2033 2188 2079 2212 est
2102 2181 2352 2221 amplectendus.

1560 2226 1628 2256 VII.
1652 2225 1831 2265 Responsio
1856 2231 1964 2255 autem
1980 2235 2017 2255 ex
2039 2225 2140 2255 littera
2164 2233 2292 2266 sumpta
2311 2233 2341 2256 et
2365 2225 2569 2262 confutata*‚

1506 2270 1532 2300 si
1555 2276 1591 2300 ut
1613 2270 1646 2300 in
1669 2269 1772 2301 littera
1794 2269 1852 2299 hac
1875 2268 1955 2299 iacet
1977 2268 2140 2305 afferatur,
2164 2270 2203 2299 ad
2226 2270 2289 2300 hoc
2321 2270 2455 2301 deservit
2482 2270 2572 2311 quod

1505 2314 1623 2344 falsitas
1646 2313 1832 2344 huiusmodi
1847 2323 1913 2343 non
1929 2319 1975 2343 est
1993 2313 2116 2344 malurn
2131 2313 2308 2345 intellectus
2327 2315 2503 2345 secundum
2519 2324 2570 2351 se,

1503 2358 1654 2399 iniquitas
1677 2364 1784 2388 autem
1808 2356 1995 2388 huiusmodi
2017 2363 2064 2388 est
2090 2357 2213 2388 malum
2236 2357 2364 2389 affectus
2393 2358 2571 2401 secundum

1506 2413 1549 2433 se.
1580 2402 1678 2442 Igitur
1705 2402 1767 2432 hoc
1796 2407 1842 2432 est
1863 2401 2045 2437 vitandum
2076 2408 2107 2432 et
2135 2402 2174 2432 de
2195 2401 2253 2432 1110
2280 2411 2347 2433 11011
2375 2403 2570 2439 curandum,

1505 2446 1636 2487 quando
1660 2451 1795 2485 oportet,
1821 2451 1856 2476 ut
1879 2445 2000 2476 dictum
2024 2451 2070 2475 est
2085 2445 2111 2476 *.

1562 2490 1655 2520 Unde
1677 2490 1718 2519 ad
1741 2496 1843 2520 cetera
1866 2489 2006 2524 obiecta,
2031 2498 2112 2529 quae
2140 2490 2318 2529 procedunt
2340 2500 2376 2521 ac
2399 2490 2426 2520 si
2447 2476 2571 2523 Auctor

1506 2543 1544 2564 ex
1569 2533 1627 2564 hac
1654 2533 1890 2573 propositione,
1922 2532 2124 2573 Cognoscere
2154 2534 2320 2565 veritatem
2348 2535 2568 2575 singularium

1507 2575 1759 2618 contingentium
1777 2587 1839 2607 non
1858 2578 1999 2616 pertinet
2021 2577 2065 2607 ad
2081 2577 2312 2618 perfectionem
2329 2579 2509 2610 intellectus
2521 2587 2571 2610 se-

1507 2621 1647 2652 cundum
1662 2631 1708 2659 se,
1724 2621 1899 2651 intenderet
1914 2620 2027 2651 inferre
2042 2622 2131 2661 quod
2148 2621 2236 2652 falli
2228 2631 2261 2652 in
2277 2621 2464 2653 huiusmodi
2479 2622 2570 2656 nuno

1507 2666 1607 2696 modo
1627 2672 1673 2696 est
1695 2665 1818 2695 malum
1832 2665 2019 2701 intellectus,
2040 2666 2129 2706 quod
2152 2667 2274 2696 Auctor
2289 2675 2356 2696 non
2369 2666 2571 2703 interminat
2577 2663 2579 2665 ’

1508 2720 1545 2740 ex
1557 2709 1843 2749 supradictis*1am
1855 2715 1955 2749 patet;
1969 2719 2034 2739 non
2047 2716 2174 2749 oportet
2185 2709 2272 2741 aliter
2287 2710 2488 2750 respondere.
2500 2711 2607 2751 Ipse·

1507 2753 1593 2784 enim
1616 2760 1702 2784 tenet
1723 2753 1910 2783 huiusmodi
1928 2752 2096 2784 falsitatem
2119 2753 2273 2794 pertinere
2288 2754 2329 2784 ad
2343 2754 2467 2786 malum
2479 2754 2571 2787 intel-

1506 2798 1617 2834 lectus,
1633 2807 1700 2827 non
1719 2797 1897 2827 secundum
1913 2807 1956 2833 se,
1980 2797 2035 2828 sed
2058 2804 2094 2828 ut
2116 2797 2292 2829 extenditur
2315 2798 2355 2828 ad
2378 2808 2473 2838 opus,
2491 2798 2573 2831 idest

1507 2841 1645 2882 practici.
1665 2841 1753 2872 Sicut
1764 2841 1860 2872 etiam
1874 2841 1957 2872 male
1971 2841 2076 2872 videre
2093 2841 2272 2873 Columnas
2287 2842 2434 2873 Herculis
2449 2841 2491 2885 (si
2503 2852 2570 2874 non

1507 2896 1544 2916 ex
1561 2886 1644 2916 mala
1660 2885 1868 2926 dispositione
1884 2885 1994 2925 organi
2010 2883 2189 2928 proveniat)
2213 2895 2280 2916 non
2303 2886 2438 2926 pertinet
2452 2886 2518 2918 ad
2510 2897 2571 2919 im·

1506 2929 1734 2970 perfectionem
1756 2929 1842 2960 visus
1865 2930 2042 2960 secundum
2065 2940 2107 2966 se,
2132 2928 2278 2971 quamvis
2301 2930 2433 2971 aliquod
2448 2931 2573 2963 malum

1506 2974 1593 3004 visus
1615 2974 1649 3004 in
1672 2980 1743 3004 actu
1767 2973 1817 3004 sit.
1845 2973 1910 3004 Nec
1932 2973 2068 3004 intendit
2090 2984 2229 3014 arguere,
2253 2983 2311 3004 nec
2334 2974 2437 3014 arguit
2459 2984 2496 3006 ex
2517 2974 2571 3007 iu·

1507 3017 1744 3058 propositione,
1773 3024 1809 3048 ut
1836 3017 1972 3049 obiectio
1999 3017 2112 3049 ultima
2137 3018 2266 3058 accepit.
2301 3018 2363 3049 Sed
2390 3018 2572 3050 intendebat
2599 3044 2601 3046 .

1508 3062 1616 3092 solum
1631 3069 1806 3092 monstrare
1829 3062 1918 3102 quod
1940 3061 2022 3093 sicut
2036 3071 2147 3093 verum
2161 3062 2195 3093 in
2214 3061 2403 3093 huiusmodi
2418 3068 2465 3094 est
2486 3067 2571 3095 em

1506 3105 1707 3137 latitudinem
1729 3106 1806 3136 boni
1828 3105 2005 3137 intellectus
2021 3106 2198 3137 secundum
2213 3116 2256 3142 se,
2277 3106 2320 3138 ita
2336 3106 2431 3137 etiam
2453 3106 2572 3139 falam

1506 3150 1540 3180 in
1563 3149 1748 3180 huiusmodi
1771 3156 1818 3180 est
1841 3155 1925 3180 extra
1947 3149 2148 3181 latitudinem
2170 3150 2247 3181 mali
2260 3149 2437 3182 intellectus
2455 3158 2570 3182 :secun-

1508 3193 1586 3224 dum
1610 3203 1652 3224 se.
1675 3195 1723 3224 Ac
1745 3203 1801 3233 per
1823 3193 1895 3229 hoc,
1920 3199 1955 3224 ut
1978 3193 2100 3224 dictum
2123 3200 2183 3230 est,
2207 3194 2572 3234 parvipendendi-immet

1507 3237 1637 3277 quando
1658 3243 1794 3277 oportet.
1818 3238 1859 3268 Et
1882 3247 1919 3268 ex
1941 3237 2002 3268 hoc
2025 3244 2110 3277 patet
2133 3238 2223 3278 quod
2241 3248 2307 3269 non
2322 3237 2570 3279 impertiamini-,2

1507 3281 1562 3311 sed
1585 3281 1626 3311 ad
1651 3281 1854 3321 propositum
1877 3280 1938 3311 fuit
1960 3281 2085 3318 afferre,
2111 3291 2185 3312 cum
2208 3281 2374 3313 discutitur
2395 3291 2571 3313 nocumen-

1508 3331 1578 3356 tum
1601 3324 1670 3355 falsi
1692 3324 1817 3361 iudicii,
1842 3325 1966 3356 bonum
1989 3331 2020 3356 et
2043 3325 2164 3356 malum
2187 3325 2365 3357 intellectus
2391 3326 2571 3357 secundum
2592 3352 2594 3357 .

1508 3377 1559 3399 se:
1590 3368 1744 3409 quoniam
1767 3369 1890 3399 malum
1912 3369 2088 3401 intellectus
2111 3370 2287 3401 secundum
2309 3379 2343 3400 se
2365 3376 2412 3401 est
2435 3369 2570 3401 omnino

1507 3412 1688 3449 vitandum;
1713 3413 1836 3444 malum
1855 3420 1963 3444 autem
1980 3413 2157 3445 intellectus
2179 3414 2357 3445 secundum
2379 3413 2458 3454 quid
2479 3413 2571 3445 facile

1508 3464 1613 3497 potest
1642 3457 1778 3488 tolerari.
1816 3457 1897 3487 lllud
1927 3464 1957 3488 et
1985 3457 2070 3488 illius
2101 3457 2276 3498 periculum
2307 3457 2427 3497 eligere·
2446 3458 2570 3488 malum

1507 3500 1666 3532 moraliter
1682 3507 1742 3532 est:
1766 3501 1828 3532 hoc
1851 3501 1963 3540 eligere
1986 3501 2059 3533 licet
2081 3501 2203 3532 malum
2220 3501 2380 3532 moraliter
2401 3500 2460 3537 sit,
2485 3501 2570 3533 illius

1508 3551 1614 3575 tamen
1642 3545 1783 3585 periculo
1807 3555 1839 3575 se
1863 3555 2018 3585 exponere
2047 3555 2105 3585 pro
2128 3545 2254 3576 vitanda
2276 3544 2390 3576 iniuria
2412 3545 2570 3586 proximi,

1508 3588 1624 3619 iustitia
1648 3596 1702 3625 est,
1728 3596 1763 3619 ut
1786 3588 1835 3620 hic
1861 3589 2021 3620 docemur.

2625 556 2787 590 comparativa

2600 1086 2672 1115 ⁸Cnp.
2681 1093 2731 1114 vm,
2742 1093 2764 1110 11.
2776 1092 2812 1110 22.

2598 2230 2771 2281 &we-..¹³²
2787 2232 2812 2254 ⁸¹
2857 2205 2860 2246 ³

2598 2446 2694 2470 Num.
2704 2447 2809 2476 praeced.
2856 2437 2860 2459 ·'

2621 2714 2681 2737 Ibid-
