2860 4244
82 2631 94 2643 ⁸
106 2630 167 2654 thid.

1014 270 1280 316 QUAESTIO
1311 272 1431 319 LXX,
1460 272 1754 309 ARTICULUS
1784 273 1814 308 11
2429 283 2497 318 117

332 355 454 384 netur.
483 347 594 385 Unde
613 356 737 397 potest
760 348 918 396 obligari
937 360 982 384 ex
1000 348 1075 385 hoc
1094 349 1200 397 quod
1228 349 1298 386 sibi
1318 350 1390 386 sub
1497 352 1556 386 Ao
1584 361 1743 387 TERTIUM
1769 362 1953 387 mOENDUM
1977 349 2081 399 quod
2105 349 2254 398 operari
2279 350 2340 386 vel
2361 361 2499 397 coope-

330 407 476 437 secreto
506 401 806 438 committuntur.
854 402 903 437 Et
929 409 1018 437 tunc
1053 401 1156 437 nullo
1190 402 1308 438 modo
1337 410 1390 438 te-
1445 402 1515 438 rari
1530 402 1579 439 ad
1599 402 1830 439 occisionem
1847 403 2010 439 hominis
2029 415 2107 439 non
2123 402 2303 450 competit
2323 401 2499 438 ministris

331 460 442 490 netur
465 464 509 490 ea
536 455 711 502 prodere,
733 454 845 490 etiam
871 465 915 490 ex
933 461 1138 502 praecepto
1164 454 1387 502 superioris:
1443 454 1580 501 altaris,
1600 463 1642 491 ut
1661 467 1775 503 supra
1793 455 1813 477 ’¹‘
1841 455 1984 492 dictum
2005 463 2071 492 est.
2103 455 2151 491 Et
2178 455 2265 491 ideo
2287 455 2499 491 secundum

329 505 419 553 quia
454 518 606 543 servare
642 506 775 543 fidem(
799 514 856 542 est
883 506 931 543 de
963 505 1043 542 iure
1076 507 1255 551 naturali;
1298 506 1388 543 nihil
1442 507 1531 543 iuris
1552 507 1726 544 ordinem
1747 508 1923 556 compelli
1943 520 2022 544 non
2040 515 2200 556 possunt
2227 507 2276 544 ad
2300 507 2499 544 ferendum

329 566 457 595 autem
484 566 609 607 potest
635 558 802 607 praecipi
830 557 975 595 homini
996 565 1126 595 contra
1150 558 1187 595 id
1209 559 1313 606 quod
1335 566 1390 595 est
1442 559 1702 596 testimonium
1731 560 1770 596 in
1798 572 1912 597 causa
1940 560 2143 608 sanguinis,

329 610 378 647 de
406 610 488 648 iure
516 610 688 654 naturali.
1412 609 1416 661 Ι

1002 705 1333 738 commentaria.
1356 705 1605 739 Gal-dinalis
1629 705 1827 738 Caietani

357 793 378 814 Ν
400 782 532 814 articulo
555 782 660 823 primo
683 782 877 823 quaestionis
893 783 1153 823 septuagesimae,
1173 790 1250 815 nota
1268 783 1301 814 in
1321 793 1388 814 cor·
1440 790 1500 814 test
1529 783 1600 823 quis
1631 782 1787 813 testificari
1817 794 1914 824 quam
1941 794 2102 821 accusare,
2127 785 2202 826 quia
2232 795 2297 816 non
2320 785 2438 826 obligat
2468 796 2500 817 se

330 796 435 868 Ipore
459 826 581 857 articuli
601 826 780 857 doctrinam
803 827 978 868 superius*
1001 827 1117 863 datam,
1134 828 1167 858 in
1190 827 1253 858 hoc
1272 827 1390 858 scilicet
1440 826 1526 857 testis
1550 827 1590 856 ad
1613 836 1752 866 poenam
1775 828 1912 859 talionis.
1937 829 2031 859 Nulla
2053 829 2149 869 igitur
2172 839 2208 859 ex
2226 829 2316 860 dictis
2340 831 2502 870 consurgit

292 849 298 859 ,

291 874 298 881 ”
325 871 414 912 quod
437 870 568 901 infamia
590 871 629 901 de
644 880 711 901 uno
727 871 857 901 crimine
881 881 946 902 non
962 872 1016 902 dat
1030 871 1080 902 ius
1095 871 1194 902 iudici
1207 871 1388 912 inquirendi
1439 870 1599 910 iniquitas.
1629 871 1720 901 Unde
1743 871 1776 901 in
1799 872 2006 912 responsione
2030 873 2069 902 ad
2091 872 2233 912 primum
2254 876 2388 910 Auctor,
2413 874 2500 905 colli-

325 915 364 946 de
386 915 454 946 aliis
477 914 620 945 eiusdem
635 914 693 945 viri
715 915 899 946 criminibus
914 916 1047 946 occultis
1066 922 1097 946 et
1112 915 1179 945 sine
1193 915 1326 945 infamia
1349 915 1388 945 de
1439 923 1516 954 gens
1541 913 1717 944 doctrinam
1739 915 1841 952 hanc,
1866 917 1904 946 ad
1931 916 1996 946 duo
2021 916 2123 955 capita
2149 917 2285 947 reducit:
2318 917 2435 948 scilicet
2461 919 2500 948 ad

323 958 396 996 inis,
419 957 537 989 firmari
560 968 596 989 ex
618 959 774 999 praesenti
798 959 955 998 doctrina,
979 969 1054 990 cum
1076 958 1177 989 littera
1201 955 1276 990 di'cit
1298 959 1387 999 quod
1439 957 1661 988 auctoritatem
1675 958 1788 988 iudicis
1805 966 1835 989 et
1850 959 2004 990 damnum
2020 960 2166 1000 proximi.
2190 960 2230 990 Et
2245 960 2278 990 in
2293 962 2500 1001 responsione

323 1003 354 1034 si
367 1013 387 1034 a
402 1001 507 1034 iudice
529 1003 684 1044 exigatur
706 1004 918 1034 testimonium
935 1004 967 1033 in
990 1003 1075 1040 aliis,
1093 1007 1177 1043 puta
1200 1003 1232 1032 in
1255 1002 1388 1033 occultis
1440 1001 1479 1031 ad
1498 1002 1674 1032 secundum
1691 1001 1833 1042 explicite
1853 1009 1937 1033 tenet
1959 1004 2047 1043 quod
2067 1004 2099 1033 in
2122 1003 2308 1034 huiusmodi
2323 1006 2501 1045 propalare

325 1051 356 1078 et
378 1046 418 1077 de
440 1046 554 1087 quibus
577 1046 713 1087 infmia
737 1057 800 1078 non
821 1047 1017 1087 praecessit,
1042 1056 1105 1076 non
1129 1051 1257 1076 tenetur
1278 1046 1322 1077 ad
1344 1051 1387 1076 te·
1439 1050 1566 1076 tenetur
1595 1046 1793 1086 testificando
1817 1047 1867 1076 vel
1895 1047 2131 1084 denuntiando,
2162 1054 2259 1087 prout
2285 1058 2367 1087 opus
2397 1049 2499 1080 fuerit.

322 1090 529 1131 stificandum
555 1091 718 1128 subditus,
749 1091 787 1121 de
815 1100 883 1131 quo
913 1090 1065 1131 loquitur.
1095 1090 1155 1120 Par
1184 1096 1308 1126 autem,
1333 1097 1388 1121 aut
1495 1089 1548 1119 111.
1573 1089 1608 1119 In
1633 1089 1840 1129 responsione
1863 1091 1902 1120 ad
1926 1091 2103 1121 secundum
2127 1091 2267 1121 eiusdem
2292 1092 2423 1128 articuli,
2448 1094 2500 1123 ad-

322 1134 426 1165 maior
449 1141 496 1166 est
518 1134 598 1165 ratio
621 1135 660 1165 de
683 1142 754 1165 reo:
782 1134 858 1175 quia
879 1133 1035 1173 contingit
1057 1133 1214 1164 occultius
1238 1143 1305 1164 esse
1328 1134 1388 1165 sibi
1439 1139 1525 1163 verte
1555 1139 1591 1164 ut
1614 1133 1693 1163 scias
1716 1133 1890 1164 discernere
1919 1134 2000 1164 inter
2022 1134 2075 1164 illa
2103 1144 2184 1175 quae
2207 1135 2349 1166 sciuntur
2372 1137 2430 1166 sub
2454 1147 2500 1166 sa-

323 1178 490 1220 proprium
515 1178 642 1214 crimen,
667 1178 706 1208 de
726 1187 793 1218 quo
809 1178 1064 1218 interrogaretur,
1088 1187 1188 1218 quam
1211 1177 1244 1207 id
1267 1178 1306 1208 de
1321 1188 1388 1219 quo
1440 1177 1638 1208 eramentalis
1661 1177 1868 1208 confessionis
1892 1177 1995 1218 sigillo
2018 1178 2061 1209 ita
2089 1179 2176 1219 quod
2191 1189 2263 1209 vere
2283 1179 2403 1210 audivit
2417 1180 2500 1211 illius

321 1222 388 1254 iam
402 1228 511 1263 posset
525 1221 605 1253 alius
620 1221 841 1253 testimonium
856 1221 996 1252 reddere.
1021 1221 1095 1258 Qua
1110 1231 1251 1262 namque
1265 1221 1388 1253 ratione
1440 1220 1689 1257 confessionem;
1716 1228 1747 1252 et
1769 1221 1849 1252 inter
1871 1221 1925 1251 illa
1948 1232 2029 1263 quae
2053 1222 2195 1253 sciuntur
2218 1223 2276 1253 sub
2300 1223 2403 1262 sigillo
2427 1234 2500 1254 con-

321 1265 409 1297 testis
432 1265 577 1297 conscius
601 1272 631 1296 et
653 1265 798 1296 subditus
828 1275 894 1296 non
918 1272 1043 1296 tenetur
1071 1265 1110 1296 de
1133 1265 1181 1295 his
1207 1265 1386 1303 testificari,
1439 1264 1584 1295 fessionis
1607 1275 1673 1295 non
1697 1275 1785 1301 vere,
1809 1265 1863 1296 sed
1887 1266 1926 1295 ad
1949 1265 2160 1297 imitationem
2183 1275 2237 1296 seu
2261 1267 2501 1298 similitudinem

322 1309 442 1347 eadem,
467 1316 498 1340 et
520 1309 643 1346 maiori,
667 1315 703 1340 ut
725 1309 847 1341 dictum
870 1316 926 1346 est,
950 1319 1016 1340 non
1040 1315 1164 1340 tenetur
1180 1309 1325 1340 subditus
1340 1320 1386 1341 re·
1440 1308 1665 1345 confessionis,
1689 1316 1725 1340 ut
1747 1309 1927 1350 frequenter
1952 1309 1987 1340 fit
2010 1320 2028 1340 a
2051 1310 2226 1341 dicentibus
2249 1310 2368 1351 aliquid
2398 1312 2431 1341 in
2454 1322 2501 1342 se—

319 1354 423 1384 velare
446 1353 668 1393 iuterrogatus.
1411 1365 1413 1392 ᾗ
1440 1360 1536 1389 creto,
1556 1353 1638 1384 Dico
1657 1353 1712 1384 tibi
1730 1353 1836 1384 hocin
1853 1353 2062 1394 confessione,
2081 1364 2147 1390 seu,
2164 1355 2196 1384 in
2207 1356 2422 1394 poenitentias
2445 1366 2499 1387 seu

323 1396 769 1444 [μωοώὶι-ῑίςωο,
793 1397 874 1428 circa
889 1397 1008 1428 calcem
1023 1397 1177 1437 corporis,
1196 1397 1251 1428 ubi
1273 1397 1388 1428 dicitur
1411 1395 1413 1412 ⁴
1438 1396 1606 1434 inchoant,
1633 1397 1795 1438 Confiteor
1807 1398 1878 1428 Deo
1901 1403 1932 1428 et
1953 1398 2028 1435 tibi‚·
2051 1405 2082 1428 et
2103 1405 2210 1429 tamen
2232 1398 2265 1428 in
2289 1399 2378 1429 nullo
2402 1399 2500 1430 confi-

307 1441 412 1483 'quod
428 1443 457 1473 si
471 1442 636 1472 immineat
644 1441 827 1482 periculum
843 1442 1034 1478 accusatori,
1052 1451 1114 1471 non
1132 1446 1178 1472 est
1193 1442 1383 1479 curandum,
1411 1440 1413 1466 ἰ
1438 1447 1544 1472 tentur
1567 1451 1599 1471 se
1622 1451 1786 1481 peccasse,
1811 1442 1865 1472 sed
1896 1442 2133 1473 communicant
2162 1449 2287 1473 tantum
2316 1453 2398 1484 quae
2427 1451 2501 1474 sunt

317 1486 398 1529 quia
421 1486 489 1527 ipse
511 1486 544 1517 in
567 1486 626 1516 hoc
647 1485 826 1525 periculum
845 1490 956 1527 sponte
970 1494 1004 1516 se
1018 1486 1161 1526 ingessit,
1181 1485 1316 1525 dubium
1331 1495 1385 1516 oc-
1439 1483 1562 1520 dicturi,
1587 1491 1618 1516 et
1639 1485 1835 1516 huiusmodi.
1864 1486 1951 1516 Haec
1975 1485 2076 1522 enim,
2101 1485 2126 1516 si
2150 1486 2321 1526 acceptatio
2345 1487 2500 1518 audientis

322 1529 428 1561 currit.
451 1529 535 1567 Quia
555 1539 631 1559 cum
653 1529 799 1569 superius
813 1528 831 1548 '⁸‘
853 1531 974 1559 Auctor
989 1528 1100 1558 dixerit
1117 1529 1206 1568 quod
1222 1536 1388 1560 accusator
1439 1526 1520 1570 (sine
1547 1538 1611 1568 qua
1634 1528 1713 1558 nihil
1735 1527 1784 1571 fit)
1807 1529 1988 1566 intervenit,
2014 1539 2079 1560 non
2103 1530 2203 1570 magis
2233 1530 2375 1571 obligant
2403 1542 2499 1572 quarn

319 1573 515 1615 quandoque
537 1573 663 1604 tenetur
684 1572 724 1603 ad
739 1572 968 1603 accusandum:
992 1589 1013 1595 -
1037 1578 1113 1602 tuuc
1130 1572 1226 1608 enim,
1243 1572 1270 1602 si
1286 1573 1387 1603 sciens
1411 1594 1412 1598 ,
1437 1572 1654 1602 iuramentum
1678 1573 1716 1602 de
1732 1573 1870 1603 tenendo
1886 1581 2050 1604 secretum.
2074 1574 2115 1604 Et
2138 1580 2304 1614 propterea
2326 1581 2450 1606 tenetur
2464 1586 2499 1606 ea

316 1627 388 1649 non
409 1623 535 1649 tenetur
556 1616 724 1653 testificari,
747 1626 807 1647 nec
827 1622 952 1646 tenetur
975 1625 1085 1646 curam
1107 1615 1223 1646 habere
1239 1616 1278 1646 de
1294 1626 1386 1647 accu-
1410 1599 1413 1642 i
1438 1615 1585 1652 revelare,
1602 1616 1628 1646 si
1651 1623 1726 1647 sunt
1748 1617 1823 1647 talia
1841 1626 1922 1657 quae
1938 1617 1999 1647 sint
2017 1617 2049 1647 in
2065 1617 2192 1648 alterius
2207 1618 2371 1650 damnum.
2395 1620 2500 1650 Prima

316 1662 433 1695 moria
455 1661 590 1697 defectu.
613 1661 724 1701 iniqua
743 1660 801 1691 erit
815 1659 1005 1694 accusatoris
1028 1666 1059 1690 et
1081 1659 1210 1690 testium
1231 1660 1384 1697 conditio,
1438 1666 1546 1691 autem
1568 1659 1601 1690 in
1625 1660 1715 1690 nullo
1739 1670 1813 1691 casu
1837 1661 1972 1691 revelare
1995 1661 2118 1691 licitum
2141 1668 2203 1691 est:
2231 1662 2315 1702 quia,
2339 1669 2375 1693 ut
2397 1663 2429 1693 in
2452 1663 2500 1694 lit-

318 1713 358 1746 m
379 1705 497 1739 scilicet
519 1715 603 1736 unus
625 1710 769 1736 teneatur
791 1704 833 1735 ad
855 1704 1089 1740 accusandum,
1114 1710 1145 1734 et
1167 1704 1220 1734 alii
1251 1714 1317 1734 non
1341 1711 1385 1735 te·
1410 1701 1412 1731 ἰ
1438 1710 1503 1734 tera
1526 1703 1654 1740 dicitur,
1678 1704 1732 1734 illa
1755 1704 1812 1735 scit
1835 1711 1871 1735 ut
1893 1705 1998 1741 Deus,
2023 1710 2053 1735 et
2075 1706 2180 1736 maius
2199 1711 2245 1736 est
2267 1707 2428 1737 vinculum
2449 1717 2500 1738 sa-

319 1756 455 1781 neantur
477 1748 517 1779 ad
539 1747 772 1780 testificandum
796 1747 856 1778 nisi
881 1747 981 1779 coacti
1005 1758 1023 1778 a
1040 1747 1159 1778 iudice.'
1178 1748 1262 1778 Tam
1278 1755 1386 1789 aperta
1410 1741 1412 1753 ¹
1438 1749 1596 1778 atramenti
1617 1748 1755 1789 quolibet
1777 1749 1924 1786 hominis,
1949 1749 2044 1779 etiam
2067 1749 2180 1790 Papae,
2201 1755 2383 1790 praecepto.

319 1801 428 1826 autem
451 1799 532 1825 esset
553 1793 704 1834 iniquitas
727 1792 804 1823 haec
827 1799 863 1822 ut
885 1802 952 1823 non
975 1798 1064 1832 egeat
1086 1792 1286 1832 probatione.
1410 1795 1412 1804 ¹
1494 1791 1546 1823 1v.
1571 1792 1607 1822 In
1631 1792 1715 1822 calce
1738 1792 1880 1823 eiusdem
1903 1792 2119 1832 responsionis
2142 1794 2181 1823 ad
2205 1794 2400 1830 secundum,
2426 1802 2500 1826 nota

339 1845 341 1850 ’
373 1837 427 1869 Ad
449 1837 511 1868 hoc
535 1836 648 1868 dicitur
675 1837 764 1877 quod
787 1835 924 1867 obiectio
951 1836 1094 1876 procedit
1117 1846 1154 1866 ex
1177 1836 1259 1866 mala
1283 1836 1385 1876 appli-
1410 1866 1411 1873 ,
1437 1836 1526 1876 quod
1550 1845 1587 1866 ex
1610 1835 1672 1866 hoc
1695 1837 1784 1876 quod
1799 1846 1920 1867 servare
1936 1836 2033 1867 fidem
2057 1844 2102 1867 est
2126 1837 2164 1867 de
2178 1837 2246 1867 iure
2270 1844 2408 1874 naturae,
2434 1848 2498 1868 non

316 1882 444 1914 attone
469 1881 601 1912 litterae.
631 1880 668 1911 ln
691 1880 794 1911 littera
819 1880 978 1921 siquidem
1007 1886 1173 1920 ponuntur
1199 1881 1266 1910 duo
1293 1889 1384 1910 casus
1410 1916 1411 1922 ἵ
1437 1879 1596 1920 sequitur:
1609 1880 1694 1919 Ergo
1707 1881 1872 1920 praeterire
1884 1891 1940 1911 seu
1957 1881 2139 1921 delinquere
2151 1881 2183 1911 in
2197 1881 2259 1912 hoc
2274 1889 2321 1912 est
2336 1889 2500 1921 peccatum

316 1926 402 1960 circa
418 1935 486 1957 non
501 1931 649 1956 coactum
670 1923 904 1956 testimonium:
930 1924 1052 1964 primus
1067 1930 1113 1954 est
1136 1924 1267 1964 quando
1282 1923 1385 1964 agitur
1437 1924 1580 1955 mortale.
1605 1924 1713 1954 Potest
1735 1924 1821 1955 enim
1844 1934 1912 1955 esse
1926 1924 2056 1961 veniale,
2074 1931 2110 1955 ut
2128 1931 2214 1965 patet
2227 1925 2260 1955 in
2276 1925 2388 1956 simili:
2413 1936 2500 1957 men-

315 1970 360 2003 ,ad
382 1969 582 2001 liberandum
603 1968 770 1999 hominem
793 1968 831 1998 ab
851 1967 1003 1999 iniustitia
1018 1967 1138 2009 aliqua;
1163 1967 1322 1998 secundus
1338 1975 1386 1999 est
1435 1967 1487 1998 tiri
1511 1968 1596 1998 enim
1620 1976 1666 1999 est
1689 1975 1799 1999 contra
1820 1968 1870 1999 ius
1894 1976 2044 2005 naturae,
2068 1975 2099 1999 et
2122 1976 2227 2000 tamen
2252 1979 2318 2000 non
2341 1970 2498 2010 sequitur:

319 2010 450 2056 quando
473 2012 576 2054 agitur
603 2012 643 2043 ad
667 2011 967 2043 condemnationem
990 2011 1132 2042 alicuius.
1164 2012 1206 2042 Et
1229 2011 1384 2053 quoniam
1436 2012 1563 2042 Mentiri
1585 2019 1632 2042 est
1654 2019 1819 2051 peccatum
1844 2013 1988 2044 mortale.
2020 2013 2157 2052 Oportet
2180 2022 2254 2052 ergo
2278 2014 2437 2044 advertere
2460 2015 2499 2044 ad

317 2059 424 2089 'sermo
449 2056 588 2088 doctoris
611 2063 658 2087 est
680 2055 832 2092 formalis,
856 2066 923 2086 non
944 2055 1088 2096 loquitur
1111 2055 1144 2086 in
1163 2055 1225 2086 hoc
1241 2057 1382 2087 secundo
1409 2069 1411 2075 ·
1436 2056 1610 2092 materiam,
1627 2056 1812 2096 simpliciter
1829 2057 1879 2087 vel
1902 2063 1938 2087 ut
1960 2057 1999 2087 ab
2020 2056 2092 2092 hoc,
2109 2063 2145 2087 ut
2160 2056 2354 2087 discernatur
2369 2059 2499 2098 quando

319 2110 394 2134 casu
418 2101 478 2132 nisi
501 2100 632 2142 quando
654 2099 793 2140 praecise
816 2099 918 2140 agitur
941 2100 981 2130 ad
1005 2100 1306 2131 condemnationem
1329 2100 1384 2131 ali-
1435 2099 1572 2130 revelare
1589 2107 1744 2131 secretum
1763 2107 1810 2131 est
1833 2100 1965 2131 mortale
1981 2098 2030 2131 vel
2045 2099 2178 2131 veniale.
2202 2100 2284 2131 Sunt
2303 2101 2388 2131 enirn
2404 2112 2500 2142 quae-

317 2146 420 2177 euius.
444 2146 486 2176 Et
508 2151 674 2186 propterea
697 2150 820 2175 constat
842 2144 931 2184 quod
953 2153 1020 2174 non
1037 2143 1216 2174 continetur
1239 2145 1298 2175 sub
1321 2144 1383 2175 hoc
1436 2144 1510 2174 dam
1533 2154 1633 2184 quae,
1658 2144 1754 2174 etiam
1777 2144 1802 2175 si
1826 2154 1891 2176 non
1914 2144 1976 2175 sint
1999 2151 2124 2175 nostrae
2147 2143 2220 2174 fidei
2244 2146 2430 2182 commissa,
2455 2153 2499 2177 te-

316 2190 464 2221 membro
481 2199 572 2220 casus
594 2189 628 2219 in
645 2197 713 2229 quo
737 2188 851 2228 aliquis
873 2187 997 2219 tene'tur
1019 2188 1060 2218 ad
1083 2189 1309 2224 accusandum,
1327 2198 1382 2219 seu
1408 2184 1410 2199 ²
1435 2198 1550 2218 nemur
1572 2198 1694 2219 servare
1717 2194 1849 2219 secreta:
1874 2195 1910 2219 ut
1933 2189 2057 2219 occulta
2073 2188 2236 2224 adulteria,
2261 2195 2292 2220 et
2314 2189 2394 2220 facta
2417 2200 2499 2230 quae

318 2244 357 2265 ex
380 2234 575 2274 obligatione
598 2232 781 2264 accusavit:
796 2232 872 2272 quia
894 2232 1002 2262 nullus
1025 2238 1149 2263 tenetur
1171 2232 1211 2262 ad
1235 2242 1383 2263 accusan-
1436 2232 1571 2262 revelata
1594 2238 1697 2262 essent
1724 2232 1845 2263 semina
1873 2232 2063 2268 discordiae,
2089 2232 2130 2263 et‘
2146 2232 2342 2265 huiusmodi.
2374 2251 2394 2256 -
2419 2234 2499 2265 Sunt

320 2278 399 2310 dum
429 2278 468 2309 de
491 2286 698 2319 quocumque
722 2275 852 2307 crimine
883 2282 919 2306 ut
946 2275 1112 2316 proximus
1135 2276 1381 2312 condemnetur,
1435 2276 1531 2306 etiam
1553 2276 1711 2316 quaedam
1734 2286 1825 2317 quae,
1851 2276 1907 2306 etsi
1924 2276 2108 2317 simpliciter
2123 2283 2255 2316 possent
2269 2276 2375 2307 referri
2399 2287 2498 2317 quan-

319 2328 617 2364 quantumcumque
633 2321 714 2351 iuste
731 2320 936 2351 condemnari
952 2319 1062 2360 possit,
1080 2320 1135 2350 sed
1151 2327 1264 2360 sponte
1288 2330 1381 2351 accu-
1407 2337 1409 2342 ι
1435 2326 1506 2350 tum
1528 2320 1561 2350 in
1585 2320 1698 2350 notitia
1717 2327 1823 2351 nostra
1846 2327 1902 2356 est,
1927 2320 2067 2351 occultas
2090 2327 2197 2351 tamen
2221 2320 2339 2351 habent
2361 2321 2498 2352 rationes

318 2373 367 2397 sat
381 2366 578 2407 quicumque
592 2365 636 2396 sic
651 2371 786 2396 accusat.
803 2364 844 2394 Et
857 2370 1024 2405 propterea
1038 2364 1140 2394 littera
1155 2364 1230 2394 dicit
1242 2365 1331 2405 quod
1343 2364 1382 2394 de
1435 2364 1468 2394 in
1495 2373 1534 2394 eo
1556 2364 1620 2405 ‘qui
1648 2363 1721 2394 fidei
1750 2371 1876 2395 nostrae
1904 2364 2080 2400 commisit,
2113 2364 2188 2404 quia
2212 2365 2315 2395 voluit
2343 2372 2497 2396 secretum

316 2417 501 2442 accusatore
515 2405 573 2440 tali
588 2419 654 2439 nou
673 2414 720 2439 est
736 2408 924 2439 curandum.
936 2426 958 2431 -
974 2407 1166 2439 Continetur
1181 2408 1277 2448 igitur
1291 2418 1381 2438 casus
1434 2407 1560 2438 servari.
1594 2408 1635 2439 Et
1661 2414 1828 2448 propterea
1854 2418 1891 2439 ex
1914 2418 1980 2449 quo
2013 2408 2210 2448 promissum
2233 2415 2280 2439 est
2305 2411 2497 2449 acceptando

317 2454 351 2485 in
370 2464 436 2495 quo
460 2459 623 2486 accusator
634 2463 676 2485 ex
691 2452 875 2482 necessitate
891 2452 1057 2488 accusavit,
1082 2452 1140 2482 sub
1164 2452 1268 2492 primo
1285 2452 1380 2483 huius
1433 2452 1466 2482 in
1489 2459 1620 2489 secreto,
1644 2462 1711 2482 non
1734 2453 1842 2483 solum
1864 2453 2054 2482 servandum
2078 2459 2134 2488 est,
2158 2453 2212 2483 sed
2236 2459 2353 2493 posset,
2379 2463 2436 2493 pro
2454 2455 2497 2484 rei

317 2498 438 2537 litterae
461 2508 535 2528 casu
557 2504 588 2528 et
603 2497 760 2532 membro,
784 2496 914 2537 quando
930 2495 1048 2526 scilicet
1062 2496 1165 2536 agitur
1187 2496 1227 2526 ad
1249 2495 1381 2526 liberan-
1434 2496 1615 2532 nobilitate,
1640 2506 1707 2526 esse
1735 2503 1901 2536 peccatum
1924 2497 2057 2528 mortale
2084 2496 2270 2527 huiusmodi
2294 2497 2452 2528 revelatio.
2476 2516 2496 2521 -

316 2537 397 2575 dum
422 2542 589 2573 hominem
615 2542 654 2572 ab
678 2540 786 2581 aliquo
811 2541 941 2571 damno.
974 2539 1138 2577 Quoniam
1164 2539 1315 2580 obligatio
1342 2540 1382 2570 ad
1406 2569 1407 2576 ,
1433 2539 1514 2570 Sunt
1529 2547 1636 2570 autem
1660 2541 1818 2580 quaedam
1841 2550 1981 2580 quorum
1997 2540 2168 2571 occultatio
2193 2541 2271 2571 nulli
2288 2541 2426 2580 prodest,
2452 2552 2497 2572 re-

318 2585 533 2617 ac'cusandum
557 2593 603 2617 est
625 2585 754 2626 quando
777 2584 923 2615 imminet
946 2584 1124 2623 periculum
1148 2582 1309 2623 spirituale
1332 2584 1383 2614 vel
1430 2584 1612 2624 velatioque
1636 2584 1715 2614 nulli
1739 2591 1841 2620 nocet,
1865 2594 1947 2624 quae
1971 2584 2079 2615 leviter
2102 2585 2346 2616 committuntur
2363 2592 2392 2616 et
2412 2596 2496 2616 acce-

319 2630 482 2671 corp0rale
497 2629 721 2666 multitudinis,
737 2628 823 2659 iuxta
837 2628 983 2668 superius
997 2629 1015 2647 *
1037 2627 1152 2658 habita.
1178 2627 1313 2658 Constat
1327 2638 1382 2658 au·
1433 2635 1562 2668 ptantur
1577 2629 1610 2659 in
1625 2635 1756 2659 secreto.
1782 2629 1823 2659 Et
1836 2628 1870 2658 in
1884 2628 1933 2658 his
1948 2629 2069 2659 veniale
2085 2636 2132 2659 est
2146 2629 2243 2659 fidem
2263 2629 2391 2660 violare.
2413 2630 2496 2667 Quia

317 2681 384 2706 tem
406 2674 496 2716 quod
519 2674 545 2704 si
567 2683 626 2715 pro
648 2673 812 2704 liberando
834 2672 965 2703 homine
985 2673 1025 2703 ab
1040 2672 1149 2712 aliquo
1164 2671 1277 2713 iniquo
1293 2673 1380 2703 malo
1406 2676 1408 2696 ῑ
1432 2682 1507 2703 cum
1530 2682 1588 2703 nec
1610 2682 1648 2703 ex
1671 2672 1799 2703 materia
1821 2672 1974 2704 inferatur
1997 2673 2091 2704 alicui
2113 2673 2228 2704 iniuria
2251 2680 2306 2704 aut
2327 2673 2494 2710 iniustitia,

317 2724 442 2750 tenetur
470 2718 571 2749 homo
599 2716 756 2748 testificari
780 2715 912 2757 sponte,
938 2726 956 2746 a
983 2715 1106 2747 fortiori
1137 2726 1195 2756 pro
1221 2716 1382 2747 liberanda
1433 2716 1509 2757 quia
1532 2727 1598 2748 non
1626 2723 1674 2747 est
1699 2716 1829 2747 materia
1859 2717 2054 2757 perniciosam
2085 2727 2143 2748 nec
2171 2727 2207 2747 ex
2234 2716 2354 2754 forma,
2379 2718 2496 2749 scilicet

317 2761 520 2794 multitudine
549 2762 588 2792 ab
610 2761 782 2793 infectione
810 2760 946 2791 haeresis
973 2760 1024 2791 vel
1053 2770 1071 2790 a
1098 2760 1247 2791 servitute
1275 2767 1382 2801 tyran-
1432 2761 1605 2791 violatione
1629 2760 1705 2791 iuris
1729 2767 1875 2796 naturae,
1901 2761 1941 2791 sit
1964 2767 2072 2791 contra
2095 2761 2200 2791 Deum
2224 2768 2279 2792 aut
2301 2761 2493 2800 proximum,

317 2805 469 2843 nica,etc.
484 2805 706 2837 Universaliter
722 2805 807 2836 enim
823 2814 882 2845 pro
897 2804 1005 2844 regula
1020 2804 1203 2834 habendum
1226 2810 1273 2834 est
1293 2805 1381 2844 quod
1406 2819 1408 2831 r
1434 2804 1487 2834 sed
1516 2811 1638 2844 praeter
1665 2805 1806 2835 debitum
1834 2805 1999 2844 proximo:
2033 2804 2154 2835 ratione
2181 2805 2428 2845 imperfectionis
2451 2806 2494 2835 rei

318 2850 344 2882 si
367 2850 439 2892 quis
462 2855 586 2880 tenetur
602 2848 648 2879 'ad
671 2849 899 2884 accusandum,
925 2847 1042 2879 conscii
1066 2853 1213 2878 tenentur
1236 2848 1275 2877 ad
1298 2847 1382 2878 testi·
1406 2865 1408 2886 q
1434 2849 1472 2878 de
1496 2858 1560 2888 qua
1582 2848 1700 2888 agitur,
1725 2858 1790 2878 non
1814 2848 2022 2879 contrariatur
2044 2848 2177 2884 caritati,
2202 2849 2256 2879 sed
2279 2856 2401 2888 praeter
2424 2859 2492 2879 eam

318 2893 495 2926 ficandum:
514 2899 604 2924 tanto
627 2892 701 2932 plus
719 2898 840 2932 quanto
857 2902 930 2922 cum
946 2891 1063 2922 minori
1080 2901 1140 2922 suo
1157 2891 1300 2931 periculo
1324 2901 1383 2931 po·
1406 2890 1409 2924 ff
1434 2892 1546 2932 agitur.

1089 3063 1406 3107 ARTICULUS
1437 3063 1736 3106 SECUNDUS

797 3165 952 3195 UTRUM
976 3164 1202 3196 SUFFICIAT
1226 3165 1415 3197 DUORUM
1438 3166 1522 3196 VEL
1546 3166 1686 3196 TmUM
1709 3165 2014 3196 TESTIMONIUM

766 3252 789 3276 1⁵
809 3251 865 3284 11¹⁸,
885 3259 931 3284 qu.
948 3259 990 3283 cv,
1009 3257 1057 3277 art.
1077 3259 1100 3283 2,
1120 3252 1152 3276 ad
1170 3251 1202 3282 8;
1223 3252 1253 3277 In
1274 3252 1357 3282 Ioan„
1377 3260 1432 3284 cap.
1449 3259 1504 3281 vm,
1523 3253 1582 3278 lect.
1602 3260 1634 3283 113
1653 3253 1697 3278 Ad
1715 3253 1790 3282 Heb„
1810 3260 1865 3285 cap.
1883 3261 1907 3283 x,
1927 3254 1986 3277 lect.
2005 3260 2042 3278 m.

404 3348 409 3359 ι
438 3352 504 3390 sq«
529 3343 551 3368 D
567 3343 756 3368 SECUNDUM
771 3343 824 3368 sm
838 3343 1077 3369 raom-:mrum
1093 3332 1253 3369 Videtur
1272 3332 1376 3380 quod
1433 3333 1481 3368 111
1501 3334 1598 3382 Reg.
1619 3344 1678 3369 xm
1704 3334 1723 3354 *
1752 3333 1857 3380 quod
1885 3333 2041 3369 Naboth
2076 3333 2123 3369 ad
2153 3332 2295 3369 dictum
2325 3333 2488 3369 duorum

447 3372 499 3442 {3
529 3396 608 3421 non
627 3383 789 3421 sufficiat
813 3383 976 3421 duorum
995 3385 1057 3422 vel
1077 3385 1190 3422 trium
1209 3385 1377 3422 testimo·
1430 3385 1581 3421 testium
1602 3385 1695 3422 falso
1716 3387 1992 3422 condemnatus
2021 3392 2086 3421 est.
2117 3385 2218 3432 Ergo
2244 3385 2408 3421 duorum
2428 3386 2488 3421 vel

355 3470 358 3481 Α
397 3451 455 3477 v,
473 3438 498 3475 ”6
513 3432 646 3474 nium.
677 3436 861 3473 Iudicium
891 3437 993 3474 enim
1030 3437 1292 3475 certitudinem
1321 3450 1376 3474 re·
1430 3438 1543 3474 trium
1571 3437 1829 3474 testimonium
1858 3450 1936 3474 non
1964 3437 2111 3473 sufficit.

374 3463 471 3519 §³⁴⁹5
488 3480 650 3538 quirit.
682 3490 758 3526 Sed
778 3501 855 3526 non
883 3489 1043 3527 habetur
1067 3490 1250 3527 certitudo
1279 3490 1376 3527 veri·
1486 3502 1520 3527 2.
1542 3491 1780 3536 PRAETEREA,
1810 3489 2091 3536 testimonium,
2119 3490 2166 3527 ad
2200 3490 2275 3526 hoc
2312 3491 2416 3537 quod
2445 3490 2489 3526 sit

318 3541 402 3579 tatis
430 3554 498 3590 per
535 3543 675 3580 dictum
707 3542 871 3579 duorum
905 3542 1072 3579 testium:
1108 3543 1241 3590 legitur
1276 3543 1376 3579 enim
1402 3548 1405 3584 1
1432 3543 1628 3590 credibile,
1665 3543 1778 3579 debet
1814 3555 1894 3579 esse
1931 3554 2101 3579 concors.
2146 3542 2222 3579 Sed
2262 3543 2487 3591 plerumque

2528 459 2537 468 ⁸
2553 459 2601 485 Qu.
2616 463 2732 485 u,art.2;

2528 490 2636 512 qu.1.x1v,
2645 489 2687 506 art.
2700 493 2724 511 4.

2518 3344 2527 3353 ⁸
2538 3343 2604 3365 Vers.
2615 3350 2629 3371 9
2645 3349 2695 3371 sqq.
