2860 4244
41 799 53 810 ⁵
66 798 121 820 Loc.
137 797 175 819 cit.

34 1768 76 1790 *a
89 1774 130 1791 ,nv
151 1770 218 1790 ,σωκ

26 1798 28 1802 '
99 1799 134 1816 119
149 1795 230 1821 ”kaut-

34 1990 39 1991 ⁷
76 1992 139 2013 ,οη
165 1993 214 2006 utu-v

18 2249 122 2278 λ’Διἰ.
137 2253 168 2271 ιι.

867 266 1132 314 QUAESTlO
1167 266 1414 313 LXXXVIII,
1443 266 1740 303 ARTICULUS
1768 265 1853 302 VIII

277 348 488 382 exhibendum
518 347 607 388 quod
629 356 725 378 suum
755 356 822 376 non
845 352 901 377 est.
925 362 945 368 -
968 345 1065 383 Quod
1088 355 1163 376 vero
1191 345 1336 386 superior

277 392 449 425 mortaliter
475 398 582 432 peccet
607 390 798 426 inhibendo,
822 388 963 430 sequitur
986 399 1023 420 ex
1046 389 1107 419 hoc
1134 390 1239 430 quod,
1263 389 1335 420 licet
1360 399 1362 408 ¹

276 437 362 478 apud
384 436 581 476 superiorem
602 434 784 466 remanserit
807 433 987 464 dominium
1008 432 1092 463 illius
1116 433 1159 463 rei
1190 434 1335 464 exhiben-

277 482 334 513 dae
355 481 436 517 Deo,
460 486 600 511 remanet
622 486 728 510 tamen
751 478 931 509 dominium
946 477 1120 517 obligatum
1136 478 1175 508 ad
1190 478 1336 508 exhiben-

277 526 357 556 dum
378 535 446 556 rem
467 524 555 555 illam
578 524 648 554 Deo
670 522 791 554 ratione
814 522 880 553 voti
903 521 952 553 sui
975 521 1101 558 subditi,
1127 531 1193 562 quo
1216 532 1264 552 res
1283 521 1336 552 illa

277 569 415 610 obligata
430 575 477 599 est
487 569 557 599 Deo
571 568 610 598 de
624 576 780 598 consensu
796 566 896 607 ipsius
909 565 1089 606 superioris.
1108 566 1148 595 Et
1161 574 1335 606 propterea,

278 622 431 654 tanquam
453 612 588 643 violator
610 618 641 642 et
663 610 791 641 delusor
813 610 929 640 vinculi
957 609 997 640 ad
1020 610 1142 645 Deum,
1167 610 1339 640 mortaliter

279 663 396 698 peccat.
426 657 468 688 Et
490 662 655 696 propterea
677 655 727 686 lex
750 654 871 690 divina,
895 654 993 684 Num.
1012 663 1086 690 xxx,
1110 654 1260 684 maritum
1283 653 1338 694 qui

278 708 352 742 post
367 709 559 731 consensum
569 698 736 734 revocavit,
743 703 879 739 portare
893 707 985 728 suam
1002 698 1197 738 iniquitatem
1214 697 1337 729 statuit:

279 745 369 776 uxori
392 751 500 776 autem
522 753 588 774 non
610 742 701 773 iussit
723 750 759 774 ut
781 741 881 772 invito
895 742 1010 773 marito
1027 749 1241 782 exequeretur,
1264 741 1338 773 insi-

278 799 380 821 nuans
402 798 459 828 per
480 788 552 823 hoc,
569 794 605 818 ut
624 786 820 826 Augustinus
843 785 990 827 exposuit
1004 786 1032 824 *‚
1048 796 1180 817 uxorem
1203 795 1270 817 esse
1289 795 1338 816 ex-

279 839 420 865 cusatam
442 833 481 863 ab
504 831 724 862 observatione
747 830 825 862 voti.

334 877 375 908 Et
396 886 453 916 per
475 876 537 906 hoc
559 881 645 916 patet
667 875 832 915 responsio
855 875 894 905 ad
918 874 1130 906 obiectionem
1153 874 1185 904 in
1209 873 1339 914 opposi-

278 928 359 953 tmn.
383 920 469 958 Quia
482 919 600 951 scilicet
621 919 736 950 iniuste
749 919 890 950 inhibere
914 926 968 950 aut
990 918 1168 959 praecipere
1187 917 1340 957 contingit

279 964 453 1006 dupliciter.
488 965 562 995 Uno
596 964 712 1000 modo,
746 970 781 994 ut
809 973 827 993 a
855 963 946 995 iustis
969 962 1158 1003 exequendis
1188 962 1228 992 ad
1257 971 1338 1002 quae

278 1017 424 1043 tenemur
447 1008 670 1044 abstineamus,
694 1014 752 1039 aut
772 1014 811 1038 utr
829 1007 945 1038 iniusta
968 1006 1134 1037 faciamus:
1160 1012 1196 1035 ut
1218 1005 1244 1036 si
1267 1005 1338 1046 quis

278 1053 472 1095 praeciperet
494 1052 600 1089 furari,
621 1060 676 1084 aut
700 1061 766 1085 non
789 1052 912 1082 credere
935 1050 967 1080 in
991 1051 1106 1081 Deum.
1139 1049 1180 1080 Et
1207 1048 1250 1079 sic
1273 1058 1339 1084 non

279 1105 334 1132 est.
353 1097 568 1130 obediendum
596 1096 711 1129 iniuste
734 1095 969 1126 mandantibus.
991 1111 1009 1117 -
1034 1094 1107 1124 Alio
1132 1093 1240 1129 modo,
1265 1093 1339 1134 quia

279 1148 405 1186 tantum
426 1141 494 1182 ipse
512 1140 706 1182 praecipiens
725 1139 779 1171 aut
793 1138 938 1170 inhibens
961 1145 1070 1178 peccat
1089 1137 1262 1169 inhibendo
1284 1147 1338 1168 seu

278 1185 513 1228 praecipiendo.
530 1185 571 1216 Et
588 1184 633 1216 sic
648 1183 763 1217 iniuste
777 1182 992 1214 inhibentibus
1007 1189 1063 1212 aut
1077 1181 1340 1222 praecipientibus

281 1237 328 1263 est
344 1230 533 1271 parendum.
552 1228 593 1260 Et
608 1228 652 1260 sic
667 1234 714 1258 est
732 1227 763 1259 in
781 1226 958 1268 proposito.
978 1226 1152 1264 Quoniam,
1165 1233 1201 1257 ut
1220 1225 1338 1256 dictum

277 1281 345 1313 est,
370 1273 514 1306 subditus
541 1282 608 1304 non
630 1278 755 1303 tenetur
777 1271 818 1302 ad
840 1270 1054 1302 exhibendum
1075 1271 1145 1301 Deo
1174 1270 1263 1312 quod
1286 1271 1340 1301 de-

276 1318 583 1352 hebatvesse2suum
603 1323 635 1348 et
656 1315 848 1356 impeditum
871 1323 917 1347 est
943 1325 983 1346 ne
1006 1315 1046 1345 sit
1068 1324 1180 1347 suum:
1212 1315 1267 1345 sed
1290 1325 1341 1346 su·
1367 1311 1368 1318 ¹

1367 1356 1369 1386 ἒ
1395 1359 1452 1390 erit
1470 1358 1584 1388 vidua:
1608 1365 1639 1389 et
1662 1357 1705 1388 sic
1722 1358 1760 1388 de
1776 1358 1853 1388 aliis.
1878 1357 1919 1388 Et
1942 1357 2021 1387 ratio
2038 1364 2084 1387 est
2103 1356 2177 1397 quia
2193 1366 2241 1386 res
2265 1355 2458 1396 promittitur

1368 1434 1369 1442 ἵ
1395 1413 1454 1443 pro
1476 1402 1532 1433 illo
1556 1409 1699 1442 tempore
1723 1412 1789 1442 quo
1814 1411 1878 1432 non
1899 1401 1956 1432 erit
1979 1401 2010 1431 in
2035 1407 2191 1441 potestate
2214 1400 2402 1440 superioris:
2427 1407 2457 1430 et

1395 1447 1459 1478 iam
1474 1453 1596 1477 constat
1610 1446 1627 1465 *
1650 1446 1738 1487 quod
1760 1445 1832 1476 ideo
1848 1445 1992 1485 superior
2008 1445 2101 1476 habet
2117 1451 2305 1485 potestatem
2319 1444 2458 1475 irritandi

275 1362 386 1404 perior.
402 1361 679 1408 impediens-post
701 1360 866 1391 vinculum
890 1370 930 1390 ne
945 1359 985 1394 sit
1000 1359 1116 1390 subditi
1132 1359 1172 1390 ad
1195 1359 1341 1390 exhiben-

262 1406 522 1444 meacm
543 1411 753 1441 consenserat,
777 1405 810 1436 in
834 1405 928 1445 culpa
952 1403 1039 1434 solus
1063 1411 1119 1435 est.

277 1456 304 1489 m
332 1450 400 1484 We
417 1450 502 1483 Cave
524 1457 631 1481 autem
659 1450 720 1480 hoc
743 1449 776 1479 in
799 1449 872 1480 loco
896 1458 936 1479 ne
959 1458 996 1478 ex
1018 1447 1109 1478 dictis
1131 1447 1265 1487 accipias
1288 1454 1343 1478 aut

271 1494 395 1528 inferes
417 1495 507 1535 quod
530 1494 555 1525 si
579 1494 735 1535 praelatus
758 1493 934 1524 consentiat
955 1499 1032 1523 voto
1055 1492 1104 1522 sui
1124 1491 1251 1528 subditi,
1275 1501 1341 1522 non

277 1539 383 1581 ‚possit
403 1539 479 1571 *sine
502 1545 631 1580 peccato
661 1538 694 1568 in
717 1545 794 1571 voto
822 1537 878 1568 illo
909 1543 1019 1576 postea
1048 1536 1237 1575 dispensare.
1270 1536 1342 1567 Hoc

278 1591 420 1625 namque
443 1594 509 1615 non
529 1590 576 1614 est
597 1582 728 1618 dictum,
753 1591 810 1612 nec
833 1580 989 1612 clauditur
1012 1581 1071 1610 sub
1095 1580 1167 1611 data
1189 1580 1341 1616 doctrina,

278 1672 483 1707 babinasfuit
506 1672 544 1703 de
559 1670 720 1712 superiore
739 1677 770 1701 et
785 1669 912 1701 subdito
931 1668 1122 1710 inquantum
1140 1667 1344 1699 huiusmodi:

281 1716 474 1758 inquantum
489 1716 605 1746 scilicet
621 1714 765 1755 superior
781 1722 827 1745 est
842 1714 992 1745 dominus
1011 1719 1065 1743 aut
1087 1711 1178 1753 quasi
1194 1712 1344 1743 dominus
1370 1723 1371 1726 ¹

1370 1791 1371 1795 Ἰ
1396 1756 1501 1796 primo
1525 1755 1731 1786 declarandus
1754 1761 1801 1785 est
1822 1764 1915 1785 verus
1931 1764 2041 1785 sensus
2064 1753 2197 1788 litterae;
2222 1753 2334 1783 deinde
2358 1753 2459 1783 discu-

273 1812 347 1837 τίσω
358 1811 409 1836 est
423 1804 595 1837 differentia
609 1803 691 1835 inter
706 1803 912 1843 superiorem,
937 1809 967 1832 et
989 1800 1235 1833 ecclesiasticum
1257 1811 1344 1841 prae-
1370 1811 1371 1842 3

274 1850 396 1883 htum.
416 1850 500 1881 Nam
522 1849 570 1880 vir
590 1855 638 1881 est
658 1847 805 1888 superior
826 1854 970 1888 respectu
994 1845 1110 1882 uxoris,
1134 1852 1165 1876 et
1187 1852 1275 1886 pater
1297 1855 1343 1876 re·
1370 1848 1371 1880 ἶ

278 1900 392 1934 spectu
415 1893 489 1930 filii,
513 1899 545 1924 et
567 1892 718 1923 dominus
741 1898 884 1932 respectu
907 1890 1004 1921 servi:
1028 1900 1094 1920 non
1117 1896 1223 1921 tamen
1247 1890 1344 1921 eccle·
1370 1907 1371 1931 3

276 1937 426 1975 vsiasticus
441 1938 608 1978 praelatus.
632 1937 673 1968 Et
696 1946 803 1967 rursus
822 1934 992 1977 superioris
1015 1940 1154 1975 potestas
1173 1941 1219 1965 est
1242 1934 1282 1964 ad
1304 1934 1344 1964 ir·
1370 1933 1371 1974 J

275 1981 444 2018 ‚arandum
457 1988 547 2012 vota:
572 1980 769 2015 ecclesiastici
783 1987 891 2012 autem
906 1979 1046 2020 praelati,
1069 1985 1105 2009 ut
1127 1978 1180 2014 sic,
1205 1984 1344 2019 potestas
1370 2004 1371 2012 ,

282 2032 338 2070 εειΙ
351 2027 393 2057 ad
415 2025 665 2066 dispensandum
682 2025 732 2056 vel
748 2024 1013 2056 commutandum
1028 2029 1113 2053 vota.
1137 2022 1179 2054 Et
1202 2022 1344 2063 superio·

283 2070 360 2103 ritas
372 2070 520 2103 convenit
535 2069 628 2101 alicui
642 2069 676 2100 in
699 2069 826 2110 propria
848 2078 993 2109 persona,
1013 2068 1123 2099 eadem
1138 2066 1259 2098 ratione
1282 2077 1346 2108 qua
1370 2066 1372 2102 ¹]

271 2121 331 2149 sent
353 2115 504 2147 dominus
525 2114 575 2146 vel
598 2113 688 2155 quasi
712 2113 862 2145 dominus
884 2112 1034 2143 materiae
1052 2111 1292 2152 promittendae,
1309 2118 1345 2142 ut
1371 2106 1372 2144 Ϊ

272 2165 378 2201 <patet
392 2159 435 2191 de
453 2165 557 2199 patre,
581 2158 712 2195 marito,
729 2165 805 2189 etc.:
836 2156 987 2198 praelatio
1010 2163 1118 2187 autem
1140 2155 1345 2186 ecclesiastica
1371 2184 1372 2199 ἦ

278 2203 433 2236 :convenit
455 2202 548 2235 alicui
570 2202 606 2234 in
628 2212 763 2243 persona
785 2201 862 2238 Dei,
887 2208 923 2232 ut
944 2200 1075 2231 inferius
1097 2200 1131 2230 in
1153 2200 1211 2231 hac
1235 2200 1346 2230 eadem
1371 2213 1372 2219 ¹

276 2247 469 2288 quaestione
483 2247 501 2266 *
523 2253 608 2287 patet
630 2247 668 2277 ab
690 2249 838 2277 Auctore.
863 2245 955 2276 Unde
970 2245 1047 2275 haec
1063 2244 1128 2275 duo
1142 2244 1347 2275 inveniuntur
1371 2273 1373 2282 ,

271 1760 431 1800 'waterhe
452 1761 531 1796 voti,
553 1767 585 1791 et
607 1759 752 1790 subditus
776 1758 920 1789 dominio
939 1757 1024 1788 illius
1043 1763 1135 1788 caret.
1159 1757 1274 1796 Magna
1290 1767 1345 1787 au-

284 2297 316 2325 et
332 2297 489 2332 separata,
512 2298 544 2322 et
566 2290 744 2322 coniuncta.
775 2290 914 2328 Quando
937 2295 1011 2320 sunt
1033 2295 1184 2329 separata,
1209 2295 1244 2319 ut
1267 2298 1344 2319 con-

278 2333 379 2375 tingit
397 2335 432 2366 in
453 2335 536 2366 votis
558 2334 776 2370 saecularium,
800 2334 886 2364 verbi
909 2333 1007 2373 gratia
1028 2332 1062 2363 in
1076 2332 1159 2363 votis
1174 2332 1346 2363 mulierum
1371 2332 1373 2366 ἒ

274 2379 472 2414 ,habentium
490 2379 584 2416 viros,
608 2386 746 2419 potestas
761 2377 932 2418 superioris
947 2385 994 2408 est
1009 2377 1042 2407 in
1058 2377 1182 2413 marito,
1207 2383 1346 2417 potestas
1372 2372 1373 2399 ἶ

279 2430 393 2457 autem
407 2423 536 2464 praelati
559 2430 606 2454 est
628 2423 661 2453 in
682 2423 844 2463 episcopo.
869 2422 909 2452 Et
931 2428 1008 2452 tunc
1022 2421 1124 2452 maior
1139 2428 1186 2452 est
1209 2428 1346 2460 potestas

272 2467 455 2508 :superioris
478 2477 577 2508 quam
600 2467 746 2507 praelati:
777 2467 851 2508 quia
874 2466 1033 2506 superior,
1057 2472 1170 2506 utpote
1197 2465 1346 2496 dominus

276 2511 434 2547 -materiae
455 2511 533 2549 voti,
556 2517 661 2551 potest
683 2511 800 2542 irritare
815 2517 939 2546 votum,
963 2516 1076 2549 utpote
1099 2509 1138 2540 de
1152 2519 1184 2539 re
1200 2519 1257 2539 sua
1280 2509 1346 2540 sine

276 2564 319 2591 ,ae
331 2555 476 2592 ‹factum;
500 2555 656 2596 praelatus
673 2562 789 2591 autern,
810 2561 921 2594 utpote
940 2554 1148 2594 dispensator,
1165 2563 1231 2584 non
1247 2554 1348 2584 domi-

276 2610 357 2636 mus,
381 2606 487 2640 potest
508 2600 688 2640 dispensare
711 2600 761 2630 vel
785 2606 992 2630 commutare.
1017 2599 1058 2629 Et
1081 2604 1246 2638 propterea
1269 2608 1346 2628 uxo-

286 2651 360 2677 mm
380 2651 458 2677 vata
478 2644 576 2677 tutius
592 2654 608 2674 a
624 2643 698 2674 viris
712 2643 871 2675 irritantur
893 2653 992 2684 quam
1014 2653 1032 2672 a
1055 2642 1198 2682 praelatis
1222 2642 1346 2682 dispen-

278 2695 405 2723 manmr.
429 2688 470 2723 Et
492 2688 595 2719 simile
617 2695 663 2719 est
685 2688 725 2718 de
748 2688 885 2719 aliorum
908 2686 1110 2719 subditorum
1123 2686 1215 2722 votis,
1239 2687 1346 2727 quoad

276 2733 320 2767 id
347 2732 381 2764 in
411 2740 477 2772 quo
507 2739 582 2766 sunt
604 2731 741 2763 alterius.
765 2749 787 2755 -
810 2732 948 2769 Quando
971 2740 1045 2761 vero
1076 2737 1150 2761 sunt
1179 2730 1347 2762 coniuncta

286 2777 320 2808 in
336 2776 450 2810 eodem
464 2776 642 2816 supposito,
666 2783 702 2806 ut
723 2775 878 2816 contingit
900 2775 932 2806 in
956 2775 1100 2815 praelatis
1115 2774 1345 2814 religiosorum,
1372 2804 1373 2811 ,

287 2820 343 2861 qui
356 2826 433 2851 sunt
447 2826 479 2851 et
492 2828 644 2860 tanquam
663 2820 785 2851 domini
799 2818 945 2851 materiae
960 2819 1123 2850 vovendae
1142 2825 1173 2849 et
1194 2826 1346 2859 tanquam
1372 2822 1373 2842 ἲ

278 2864 519 2904 ,dispensatores
536 2870 687 2894 votorum
709 2863 742 2894 in
765 2872 900 2903 persona
915 2863 984 2899 Dei,
1005 2873 1070 2893 non
1089 2869 1163 2893 sunt
1186 2863 1347 2893 deterioris
1372 2895 1374 2907 Ι

283 2907 479 2941 conditionis
502 2917 540 2938 ex
561 2907 623 2939 hoc
644 2908 734 2948 quod
756 2914 831 2938 sunt
853 2907 1020 2938 coniuncta
1042 2907 1118 2937 haec
1142 2906 1208 2936 duo
1231 2907 1264 2937 in
1281 2917 1346 2937 uno

258 2962 261 2965 ·
287 2962 386 2994 quam
402 2951 428 2982 si
443 2958 547 2983 essent
569 2958 720 2991 separata.
742 2951 783 2983 Et
805 2958 981 2991 propterea,
997 2950 1077 2982 sicut
1096 2950 1129 2980 in
1143 2950 1225 2982 votis
1241 2950 1347 2981 uxoris

289 2997 327 3028 de
351 3006 507 3027 consensu
530 2995 633 3026 mariti
656 2994 746 3027 factis
768 3001 872 3035 potest
894 2995 1063 3035 episcopus
1086 2994 1280 3034 dispensare,
1305 2994 1347 3025 ita

287 3041 321 3072 in
344 3041 426 3071 votis
448 3039 670 3079 religiosorum
698 3039 737 3070 de
760 3037 930 3079 superioris
954 3047 1109 3069 consensu
1132 3038 1221 3069 factis
1244 3045 1348 3079 potest

287 3085 355 3126 ipse
371 3084 466 3120 idem,
483 3084 674 3124 inquantum
696 3083 863 3123 praelatus,
879 3083 911 3112 in
927 3092 1062 3122 persona
1075 3082 1134 3114 Dei
1157 3082 1346 3122 dispensare.

289 3130 373 3160 Nam
394 3128 524 3168 quando
548 3127 706 3159 consensit
728 3134 806 3161 voto
829 3126 961 3163 subditi,
986 3136 1052 3157 non
1075 3134 1112 3157 ut
1133 3127 1291 3166 praelatus
1314 3127 1347 3157 in

289 3182 424 3214 persona
439 3172 508 3208 Dei,
532 3172 586 3202 sed
610 3178 645 3203 ut
667 3171 757 3212 quasi
780 3171 930 3202 dominus
949 3170 1095 3202 materiae
1118 3170 1348 3211 promittendae

276 3216 458 3248 consensit.
491 3216 583 3251 Unde
605 3215 632 3246 si
658 3222 767 3255 postea
796 3215 828 3247 in
852 3225 987 3256 persona
1015 3214 1074 3246 Dei
1105 3215 1264 3255 dispenset
1293 3222 1348 3246 aut

290 3267 475 3296 commutet,
499 3270 566 3290 non
580 3266 628 3290 est
644 3266 808 3291 revocator
822 3259 1034 3290 concessionis
1049 3266 1104 3290 aut
1119 3259 1270 3290 inhibitor
1285 3269 1347 3290 ser-

290 3306 409 3335 vandae
432 3303 662 3344 promissionis,
685 3305 741 3335 sed
763 3303 969 3344 dispensator.
1000 3304 1066 3334 Nec
1088 3303 1150 3334 hoc
1173 3310 1219 3334 est
1242 3310 1348 3334 aucto-

290 3349 386 3383 rizare
408 3349 441 3379 in
464 3348 547 3379 facto
570 3348 717 3388 proprio,
743 3354 778 3379 ut
799 3347 931 3388 quidam
953 3347 1062 3378 timere
1085 3347 1242 3379 videntur:
1266 3358 1347 3389 quo-

290 3393 376 3429 niam
398 3393 478 3423 nihil
501 3393 540 3422 de
563 3391 694 3432 proprio
716 3391 800 3426 facto
821 3391 959 3428 iudicat;
987 3393 1042 3422 sed
1069 3392 1108 3422 de
1130 3397 1207 3422 voto
1231 3391 1347 3423 subditi

290 3445 442 3478 tanquam
459 3443 528 3468 rato
552 3443 582 3468 et
605 3435 709 3474 firmo,
733 3435 785 3467 cui
807 3445 863 3476 per
878 3435 1020 3467 accidens
1035 3435 1237 3475 coniungitur
1259 3436 1348 3476 quod

290 3491 327 3513 ex
350 3481 477 3522 propria
499 3480 703 3512 concessione
724 3479 824 3520 ipsius
853 3479 909 3519 qui
933 3479 1091 3520 dispensat
1117 3479 1211 3510 fuerit
1233 3486 1346 3511 ratum.

283 3525 381 3563 ,Quae
415 3525 500 3557 enim
539 3531 614 3555 sunt
645 3534 701 3564 per
732 3523 875 3555 accidens
913 3529 1066 3564 tanquam
1099 3530 1223 3554 externa
1255 3523 1347 3554 relin-

290 3576 442 3609 quuntur.

346 3613 383 3648 Υ.
409 3612 501 3644 Circa
514 3620 590 3644 vota
605 3612 806 3644 subditorum
825 3610 911 3641 aliud
934 3611 1037 3642 adhuc
1053 3611 1186 3642 dubium
1201 3611 1349 3647 occurrit,

2370 266 2444 312 259

1387 356 1436 382 an,
1461 345 1620 376 siirritata
1633 351 1707 376 sunt
1730 345 1768 375 ab
1793 344 1927 375 habente
1950 351 2139 384 potestatem
2162 353 2228 373 non
2251 350 2447 384 perpetuam,

1388 391 1449 420 sint
1476 399 1600 429 semper
1623 389 1724 419 irrita:
1750 395 1820 425 aut,
1846 395 1984 419 cessante
2014 394 2096 418 statu
2121 387 2324 418 subiectionis
2347 387 2449 423 illius,

1389 433 1582 464 reviviscant.
1614 433 1709 464 Verbi
1731 433 1847 473 gratia,
1872 442 1912 463 an
1940 432 2045 472 puella
2067 439 2209 462 teneatur
2233 431 2271 461 ad
2295 441 2451 472 exequen-

1390 478 1468 508 dum
1485 487 1580 508 suum
1595 484 1708 508 votum
1724 487 1741 507 a
1765 484 1851 517 patre
1866 476 2032 513 irritatum,
2049 483 2230 517 postquam,
2247 482 2346 506 aetate
2363 476 2450 516 puel-

1390 521 1446 552 lari
1470 528 1634 557 transacta,
1659 521 1739 552 facta
1762 528 1808 552 est
1831 521 1879 551 sui
1903 520 1990 551 iuris.

1445 566 1496 595 Ad
1518 565 1580 595 hoc
1604 565 1717 596 dicitur
1739 565 1838 606 quod,
1855 564 1919 595 sive
1935 571 2048 595 votum
2067 563 2160 594 fuerit
2182 570 2373 604 perpetuum
2387 563 2451 593 sive

1391 609 1575 648 temporale,
1596 619 1632 639 ex
1655 619 1721 649 quo
1746 617 1792 640 est
1815 608 1934 640 factum
1958 609 1997 639 de
2013 618 2052 639 eo
2075 608 2164 649 quod
2187 615 2236 639 est
2258 617 2323 638 non
2345 617 2450 643 suum,

1392 653 1418 684 si
1445 653 1588 692 superior
1617 653 1649 683 in
1679 653 1769 683 cuius
1799 659 1953 693 potestate
1981 660 2057 683 tunc
2080 659 2126 683 est
2155 652 2234 682 illud
2263 652 2351 692 quod
2374 658 2451 681 voto

1392 696 1603 737 promittitur,
1628 697 1725 727 irritat
1747 704 1877 733 votum,
1902 697 2039 736 amplius
2062 706 2129 726 non
2153 703 2284 726 tenetur.
2309 696 2350 726 Et
2373 695 2452 726 ratio

1392 748 1437 772 est
1460 741 1535 781 quia
1563 740 1588 770 si
1612 748 1768 771 teneretur
1797 749 1969 781 postquam
1992 748 2039 771 est
2061 740 2141 771 facta
2170 750 2303 780 persona
2327 740 2381 770 illa
2403 739 2452 770 sui

1391 784 1478 820 iuris,
1502 791 1557 815 aut
1579 785 1726 815 absoluto
1746 785 1802 815 illo
1825 785 1965 825 praelato
1989 785 2044 825 qui
2059 784 2199 820 irritavit,
2215 784 2274 814 ista
2290 784 2452 824 obligatio,

1393 838 1467 859 cum
1489 838 1556 858 non
1580 828 1619 859 sit
1642 835 1752 868 postea
1775 829 1813 858 de
1830 839 1915 859 novo
1932 829 2109 864 adveniens,
2134 838 2200 858 non
2224 835 2304 858 esset
2327 828 2387 859 nisi
2410 838 2454 858 ra-

1392 872 1479 903 tione
1503 872 1677 903 continuati
1696 872 1813 903 vinculi
1837 873 1936 913 ipsius
1959 873 2036 903 voti.
2060 872 2121 903 Sed
2137 872 2301 903 vinculum
2323 872 2400 908 voti,
2417 882 2454 902 ex

1392 927 1459 958 quo
1475 916 1535 947 fuit
1557 916 1721 952 irritatum,
1737 916 1827 947 desiit
1850 925 1932 947 esse:
1963 923 1993 947 et
2015 923 2137 946 constat
2153 916 2241 956 quod
2264 916 2342 947 illud
2365 916 2454 957 quod

1393 971 1458 991 non
1482 967 1528 991 est
1551 960 1728 991 continuari
1751 970 1817 990 non
1841 967 1955 1000 potest.
1980 961 2054 990 Non
2078 970 2151 1000 ergo
2174 967 2298 991 tenetur
2320 960 2391 1001 quis
2415 960 2453 990 ad

1392 1004 1593 1045 implendum
1616 1011 1729 1034 votum
1744 1004 1841 1034 semel
1857 1004 2020 1034 irritatum.
2045 1005 2085 1034 Et
2101 1005 2162 1034 hoc
2186 1011 2290 1044 aperte
2313 1004 2346 1034 in
2362 1004 2454 1034 sacris

1393 1049 1568 1080 canonibus
1592 1055 1686 1088 patet,
1711 1048 1815 1083 Extra,
1832 1049 1871 1078 de
1889 1048 2040 1078 Convers.
2061 1048 2208 1089 Coniug„
2228 1058 2295 1088 cap.
2316 1048 2452 1085 Quidam

1394 1100 1424 1124 et
1450 1103 1518 1133 cap.
1543 1093 1669 1130 Placet,
1700 1092 1753 1122 ubi
1781 1092 1827 1122 vir
1854 1092 2032 1132 professus,
2062 1092 2199 1122 irritante
2232 1102 2329 1122 uxore
2359 1102 2453 1122 suum

1393 1143 1516 1173 votum,
1541 1137 1594 1167 illa
1617 1143 1754 1172 mortua,
1778 1146 1844 1166 non
1868 1143 1991 1167 tenetur
2014 1136 2053 1166 ad
2076 1136 2270 1175 religionem.

1450 1181 1510 1212 Sed
1534 1181 1660 1211 adverte
1683 1180 1772 1221 quod
1795 1180 1819 1210 si
1844 1190 1980 1220 persona
1995 1180 2120 1210 subdita
2141 1187 2269 1210 voveret
2291 1189 2376 1210 nunc
2399 1179 2453 1209 ali-

1394 1225 1472 1267 quid
1495 1235 1561 1256 non
1577 1235 1636 1265 pro
1653 1235 1747 1260 nunc,
1772 1225 1827 1255 sed
1850 1235 1909 1264 pro
1925 1231 2069 1264 tempore
2092 1234 2158 1264 quo
2174 1223 2252 1254 illud
2269 1223 2325 1254 erit
2344 1233 2455 1259 suurn,

1394 1270 1484 1311 quod
1506 1277 1620 1300 votum
1635 1269 1696 1300 tale
1719 1275 1765 1299 est
1787 1268 1927 1305 firmum,
1944 1269 2024 1299 adeo
2048 1268 2136 1308 quod
2160 1278 2225 1298 non
2249 1274 2354 1308 potest
2370 1278 2388 1298 a
2404 1277 2455 1297 su-

1395 1314 1517 1355 periore
1539 1313 1660 1344 irritari.
1685 1312 1780 1344 Verbi
1803 1313 1920 1353 gratia,
1946 1322 2025 1343 uxor
2046 1319 2142 1343 vovet
2163 1312 2302 1342 ieiunare
2328 1312 2456 1352 quando

1395 1491 1471 1532 quia
1494 1498 1540 1521 est
1563 1491 1713 1520 dominus
1737 1497 1792 1520 aut
1815 1490 1904 1530 quasi
1929 1490 2078 1520 dominus
2102 1489 2249 1519 materiae
2279 1498 2362 1529 quae
2384 1498 2457 1528 pro-

1395 1535 1531 1566 mittitur
1553 1533 1658 1576 (cuius
1682 1534 1869 1574 oppositum
1891 1534 1943 1564 hic
1967 1532 2103 1575 accidit),
2127 1539 2157 1563 et
2180 1543 2244 1563 non
2268 1533 2389 1564 ratione
2406 1542 2457 1562 su-

1369 1582 1370 1617 }
1395 1579 1583 1620 perioritatis
1607 1586 1749 1618 respectu
1773 1588 1926 1618 personae
1948 1578 2102 1613 voventis,
2127 1577 2186 1607 nisi
2210 1583 2366 1617 quatenus
2390 1576 2458 1616 ipsa

274 1627 504 1663 affundit&
519 1627 718 1666 intelligatur,
742 1633 778 1657 ut
799 1624 930 1664 intelligi
950 1625 1052 1655 debet.
1076 1624 1188 1654 Sermo
1205 1633 1343 1665 namque
1369 1620 1370 1653 Ϊ

1396 1633 1531 1664 persona
1553 1622 1697 1654 voventis
1721 1629 1801 1652 esset
1823 1622 1890 1652 voti
1906 1622 2045 1652 materia.
2071 1622 2172 1661 Super
2194 1621 2256 1652 hoc
2279 1621 2364 1651 enim
2388 1620 2458 1651 fun-

1396 1668 1546 1698 damento
1570 1674 1636 1698 tota
1659 1667 1735 1697 haec
1758 1666 1902 1697 doctrina
1925 1665 2054 1697 fundata
2078 1673 2134 1701 est,
2158 1671 2189 1695 et
2211 1666 2301 1696 bene.

1451 1711 1505 1742 VI.
1531 1711 1567 1741 In
1590 1710 1798 1751 responsione
1821 1710 1860 1740 ad
1883 1710 2012 1741 tertium
2035 1710 2177 1740 eiusdem
2201 1709 2302 1739 octavi
2327 1708 2458 1744 articuli,

1396 1800 1501 1832 tienda
1525 1806 1599 1830 sunt
1621 1799 1717 1830 dubia
1740 1799 1896 1839 quaedam
1921 1799 1960 1828 de
1982 1798 2064 1829 votis
2088 1797 2310 1837 religiosorum
2324 1796 2351 1827 *.
2375 1796 2459 1828 Scito

1396 1845 1491 1886 igitur
1515 1844 1603 1884 quod
1627 1843 1792 1884 responsio
1814 1843 1874 1874 ista
1897 1842 2110 1873 communiter
2132 1841 2256 1871 videtur
2272 1841 2353 1871 male
2369 1841 2459 1871 intel-

1396 1889 1486 1920 lecta.
1517 1888 1681 1926 Quoniam
1711 1886 1895 1927 intelligitur
1923 1887 2011 1928 quod
2040 1886 2116 1916 haec
2142 1885 2242 1916 littera
2265 1885 2373 1915 reddat
2401 1895 2459 1925 pro

1398 1933 1518 1964 ratione
1548 1942 1645 1973 quare
1675 1932 1802 1971 nullum
1825 1938 1937 1962 votum
1968 1930 2106 1970 religiosi
2134 1937 2180 1960 est
2208 1928 2356 1965 firmum,
2385 1930 2459 1969 quia

1398 1978 1522 2009 nullum
1547 1983 1670 2017 tempus
1692 1981 1739 2007 est
1762 1977 1794 2006 in
1818 1985 1880 2016 quo
1901 1975 2072 2016 praelatus
2094 1984 2157 2005 non
2176 1975 2279 2014 possit
2299 1973 2459 2004 subditum

1397 2031 1564 2062 occupare.
1590 2021 1630 2051 Et
1652 2020 1727 2061 quia
1750 2019 1829 2050 ratio
1848 2019 1908 2051 ista
1930 2019 2072 2050 inefficax
2087 2018 2255 2053 invenitur,
2280 2025 2335 2048 aut
2358 2027 2460 2057 repre-

1398 2067 1545 2098 henditur
1568 2068 1698 2101 Auctor,
1723 2071 1779 2095 aut
1801 2070 1966 2094 excusatur
1989 2073 2062 2094 cum
2086 2062 2208 2103 glossis.
2232 2062 2282 2097 Et,
2306 2061 2391 2092 salva
2407 2071 2462 2092 eo-

1398 2121 1470 2142 rum
1493 2110 1679 2146 reverentia,
1705 2109 1852 2139 omnium
1876 2118 1962 2139 error
1985 2107 2096 2138 accidit
2126 2106 2201 2147 quia
2223 2106 2317 2136 verba
2340 2105 2459 2136 litterae

1398 2155 1575 2186 secundum
1590 2153 1718 2194 planam
1734 2153 1802 2184 eius
1814 2151 2082 2183 constructionem
2095 2161 2161 2185 non
2174 2150 2460 2181 consideraverunt.

1399 2200 1515 2230 Littera
1545 2208 1683 2239 namque
1712 2197 1745 2228 in
1778 2196 1933 2237 principio
1965 2195 2180 2236 responsionis
2212 2194 2304 2235 ponit
2333 2203 2460 2224 causam

1399 2253 1496 2284 quare
1526 2243 1652 2273 nullum
1675 2249 1788 2272 votum
1815 2240 1951 2281 religiosi
1982 2246 2028 2270 est
2057 2238 2204 2275 firmum,
2228 2238 2282 2269 tali
2312 2245 2460 2269 contextu

1400 2288 1489 2328 quod
1518 2287 1624 2327 primo
1652 2285 1784 2326 explicat
1810 2285 1912 2325 ipsam
1936 2294 2003 2314 rem
2032 2294 2114 2324 quae
2141 2290 2188 2314 est
2217 2292 2329 2318 causa,
2354 2282 2460 2312 dicens

1399 2333 1489 2373 quod
1518 2332 1698 2372 religiosus‘
1711 2330 1856 2361 subditus
1886 2334 1933 2360 est
1958 2329 2107 2369 praelato
2137 2332 2292 2368 quantum
2319 2326 2363 2357 ad
2384 2336 2462 2357 suas

1399 2377 1600 2417 operationes
1614 2374 1787 2406 secundum
1800 2372 2032 2414 professionem
2049 2372 2193 2413 regulae.
2211 2371 2251 2402 Et
2267 2370 2372 2401 statim
2388 2370 2459 2400 sub-

1401 2421 1445 2451 dit
1461 2419 1644 2451 adverbium
1662 2418 1784 2450 causale
1807 2418 1846 2448 ad
1869 2417 2065 2447 inferendam
2081 2416 2198 2446 dictam
2211 2414 2460 2451 conclusionem,

1400 2465 1516 2501 dicens,
1539 2464 1583 2494 Et
1606 2462 1862 2494 ideo...nullum
1883 2466 1989 2492 votum
2012 2460 2156 2501 religiosi
2179 2465 2225 2490 est
2236 2459 2375 2499 firmum
2401 2460 2463 2489 nisi

1399 2510 1441 2540 sit
1463 2509 1503 2539 de
1521 2517 1674 2539 consensu
1691 2507 1843 2547 praelati.
1869 2506 1930 2536 Sed
1953 2505 2108 2546 quoniam
2123 2504 2155 2534 in
2172 2509 2319 2534 contextu
2342 2502 2461 2534 litterae

1399 2554 1479 2584 inter
1502 2553 1534 2593 ly
1558 2552 1627 2582 ideo
1650 2558 1681 2582 et
1703 2551 1736 2592 ly
1759 2551 1883 2581 nullum
1901 2555 2006 2580 votum
2031 2548 2148 2579 mediat
2172 2558 2235 2578 una
2259 2547 2460 2587 parenthesis,

1400 2597 1475 2638 quia
1497 2596 1708 2636 interponitur
1730 2603 1836 2626 totum
1859 2594 1931 2630 hoc,
1956 2593 2087 2629 scilicet,
2112 2594 2206 2623 etiam
2231 2593 2260 2622 si
2281 2592 2398 2632 aliquis
2420 2591 2463 2622 ad

1400 2643 1512 2673 horam
1528 2640 1650 2681 aliquid
1663 2639 1782 2680 facere
1799 2640 1903 2679 possit
1925 2637 2053 2678 quando
2067 2637 2110 2667 ad
2127 2637 2193 2667 alia
2209 2645 2271 2666 non
2289 2641 2463 2676 occupatur

1400 2697 1420 2717 a
1445 2685 1615 2726 praelato,
1639 2685 1714 2725 quia
1745 2689 1850 2714 tamen
1876 2683 2000 2713 nullum
2024 2687 2147 2721 tempus
2170 2685 2216 2711 est
2239 2685 2403 2720 exceptum
2428 2681 2459 2709 in

1400 2741 1462 2771 quo
1479 2729 1650 2770 praelatus
1674 2738 1736 2758 non
1755 2728 1858 2768 possit
1881 2737 1952 2757 eum
1977 2727 2064 2757 circa
2078 2725 2200 2765 aliquid
2223 2733 2390 2763 occupare,
2415 2723 2463 2753 id-

1400 2774 1483 2805 circo
1515 2773 1597 2804 male
1625 2772 1780 2806 intellecta
1811 2778 1856 2801 est
1888 2771 1963 2801 haec
1993 2770 2104 2800 littera.
2139 2769 2199 2799 Ubi
2229 2768 2354 2798 adverte
2385 2768 2459 2798 duo.

1399 2818 1518 2854 Primo,
1542 2817 1631 2858 quod
1654 2816 1733 2846 ratio
1749 2815 1834 2846 illius
1846 2813 2095 2854 interpositionis
2118 2812 2178 2843 fuit
2201 2819 2236 2842 ut
2259 2812 2463 2851 responderet

1401 2872 1467 2893 non
1489 2862 1612 2896 tacitae,
1637 2861 1692 2890 sed
1715 2868 1876 2900 expressae
1898 2857 2068 2888 obiectioni
2091 2857 2124 2886 in
2147 2863 2350 2896 argumento,
2376 2863 2406 2886 et
2429 2855 2461 2885 in

1400 2907 1469 2946 ipsa
1495 2904 1736 2944 interpositione
1765 2902 1946 2943 replicatae,
1971 2901 2103 2932 scilicet:
2134 2901 2242 2931 Etiam
2265 2901 2294 2930 si
2316 2900 2462 2940 religiosi

1395 2955 1533 2991 possunt
1546 2949 1655 2989 aliqua
1671 2948 1752 2978 bona
1762 2947 1881 2988 facere
1894 2948 1963 2977 sine
1978 2946 2106 2976 licentia
2115 2944 2360 2986 praelatorum:
2382 2953 2461 2984 ergo

1395 2999 1530 3035 possunt
1547 2993 1747 3033 promittere.
1765 3009 1784 3014 -
1801 2991 1958 3026 Secundo,
1975 2990 2051 3030 quia
2065 2989 2118 3019 illa
2134 2987 2308 3024 conclusio,
2324 2987 2459 3018 Nullum

1401 3044 1507 3069 votum
1524 3037 1669 3078 religiosi
1684 3041 1730 3066 est
1742 3036 1893 3077 firmum,
1915 3041 1961 3065 est
1984 3033 2148 3064 conclusio
2163 3033 2248 3063 illata
2264 3032 2296 3062 in
2313 3039 2460 3062 contextu

1400 3083 1520 3114 litterae
1543 3091 1580 3111 ex
1603 3081 1739 3111 duobus.
1764 3079 1881 3116 Primo,
1902 3089 1939 3109 ex
1962 3077 2180 3118 propositione
2203 3076 2307 3117 posita
2325 3076 2358 3106 in
2378 3076 2462 3116 prin-

1401 3126 1484 3167 cipio
1509 3124 1723 3165 responsionis
1746 3131 1899 3164 tanquam
1922 3133 2016 3153 causa
2039 3121 2262 3157 conclusionis,
2283 3127 2318 3151 ut
2342 3120 2461 3150 dictum

1401 3178 1456 3202 est.
1481 3170 1639 3206 Secundo,
1664 3179 1702 3199 ex
1722 3168 1776 3199 illa
1800 3167 1992 3198 adversativa
2013 3165 2207 3206 interposita,
2232 3164 2362 3200 scilicet,
2386 3166 2460 3204 quia

1401 3221 1507 3246 tamen
1533 3214 1657 3244 nullum
1682 3218 1804 3253 tempus
1827 3217 1874 3243 est
1890 3218 1959 3247 etc„
1983 3221 2049 3241 non
2073 3217 2224 3250 tanquam
2241 3219 2258 3239 a
2276 3218 2369 3239 causa
2386 3218 2461 3238 con-

1401 3258 1565 3290 clusionis:
1590 3257 1645 3288 sed
1668 3264 1820 3297 tanquam
1844 3266 1861 3286 a
1885 3254 2062 3295 particulari
2078 3264 2169 3285 causa
2186 3253 2368 3283 excludente
2392 3262 2460 3291 par-

1400 3303 1565 3335 ticularem
1589 3301 1811 3337 obiectionem‚
1829 3299 1946 3330 scilicet
1962 3300 2000 3329 de
2015 3298 2096 3328 votis
2120 3307 2259 3337 quorum
2275 3296 2459 3336 adimpletio

1401 3354 1470 3388 eget
1493 3353 1654 3386 tempore;
1679 3355 1745 3375 non
1769 3344 1854 3375 enim
1877 3343 1986 3374 omnia
2008 3349 2092 3377 vota,
2116 3341 2211 3371 etiam
2235 3340 2459 3380 propriissime,

1401 3397 1543 3432 respectu
1558 3390 1636 3421 boni
1648 3387 1944 3430 supererogationis,
1957 3393 2048 3426 egent
2063 3393 2206 3425 tempore
2222 3385 2255 3415 in
2266 3384 2460 3419 executione,

1403 3442 1438 3466 ut
1461 3441 1547 3476 patet
1566 3435 1605 3464 de
1620 3440 1696 3464 voto
1713 3432 1926 3463 abstinentiae.
1950 3431 2081 3470 Propter
2095 3430 2157 3459 hoc
2173 3429 2267 3464 enim,
2284 3429 2460 3459 secundum

1402 3480 1531 3520 planam
1553 3477 1820 3509 constructionem
1842 3475 1975 3510 litterae,
1998 3474 2052 3504 illa
2074 3473 2237 3504 conclusio
2260 3472 2386 3513 utrique
2408 3473 2461 3502 de-

1402 3523 1504 3554 servit.
1528 3540 1550 3546 -
1574 3521 1635 3552 Hic
1659 3528 1704 3552 est
1726 3519 1838 3560 procul
1861 3518 1959 3549 dubio
1983 3527 2093 3548 sensus
2116 3517 2244 3548 litterae.

1457 3567 1526 3598 VII.
1551 3565 1642 3597 Circa
1658 3564 1897 3596 conclusionem
1915 3569 2021 3592 autem
2037 3561 2149 3602 ipsam,
2173 3560 2300 3596 scilicet,
2324 3560 2458 3591 Nullum

1403 3616 1508 3642 votum
1533 3610 1677 3650 religiosi
1699 3613 1744 3639 est
1756 3608 1907 3648 firmum,
1933 3606 2066 3636 dubium
2081 3605 2245 3645 multiplex
2261 3604 2369 3635 oritur.
2394 3604 2460 3634 Pri-

2485 1453 2494 1462 ·
2505 1451 2539 1473 Cf.
2551 1456 2614 1472 num.
2626 1456 2650 1476 ιι,
2661 1456 2694 1471 ιιι.

2488 1806 2495 1812 ·
2511 1804 2582 1826 Num.
2597 1810 2638 1825 vn.
