2860 4244
420 291 492 328 312
1096 281 1360 330 QUAESTIO
1389 279 1509 327 XCV,
1538 279 1833 316 ARTICULUS
1863 279 1894 315 11

472 366 662 404 Divinatio
692 377 781 412 ergo
801 376 878 400 non
913 362 1046 399 dicitur
1074 360 1102 396 si
1122 359 1204 407 quis
1233 356 1469 406 praenuntiet
1522 355 1656 393 dicitur
1683 356 1731 392 ab
1753 356 1926 392 ordinata
1953 354 2241 403 participatione
2267 353 2423 391 alicuius
2451 354 2582 403 divini,
2610 381 2612 383 ·

281 422 295 451 ἵ
422 433 465 457 ea
494 432 591 467 quae
621 430 665 454 ex
694 414 936 454 necessariot
966 413 1143 450 eveniunt
1169 411 1231 447 vel
1259 417 1299 446 ut
1327 410 1365 445 in
1388 410 1470 457 plu-
1522 409 1590 445 sed
1619 409 1666 444 ab
1695 408 1862 445 indebita
1890 407 2147 456 usurpatione,
2167 414 2210 443 ut
2238 406 2380 444 dictum
2410 415 2466 444 est
2483 407 2515 445 *.
2610 411 2783 439 ”1⁰⁶⁰‘9⁰‘⁸·

421 473 522 509 ribus
564 483 660 519 quae
697 471 866 506 humana
894 466 1038 503 ratione
1072 462 1271 513 praenosci
1297 468 1468 511 possunt.
1575 462 1635 497 An
1672 472 1863 499 SECUNDUM
1890 472 2075 498 mei-:noum
2108 459 2213 507 quod
2251 466 2349 496 artes
2390 460 2582 508 quaedam

421 501 558 572 Nequ'e
578 523 690 559 etiam
710 522 740 557 si
768 520 849 568 quis
868 520 991 555 futura
1011 517 1081 554 alia
1101 514 1363 562 contingentia,
1385 515 1469 550 Deo
1523 519 1610 549 sunt
1638 512 1686 550 ad
1713 513 2119 561 praecognoscendum
2155 513 2300 549 futuros
2329 520 2490 550 eventus
2517 513 2583 561 qui

282 589 297 611 η
421 578 623 619 revelante,
645 580 863 621 cognoscat:
893 578 982 607 tunc
1011 569 1110 606 enim
1131 580 1208 604 non
1229 567 1308 615 ipse
1333 572 1351 594 η
1380 567 1471 603 divi-
1525 577 1569 602 ex
1598 565 1819 603 necessitate
1854 567 1917 604 vel
1952 566 2168 614 frequenter
2195 565 2446 613 proveniunt,
2476 565 2609 614 quod.

422 634 496 673 nat,
512 629 616 673 idest,
639 626 741 674 quod
762 625 932 661 divinum
948 622 1118 668 est-facit,
1140 620 1207 657 sed
1227 619 1346 667 magis
1366 619 1470 667 quod
1524 618 1573 654 ad
1602 617 1875 655 divinationem
1904 631 1983 655 non
2005 618 2167 667 pertinet
2185 615 2210 655 θ.
2242 618 2319 655 Sed
2338 618 2388 655 ad
2416 618 2509 655 alios
2528 618 2584 656 fu·
2710 615 2724 641 ⁰

423 681 593 718 divinum
623 686 676 714 est
704 676 866 725 suscipit.
897 675 1007 711 Tunc
1031 681 1160 710 autem
1189 673 1314 709 solum
1339 672 1471 709 dicitur
1523 679 1629 707 turos
1671 678 1830 708 eventus
1872 672 2160 719 cognoscendos
2192 683 2271 708 non
2313 678 2399 708 sunt
2435 671 2584 720 aliquae

423 733 587 770 divinare
608 730 759 778 quando
780 729 847 765 sibi
866 727 1032 763 indebito
1052 726 1170 762 modo
1190 732 1347 773 usurpat
1365 737 1471 773 prae·
1525 735 1639 760 verae
1659 730 1756 759 artes
1776 735 1842 760 seu
1872 724 2101 773 disciplinae,
2122 725 2189 761 sed
2208 723 2360 761 fallaces
2389 731 2426 761 et
2443 736 2582 772 vanae,

421 784 692 821 nuntiationem
721 783 932 818 futurorum
969 787 1187 816 eventuum.
1222 779 1308 814 Hoc
1345 785 1472 814 autern
1526 788 1568 812 ex
1608 776 1830 823 deceptione
1865 777 2099 813 daemonum
2134 777 2390 824 introductae;
2418 785 2461 814 ut
2498 777 2586 814 dicit
2757 825 2763 830 .

421 844 565 873 constat
601 847 681 871 esse
716 841 927 882 peccatum.
965 832 1076 869 Unde
1106 830 1285 868 divinatio
1320 842 1472 879 semper
1524 828 1769 876 Augustinus,
1790 828 1828 864 in
1857 829 1945 865 XXI
1974 829 2020 865 de
2053 829 2132 866 Ciu.
2154 830 2229 866 Dei
2245 829 2276 867 *ἱ
2613 824 2819 879 αἳμξζζξῖῑξῦἕ(

421 897 475 926 est
502 895 711 937 peccatum.
733 888 781 923 Et
808 893 963 934 propter
989 885 1064 921 hoc
1083 884 1341 931 Hieronymus
1371 883 1471 929 dicit,
1578 884 1635 918 AD
1664 892 1824 917 TERTmM
1847 893 2031 918 DICENDUM
2069 882 2175 930 quod
2194 882 2314 919 horno
2342 883 2459 920 habet
2479 890 2587 920 natu·
2612 877 2828 933 ffh‘f‘gaffss’

187 948 196 958 ⁸
217 947 347 968 Comment·
370 945 393 966 1⁰
419 953 530 989 super
555 941 772 977 Mchaeam
791 938 822 985 ²¹⁸,
845 938 948 986 quod
968 937 1146 974 divinatio
1164 947 1311 984 semper
1336 936 1372 972 in
1392 947 1472 973 ma·
1526 935 1642 971 ralem
1671 933 1952 970 inclinationem
1981 933 2029 970 ad
2067 935 2377 982 cognoscendum
2411 935 2539 974 futura
2564 935 2586 958 *
2614 935 2667 958 ⁸¹³·
2682 941 2732 965 4⁵³·

187 979 290 1027 ᾖξ’-ω’
305 978 363 994 vm'
379 977 393 999 ⁹
420 994 495 1030 lam
518 998 666 1041 partem
694 992 884 1040 accipitur,
1527 987 1738 1024 secundum
1759 986 1920 1023 modum
1939 987 2174 1023 humanum:
2196 999 2275 1024 non
2295 995 2424 1026 autem
2453 1001 2587 1027 secun-

471 1049 529 1083 An
553 1054 689 1082 PRIMUM
712 1056 810 1081 ERGO
836 1054 1020 1081 memnon
1047 1042 1150 1091 quod
1185 1040 1365 1078 divinatio
1395 1053 1472 1077 non
1526 1040 1618 1077 dum
1647 1039 1859 1077 indebitum
1889 1039 2130 1076 divinationis
2159 1039 2335 1078 modum.

470 1177 495 1209 ζ)
515 1177 670 1202 necessario.
682 1190 700 1195 —
714 1175 867 1201 necessitate
885 1175 950 1199 PsC.
1581 1170 1605 1204 θ)
1624 1172 1721 1204 quod...
1736 1171 1862 1203 pertinet.
1875 1185 1894 1190 -
1911 1178 2006 1203 quae...
2020 1171 2139 1203 pert1'net
2156 1171 2188 1202 D,
2208 1178 2301 1203 quae...
2314 1172 2455 1204 pertinent
2473 1172 2501 1197 P.

472 1213 497 1244 η)
518 1219 568 1236 non
589 1212 651 1244 ipse.
664 1224 683 1231 -
701 1211 756 1243 ipse
774 1219 825 1235 non
846 1210 969 1235 ABDFG.

1089 1291 1421 1323 commentaria
1443 1289 1694 1323 Oardinalis
1717 1290 1917 1326 Caietam

449 1389 469 1408 N
492 1378 622 1408 articulo
653 1377 755 1416 primo
784 1374 976 1416 quaestionis
1004 1373 1373 1414 nonagesimaequintae‚
1398 1380 1474 1403 nota
1525 1372 1711 1413 intelligitur
1733 1373 1870 1404 indebita
1894 1375 2062 1414 usurpatio
2079 1375 2377 1414 praenuntiationis
2389 1375 2587 1417 futurorum

423 1390 515 1452 Itria.
539 1421 656 1457 Primo,
674 1420 760 1460 quod
783 1419 858 1459 quia
874 1418 1043 1458 disputatio
1061 1418 1099 1447 de
1116 1417 1217 1447 causis
1234 1417 1273 1447 ad
1290 1417 1475 1447 utrumlibet
1527 1422 1707 1448 eventuum.
1738 1417 1779 1447 Et
1802 1417 1915 1447 dicitur
1938 1418 2076 1449 indebita
2103 1419 2141 1449 ab
2165 1418 2307 1450 indebito
2330 1420 2430 1450 modo
2462 1430 2591 1460 praeco-

419 1475 484 1495 non
508 1472 553 1495 est
575 1464 717 1500 moralis,
741 1463 812 1492 ideo
839 1463 889 1492 hic
912 1461 1178 1502 pertranseundo,
1203 1468 1233 1491 et
1256 1468 1344 1492 caute
1368 1468 1474 1491 tamen
1526 1461 1699 1500 gnoscendi
1723 1470 1777 1491 ea:
1809 1461 1884 1502 quia
1907 1461 2023 1493 scilicet
2046 1472 2104 1492 nec
2127 1462 2232 1493 media
2255 1462 2361 1494 divina
2383 1464 2590 1501 revelatione,

418 1508 590 1549 loquendo,
607 1508 719 1538 dicitur
734 1507 821 1547 quod
837 1506 1012 1536 secundum
1029 1515 1060 1535 se
1077 1505 1290 1536 consideratae
1306 1512 1380 1536 sunt
1398 1515 1475 1535 neu·
1527 1514 1584 1535 nec
1606 1505 1715 1545 vigore
1738 1505 1888 1536 naturalis
1910 1506 2051 1543 luminis,
2077 1506 2131 1537 sed
2155 1506 2360 1538 daemoniaca
2381 1507 2519 1540 vanitate
2533 1507 2592 1540 im-

418 1559 490 1583 trae.
522 1552 685 1589 Quoniam
715 1557 841 1591 oportet
863 1559 914 1580 eas
945 1550 984 1580 ad
1013 1550 1142 1580 alteram
1168 1550 1323 1580 declinare
1353 1557 1475 1590 partem
1527 1548 1632 1589 plicite
1654 1549 1705 1580 vel
1727 1549 1881 1589 explicite,
1905 1556 1942 1581 ut
1964 1550 2083 1591 patebit
2097 1549 2124 1589 ¹¹¹,
2148 1550 2282 1582 habetur
2304 1558 2360 1582 aut
2381 1551 2523 1584 iactatur.
2550 1551 2592 1584 Et
2618 1554 2630 1565 ⁴
2646 1553 2701 1576 Art.
2719 1559 2732 1576 ³
2793 1553 2825 1576 Cf

418 1596 546 1637 quando
570 1603 708 1627 causant.
1527 1593 1602 1634 quia
1631 1593 1664 1624 in
1693 1593 1755 1624 hoc
1789 1594 1931 1625 consistit
1960 1594 2102 1625 formalis
2131 1595 2211 1626 ratio
2244 1595 2463 1633 divinationis3
2498 1602 2532 1628 et
2557 1596 2592 1628 in
2620 1579 2746 1603 c⁰m⁸⁸¹

472 1641 628 1676 Secundo,
653 1640 741 1680 quod
765 1646 830 1669 tam
853 1639 891 1668 de
915 1637 1075 1668 effectibus
1100 1647 1267 1668 causarum
1290 1638 1329 1668 ad
1353 1645 1476 1669 utrum·
1527 1637 1739 1668 materialibus
1763 1637 1964 1669 divinationis
1988 1639 2089 1670 multa
2113 1646 2159 1670 est
2181 1639 2370 1680 ambiguitas
2393 1646 2523 1682 propter
2543 1639 2592 1672 in-

417 1685 491 1715 libet
513 1694 610 1725 quam
633 1684 671 1714 de
695 1683 871 1713 casualibus
895 1689 984 1712 caute
1003 1682 1036 1711 in
1054 1682 1156 1712 littera
1175 1682 1288 1712 dicitur
1306 1682 1394 1723 quod
1411 1691 1475 1722 per
1527 1681 1748 1712 certitudinem
1770 1689 1896 1713 nostrae
1914 1682 2070 1720 scientiae,
2088 1690 2119 1714 et
2142 1683 2380 1726 elongationem
2402 1694 2438 1716 ac
2454 1684 2592 1717 occulu-

418 1729 698 1759 considerationem
722 1737 891 1758 causarum
911 1727 1083 1766 praenosci
1106 1735 1168 1756 non
1187 1731 1333 1766 possunt.
1365 1724 1405 1756 Et
1427 1725 1474 1755 in·
1526 1725 1649 1756 tionem
1665 1735 1831 1756 causarum
1846 1734 1989 1766 respectu
2004 1727 2119 1758 nostri:
2139 1727 2212 1758 ideo
2229 1735 2295 1759 tota
2311 1729 2482 1769 praesentis
2499 1739 2594 1770 quae-

417 1772 516 1803 tendit
539 1772 577 1802 de
601 1772 701 1802 causis
725 1778 760 1801 ut
782 1770 983 1811 praedixerat,
1009 1770 1211 1800 consideratis
1227 1769 1343 1800 scilicet
1365 1779 1475 1801 secun·
1527 1769 1639 1800 stionis
1663 1770 1804 1800 doctrina
1826 1770 2000 1802 formaliter
2023 1779 2070 1802 est
2092 1771 2311 1812 intelligenda3
2340 1779 2371 1804 et
2392 1773 2426 1803 in
2449 1773 2594 1814 quolibet

417 1817 491 1847 dum
507 1825 550 1847 se.
575 1816 657 1846 Nam
677 1815 719 1845 sic
737 1816 787 1845 vel
806 1821 879 1845 sunt
898 1821 1036 1851 neutrae,
1057 1820 1093 1844 ut
1115 1814 1274 1854 potentiae
1290 1813 1474 1850 rationales;
1528 1814 1660 1844 articulo
1690 1814 1867 1845 secundum
1894 1815 2059 1846 materiam
2086 1816 2322 1853 meditandum,
2347 1827 2383 1847 ac
2411 1818 2589 1848 secundum

417 1861 467 1890 vel
489 1867 562 1890 sunt
593 1860 631 1890 ad
656 1859 802 1899 opposita
825 1858 1015 1894 casualium,
1040 1865 1076 1888 ut
1105 1868 1216 1888 causae
1247 1858 1420 1888 naturales:
1445 1864 1476 1888 et
1528 1858 1779 1899 uniuscuiusque
1806 1865 1952 1890 naturam
1982 1860 2243 1900 suspendendum
2273 1867 2328 1892 aut
2357 1861 2594 1893 decernendum

417 1904 460 1934 sic
490 1914 555 1934 non
584 1904 700 1934 habent
729 1902 1022 1933 determinationem
1050 1902 1190 1943 aliquam
1220 1902 1260 1932 ad
1289 1902 1475 1933 huiusmodi
1527 1902 1684 1933 iudicium
1707 1909 1764 1933 est.

419 1947 553 1978 effectus.
576 1947 660 1978 Cum
676 1948 723 1977 his
744 1954 847 1978 tamen
863 1953 923 1977 stat
938 1946 1026 1987 quod
1045 1956 1101 1986 per
1116 1947 1242 1977 easdem
1259 1957 1367 1977 causas
1380 1956 1476 1986 prae·
1584 1947 1621 1977 ΙΙ.
1646 1947 1681 1977 In
1704 1947 1911 1987 responsione
1941 1948 1981 1978 ad
2004 1948 2181 1978 secundum
2204 1947 2347 1980 eiusdem
2369 1948 2513 1986 articuli,
2536 1949 2594 1986 ad-

412 1997 549 2032 paratas
570 2001 625 2022 seu
649 1992 815 2032 dispositas
844 1990 1068 2031 praecognosci
1092 1990 1200 2032 aliquo
1224 1991 1323 2021 modo
1353 1990 1476 2031 possint
1526 1997 1612 2021 verte
1635 1991 1724 2031 quod
1749 1990 1942 2029 Aristoteles,
1966 1991 1999 2021 in
2022 1991 2179 2033 principio
2202 1991 2300 2024 libelli
2321 1991 2362 2023 de
2384 1990 2594 2027 Memor-ider

418 2045 583 2066 causarum
606 2035 718 2066 harum
743 2035 882 2065 effectus:
908 2042 943 2065 ut
967 2041 1051 2075 patet
1074 2035 1154 2065 inter
1176 2035 1322 2065 homines
1346 2044 1474 2075 praeco·
1527 2035 1775 2066 Reminiscentia
1790 2035 1820 2072 *,
1845 2035 2018 2067 incidenter
2040 2035 2127 2069 affert
2150 2043 2294 2077 respectu
2317 2035 2503 2069 futurorum
2525 2042 2594 2070 esse
2620 2041 2632 2055 ⁸
2646 2041 2782 2074 Qum-²·

417 2079 525 2120 gnosci
549 2089 585 2110 ex
609 2079 814 2119 dispositione
838 2086 966 2110 naturae
990 2085 1044 2110 aut
1068 2079 1306 2110 consuetudinis
1330 2086 1384 2109 aut
1407 2089 1477 2119 pas·
1527 2079 1692 2110 scientiam
1720 2081 1932 2119 sperativam,
1956 2089 2052 2120 quam
2076 2081 2206 2121 quidam
2229 2080 2440 2112 divinativam
2464 2086 2592 2113 vocant.
2632 2078 2634 2080 ’

417 2123 513 2154 sionis
532 2123 673 2159 alicuius,
691 2123 767 2164 quid
786 2123 877 2154 faciet
895 2123 927 2153 in
945 2123 998 2154 tali
1014 2129 1139 2160 eventu,
1159 2123 1304 2164 quamvis
1321 2123 1475 2154 certitudo
1528 2123 1640 2160 Qualis
1663 2123 1702 2154 sit
1725 2130 1842 2159 autern,
1866 2130 1922 2155 aut
1944 2133 1981 2154 ex
2003 2123 2120 2165 quibus
2143 2125 2304 2164 procedat,
2327 2134 2394 2156 non
2415 2125 2547 2156 invenio
2559 2125 2594 2157 in
2856 2159 2860 2165 ,

417 2167 504 2198 desit.
528 2168 568 2198 Et
591 2168 732 2198 similiter
755 2167 780 2197 si
795 2168 866 2208 quis
883 2167 1009 2198 seminis
1026 2167 1199 2198 defectuosi
1214 2174 1245 2198 et
1260 2167 1398 2198 matricis
1417 2167 1476 2198 hu·
1527 2177 1576 2198 eo.
1601 2168 1694 2198 Unde
1718 2178 1758 2198 an
1776 2168 1838 2198 hoc
1854 2168 1994 2199 retulerit
2008 2168 2049 2198 ad
2064 2169 2214 2208 dogmata
2229 2168 2419 2201 coniiciendi
2435 2180 2472 2201 ex
2491 2170 2595 2205 cautis
2858 2206 2860 2208 ,

415 2212 464 2242 ius
481 2219 682 2251 cognosceret
701 2212 951 2252 dispositionem,
969 2211 1135 2242 conticeret
1154 2211 1192 2241 de
1209 2218 1364 2242 monstro.
1389 2211 1476 2242 Con·
1527 2218 1558 2242 et
1580 2211 1688 2251 signis,
1712 2219 1748 2243 ut
1770 2219 1861 2248 astra,
1887 2212 2134 2252 complexiones,
2158 2212 2259 2244 lineae
2278 2213 2445 2251 naturales,
2469 2214 2594 2250 semaia
2857 2222 2860 2236 ¹

417 2256 617 2286 siderandum
641 2263 686 2286 est
710 2266 783 2296 ergo
808 2256 848 2286 ad
875 2255 1008 2296 qualiter
1030 2265 1063 2285 se
1086 2255 1255 2286 habentem
1278 2266 1406 2286 causam
1429 2266 1474 2286 re·
1527 2265 1586 2295 pro
1610 2256 1715 2297 aliqua
1738 2264 1845 2297 parte,
1873 2265 1903 2288 et
1934 2256 2134 2294 huiusmodi,
2160 2258 2348 2288 creduntur:
2373 2267 2414 2288 an
2442 2255 2483 2294 ad
2506 2265 2594 2294 *mes
2858 2274 2860 2281 ·

416 2299 532 2330 feratur
555 2299 680 2330 effectus
703 2299 847 2336 futurus,
873 2310 946 2330 cum
974 2300 1290 2339 praecognoscendus
1317 2310 1355 2330 ex
1381 2309 1475 2330 causa
1527 2309 1632 2336 vanas,
1657 2310 1738 2341 quae
1762 2301 1800 2331 de
1815 2300 1899 2332 facto
1922 2307 1999 2331 tunc
2023 2308 2111 2332 erant
2133 2302 2219 2342 apud
2241 2301 2435 2339 idololatras,
2459 2301 2540 2335 sicut
2563 2309 2595 2334 et
2853 2283 2860 2341 i

417 2343 539 2375 dicitur.
563 2345 603 2374 Et
625 2344 687 2374 hoc
709 2350 836 2384 oportet
855 2344 990 2374 maxime
1006 2344 1039 2373 in
1055 2344 1184 2375 materia
1203 2343 1404 2374 divinationis
1419 2344 1475 2374 ob·
1527 2350 1600 2385 post
1623 2344 1751 2375 fuerunt
1773 2345 1859 2384 apud
1883 2344 2090 2382 Christianos,
2115 2351 2151 2376 ut
2174 2352 2259 2386 patet
2273 2346 2387 2383 XXVI,
2404 2356 2458 2388 qu.
2470 2357 2492 2384 1,
2517 2345 2592 2378 δον-
2855 2351 2860 2390 ς’

216 2437 258 2457 A.
417 2388 650 2462 aava
669 2398 764 2463 ⁵⁰¹3?ss
784 2388 1045 2462 ἔεεΨ
1068 2398 1180 2419 Ψ
1440 2395 1476 2420 ‘²‘
1528 2389 1787 2463 ἔέεέεεέἔε
1801 2389 2594 2467 mmmmffffis‘

184 2438 194 2455 .’
238 2442 266 2457 r.
325 2443 336 2458 s
370 2451 376 2458 u
417 2442 449 2462 1ss
464 2442 545 2462 enus
600 2442 617 2462 a
664 2443 714 2462 are
738 2443 747 2462 1
806 2443 815 2462 1
863 2443 936 2462 Slus.

185 2442 314 2484 eommexit.
337 2443 368 2465 qq
383 2452 392 2464 ³
472 2476 591 2512 Tertio,
608 2443 685 2516 ciiiid
705 2476 904 2507 divinationis
919 2476 1049 2506 nomine
1065 2475 1306 2515 intelligendum
1322 2482 1369 2506 est
1391 2476 1476 2516 apud
1529 2476 1612 2512 mali,
1630 2456 1666 2508 tit
1681 2477 1802 2508 dictum
1818 2484 1865 2508 est
1879 2476 1906 2508 *.
1927 2445 2100 2508 Natu'ralizi’
2104 2488 2252 2520 namque,
2269 2445 2334 2510 give
2348 2479 2437 2520 signa
2452 2478 2515 2511 sint
2527 2478 2594 2510 sive
2620 2478 2712 2502 ’Nun-
2722 2479 2828 2508 anwed·
2851 2452 2860 2520 i

417 2519 583 2560 theologos
607 2528 636 2551 et
659 2519 691 2550 in
715 2520 863 2551 Ecclesia.
895 2520 1075 2557 Quoniam,
1100 2526 1136 2550 ut
1162 2519 1195 2549 in
1221 2519 1323 2550 littera
1346 2520 1475 2557 dicitur,
1529 2530 1651 2557 causae,
1676 2528 1712 2551 ut
1734 2521 1766 2551 in
1790 2521 1934 2561 pluribus
1957 2521 2166 2552 verificantur.

975 2800 1130 2830 UTRUM
1153 2800 1377 2830 DIVINATIO
1401 2800 1468 2831 SIT
1493 2800 1661 2831 SPECIES
1685 2801 2032 2833 SUPERSTITIONIS
2437 2838 2442 2842 Α
2489 2809 2544 2846 (sifi

1297 2887 1387 2919 Supra,
1407 2894 1451 2919 qu.
1469 2894 1530 2916 xcn,
1549 2891 1596 2911 art.
1617 2894 1641 2912 2.
2541 2852 2572 2892 d

457 2993 512 3026 (ᾖ,
538 3002 578 3026 ,μς
602 2997 604 3000 s
630 2985 653 3010 ι)
668 2985 856 3012 SECUNDUM
871 2986 923 3011 Sic
943 2986 1182 3012 PROCEDITUR.
1194 2974 1354 3012 Videtur
1368 2974 1474 3024 quod
1499 2973 1502 3026 Ι
1527 2975 1726 3024 pertinere.
1757 2975 1858 3024 Ergo
1888 2976 2068 3014 divinatio
2097 2989 2176 3015 non
2194 2977 2358 3027 pertinet
2384 2979 2434 3016 ad
2461 2991 2592 3030 super-

448 3016 609 3086 &535⁸
633 3026 812 3063 divinatio
841 3039 918 3063 non
947 3028 992 3064 sit
1017 3028 1161 3076 species
1189 3028 1474 3077 superstitionis.
1528 3028 1732 3065 stitionem.

440 3068 738 3135 ,yxffq'ldern
767 3079 866 3115 enim
895 3092 972 3116 non
992 3088 1116 3128 potest
1144 3093 1226 3118 esse
1255 3081 1400 3129 species
1422 3081 1475 3118 di-
1583 3082 1617 3118 3.
1639 3082 1881 3129 PRAETEREA,
1912 3082 2125 3131 superstitio
2164 3083 2333 3132 religioni
2371 3084 2589 3134 opponitur.

480 3106 568 3159 <aar
590 3122 832 3167 &versorum
865 3143 1058 3178 generum.
1098 3134 1173 3171 Sed
1213 3133 1392 3171 divinatio
1420 3134 1478 3171 vi·
1530 3134 1607 3171 Sed
1634 3134 1672 3171 in
1698 3146 1792 3171 vera
1809 3134 1988 3183 religione
2015 3147 2093 3174 non
2117 3136 2308 3174 invenitur
2336 3137 2477 3187 aliquid
2497 3137 2592 3176 divi-

428 3182 535 3218 detur
563 3193 644 3218 esse
672 3182 815 3230 species
844 3184 1081 3231 curiositatis;
1110 3194 1150 3222 ut
1173 3187 1404 3234 Augustinus
1425 3187 1478 3223 di·
1529 3187 1672 3224 nationi
1691 3199 1759 3236 per
1787 3188 2018 3225 contrarium
2037 3189 2284 3238 respondens.
2315 3191 2418 3239 Ergo
2446 3190 2591 3234 divina-

192 3247 225 3295 »σὴ
217 3246 253 3278 σε,
263 3246 399 3294 1⁰51b¹³⁰1i³⁸
428 3235 485 3281 cit,
506 3235 543 3271 in
571 3235 665 3270 libro
694 3236 739 3271 de
764 3237 860 3272 Vera
887 3236 1010 3285 Relig.
1030 3236 1050 3258 ’¹‘
1078 3239 1178 3285 Ergo
1204 3239 1355 3276 videtur
1374 3241 1477 3287 quod
1529 3240 1580 3276 tio
1610 3252 1689 3276 non
1718 3247 1773 3277 est
1800 3241 1945 3290 species
1973 3242 2260 3290 superstitionis.

191 3279 399 3346 giffzinffxgw}
427 3299 504 3324 non
532 3287 578 3323 sit
605 3287 749 3335 species
777 3288 1059 3336 superstitionis.
1585 3293 1659 3329 SED
1679 3304 1824 3330 coum
1842 3305 1909 3331 EST
1927 3295 2033 3343 quod
2053 3295 2238 3343 Origenes
2258 3295 2358 3344 dicit,
2379 3295 2418 3334 in
2440 3296 2591 3333 Beriar-

191 3330 401 3379 mgn-fvss'siss-'mff'e‘
481 3351 514 3376 2.
535 3340 771 3388 PRAETEREA,
800 3341 893 3377 sicut
920 3341 1046 3389 religio
1076 3349 1131 3378 est
1165 3343 1284 3379 cultus
1312 3343 1477 3391 debitus,
1531 3345 1626 3382 chon
1645 3345 1685 3382 *ε
1713 3347 1783 3382 Est
1798 3347 1984 3395 quaedam
2013 3349 2179 3397 operatio
2202 3349 2429 3386 daemonum
2457 3349 2495 3395 in
2519 3349 2591 3386 mi·
2617 3351 2829 3400 ΒΙΞΤΜἯ*

294 3409 310 3426 α
427 3392 476 3428 ita
504 3393 714 3440 superstitio
745 3401 800 3430 est
819 3399 836 3415 α
865 3395 983 3430 cultus
1002 3394 1202 3431 indebitus.
1233 3396 1310 3432 Sed
1334 3395 1478 3433 divina-
1532 3398 1680 3434 nisterio
1703 3400 1986 3447 praescientiae,
2006 3413 2104 3450 quae
2130 3402 2272 3438 artibus
2293 3401 2514 3450 quibusdam
2541 3402 2591 3438 ab

427 3444 478 3480 tio
515 3457 593 3481 non
627 3445 777 3482 videtur
812 3446 860 3484 ad
892 3446 1056 3495 aliquem
1091 3448 1231 3484 cultum
1267 3448 1476 3486 indebitum
1504 3448 1506 3500 Ι
1531 3451 1587 3487 his
1614 3452 1680 3499 qui
1703 3464 1743 3488 se
1769 3452 2012 3491 daemonibus
2039 3455 2368 3504 mancipaverunt,
2397 3465 2497 3491 nunc
2517 3465 2591 3503 per

483 3575 510 3607 α)
529 3579 577 3601 est.
589 3590 608 3595 —
626 3577 686 3603 Otn.
705 3577 807 3602 CEKIa.
