2860 4244
187 1325 235 1340 IIIII

433 247 504 284 174

1015 235 1280 283 QUAESTIO
1310 235 1467 282 LXXX,
1497 236 1792 274 ARTICULUS
1821 237 2011 273 UNICUS

1029 458 1436 535 QUAESTIO
1475 458 1998 517 OCTOGESIMA

882 588 966 627 DE
998 587 1296 628 PARTIBUS
1330 587 1814 630 POTENTIALIBUS
1846 589 2150 631 IUSTITIAE

511 719 616 744 ΕιΝῡε
644 707 962 743 considerandum
983 714 1037 743 est
1073 707 1119 744 de
1142 708 1317 756 *partibus
1354 715 1487 757 poten-

510 760 657 796 tialibus
686 759 865 807 iustitiae,
903 760 998 796 idest
1033 760 1079 797 de
1113 760 1313 797 virtutibus
1355 761 1387 797 ei
1423 774 1487 798 an-

271 810 285 824 ¹¹
308 809 354 829 ω’
374 809 399 824 “”
427 813 531 849 nexis
554 813 584 849 ³¹³.
624 814 672 849 Et
705 813 803 849 circa
837 813 911 849 hoc
950 813 1027 849 duo
1066 821 1153 850 sunt
1190 814 1486 851 consideranda:

1540 708 1666 756 primo
1696 708 1865 757 quidem,
1895 722 1992 758 quae
2020 710 2178 747 virtutes
2207 710 2367 748 iustitiae
2396 718 2599 748 annectan-

1542 769 1622 807 tur;
1652 761 1834 808 secundo,
1856 762 2177 800 considerandum
2199 771 2253 800 est
2278 764 2325 801 de
2349 764 2505 812 singulis
2524 764 2600 802 vir-

1540 814 1679 851 tutibus
1708 814 1868 851 iustitiae
1897 815 2052 851 annexis
2071 815 2102 851 ²³⁶.

1230 931 1547 974 ARTICULUS
1577 931 1793 974 UNICUS

734 1022 889 1053 UTRUM
914 1022 1254 1054 CONVENIENTER
1277 1024 1576 1055 ASSIGNENTUR
1599 1025 1815 1055 VIRTUTEs
1846 1024 2062 1055 IUSTITIAE
2085 1025 2290 1055 ANNEXAE

641 1091 716 1122 Infra,
736 1099 781 1124 qu.
801 1099 876 1123 cxxii,
897 1097 943 1117 art.
967 1101 974 1117 1
984 1100 991 1123 ;
1012 1093 1035 1117 1⁸
1054 1093 1109 1123 11⁵⁶,
1130 1101 1175 1126 qu.
1194 1101 1234 1125 Lx,
1254 1099 1300 1119 art.
1322 1093 1351 1124 35
1371 1094 1401 1118 111
1422 1094 1504 1124 Sent„
1525 1095 1584 1119 dist.
1602 1102 1636 1125 rx,
1656 1102 1700 1127 qu.
1718 1102 1736 1124 1,
1756 1099 1803 1119 art.
1826 1102 1847 1126 1,
1867 1095 1917 1127 qu¹
1935 1101 1965 1127 4;
1985 1095 2043 1119 dist.
2062 1102 2148 1124 xxxm,
2168 1102 2212 1127 qu.
2230 1102 2268 1126 m,
2288 1099 2334 1120 art.
2353 1102 2380 1126 4.

455 1175 519 1212 ἧς»)
538 1177 611 1212 &aar
636 1175 658 1199 n
687 1175 822 1200 PRIMUM
852 1160 904 1200 sic
934 1175 1172 1201 PROCEDITUR.
1200 1165 1360 1201 Videtur
1380 1165 1484 1213 quod

637 1216 949 1253 inconvenienter
964 1216 1199 1264 assignentur
1212 1217 1369 1254 virtutes
1384 1218 1485 1254 iusti-

486 1282 562 1311 ,³⁷4
583 1263 707 1307 (tiae
737 1281 918 1305 annexae.
949 1269 1094 1306 Tullius
1120 1269 1219 1305 enim
1238 1269 1258 1291 ’¹‘
1286 1277 1485 1306 enumerat

478 1294 578 1353 ἑΨ)
593 1310 716 1357 sex:
752 1321 889 1357 scilicet
916 1322 1151 1370 religionem,
1174 1322 1362 1370 pietatem,
1391 1334 1482 1371 gra-

425 1374 526 1418 tiam,
548 1373 846 1419 vindicationem,
863 1375 1151 1420 observantiam,
1167 1375 1373 1412 veritatem.
1394 1375 1484 1412 Vin-

425 1426 560 1463 dicatio
586 1433 714 1463 autern
742 1426 892 1463 videtur
915 1427 1060 1476 species
1081 1439 1162 1464 esse
1188 1428 1483 1465 commutativae

424 1479 600 1525 iustitiae,
631 1480 842 1516 secundum
871 1492 987 1527 quam
1014 1480 1122 1517 illatis
1151 1480 1292 1518 iniuriis
1319 1481 1485 1519 vindicta
1510 1480 1512 1504 ²

261 1542 365 1562 mar·
391 1551 396 1557 ·
424 1532 663 1581 rependitur,
691 1541 732 1569 ut
761 1546 806 1570 ex
834 1533 1057 1582 supradictis
1076 1533 1096 1555 '1‘
1123 1541 1237 1581 patet.
1274 1535 1365 1571 Non
1395 1547 1483 1582 ergo

424 1585 536 1622 debet
563 1585 655 1633 poni
682 1585 779 1622 inter
804 1587 960 1623 virtutes
988 1586 1146 1623 iustitiae
1175 1599 1353 1624 annexas.

478 1650 512 1675 2.
534 1639 767 1685 PRAETEREA,
798 1639 1030 1686 Macrobius,
1058 1651 1172 1688 super
1190 1641 1386 1677 Somnium
1406 1641 1483 1677 Sci-

184 1693 394 1721 ’L5b·110³1³·v¹¹¹·
417 1691 541 1739 pionis
560 1691 590 1738 ⁵³⁶,
619 1692 727 1739 ponit
746 1700 913 1740 septem:
944 1692 1083 1729 scilicet
1107 1693 1368 1740 innocentiam,
1389 1694 1483 1730 ami-

183 1854 191 1861 ·
208 1852 243 1874 Cf.
259 1859 305 1880 arg.
323 1859 339 1874 1.

183 2225 193 2235 ⁴
208 2225 243 2246 Cf.
260 2231 306 2252 arg.
323 2231 338 2246 ι,

181 2340 190 2349 “
205 2339 240 2360 De
256 2339 319 2367 Affec
323 2339 390 2360 tibus.

182 2604 190 2613 ⁸
206 2602 240 2624 Cf.
259 2608 306 2630 arg.
322 2609 338 2624 1.

182 2702 231 2724 'Ca
251 2718 255 2723 .
268 2709 290 2729 x,
309 2709 332 2725 n.
347 2704 369 2724 8.
381 2715 391 2720 -

182 2709 258 2750 gfff„
275 2730 326 2751 lect.
343 2736 390 2752 xvi.

422 1745 568 1789 citiam,
598 1746 861 1791 concordiam,
889 1746 1087 1793 pietatem,
1118 1746 1360 1796 religionem,
1389 1746 1483 1796 affe-

422 1803 533 1843 ctum,
553 1798 841 1843 humanitatem
861 1811 1022 1846 quarum
1041 1799 1167 1846 plures
1187 1811 1209 1835 a
1229 1800 1355 1836 Tullio
1374 1812 1482 1848 prae-

421 1851 673 1887 termittuntur
687 1851 717 1888 ²²².
745 1852 847 1899 Ergo
868 1851 1018 1888 videtur
1036 1851 1307 1889 insufficienter
1327 1865 1482 1889 enume-

422 1911 520 1940 ratas
550 1916 631 1940 esse
658 1904 815 1941 virtutes
844 1904 1004 1941 iustitiae
1034 1904 1240 1942 adiunctas.

476 1958 510 1993 3.
550 1958 790 2004 PRAETEREA,
830 1970 852 1993 a
894 1957 1122 2006 quibusdam
1166 1958 1245 1994 aliis
1287 1966 1496 2006 ponuntur-

421 2010 586 2058 quinque
606 2017 731 2057 partes
749 2010 926 2047 iustitiae:
957 2010 1096 2047 scilicet
1119 2011 1325 2048 obedientia
1354 2024 1480 2060 respe-

420 2070 481 2099 ctu
510 2063 733 2111 superioris,
763 2064 955 2111 disciplina
984 2071 1158 2112 respectu
1185 2064 1388 2112 inferioris,
1418 2077 1479 2102 ae-

419 2116 539 2164 quitas
568 2124 740 2164 respectu
768 2117 995 2165 aequalium,
1020 2117 1114 2163 fides
1135 2124 1170 2153 et
1187 2118 1326 2155 veritas
1353 2130 1480 2167 respe-

420 2178 481 2206 ctu
509 2169 705 2216 omnium3
744 2170 791 2206 de
826 2170 963 2219 quibus
998 2182 1020 2206 a
1049 2170 1176 2206 Tullio
1214 2183 1292 2208 non
1327 2171 1480 2220 ponitur

419 2222 489 2259 nisi
517 2223 653 2259 veritas
672 2222 702 2259 ³⁸.
738 2224 839 2271 Ergo
868 2223 1019 2261 videtur
1047 2223 1319 2261 insufficienter
1346 2236 1479 2261 nume-

419 2288 520 2312 rasse
542 2281 558 2296 ‘²
586 2276 743 2313 virtutes
771 2276 931 2313 iustitiae
960 2288 1138 2313 annexas.

471 2341 508 2375 4.
530 2330 762 2375 PRAETEREA,
784 2329 1024 2366 Andronicus
1043 2329 1314 2378 Peripateticus
1334 2330 1441 2379 ponit
1459 2330 1479 2352 '¹‘

419 2393 563 2419 novem
591 2389 714 2430 partes
742 2382 900 2419 iustitiae
930 2395 1116 2419 annexas:
1151 2383 1291 2419 scilicet
1319 2383 1478 2420 liberali-

419 2441 542 2481 tatem,
554 2435 831 2484 benignitatem,
846 2436 1124 2480 vindicativam,
1136 2448 1476 2485 eugnomosynam,

419 2489 620 2534 eusebiam,
649 2489 924 2534 eucharistiam,
948 2490 1191 2534 sanctitatem,
1221 2490 1358 2525 bonam
1378 2501 1478 2526 com-

420 2542 674 2588 mutationem,
695 2542 1006 2590 legispositivam;
1032 2554 1076 2578 ex
1095 2542 1233 2589 quibus
1254 2542 1366 2578 etiam
1386 2543 1478 2578 Tul-

419 2594 489 2631 lius
509 2596 706 2631 manifeste
728 2607 805 2631 non
824 2595 931 2643 ponit
951 2595 1021 2631 nisi
1041 2595 1307 2631 vindicativam
1321 2594 1352 2631 ²¹⁶.
1374 2596 1476 2643 Ergo

418 2648 569 2684 videtur
596 2648 866 2685 insufficienter
895 2660 1153 2684 enumerasse.

476 2702 508 2738 5.
529 2702 768 2748 PRAETEREA,
798 2701 1030 2748 Aristoteles,
1052 2701 1090 2737 in
1111 2701 1157 2737 V.
1178 2700 1296 2737 Ethic.
1317 2700 1348 2746 ²²,
1372 2701 1478 2749 ponit

418 2754 634 2801 epieilceiam
668 2754 826 2791 iustitiae
855 2754 1090 2791 adiunctam:
1127 2753 1174 2790 de
1203 2765 1278 2801 qua
1310 2753 1348 2789 in
1377 2754 1478 2790 nulla

418 2808 713 2855 praemissarum
743 2807 1039 2854 assignationum
1057 2806 1208 2844 videtur
1226 2806 1370 2843 mentio
1395 2819 1477 2843 esse

418 2861 526 2898 facta.
557 2861 658 2908 Ergo
688 2860 959 2897 insufficienter
983 2867 1069 2897 sunt
1098 2867 1342 2897 enumeratae
1362 2859 1477 2896 virtu-

418 2921 472 2950 tes
502 2914 661 2950 iustitiae
690 2926 871 2950 annexae.

472 2968 695 3003 RESPONDEO
711 2979 894 3003 DICENDUM
911 2966 1015 3014 quod
1030 2965 1068 3002 in
1082 2965 1283 3003 virtutibus
1298 2977 1397 3014 quae
1414 2965 1478 3002 ad-

418 3019 621 3067 iunguntur
649 3019 758 3055 alicui
777 3019 973 3067 principali
991 3019 1119 3055 virtuti
1148 3019 1224 3055 duo
1250 3026 1336 3055 sunt
1355 3018 1478 3055 consi-

419 3072 603 3109 deranda:
627 3071 752 3119 primo
773 3072 941 3120 quidem,
959 3072 1064 3119 quod
1078 3072 1234 3109 virtutes
1254 3071 1337 3108 illae
1357 3071 1395 3107 in
1415 3071 1478 3107 ali-

419 3137 495 3172 quo
526 3137 613 3161 cum
634 3124 828 3173 principali
852 3125 987 3161 virtute
1015 3124 1263 3168 conveniant;
1293 3123 1476 3171 secundo,

419 3177 522 3226 quod
551 3178 589 3214 in
609 3177 735 3226 aliquo
759 3177 936 3214 deficiant
954 3189 976 3213 a
995 3177 1161 3225 perfecta
1181 3176 1325 3213 ratione
1345 3176 1475 3224 ipsius.

419 3231 518 3277 Quia
536 3243 631 3267 vero
659 3230 794 3267 iustitia
821 3230 868 3267 ad
894 3231 1054 3266 alterum
1084 3238 1149 3276 est,
1170 3237 1211 3265 ut
1244 3241 1288 3265 ex
1308 3229 1478 3277 supradi-

254 3294 390 3314 mmm.
419 3284 485 3320 ctis
504 3283 524 3304 ’³‘
552 3290 666 3332 patet,
687 3296 822 3320 omnes
841 3283 998 3321 virtutes
1027 3295 1124 3331 quae
1145 3283 1193 3318 ad
1213 3282 1371 3318 alterum
1392 3289 1478 3318 sunt

418 3344 576 3384 possunt
607 3337 750 3373 ratione
784 3335 1070 3373 convenientiae
1091 3333 1106 3364 β
1133 3334 1290 3371 iustitiae
1317 3334 1476 3371 annecti.

471 3466 497 3498 α)
519 3473 679 3491 numerasse.
692 3479 710 3484 -
728 3473 896 3491 enumerasse
915 3466 993 3490 PDG.

471 3500 496 3532 β)
515 3501 722 3526 convenientiae.
734 3516 753 3520 -
771 3501 937 3526 convenienti
955 3502 984 3526 P.

470 3538 496 3569 γ)
516 3537 655 3561 reddatur.
669 3551 686 3556 -
706 3537 802 3561 reddat
822 3537 850 3561 Ρ.

1537 1165 1648 1202 Ratio
1677 1178 1770 1202 vero
1799 1165 1959 1202 iustitiae
1996 1165 2163 1202 consistit
2190 1165 2229 1202 in
2256 1166 2331 1202 hoc
2364 1165 2468 1215 quod
2495 1166 2601 1203 alteri

1537 1218 1717 1254 reddatur
1736 1223 1750 1245 Υ
1780 1218 1885 1266 quod
1915 1218 1948 1255 ei
1976 1219 2135 1255 debetur
2162 1218 2374 1256 secundum
2395 1219 2597 1268 aequalita-

1537 1276 1633 1316 tem,
1664 1277 1704 1306 ut
1738 1282 1782 1307 ex
1811 1271 2035 1318 supradictis
2054 1271 2074 1293 '¹‘
2100 1278 2213 1320 patet.
2250 1271 2459 1321 Dupliciter
2490 1272 2600 1321 igitur

1537 1322 1663 1370 aliqua
1689 1322 1809 1359 virtus
1837 1323 1886 1360 ad
1914 1323 2074 1360 alterurn
2104 1324 2264 1360 existens
2293 1337 2315 1361 a
2333 1325 2478 1362 ratione
2497 1325 2599 1362 iusti-

1537 1375 1610 1412 tiae
1640 1375 1787 1412 deficit:
1816 1387 1894 1412 uno
1929 1376 2086 1423 quidem
2115 1377 2247 1423 modo,
2277 1377 2504 1425 inquantum
2533 1378 2598 1416 de-

1537 1428 1615 1465 ficit
1649 1441 1671 1465 a
1699 1428 1843 1465 ratione
1872 1428 2061 1477 aequalis3
2098 1429 2171 1465 alio
2200 1429 2342 1478 modo,
2371 1430 2598 1478 inquantum

1538 1481 1665 1518 deficit
1693 1493 1715 1518 a
1743 1481 1889 1518 ratione
1919 1481 2046 1518 debiti.

1591 1535 1687 1570 Sunt
1707 1534 1808 1571 enim
1828 1534 2020 1582 quaedam
2035 1534 2192 1571 virtutes
2212 1547 2310 1582 quae
2326 1534 2497 1572 debitum
2517 1537 2599 1585 qui-

1538 1586 1625 1623 dem
1653 1587 1758 1624 alteri
1786 1587 1960 1635 reddunt,
1982 1587 2049 1624 sed
2078 1600 2157 1624 non
2180 1595 2340 1636 possunt
2358 1588 2518 1626 reddere
2537 1602 2599 1627 ae-

1536 1641 1659 1687 quale.
1699 1641 1747 1677 Et
1780 1641 1906 1689 primo
1940 1641 2118 1688 quidem,
2149 1641 2335 1689 quidquid
2363 1642 2411 1678 ab
2440 1642 2598 1680 homine

1536 1694 1620 1729 Deo
1641 1693 1819 1740 redditur,
1837 1693 2007 1730 debitum
2029 1701 2101 1730 est:
2122 1706 2201 1730 non
2221 1701 2351 1731 tamen
2369 1701 2495 1743 potest
2513 1708 2597 1734 esse

1535 1746 1705 1794 aequale,
1725 1753 1767 1783 ut
1791 1746 1929 1783 scilicet
1957 1754 2104 1784 tantum
2125 1747 2158 1784 ei
2178 1747 2297 1785 homo
2318 1749 2451 1785 reddat
2479 1761 2597 1798 quan-

1534 1806 1614 1835 tum
1639 1799 1772 1844 debet;
1803 1800 2015 1836 secundum
2034 1799 2125 1836 illud
2143 1801 2283 1837 Psalm.
2304 1800 2340 1837 *τ
2373 1801 2474 1843 Quid
2490 1803 2597 1839 retri-

1535 1853 1649 1888 buam
1677 1852 1843 1889 Domino
1865 1864 1940 1901 pro
1961 1853 2132 1889 omnibus
2160 1865 2257 1901 quae
2284 1854 2455 1890 retribuit
2473 1855 2596 1892 mihi?

1534 1905 1583 1941 Et
1602 1905 1814 1942 secundum
1834 1906 1909 1942 hoc
1924 1905 2138 1953 adiungitur
2151 1905 2309 1943 iustitiae
2325 1906 2471 1956 religio,
2487 1919 2595 1956 quae,

1533 1965 1575 1994 ut
1602 1957 1750 1995 Tullius
1780 1958 1868 1995 dicit
1891 1958 1926 2005 ²⁸,
1955 1958 2158 2007 superioris
2190 1959 2384 1996 cuiusdam
2417 1965 2594 2008 naturae,

1533 2022 1648 2059 quam
1684 2011 1851 2048 divinam
1887 2006 2042 2057 vocant,
2078 2023 2211 2049 curam
2243 2013 2596 2062 caeremoniamque

1531 2063 1592 2100 vel
1618 2063 1757 2100 cultum
1781 2062 1794 2085 δ
1823 2064 1945 2114 affert.
1975 2086 1999 2092 -
2029 2065 2228 2111 Secundo,
2258 2065 2478 2114 parentibus
2515 2079 2595 2104 non

1531 2123 1656 2166 potest
1675 2117 1887 2154 secundum
1902 2118 2166 2166 aequalitatem
2186 2119 2470 2167 recompensari
2490 2120 2595 2168 quod

1534 2169 1586 2206 eis
1615 2170 1791 2207 debetur:
1820 2178 1862 2207 ut
1889 2178 1991 2219 patet
2018 2183 2086 2220 per
2113 2171 2409 2220 Philosophum,
2439 2172 2478 2210 in
2505 2171 2593 2210 VIII

1531 2222 1683 2260 Ethic.*
1701 2224 1750 2259 Et
1764 2223 1816 2259 sic
1832 2223 2045 2271 adiungitur
2058 2224 2217 2261 iustitiae
2231 2225 2364 2273 pietas,
2379 2237 2453 2273 per
2466 2237 2593 2274 quam,

1531 2283 1572 2312 ut
1591 2276 1737 2312 Tullius
1767 2276 1854 2313 dicit
1872 2276 1903 2324 ⁹¹⁸,
1923 2277 2110 2326 sanguine
2137 2278 2269 2314 iunctis
2285 2279 2506 2328 patriaeque
2533 2280 2594 2316 be-

1532 2329 1672 2366 nevolis
1691 2329 1859 2377 officium
1879 2335 1915 2366 et
1933 2330 2093 2379 diligens
2111 2331 2286 2368 tribuitur
2303 2331 2433 2369 cultus.
2454 2352 2479 2360 -
2499 2333 2595 2370 Ter-

1531 2381 1595 2428 tio,
1625 2394 1704 2418 non
1731 2389 1856 2430 potest
1884 2384 2094 2420 secundum
2116 2385 2272 2432 aequale
2299 2384 2516 2432 praemium
2535 2397 2592 2421 re-

1532 2435 1772 2483 compensari
1788 2436 1836 2472 ab
1855 2435 2012 2472 homine
2032 2436 2159 2473 virtuti
2179 2442 2208 2475 ⁵:
2237 2445 2279 2473 ut
2297 2444 2399 2485 patet
2417 2449 2487 2486 per
2505 2437 2593 2474 Phi-

1530 2488 1749 2535 losophum,
1771 2487 1808 2524 in
1824 2488 1875 2524 IV
1888 2489 2007 2525 Ethic.
2019 2489 2039 2510 '¹‘
2063 2489 2112 2525 Et
2131 2489 2183 2525 sic
2203 2489 2415 2537 adiungitur
2434 2490 2593 2528 iustitiae

1531 2541 1785 2586 observantia,
1799 2552 1873 2588 per
1891 2552 2021 2588 quam,
2043 2548 2084 2578 ut
2103 2542 2248 2578 Tullius
2268 2543 2356 2579 dicit
2370 2542 2401 2590 ²¹⁶,
2421 2544 2592 2581 homines

1530 2593 1657 2641 aliqua
1677 2594 1857 2642 dignitate
1875 2595 2129 2631 antecedentes
2153 2595 2316 2643 quodam
2336 2596 2435 2632 cultu
2465 2602 2500 2633 et
2524 2597 2591 2633 ho-

1532 2658 1624 2683 nore
1652 2647 1868 2696 dignantur.

1584 2701 1619 2735 A
1647 2699 1790 2736 ratione
1818 2712 1912 2736 vero
1942 2699 2057 2737 debiti
2084 2700 2244 2737 iustitiae
2273 2700 2441 2738 defectus
2469 2708 2594 2750 potest

1532 2752 1672 2790 attendi
1700 2752 1911 2789 secundum
1932 2753 2037 2800 quod
2067 2760 2122 2790 est
2150 2754 2288 2802 duplex
2316 2754 2501 2802 debitum,
2522 2754 2605 2795 sci-,

1531 2805 1616 2842 licet
1642 2806 1785 2842 morale
1816 2812 1852 2842 et
1879 2806 2019 2853 legale:
2054 2806 2156 2843 unde
2187 2814 2223 2843 et
2249 2806 2524 2856 Philosophus,
2553 2807 2592 2844 in

1530 2859 1616 2895 VIII
1636 2859 1756 2895 Ethic.
1773 2858 1804 2905 ³⁸,
1834 2859 2045 2896 secundum
2074 2860 2148 2895 hoc
2178 2859 2316 2908 duplex
2339 2860 2480 2897 iustum
2501 2859 2591 2897 assi-

1531 2918 1629 2959 gnat.
1668 2911 1850 2948 Debitum
1879 2912 2035 2960 quidem
2067 2913 2185 2960 legale
2215 2920 2270 2949 est
2298 2913 2347 2950 ad
2376 2913 2481 2962 quod
2508 2913 2592 2950 red-

1532 2964 1702 3001 dendum
1726 2964 1860 3013 aliquis
1879 2965 1960 3012 lege
1989 2965 2244 3013 adstringitur:
2274 2973 2311 3002 et
2328 2967 2401 3003 tale
2421 2966 2592 3004 debitum

1529 3017 1681 3065 proprie
1702 3018 1858 3054 attendit
1877 3017 2013 3054 iustitia
2032 3030 2130 3066 quae
2151 3026 2207 3055 est
2223 3018 2438 3068 principalis
2460 3019 2590 3056 virtus.

1530 3070 1712 3106 Debitum
1745 3078 1873 3107 autem
1907 3071 2053 3107 morale
2082 3078 2137 3107 est
2171 3071 2277 3119 quod
2309 3072 2443 3121 aliquis
2480 3072 2594 3110 debet

1532 3135 1575 3159 ex
1594 3123 1790 3159 honestate
1809 3123 1967 3161 virtutis.
1997 3124 2047 3160 Et
2074 3123 2162 3171 quia
2191 3124 2362 3162 debitum
2390 3124 2592 3162 necessita-

1530 3183 1608 3212 tem
1628 3175 1816 3223 importat,
1846 3176 1933 3213 ideo
1961 3177 2034 3213 tale
2059 3176 2229 3214 debitum
2258 3178 2373 3215 habet
2401 3178 2592 3226 duplicem

1530 3227 1701 3276 gradum.
1737 3228 1945 3274 Quoddam
1974 3229 2076 3265 enim
2106 3236 2160 3266 est
2188 3229 2241 3266 sic
2269 3231 2525 3268 necessarium
2551 3237 2593 3267 ut

1531 3281 1610 3317 sine
1640 3293 1686 3316 eo
1714 3281 1893 3317 honestas
1922 3293 2075 3319 morum
2105 3284 2323 3320 conservari
2351 3296 2429 3321 non
2457 3282 2591 3332 possit:

1531 3341 1567 3370 et
1594 3334 1668 3369 hoc
1703 3334 1818 3370 habet
1850 3334 1933 3382 plus
1968 3334 2014 3371 de
2044 3335 2188 3372 ratione
2222 3336 2348 3373 debiti.
2388 3337 2437 3373 Et
2467 3342 2592 3384 potest

1582 3463 1606 3496 ὃ)
1627 3465 1668 3489 vel
1685 3465 1793 3489 cultum.
1805 3479 1824 3484 —
1842 3465 1903 3490 Om.
1925 3465 2040 3496 PGLsK,
2059 3471 2119 3498 post
2137 3473 2230 3491 curam
2248 3466 2321 3498 ponit
2340 3465 2372 3490 D.

1583 3500 1605 3532 ε)
1625 3500 1729 3525 virtuti.
1743 3515 1761 3518 -
1779 3501 1865 3525 virtus
1884 3501 1912 3525 P.

2626 813 2638 825 ⁸
2652 813 2701 841 Qu.
2711 819 2790 835 Lxxxr.

2625 1283 2636 1294 ¹·
2649 1281 2719 1309 Ibid„
2732 1285 2776 1304 ιη.
2790 1288 2816 1305 ιι.

2621 1811 2676 1833 Ῥι.
2685 1816 2737 1838 σιν,
2747 1817 2807 1833 vers.
2821 1818 2835 1841 3

2621 1837 2667 1889 ἧς.
2689 1843 2755 1866 cuv,
2773 1844 2833 1860 vera.

2621 1973 2760 1996 ’Loueitin
2765 1980 2831 2002 arga.

2620 2233 2834 2284 εῦῗίῑΐᾶῗ4

2620 2293 2631 2305 “
2645 2293 2701 2315 Luc.
2716 2293 2756 2315 cit.

2619 2494 2696 2543 3⁰3·
2703 2500 2801 2543 ‘1223'ss
2803 2511 2809 2517 ·
2822 2506 2834 2511 ”

2619 2557 2630 2568 ¹⁸
2643 2556 2701 2578 Loc.
2715 2557 2755 2579 cit.

2618 2861 2627 2870 '¹
2639 2860 2696 2888 Οιρ.
2711 2865 2763 2887 xm,
2779 2866 2803 2882 n.
2816 2866 2830 2889 5

2618 2892 2669 2935 :11¹2-
2677 2897 2688 2903 -
2694 2886 2719 2908 S.
2725 2885 2829 2909 Th.1ect.
