2860 4244
1030 290 1298 337 QUAESTIO
1329 291 1378 342 C,
1406 291 1703 329 ARTICULUS
1731 291 1781 328 VI

365 368 417 398 Ad
439 368 471 398 id
487 378 562 399 vero
586 369 675 409 quod
699 368 822 405 dicitur,
847 369 936 409 quod
959 368 1104 409 princeps
1127 368 1261 400 intendit
1276 370 1372 401 actio·
1398 369 1400 404 Ι

2411 290 2483 338 367

1481 370 1549 401 VII.
1574 370 1609 400 ln
1632 370 1690 400 hac
1713 377 1819 400 tamen
1843 369 1995 400 sententia
2019 379 2084 400 non
2108 376 2173 400 tam
2196 367 2296 399 fixum
2318 367 2411 398 firmo
2435 378 2487 408 pe-

309 422 384 443 nem
411 422 503 443 suam
533 422 599 443 esse
623 412 800 443 efficacem:
825 413 1034 453 respondetur
1055 413 1144 453 quod
1168 413 1228 443 hoc
1252 421 1298 444 est
1320 424 1372 444 ve·
1398 409 1400 444 s
1426 414 1500 444 dem
1523 414 1601 454 quin
1625 414 1770 445 titubem.
1794 414 1959 451 Quoniam
1974 414 2014 444 ad
2033 413 2205 444 secundam
2221 412 2404 443 rationem*
2426 412 2486 443 dici
2511 415 2523 426 ⁶
2537 415 2609 437 Num·
2628 421 2659 436 v·
2679 415 2722 436 Se-

309 466 382 487 rum
405 464 563 497 quantum
581 463 628 487 est
651 467 688 487 ex
710 463 798 497 parte
821 457 887 493 sui,
910 456 1040 497 agentis.
1071 456 1133 487 Sed
1161 467 1197 487 ex
1221 457 1282 489 hoc
1306 468 1372 488 non
1397 452 1400 509 j

308 500 442 531 habetur
463 501 554 542 quod
575 501 667 532 tollat
681 501 911 542 impedimenta
932 510 1016 541 quae
1037 511 1071 532 se
1094 508 1202 532 tenent
1225 511 1262 532 ex
1285 509 1372 542 parte
1398 530 1399 537 ,

308 545 465 585 patientis,
489 545 636 586 quamvis
654 551 730 576 nota
746 545 807 576 sibi
828 552 865 576 ut
887 545 1007 585 privata
1030 551 1077 576 est
1098 555 1243 585 persona,
1260 555 1315 576 seu
1332 546 1372 576 ad

308 595 441 629 partem.
465 589 630 627 Quoniam
653 589 798 630 princeps
821 596 868 620 est
890 599 986 630 agens
1004 589 1231 626 voluntarium,
1253 597 1283 621 et
1306 600 1372 621 non
1398 623 1399 629 ἵ

308 639 434 664 tanturn
456 633 520 674 agit
541 643 667 673 semper
696 640 854 674 quantum
881 640 1002 674 potest,
1029 634 1084 664 sed
1112 641 1269 675 quantum
1291 634 1370 665 vult.
1397 637 1399 648 ¹

309 676 344 707 In
367 677 535 718 proposito
551 684 658 708 autem
677 687 735 708 nec
750 675 881 718 apparet
899 687 956 708 nec
975 678 1187 717 praesumitur
1202 688 1277 709 eum
1291 678 1372 709 velle
1397 707 1399 718 ἶ

307 721 444 752 relaxare
458 721 508 752 ius
524 731 697 752 commune
712 731 750 752 ex
764 728 852 761 parte
869 721 1026 762 patientis.
1046 722 1108 753 Sed
1123 722 1204 753 forte
1219 729 1266 753 est
1280 722 1371 762 igno·
1397 728 1398 762 j

307 775 389 803 rans,
413 772 444 796 et
466 772 558 806 putat
579 765 688 796 omnia
712 775 778 796 esse
800 765 914 796 valida.
938 766 1008 802 Vel,
1032 766 1057 796 si
1081 766 1175 797 habet
1197 766 1370 803 scientiam,
1396 778 1398 802 ς

307 819 346 841 ex
367 819 434 851 quo
457 810 496 841 ab
519 819 559 840 eo
582 819 649 840 non
673 809 790 850 petitur
808 810 975 850 suspensio
991 810 1068 841 iuris
1084 811 1191 851 quoad
1206 811 1309 847 illum,
1325 821 1372 841 re—
1396 809 1398 846 j

306 853 423 894 linquit
447 853 556 894 ipsum
585 853 619 884 in
646 853 855 895 dispositione
876 854 968 891 iuris,
992 854 1172 896 relinquens
1201 854 1318 886 ementi
1342 861 1373 886 et

306 897 469 938 recipienti
496 896 687 929 beneficium
710 909 820 929 curam
844 899 893 930 sui
915 899 1025 939 ipsius.
1056 901 1123 930 Aut
1145 899 1224 930 nihil
1247 899 1286 929 de
1309 898 1372 929 hoc
1397 927 1398 930 ,

306 941 432 982 cogitat,
457 949 632 982 occupatus
654 942 687 973 in
710 943 789 980 aliis,
810 943 862 984 yel
885 943 967 973 male
990 950 1144 974 assuetus.

362 986 528 1017 Tenentur
549 986 646 1026 igitur
668 993 700 1018 et
725 987 759 1018 in
782 987 854 1018 foro
879 987 1089 1018 conscientiae
1119 994 1151 1018 et
1172 987 1205 1017 in
1229 986 1300 1017 foro
1323 986 1371 1017 iu-

307 1029 412 1061 diciali
434 1030 608 1071 resignare,
633 1037 663 1062 et
685 1032 848 1063 restituere
870 1031 1028 1073 quidquid
1051 1037 1249 1072 acceperunt,
1274 1030 1372 1060 simo·
1397 1058 1398 1070 ¹

307 1074 388 1106 niaci
411 1084 487 1106 cum
509 1075 613 1116 Papa;
642 1082 673 1106 et
696 1083 771 1107 sunt
792 1075 1075 1111 excommunicati,
1100 1081 1131 1106 et
1158 1084 1271 1105 omnes
1294 1074 1371 1105 iuris
1397 1109 1398 1112 Ἰ

306 1128 427 1160 poenas
441 1119 620 1156 incurrunt;
644 1119 704 1150 nisi
726 1120 812 1160 Papa
827 1129 861 1150 se
875 1120 955 1150 velle
970 1119 1163 1160 suspendere
1176 1118 1245 1149 iura
1264 1119 1372 1160 quoad
1397 1133 1399 1158 1

306 1162 369 1194 hoc
393 1163 556 1204 exprimat,
578 1163 630 1194 vel
652 1164 811 1205 dispenset
833 1174 908 1195 cum
931 1163 975 1194 eis
999 1170 1073 1204 post
1095 1162 1225 1194 factum.
1272 1197 1275 1201 ,

1426 465 1531 498 potest
1557 458 1646 499 quod
1669 458 1718 488 lex
1747 458 1801 488 illa
1824 467 1907 488 nova
1936 458 1969 488 in
1993 457 2193 488 Clementina
2216 465 2263 488 est
2286 456 2445 497 exceptiva
2469 467 2487 487 a

1425 502 1591 532 communi
1613 502 1697 536 iure,
1722 509 1753 533 et
1781 503 1871 543 quod
1893 502 1966 532 ideo
1994 501 2075 532 facta
2098 508 2145 532 est
2172 501 2247 543 quia
2270 501 2308 531 de
2331 500 2399 531 iure
2422 508 2487 531 erat

1425 546 1623 586 oppositum.
1650 549 1698 576 Ac
1721 556 1777 586 per
1798 546 1872 584 hoc,
1896 556 1963 579 non
1986 553 2033 577 est
2055 546 2266 582 extendenda,
2291 545 2346 576 sed
2368 545 2402 575 in
2425 555 2484 575 suo

1425 597 1548 621 tantum
1573 600 1646 620 casu
1670 590 1884 630 intelligenda.

1481 634 1531 664 Ad
1555 634 1691 674 primam
1709 634 1727 653 *
1749 644 1825 664 vero
1848 640 1954 675 potest
1977 633 2036 664 dici
2060 634 2149 675 quod
2173 635 2210 664 de
2233 633 2398 664 voluntate
2419 640 2485 663 tam

1423 677 1534 718 iniqua
1562 679 1831 718 praesumendum
1854 685 1900 709 est
1930 684 2174 719 consequenter:
2207 685 2243 709 ut
2272 677 2390 708 scilicet
2411 677 2486 708 velit

1423 721 1503 752 illud
1533 722 1622 762 quod
1651 722 1690 752 ad
1713 732 1808 753 suum
1835 732 2017 762 perversum
2045 729 2243 753 contractum
2270 721 2484 763 consequitur.

1423 765 1558 796 Constat
1579 773 1687 796 autem
1709 768 1798 807 quod
1813 766 1959 797 venditor
1973 767 2042 797 vult
2059 776 2126 797 rem
2141 766 2302 797 venditam
2319 765 2485 797 transferre

1423 809 1456 840 in
1472 816 1660 849 emptorem.
1685 810 1821 841 Intendit
1842 810 1938 850 igitur
1956 810 2148 842 simoniacus
2171 811 2257 851 Papa
2275 817 2311 841 ut
2334 810 2390 851 qui
2409 809 2485 840 emit

1423 854 1462 884 ab
1485 853 1556 894 ipso
1579 853 1692 884 habeat
1714 854 1747 884 in
1769 854 1896 885 veritate
1911 854 2102 885 beneficium
2122 855 2211 896 quod
2226 855 2294 895 ipse
2307 853 2424 890 vendit,
2445 863 2485 884 ne

1424 897 1644 929 fraudulentus
1667 898 1813 929 venditor
1834 898 1986 930 videatur.

1480 942 1647 979 Quantum
1669 942 1747 972 haec
1769 942 1903 981 valeant,
1927 942 1980 973 alii
2001 942 2145 973 viderint.
2176 942 2290 973 Fateor
2313 952 2372 983 ego
2395 942 2485 983 quod

1396 976 1398 1030 ζ
1424 986 1450 1016 si
1474 986 1651 1016 secundum
1677 986 1747 1016 iura
1761 986 1839 1017 ⁴talis
1869 986 1997 1017 scientia
2020 986 2169 1027 principis
2192 993 2305 1027 purgat
2331 986 2374 1017 ita
2396 986 2485 1027 quod

1424 1037 1551 1060 excuset
1573 1040 1591 1060 a
1614 1030 1726 1070 poenis
1748 1030 1825 1060 iuris
1847 1030 1881 1060 in
1904 1030 1975 1061 foro
2001 1030 2139 1061 iudiciali
2161 1029 2271 1073 (quod
2293 1030 2409 1061 iuristis
2433 1031 2485 1060 de-

1425 1074 1620 1105 cernendum
1645 1072 1822 1116 relinquo),
1846 1084 1912 1105 non
1942 1081 2066 1105 tenetur
2092 1074 2148 1115 qui
2177 1074 2221 1105 sic
2249 1074 2326 1105 emit
2355 1085 2373 1105 a
2399 1074 2485 1114 Papa

1424 1117 1614 1149 beneficium
1637 1118 1815 1149 renuntiare
1837 1118 1869 1148 in
1888 1118 1959 1149 foro
1975 1119 2199 1152 conscientiae:
2224 1119 2299 1160 quia
2315 1129 2484 1159 suspensae

1396 1186 1399 1196 Α
1425 1162 1608 1203 simpliciter
1631 1162 1878 1202 intelligerentur
1900 1172 2022 1203 poenae
2045 1162 2131 1193 iuris.

2513 441 2602 468 cundo,
2617 442 2683 469 quia.

2512 639 2522 647 ⁸
2536 637 2604 664 1bid.,
2629 637 2724 659 Videtur

2511 666 2598 686 autem.
