2860 4244
949 218 1216 263 QUAESTIO
1247 220 1364 267 CVII,
1394 222 1690 259 ARTICULUS
1719 223 1767 259 111

2362 235 2438 271 407

264 291 401 332 perfecta
415 292 495 323 ratio
512 292 600 323 navis
615 292 642 323 si
657 292 787 324 materia
802 299 926 324 tantum
942 294 1102 330 habeatur,
1119 295 1186 326 sine
1203 296 1327 327 formali
1352 298 1355 320 l
1381 306 1427 329 est
1446 299 1610 330 omittente
1626 306 1760 331 tantum.
1785 300 1826 330 Et
1849 299 1923 340 quia
1944 300 2006 331 hoc
2022 300 2184 331 manifeste
2201 301 2389 341 sequebatur
2405 311 2441 331 ex

264 336 364 376 ipsius
387 336 485 373 navis,
509 343 544 368 ut
567 343 663 378 patet.

264 424 344 455 tudo
368 425 535 464 dupliciter
557 425 702 456 sumitur.
726 424 850 456 Scilicet
871 424 1062 455 formaliter:
1087 434 1118 457 et
1141 427 1184 456 sic
1208 435 1254 458 est
1275 437 1327 457 so-

263 468 434 499 lummodo
465 476 667 510 contemptus
689 468 832 500 beneficii
857 479 914 500 seu
939 469 1157 506 benefactoris,
1178 470 1258 501 sicut
1280 471 1327 501 in-
1352 468 1354 481 ⁵

265 512 444 544 obedientia
459 521 504 545 est
520 521 724 554 contemptus
741 513 908 554 praecepti,
926 520 961 544 ut
976 523 1013 544 ex
1028 514 1160 544 articulo
1176 515 1326 550 secundo,

264 556 296 586 in
319 558 526 597 responsione
549 558 590 588 ad
611 558 763 598 primum,
785 558 892 588 habes.
921 557 963 588 Et
991 564 1159 598 propterea
1187 559 1327 598 ingratus
1353 570 1354 594 3

265 600 440 632 formaliter
462 602 514 633 ille
534 602 622 633 solus
637 609 684 633 est
699 602 755 643 qui
770 611 808 632 ex
822 608 1008 641 contemptu
1025 601 1143 632 omittit
1157 603 1327 633 retribuere

264 651 320 675 aut
341 645 470 676 laudare
492 653 548 677 aut
569 646 738 682 reminisci,
753 646 803 676 vel
818 645 989 677 committit
1003 646 1124 687 aliquid
1148 654 1257 677 contra
1277 648 1327 677 be-

263 688 468 721 nefactorem.
492 690 534 721 Et
555 690 833 728 hoc-membrum,
857 690 974 721 scilicet
996 690 1189 731 ingratitudo
1213 691 1328 722 forma-

263 733 343 769 liter,
368 733 552 774 exprimitur
573 734 607 764 in
629 733 732 765 littera
752 734 811 764 hac
826 734 886 764 ibi:
902 740 1038 775 propter
1053 735 1237 766 interiorem
1255 745 1327 766 con-

263 782 426 817 temptum.
449 778 491 808 Et
512 778 587 819 quia
610 785 813 818 contemptus
829 778 972 810 beneficii
987 780 1038 810 vel
1057 779 1263 810 benefactoris
1280 779 1328 810 di-

263 827 346 852 recte
373 822 581 853 contrariatur
609 822 716 854 virtuti
746 823 955 863 gratitudinis,
984 830 1015 854 et
1043 823 1126 854 tollit
1157 824 1327 860 caritatem,

263 874 302 896 ex
315 875 379 906 qua
393 873 540 897 tenemur
554 867 682 907 diligere
696 867 946 903 benefactorum
968 868 1040 898 ideo
1055 867 1249 908 ingratitudo
1266 867 1328 899 for-

262 909 387 940 maliter
407 910 532 942 videtur
554 911 594 942 de
617 921 730 951 genere
760 922 820 942 suo
850 919 1016 952 peccatum
1048 912 1191 943 mortale.
1221 912 1329 943 Potest

262 959 370 984 tamen
393 964 459 985 esse
481 955 604 986 veniale
626 963 757 996 propter
778 955 1052 996 imperfectionem
1080 963 1183 986 actus:
1211 956 1262 986 vel
1291 966 1329 987 ex

262 1005 351 1038 parte
373 1006 472 1036 actus,
496 1006 574 1040 puta
596 1001 672 1041 quia
694 999 817 1040 primus
840 1007 964 1036 motus;
988 1001 1038 1030 vel
1061 1010 1098 1030 ex
1120 1007 1208 1040 parte
1231 1007 1328 1031 mate-

171 1040 174 1042 *
216 1044 218 1046 ’
262 1041 336 1079 riae,
360 1050 438 1083 puta
453 1044 528 1084 quia
541 1044 575 1074 in
598 1054 631 1075 re
647 1044 790 1081 minima,
807 1050 843 1075 ut
858 1045 896 1074 de
911 1044 998 1075 furto
1018 1044 1169 1080 dicimus;
1187 1051 1327 1075 contem-

262 1093 337 1127 ptus
356 1087 443 1118 enim
461 1088 494 1118 in
510 1098 544 1119 re
558 1088 693 1119 minima
707 1088 783 1129 quia
799 1088 941 1125 minima,
958 1098 1024 1119 non
1044 1095 1091 1119 est
1114 1095 1327 1129 contemptus,

257 1129 344 1162 'sicut
358 1131 480 1163 furtum
495 1132 541 1163 rei
555 1132 707 1163 minimae
723 1132 798 1173 quia
813 1132 955 1169 minima,
971 1132 1037 1162 non
1055 1138 1102 1163 est
1117 1132 1249 1164 furtum.
1274 1133 1328 1164 Se—

262 1185 319 1206 cus
341 1181 451 1206 autem
473 1175 498 1207 si
523 1186 589 1207 non
608 1176 681 1207 ideo
705 1176 780 1217 quia
802 1177 935 1207 minima
960 1186 1009 1207 res
1033 1183 1088 1213 est,
1113 1177 1236 1207 furatur
1258 1177 1329 1219 quis

229 1235 237 1243 ·
261 1226 318 1252 aut
340 1220 534 1251 contemnit:
547 1221 644 1259 xiuna
658 1220 739 1251 illud
757 1222 835 1252 Luc.
852 1221 885 1251 *z
913 1221 977 1258 Qui
993 1221 1130 1262 infidelis
1152 1226 1200 1252 est
1222 1222 1255 1252 in
1271 1223 1327 1252 mi·

253 1263 608 1306 wmagno
630 1265 768 1306 infidelis
790 1266 862 1297 erit.

261 1330 268 1337 2
317 1307 392 1338 Alio
414 1308 515 1339 modo
538 1309 676 1340 sumitur
698 1309 907 1340 materialiter.
930 1309 972 1340 Et
987 1316 1052 1340 tam
1069 1309 1200 1341 omissio
1215 1310 1328 1350 triplex

261 1350 295 1382 in
317 1350 420 1383 littera
435 1360 610 1390 numerata,
628 1353 746 1385 scilicet
761 1353 976 1384 retributionis
990 1353 1023 1384 in
1040 1364 1147 1393 opere,
1165 1354 1329 1386 locutione

261 1397 480 1434 eructantia,
503 1407 604 1438 quam
627 1398 812 1429 commissio
837 1398 932 1429 etiam
954 1398 1076 1438 triplex,
1099 1398 1132 1428 in
1156 1409 1264 1439 opere,
1279 1399 1328 1430 lo-

260 1439 390 1472 cutione
413 1447 445 1472 et
466 1442 696 1479 aestimatione,
719 1442 913 1483 ingratitudo
937 1449 994 1473 est.
1010 1442 1051 1473 Et
1066 1442 1128 1473 hoc
1143 1444 1327 1474 membrum

260 1483 295 1514 in
312 1484 414 1516 littera
429 1485 488 1516 hac
505 1487 642 1528 tangitur
657 1497 714 1527 per
728 1494 834 1518 totum
849 1486 1012 1518 residuum
1029 1487 1172 1527 corporis
1193 1488 1327 1525 articuli,

261 1534 301 1560 ue
320 1529 526 1571 distinguitur
547 1537 658 1562 contra
687 1538 908 1572 contemptum
937 1530 1130 1562 interiorem.
1162 1531 1207 1562 Ita

261 1573 385 1609 Auctor
405 1574 441 1606 in
461 1574 526 1606 hoc
548 1575 644 1608 huius
662 1575 789 1606 »articuli
813 1585 946 1616 corpore
969 1582 1105 1616 semper
1120 1576 1265 1616 loquitur
1287 1577 1326 1608 de

259 1616 485 1657 ingratitudine
508 1619 718 1657 materialiter,
743 1619 804 1650 nisi
820 1630 894 1651 cum
909 1620 1053 1661 loquitur
1067 1620 1107 1650 de
1122 1627 1325 1662 contemptu:

261 1661 436 1702 qtn'nrtunc
456 1663 601 1704 loquitur
623 1664 662 1694 de
683 1663 908 1704 ingratitudine
931 1664 1114 1695 formaliter.
1131 1665 1174 1695 Et
1192 1665 1327 1697 intendit

259 1706 353 1747 quod
372 1707 568 1747 ingratitudo
590 1708 765 1739 formaliter
782 1716 835 1740 vest
857 1715 1024 1750 peccatum
1054 1709 1197 1745 mortale,
1222 1717 1259 1741 ut
1281 1710 1326 1740 di-

260 1756 352 1783 m
365 1757 427 1782 est:
442 1752 643 1784 materialiter
658 1759 776 1790 autem,
793 1763 860 1784 non
883 1753 942 1784 nisi
959 1763 996 1784 ex
1015 1753 1199 1784 conditione
1215 1754 1325 1785 omissi

260 1801 317 1836 aut
339 1796 512 1838 commissi,
532 1796 594 1827 hoc
613 1804 669 1834 est,
687 1798 712 1828 si
732 1798 888 1829 omissum
912 1805 959 1828 est
980 1798 1050 1829 talis
1074 1798 1267 1830 conditionis
1290 1805 1327 1830 ut

259 1838 331 1871 eius
357 1840 532 1871 subtractio
561 1841 602 1872 sit
632 1842 766 1873 mortale
795 1849 962 1882 peccatum
992 1849 1101 1873 contra
1131 1843 1324 1882 proximum.

146 1890 154 1901 ⁸
172 1894 183 1902 ⁵
224 1884 231 1890 ¹
259 1877 357 1919 Verbi
378 1885 488 1924 gratia,
510 1885 656 1917 Socrates
679 1887 826 1926 exposuit
848 1897 881 1918 se
904 1886 1015 1917 mortis
1045 1886 1188 1926 periculo
1215 1894 1252 1919 ut
1274 1897 1326 1919 me

259 1927 419 1961 liberaret:
451 1938 511 1969 ego
534 1936 643 1960 autem
665 1930 804 1961 eundern
826 1931 859 1961 in
882 1931 994 1962 mortis
1017 1931 1160 1971 periculo
1182 1932 1326 1973 positum

259 1981 396 2012 possum
419 1983 537 2010 eruere,
567 1981 607 2010 et,
637 1974 799 2015 negligens
828 1975 936 2016 ipsum
966 1985 1084 2012 eruere,
1115 1975 1186 2006 sino
1217 1976 1326 2018 ipsum

260 2016 374 2048 occidi.
397 2017 439 2048 Et
453 2017 597 2049 similiter
611 2018 637 2049 si
653 2019 887 2050 benefactorem
903 2029 1014 2050 meum
1029 2020 1162 2050 vulnero
1179 2027 1235 2051 aut
1250 2031 1326 2052 con-

259 2061 393 2093 tumelia
414 2061 530 2093 afficio.
553 2063 591 2093 ln
613 2063 662 2093 his
685 2063 771 2094 enim
794 2070 825 2094 et
852 2064 1008 2095 similibus
1037 2064 1266 2095 omissionibus
1295 2071 1327 2096 et

259 2105 541 2137 commissionibus
565 2117 602 2138 ea
617 2117 699 2148 quae
715 2107 907 2139 omittuntur
922 2116 976 2139 aut
995 2109 1239 2140 committuntur
1253 2117 1328 2140 sunt

259 2150 331 2182 talis
355 2151 547 2182 conditionis
569 2152 659 2192 quod
682 2147 951 2192 ingratitudine'm,
976 2151 1178 2184 materialiter
1206 2160 1323 2190 tamen,

259 2194 426 2226 manifeste
449 2195 613 2235 ingerunt:
638 2196 720 2227 sicut
743 2197 910 2237 quodlibet
933 2205 1099 2238 peccatum
1123 2198 1258 2228 mortale
1280 2208 1326 2228 re-

260 2246 371 2280 spectu
395 2239 454 2269 Dei
472 2239 731 2279 ingratitudinem
755 2251 909 2271 annexam
918 2241 1019 2272 'habet
1035 2241 1216 2282 peccatoris.
1233 2242 1326 2273 Unde

227 2299 235 2308 ·
260 2283 342 2314 sicut
356 2283 502 2324 superius
517 2284 534 2303 *
557 2284 678 2315 dictum
694 2292 740 2316 est
756 2286 844 2326 quod
862 2286 1027 2316 detrahens
1043 2286 1246 2316 materialiter
1259 2293 1327 2317 tan-

261 2334 333 2359 tum
354 2337 421 2358 non
446 2335 554 2368 peccat
576 2329 750 2360 mortaliter
773 2329 832 2360 nisi
853 2340 890 2360 ex
903 2330 1094 2361 conditione
1111 2330 1186 2360 mali
1203 2331 1326 2370 prolati,

260 2371 351 2414 quod
373 2372 517 2403 videlicet
540 2380 587 2403 est
610 2374 790 2405 notabiliter
811 2374 965 2405 laesivum
989 2374 1091 2405 famae
1116 2374 1266 2414 proximi,
1293 2382 1327 2406 ut

261 2416 288 2457 si
310 2416 382 2459 quis
405 2416 444 2446 de
468 2417 548 2447 bene
573 2424 716 2458 reputata
740 2418 881 2455 muliere,
906 2429 943 2449 ex
966 2419 1156 2460 loquacitate
1186 2419 1326 2459 publica-

259 2464 318 2492 ret*
330 2460 398 2491 eius
421 2468 577 2492 secretum
610 2458 819 2499 adulterium
843 2462 886 2493 ita
914 2473 1000 2494 nunc
1024 2463 1136 2494 dicitur
1166 2463 1255 2504 quod
1278 2463 1325 2493 in-

257 2509 367 2546 gratus
389 2505 591 2536 materialiter
613 2516 679 2536 non
695 2514 804 2546 peccat
818 2507 995 2539 mortaliter
1013 2508 1074 2538 nisi
1091 2518 1128 2538 ex
1143 2507 1326 2538 conditione

260 2549 371 2580 omissi
390 2557 445 2580 aut
467 2550 639 2587 commissi,
664 2551 754 2591 quod
772 2551 917 2582 videlicet
937 2552 1117 2583 notabiliter
1134 2552 1231 2582 laedit
1250 2562 1324 2592 pro-

259 2602 395 2627 mum.

316 2638 358 2670 Et
380 2637 455 2681 quia
483 2627 559 2669 baec
583 2646 648 2670 erat
669 2638 802 2670 intentio
825 2639 991 2676 Auctoris,
1015 2639 1088 2670 ideo
1116 2640 1222 2671 statim
1250 2641 1323 2670 sub·
1350 2662 1352 2680 ἶ

258 2677 364 2723 iungit
386 2680 592 2713 differentiam
614 2682 695 2713 inter
709 2682 966 2723 ingratitudinem
983 2690 1231 2725 consequentem
1254 2695 1325 2725 pec·
1350 2683 1352 2714 ἑ

1237 1533 1354 1574 quod}

1352 361 1354 382 3
1381 343 1469 374 dictis
1493 344 1531 373 de
1555 351 1740 384 contemptu
1764 344 1955 380 omissionis,
1979 344 2051 375 ideo
2075 344 2171 375 tacuit
2194 345 2255 375 hoc
2277 344 2388 375 littera.

321 380 372 411 111.
397 381 448 411 Ad
470 381 587 412 horum
611 380 810 416 evidentiam,
835 380 998 411 sciendum
1022 388 1069 412 est
1091 383 1180 422 quod
1200 383 1326 423 ingrati-
1352 383 1354 414 ἐ

1434 387 1486 418 IV.
1511 389 1562 417 Ad
1581 388 1716 428 primam
1733 398 1806 428 ergo
1823 388 2036 419 obiectionem
2047 388 2065 408 *
2080 389 2193 419 dicitur
2209 389 2296 429 quod
2315 389 2348 429 ly
2367 389 2442 419 talis

1381 431 1580 471 ingratitudo
1597 442 1661 462 non
1678 432 1770 463 refert
1784 432 2041 472 ingratitudinem
2056 433 2385 472 superexcrescentiae,
2402 433 2440 463 de

1380 484 1443 514 qua
1466 482 1631 514 negaverat
1657 476 1758 506 littera
1779 477 1929 513 mortale,
1954 484 1985 507 et
2007 478 2204 508 concluserat
2226 477 2346 507 veniale
2370 486 2441 517 pec-

1353 547 1354 562 ,
1381 524 1502 548 catum:
1528 521 1585 549 sed
1605 519 1698 550 refert
1721 521 1860 560 primum
1876 522 2057 551 membrum
2072 521 2244 557 divisionis,
2261 520 2379 551 scilicet
2394 521 2440 551 in-

1380 562 1603 600 gratitudinem
1627 574 1682 603 per
1704 564 1806 594 solam
1829 564 2053 601 omissionem;
2077 565 2115 595 de
2139 575 2202 606 qua
2226 565 2301 605 quia
2324 565 2441 596 dixerat

1381 612 1411 635 et
1435 606 1684 638 manifestaverat
1707 609 1795 648 quod
1818 618 1884 638 non
1901 619 2025 649 semper
2047 617 2092 640 est
2115 617 2279 649 peccatum
2295 609 2440 646 mortale,

1381 650 1479 679 modo
1493 650 1653 691 subiungit
1668 653 1756 695 quod
1773 659 1877 692 potest
1889 662 1955 683 esse
1968 653 2101 683 mortale
2117 661 2292 693 peccatum,
2305 653 2355 683 vel
2370 663 2442 693 pro-

1353 721 1355 728 ,
1382 699 1450 732 pter
1473 702 1693 734 contemptum
1716 696 1898 726 interiorem
1920 697 1970 727 vel
1992 704 2120 737 propter
2139 697 2365 733 conditionem,
2382 704 2440 728 etc.

259 2728 370 2758 ‘eamm
389 2727 533 2762 mortale,
550 2734 580 2757 et
595 2727 726 2757 veniale.
751 2727 839 2758 Haec
854 2738 993 2768 namque
1010 2728 1181 2759 differentia
1204 2729 1244 2758 ad
1259 2739 1326 2759 ma·
1350 2742 1351 2745 ¹

257 2770 386 2802 terim
394 2770 625 2811 ingratitudinis
647 2777 776 2811 spectat,
801 2772 840 2801 de
855 2782 919 2812 qua
938 2774 1060 2802 Auctor
1075 2772 1278 2803 ratiocinatur
1292 2772 1325 2803 in

258 2815 381 2852 littera,
395 2815 460 2846 alio
482 2821 589 2846 tamen
608 2815 728 2846 ordine.
755 2815 839 2852 Quia
861 2816 966 2856 primo
990 2816 1130 2847 distinxit
1148 2816 1326 2849 modosvin-

258 2858 473 2901 gratitudinis:
498 2859 616 2890 scilicet
633 2859 683 2890 vel
706 2869 762 2899 per
786 2859 1004 2896 omissionem,
1023 2860 1074 2890 vel
1097 2870 1153 2900 per
1176 2861 1324 2891 commis-

261 2902 396 2935 sionem.
419 2902 460 2934 Et
483 2902 647 2934 subdivisit
669 2903 702 2943 ly
719 2913 783 2944 per
804 2905 1016 2941 omissionem,
1042 2904 1162 2935 ratione
1178 2905 1326 2936 materiae

261 2956 343 2997 quae
367 2946 471 2977 omitti
494 2953 608 2987 potest,
629 2946 662 2976 in
679 2947 744 2977 duo
761 2948 919 2979 membra:
944 2948 1061 2979 scilicet
1083 2949 1134 2978 vel
1156 2958 1212 2989 per
1227 2949 1324 2980 omis·
1349 2981 1351 2995 ⁴,

260 2998 387 3021 sionem
409 2989 504 3021 debiti
534 2991 573 3021 ad
596 2991 686 3032 quod
709 2997 816 3030 tamen
839 2999 946 3032 gratus
973 3002 1039 3022 non
1063 2999 1186 3023 tenetur
1212 3003 1248 3023 ex
1272 3003 1324 3024 ne-

261 3034 402 3066 cessitate
425 3041 461 3066 ut
483 3035 638 3075 adaequet
660 3034 860 3072 beneficium,
877 3036 932 3066 sed
947 3038 982 3067 ut
997 3036 1145 3072 abundet,
1168 3037 1254 3068 iuxta
1273 3038 1326 3068 de-

257 3078 428 3110 terminata
441 3078 476 3109 in
491 3085 548 3110 art.
561 3080 580 3110 6
597 3086 718 3120 quaest.
733 3080 964 3119 praecedentis;
983 3080 1034 3111 vel
1046 3091 1102 3120 per
1116 3081 1325 3112 omissionem

259 3123 358 3158 debiti
380 3123 420 3153 ad
443 3123 533 3164 quod
555 3130 662 3164 gratus
691 3130 814 3155 tenetur
837 3134 875 3155 ex
902 3124 1085 3155 necessitate
1113 3132 1149 3156 ut
1171 3126 1326 3167 adaequet

259 3166 460 3198 beneficium.
478 3167 518 3198 Et
532 3167 637 3207 primo
653 3167 793 3208 quidem,
806 3170 928 3199 Auctor
940 3168 1129 3200 determinat·
1144 3169 1326 3210 simpliciter

257 3210 349 3253 “quod
361 3211 502 3251 ingratus
514 3220 569 3251 per
585 3211 686 3242 solam
699 3211 907 3243 omissionem
920 3212 1016 3244 debiti
1028 3214 1326 3254 superexcrescentis

261 3265 327 3286 non
340 3261 449 3296 peccat
461 3255 643 3291 mortaliter,
656 3256 710 3286 sed
725 3256 896 3288 venialiter.
910 3256 1068 3294 Secundo,
1081 3259 1171 3298 quod
1186 3257 1326 3299 ingratus

260 3310 317 3340 per
340 3299 548 3338 omissionem
572 3299 668 3330 debiti
684 3301 848 3331 necessarii
864 3301 904 3331 ad
919 3302 1173 3342 adaequandum,
1197 3312 1326 3342 peccare

261 3350 366 3385 potest
381 3343 554 3375 mortaliter
569 3343 748 3384 dupliciter:
771 3344 821 3375 vel
845 3352 974 3385 propter
988 3345 1170 3376 interiorem
1184 3353 1324 3377 contem-
1350 3346 1352 3366 3

261 3395 364 3429 ptum,
388 3388 438 3418 vel
461 3395 590 3429 propter
606 3388 823 3418 conditionem
839 3389 958 3420 omissi.
983 3390 1103 3426 Tertio,
1119 3391 1208 3430 quod
1224 3390 1325 3430 ingra-
1350 3409 1352 3414 -

260 3439 312 3463 tus
337 3442 394 3472 per
423 3432 683 3463 commissionem
712 3439 816 3472 potest
845 3443 972 3473 peccare
997 3433 1171 3464 mortaliter
1197 3441 1326 3474 propter
1351 3445 1352 3457 ³

262 3476 666 3514 conditionemxcommissi.
682 3477 723 3507 Et
737 3483 771 3507 tu
789 3476 987 3518 subintellige
1001 3478 1089 3519 quod
1106 3477 1210 3508 multo
1226 3478 1326 3518 magis

261 3527 391 3560 propter
414 3528 635 3562 contemptum
658 3528 763 3561 potest
785 3530 913 3561 peccare
930 3522 1104 3552 mortaliter
1119 3532 1216 3563 quarn
1232 3523 1326 3553 omit—

261 3570 348 3595 tens:
373 3562 493 3606 quanto
518 3572 719 3606 contemptus
743 3565 860 3595 ducens
883 3566 923 3595 ad
947 3566 1213 3596 committendum
1236 3566 1326 3606 peior

1437 738 1486 767 Ad
1511 739 1679 768 secundam
1704 747 1812 770 autem
1835 741 2046 771 obiectionem
2077 741 2190 772 dicitur
2217 742 2306 782 quod
2330 741 2440 781 utique

1381 791 1492 811 verum
1517 789 1562 814 est
1591 784 1679 822 quod
1703 783 1782 814 sicut
1805 784 2016 815 inobedientia
2046 785 2216 816 formaliter
2239 785 2380 816 consistit
2407 785 2440 815 in

1382 832 1579 865 contemptu,
1603 827 1644 856 ita
1668 834 1698 857 et
1720 827 1922 867 ingratitudo.
1947 829 2008 859 Sed
2031 830 2305 869 quemadmodum
2328 829 2439 859 inobe-

1382 869 1498 899 dientia
1514 871 1713 901 materialiter
1727 871 1884 902 invenitur
1896 873 2028 903 mortale
2043 880 2209 912 peccatum
2223 880 2352 913 propter
2368 883 2440 904 con-

1383 913 1536 944 ditionem
1553 914 1620 944 eius
1639 915 1727 955 quod
1750 916 1943 954 praeteritur,
1963 924 2038 956 puta
2055 918 2129 957 quia
2145 925 2191 948 est
2210 924 2318 948 contra
2333 918 2439 948 Deum

1381 958 1431 988 vel
1454 958 1647 997 proximum,
1668 966 1703 988 ut
1725 966 1810 998 patet
1832 959 1865 989 in
1884 960 2020 999 periurio
2037 968 2068 991 et
2083 961 2256 997 adulterim
2280 962 2323 992 ita
2338 961 2439 1002 ingra-

1382 1002 1485 1032 titudo
1509 1002 1668 1032 invenitur
1684 1003 1881 1033 materialiter
1904 1005 2096 1044 quandoque
2119 1006 2251 1036 mortale
2275 1013 2438 1045 peccatum

1382 1053 1512 1086 propter
1527 1046 1743 1076 conditionem
1767 1047 1833 1076 eius
1857 1048 1944 1086 quod
1964 1049 2120 1079 omittitur
2142 1050 2191 1079 vel
2215 1049 2438 1081 committitur:

1382 1090 1484 1120 simile
1508 1100 1646 1130 namque
1670 1090 1780 1120 accidit
1804 1091 1981 1131 utrobique.

1437 1135 1487 1164 Ad
1511 1135 1635 1165 tertiam
1657 1144 1732 1164 vero
1757 1134 1968 1165 obiectionem
1991 1136 2104 1166 dicitur
2131 1137 2219 1176 quod
2243 1139 2362 1167 Auctor
2385 1147 2440 1177 per

1381 1178 1434 1208 illa
1449 1179 1543 1209 verba
1557 1178 1691 1209 intendit
1706 1179 1877 1209 secundam
1893 1186 2014 1219 partem
2029 1180 2230 1210 disiunctivae
2249 1181 2438 1221 propositae,

1381 1223 1526 1253 videlicet
1548 1223 1637 1263 quod
1652 1222 1782 1253 omissio
1799 1223 1930 1254 alicuius
1946 1224 2120 1254 necessario
2139 1223 2234 1254 debiti
2250 1225 2438 1255 benefactori

1381 1274 1487 1308 potest
1509 1277 1576 1297 esse
1606 1274 1771 1306 peccatum
1794 1268 1938 1298 mortale.
1970 1268 2011 1298 Et
2038 1268 2262 1298 determinatur
2284 1268 2317 1298 in
2339 1269 2439 1299 littera

1381 1312 1470 1352 quod
1494 1318 1540 1341 est
1562 1311 1642 1341 illud
1666 1311 1805 1352 aliquod,
1830 1322 1903 1342 cum
1927 1312 2055 1348 dicitur,
2073 1317 2208 1352 propter
2231 1313 2438 1343 conditionem

1381 1357 1450 1387 eius
1471 1362 1529 1386 etc.
1558 1356 1620 1385 Pro
1644 1355 1733 1386 cuius
1757 1356 1891 1395 pleniori
1913 1356 2040 1392 notitia,
2064 1363 2140 1386 nota
2163 1357 2251 1397 quod
2274 1356 2350 1397 quia
2371 1367 2440 1397 par-

1380 1400 1518 1431 ticularis
1541 1400 1721 1431 benefactor
1737 1407 1783 1430 est
1799 1400 1892 1430 etiam
1909 1400 2000 1431 nobis
2023 1401 2196 1440 proximus,
2215 1400 2287 1430 ideo
2311 1401 2441 1431 debetur

1381 1445 1409 1475 ei
1433 1451 1464 1475 et
1485 1444 1574 1485 quod
1598 1444 1755 1484 proximo,
1774 1450 1803 1474 et
1826 1445 1915 1484 quod
1937 1444 2139 1475 benefactori.
2164 1446 2208 1475 Ita
2231 1446 2320 1485 quod
2338 1445 2396 1475 tria
2412 1446 2439 1476 ei

1381 1489 1474 1520 debet
1502 1488 1559 1529 qui
1582 1488 1720 1529 suscepit
1743 1487 1946 1519 beneficium:
1979 1488 2094 1519 scilicet
2123 1488 2156 1518 id
2183 1489 2271 1529 quod
2298 1490 2389 1520 debet
2413 1490 2439 1520 ei

1381 1540 1418 1564 ut
1440 1532 1604 1573 proxime,
1629 1539 1659 1563 et
1682 1533 1770 1573 quod
1794 1532 1822 1562 ei
1845 1533 1937 1563 debet
1960 1539 1994 1563 ut
2017 1532 2206 1563 benefactori
2230 1540 2265 1564 ut
2287 1534 2442 1574 adaequet

1380 1576 1571 1608 beneficium
1586 1584 1781 1617 susceptum,
1804 1583 1834 1606 et
1856 1577 1888 1607 id
1913 1577 2000 1617 quod
2024 1577 2126 1607 eidem
2151 1577 2241 1607 debet
2265 1584 2299 1608 ut
2322 1577 2440 1618 aliquid

1380 1622 1453 1662 plus
1473 1621 1626 1657 exhibeat,
1651 1629 1686 1652 ut
1709 1620 1753 1651 sic
1775 1620 1830 1651 fiat
1851 1622 2008 1661 quaedam
2025 1621 2211 1661 adaequatio
2227 1622 2439 1652 voluntatum.

1380 1666 1452 1696 Hoc
1474 1666 1602 1696 tertium
1625 1665 1658 1695 in
1673 1665 1774 1696 littera
1798 1664 1911 1695 dicitur
1935 1675 2207 1705 superexcrescens
2232 1666 2387 1702 debitum,
2411 1673 2441 1696 et

1380 1708 1585 1751 distinguitur
1601 1716 1710 1740 contra
1725 1709 1900 1740 necessario
1917 1710 2077 1741 debitum:
2102 1710 2189 1750 quod
2210 1719 2246 1740 ex
2261 1710 2440 1741 necessitate

1379 1754 1523 1785 debitum
1541 1754 1686 1785 continet.
1705 1760 1771 1784 tam
1794 1754 1935 1793 primum
1958 1764 2055 1794 quam
2072 1755 2256 1784 secundum.
2282 1755 2441 1791 Quemad-

1379 1799 1516 1829 modum
1539 1799 1626 1829 enim
1648 1808 1788 1839 eaquae
1813 1798 2026 1829 communiter
2048 1798 2199 1838 proximis
2221 1798 2382 1834 debemus,
2406 1797 2440 1828 fi-

1378 1843 1440 1874 lius
1464 1843 1564 1883 magis
1587 1843 1680 1873 debet
1708 1842 1790 1883 patri
1813 1853 1909 1883 quam
1934 1843 2017 1879 aliis;
2048 1843 2090 1873 ita
2118 1841 2318 1873 beneficiatus
2341 1842 2441 1882 magis

1379 1887 1472 1918 debet
1493 1886 1684 1918 benefactori
1708 1897 1745 1918 ea
1767 1897 1848 1927 quae
1871 1886 2083 1918 communiter
2106 1887 2258 1917 debentur
2280 1887 2440 1926 proximis,

1379 1942 1478 1973 quam
1501 1932 1580 1963 aliis.
1611 1932 1652 1962 Et
1681 1931 1957 1972 quemadmodum
1980 1931 2149 1971 impietatis
2176 1931 2374 1962 materialiter
2396 1938 2441 1961 est

1379 1976 1589 2007 commissum
1610 1976 1643 2006 in
1668 1982 1789 2015 patrem
1812 1976 2041 2017 quodcumque
2065 1975 2199 2011 crimen,
2223 1975 2266 2006 ita
2281 1975 2441 2015 ingratitu-

1379 2021 1460 2051 dinis
1484 2019 1684 2051 materialiter
1707 2027 1754 2051 est
1783 2020 1939 2051 omissum
1968 2021 2197 2061 quodcumque
2220 2019 2361 2050 debitum
2390 2021 2440 2050 be-

1381 2065 1542 2101 nefactori,
1567 2065 1876 2105 quomodocumque
1893 2065 1921 2102 ei
1940 2065 2099 2095 debeatur.
2123 2065 2196 2094 Non
2215 2064 2348 2094 intendit
2366 2074 2440 2103 ergo

1379 2112 1501 2140 Auctor
1516 2109 1691 2149 specialiter
1705 2109 1744 2139 de
1763 2109 1894 2139 honoris
1910 2115 1941 2140 et
1958 2108 2147 2140 reverentiae
2163 2108 2344 2144 omissione,
2360 2118 2441 2149 quae

1379 2154 1533 2184 debentur
1547 2163 1604 2194 per
1619 2163 1651 2184 se
1666 2153 1873 2184 benefactori:
1898 2154 1951 2183 sed
1967 2154 2006 2184 de
2023 2153 2195 2184 omissione
2211 2153 2440 2193 cuiuscumque

1380 2208 1417 2229 ex
1440 2197 1622 2229 necessitate
1652 2197 1897 2238 quomodolibet
1923 2198 2019 2228 debiti
2047 2197 2246 2228 benefactori.
2280 2197 2320 2227 Et
2350 2197 2442 2227 docet

1379 2243 1468 2283 quod
1492 2241 1562 2273 talis
1578 2242 1770 2272 conditionis
1795 2249 1899 2282 potest
1918 2252 1985 2272 esse
2008 2243 2039 2271 id
2063 2243 2151 2282 quod
2175 2241 2330 2271 omittitur
2353 2242 2439 2282 quod

1380 2287 1438 2317 erit
1459 2287 1799 2327 peccatum¹mortalez
1833 2294 1867 2316 ut
1895 2294 1981 2326 patet
2004 2296 2078 2316 curn
2101 2286 2257 2316 omittitur
2279 2285 2358 2315 illud
2386 2286 2441 2315 bo-

1379 2341 1459 2362 num
1482 2331 1621 2371 proximi
1641 2331 1681 2360 ad
1704 2331 1793 2371 quod
1817 2331 1855 2361 de
1879 2331 2060 2361 necessitate
2084 2330 2191 2360 salutis
2223 2336 2346 2360 tenetur
2371 2329 2441 2370 quis

1380 2375 1592 2405 exhibendum
1609 2374 1810 2410 benefactori,
1828 2375 2019 2415 simpliciter,
2034 2381 2069 2405 ut
2085 2381 2131 2405 est
2147 2374 2326 2404 communis
2342 2383 2441 2409 amor,

1379 2420 1429 2450 vel
1444 2420 1476 2449 in
1493 2429 1577 2455 casu,
1595 2426 1631 2449 ut
1646 2426 1692 2450 est
1708 2419 1886 2450 subventio.
1911 2437 1931 2441 —
1954 2419 2137 2450 Declaratur
2152 2426 2258 2449 autern
2280 2418 2359 2448 hanc
2376 2427 2441 2448 esse

1379 2463 1590 2495 intentionem
1611 2463 1741 2500 litterae,
1758 2470 1788 2494 et
1811 2473 1848 2494 ex
1864 2473 1903 2493 eo
1927 2464 2015 2504 quod
2039 2464 2078 2493 de
2100 2461 2322 2503 ingratitudine
2345 2469 2440 2492 mate-

1378 2508 1495 2538 rialiter
1516 2508 1670 2548 loquitur,
1694 2515 1725 2538 et
1748 2514 1870 2538 constat
1892 2508 1970 2538 haec
1993 2507 2102 2538 omnia
2125 2517 2191 2538 esse
2214 2506 2377 2537 materiam
2391 2506 2440 2536 in-

1378 2552 1588 2593 gratitudinis.
1612 2552 1654 2583 Et
1676 2562 1713 2582 ex
1729 2562 1767 2582 eo
1787 2552 1876 2592 quod
1899 2562 1956 2592 par
1971 2551 2124 2582 iudicium
2142 2552 2175 2582 in
2195 2551 2296 2582 littera
2311 2551 2440 2581 subiun—

1351 2633 1352 2638 ,
1378 2597 1462 2637 gitur
1485 2597 1524 2627 de
1547 2596 1771 2638 ingratitudine
1790 2606 1846 2636 per
1869 2596 2138 2632 commissionem,
2154 2595 2227 2626 Alio
2242 2595 2344 2631 modo,
2366 2601 2440 2625 etc.:

1380 2648 1410 2672 et
1433 2641 1610 2672 concludit:
1642 2641 1686 2671 Et
1712 2641 1772 2671 hoc
1799 2642 1910 2678 etiam,
1935 2641 2109 2671 secundum
2139 2640 2347 2670 conditionem
2373 2640 2440 2670 eius

1378 2686 1463 2726 quod
1485 2686 1608 2726 agitur,
1628 2685 1818 2726 quandoque
1841 2690 1887 2715 est
1903 2690 2071 2725 peccatum
2089 2684 2224 2714 mortale
2247 2689 2277 2714 et
2299 2683 2439 2723 quando-

1378 2739 1439 2770 que
1461 2730 1606 2767 veniale‚·
1628 2729 1704 2759 levis
1726 2729 1812 2759 enim
1828 2729 1946 2759 offensa
1961 2727 2167 2759 benefactoris
2183 2727 2438 2767 ingratitudinem

1378 2773 1533 2804 venialem
1557 2774 1651 2803 habet
1675 2783 1838 2803 annexam.

1434 2819 1485 2848 Ad
1513 2824 1660 2859 quartam
1689 2818 1820 2848 demum
1848 2816 2058 2847 obiectionem
2083 2816 2196 2846 dicitur
2219 2816 2323 2855 quod,
2349 2821 2384 2844 ut
2406 2814 2437 2844 in

1379 2872 1433 2903 qu.
1450 2872 1530 2892 Lxxx
1552 2861 1698 2902 superius
1721 2861 1901 2897 didicimus,
1927 2861 2069 2891 debitum
2092 2860 2212 2890 morale
2236 2866 2282 2890 est
2305 2859 2436 2899 duplex:

1379 2907 1543 2947 quoddam
1566 2905 1633 2936 sine
1656 2916 1722 2947 quo
1747 2906 1894 2936 honestas
1917 2915 2045 2935 morum
2069 2914 2133 2934 non
2157 2904 2308 2939 salvatur;
2336 2903 2438 2943 quod-

1379 2951 1453 2981 dam
1476 2951 1516 2980 ad
1539 2951 1617 2980 bene
1642 2960 1718 2980 esse.
1749 2950 1790 2980 Et
1817 2956 1853 2980 ut
1874 2949 1917 2979 ibi
1946 2956 2048 2989 patet,
2072 2948 2230 2987 gratitudo
2259 2954 2377 2987 spectat
2399 2947 2438 2976 ad

1379 2995 1522 3026 debitum
1538 2995 1657 3025 morale
1674 2994 1777 3034 primo
1794 2994 1903 3029 modo,
1916 2993 1996 3024 sicut
2010 2993 2104 3023 etiam
2119 2992 2230 3022 veritas
2250 2999 2280 3022 et
2295 2991 2436 3022 fidelitas.

1379 3039 1518 3070 Violatio
1543 3045 1648 3069 autem
1673 3038 1857 3068 huiusmodi
1873 3038 1979 3073 debiti,
2003 3044 2039 3068 ut
2061 3037 2257 3077 praedictum
2272 3043 2319 3066 est
2333 3036 2359 3072 *‚
2383 3046 2439 3076 po-

1378 3090 1438 3114 test
1461 3082 1526 3113 fieri
1551 3082 1732 3123 dupliciter:
1758 3081 1964 3118 materialiter,
1989 3082 2039 3112 vel
2063 3081 2244 3112 formaliter.
2279 3081 2319 3110 Et
2342 3088 2438 3110 mate—

1378 3127 1493 3158 rialiter
1516 3127 1665 3168 quidem,
1690 3136 1755 3156 non
1787 3133 1832 3157 est
1861 3132 2027 3166 peccatum
2050 3126 2182 3156 mortale
2213 3125 2272 3155 nisi
2300 3123 2438 3154 conditio

1379 3171 1446 3202 eius
1470 3171 1559 3212 quod
1582 3171 1712 3201 debetur
1735 3171 1836 3201 trahat
1851 3170 1883 3200 in
1900 3170 2048 3200 mortale:
2074 3177 2151 3209 puta
2174 3169 2248 3210 quia
2265 3175 2311 3198 est
2333 3168 2365 3198 in
2382 3177 2439 3197 no-

1379 3216 1472 3246 tabile
1489 3215 1623 3255 proximi
1640 3221 1880 3246 nocumentum.
1899 3214 2087 3244 Formaliter
2102 3220 2217 3249 autem,
2235 3222 2300 3242 non
2316 3212 2439 3242 videtur

1379 3259 1520 3300 regulam
1543 3259 1721 3299 generalem
1750 3259 1882 3289 habere:
1915 3259 1989 3299 quia
2017 3258 2210 3298 quandoque
2239 3256 2380 3287 consistit
2407 3255 2437 3285 in

1379 3311 1450 3334 actu
1475 3310 1584 3334 contra
1611 3303 1812 3334 dilectionem
1840 3303 1991 3342 proximi,
2017 3309 2047 3332 et
2076 3301 2269 3342 quandoque
2293 3310 2378 3336 non,
2403 3308 2438 3330 ut

1378 3354 1464 3388 patet
1488 3348 1526 3378 de
1550 3347 1725 3378 mendacio.
1752 3347 1785 3377 ln
1810 3346 1974 3386 proposito
2002 3353 2123 3381 tamen,
2149 3345 2223 3386 quia
2246 3345 2437 3384 ingratitudo

1378 3391 1552 3422 formaliter
1581 3391 1723 3422 consistit
1745 3391 1776 3420 in
1801 3398 1871 3421 actu
1895 3397 2096 3430 contemptus
2120 3389 2341 3424 benefactoris,
2366 3389 2438 3419 ideo

1379 3445 1415 3465 ex
1438 3445 1550 3474 genere
1566 3445 1626 3465 suo
1646 3435 1768 3465 videtur
1792 3434 1924 3464 mortale
1947 3441 2122 3474 peccatum.
2146 3434 2238 3464 Unde
2254 3433 2399 3474 superius
2411 3433 2437 3467 *‚

1379 3489 1453 3509 cum
1477 3479 1515 3509 de
1539 3479 1656 3509 iudicio
1681 3478 1846 3510 temerario
1870 3485 2060 3514 tractaretur,
2085 3477 2252 3509 didicimus
2275 3478 2374 3518 quod,
2392 3477 2437 3507 in-

1378 3530 1536 3563 quantum
1560 3533 1624 3553 non
1644 3530 1690 3553 est
1713 3522 1778 3552 sine
1797 3529 1980 3562 contemptu
2004 3522 2149 3562 proximi,
2175 3529 2339 3562 peccatum
2354 3531 2438 3556 mor—

1379 3567 1439 3598 tale
1463 3574 1518 3598 est.
1544 3567 1590 3597 Ex
1614 3567 1674 3597 hoc
1699 3576 1772 3606 ergo
1796 3567 1885 3607 quod
1909 3573 2110 3607 contemptus
2133 3566 2339 3597 benefactoris
2363 3576 2438 3596 con—

2469 391 2478 400 ·
2492 390 2562 412 Num.
2583 396 2599 412 ι.

2466 3037 2475 3045 ⁸
2488 3035 2558 3057 Num.
2570 3039 2674 3064 praeced.

2467 3433 2476 3441 ⁸
2492 3431 2541 3459 Qu.
2555 3437 2593 3454 u,
2604 3436 2644 3452 art.
2657 3438 2674 3458 ‘j-
