2860 4244
923 266 1190 313 QUAESTIO
1219 268 1375 315 XCVII,
1405 268 1701 306 ARTICULUS
1732 270 1763 305 11

254 345 328 381 hoc
357 356 435 380 non
462 344 631 381 intendat
650 352 691 380 ut
710 343 1012 393 experimentum
1039 352 1176 390 sumat,
1205 344 1242 380 id
1261 352 1314 381 ta-

255 409 344 433 men
373 397 447 444 agit
473 398 535 433 vel
565 397 651 434 dicit
686 397 792 444 quod
830 396 878 434 ad
906 396 998 433 nihil
1036 397 1136 433 aliud
1164 397 1314 434 videtur

255 449 461 486 ordinabile
490 449 560 486 nisi
589 450 638 486 ad
666 449 967 498 experimentum
996 452 1240 487 sumendum.

309 502 370 539 Sic
397 502 507 550 igitur
535 503 654 539 homo
678 503 805 539 Deum
834 509 951 539 tentat
977 502 1209 551 quandoque
1230 515 1314 539 ver-

255 555 333 601 bis,
363 555 594 603 quandoque
623 554 739 591 factis.
772 555 908 591 Verbis
943 555 1096 603 quidem
1126 557 1210 592 Deo
1240 555 1314 592 col-

255 608 447 655 loquimur
483 608 641 644 orando.
680 607 791 644 Unde
832 608 870 644 in
912 620 980 644 sua
1020 608 1200 657 petitione
1251 608 1315 645 ali-

256 661 340 708 quis
369 672 544 709 expresse
573 661 700 696 Deum
723 668 841 697 tentat
867 661 1022 707 quando
1043 673 1088 697 ea
1107 661 1313 698 intentione
1340 667 1342 701 ῑ,

256 713 396 761 aliquid
416 725 439 749 a
458 715 542 750 Deo
571 713 737 762 postulat
754 720 796 750 ut
815 714 985 761 exploret
1007 714 1079 750 Dei
1108 714 1313 760 scientiam,

254 773 481 814 potestatem
507 766 570 802 vel
597 766 847 802 voluntatem.
880 787 904 793 -
933 767 1057 803 Factis
1094 774 1222 803 autern
1251 778 1315 802 ex-

254 830 384 866 presse
413 818 548 866 aliquis
576 819 701 855 Deum
731 826 849 855 tentat
876 820 1031 867 quando
1060 831 1128 868 per
1152 832 1197 856 ea
1216 831 1315 868 quae
1340 820 1342 865 ξ

255 871 342 908 facit
368 871 526 908 intendit
553 871 855 920 experimentum
883 884 1033 909 sumere
1068 872 1218 909 divinae
1246 883 1314 920 po·
1340 867 1342 882 “

255 923 406 972 testatis,
427 936 495 960 seu
522 924 669 973 pietatis
697 932 762 961 aut
787 925 991 973 sapientiae
1011 931 1036 962 ⁰.
1057 945 1081 952 -
1102 925 1179 962 Sed
1207 924 1315 972 quasi

255 976 534 1026 interpretative
563 979 689 1014 Deum
714 985 831 1014 tentat
858 978 935 1026 qui,
956 977 1025 1014 etsi
1048 989 1127 1014 non
1145 977 1316 1014 intendat
1340 978 1342 1023 ξ

255 1029 554 1078 experimentum
591 1030 638 1067 de
677 1031 761 1067 Deo
800 1042 973 1076 sumere,
1011 1030 1153 1077 aliquid
1184 1037 1342 1086 tamen,

253 1083 315 1119 vel
343 1082 435 1131 petit
461 1084 524 1120 vel
552 1083 639 1120 facit
666 1083 715 1120 ad
747 1082 839 1119 nihil
875 1083 978 1120 aliud
1004 1082 1094 1119 utile
1121 1088 1140 1103 π
1167 1082 1237 1119 nisi
1267 1082 1315 1118 ad
1341 1087 1342 1111 ἱ

253 1135 497 1184 probandum
534 1135 607 1172 Dei
634 1143 861 1184 potestatem
889 1136 952 1172 vel
985 1135 1216 1182 bonitatem,
1246 1147 1315 1172 seu

255 1188 522 1236 cognitionem.
553 1188 669 1235 Sicut,
700 1200 787 1224 cum
816 1188 950 1237 aliquis
985 1200 1129 1236 equum
1166 1200 1315 1225 currere
1340 1207 1342 1235 i

254 1240 341 1278 facit
367 1249 409 1278 ut
437 1241 574 1278 evadat
600 1241 749 1287 hostes,
779 1241 854 1278 hoc
882 1253 960 1278 non
995 1249 1051 1277 est
1079 1241 1315 1289 experimen-

253 1301 335 1331 tum
355 1294 404 1330 de
424 1305 533 1342 equo,
544 1305 716 1330 sumere:
740 1294 808 1331 sed
828 1294 858 1331 si
878 1306 1020 1342 equum
1036 1306 1185 1330 currere
1205 1294 1316 1331 faciat
1340 1304 1342 1340 ξ

253 1345 552 1395 abeque‘aliqua
579 1346 756 1392 utilitate⁷
785 1347 860 1383 hoc
888 1346 979 1383 nihil
1016 1346 1114 1384 aliud
1148 1359 1231 1383 esse
1258 1347 1315 1384 vi·
1340 1342 1342 1374 ἶ

253 1398 364 1437 detur
390 1411 507 1447 quam
537 1400 842 1448 experimentum
870 1412 1022 1437 sumere
1051 1399 1099 1436 de
1128 1400 1215 1449 equi
1247 1412 1313 1437 ve-

253 1451 422 1489 locitate:
461 1460 497 1489 et
533 1452 638 1490 idem
677 1461 732 1489 est
767 1453 806 1490 in
843 1453 1023 1490 omnibus
1066 1452 1146 1489 aliis
1188 1453 1312 1489 rebus.

254 1504 422 1552 Quando
452 1517 541 1554 ergo
569 1514 725 1554 propter
752 1506 920 1554 aliquam
948 1505 1212 1542 necessitatem
1247 1517 1314 1542 seu

103 1543 105 1545 ι
145 1566 152 1571 ’
197 1579 201 1585 -
223 1570 227 1573 ’
253 1557 449 1596 utilitatem
483 1558 683 1596 committit
711 1571 752 1595 se
780 1558 915 1606 aliquis
944 1558 1074 1595 divino
1110 1557 1247 1594 auxilio
1275 1557 1315 1594 in

98 1615 112 1628 ⁸
199 1632 201 1635 v
253 1610 331 1648 suis
357 1610 601 1660 petitionibus
627 1612 691 1648 vel
728 1611 862 1658 factis,
881 1611 956 1648 hoc
983 1623 1063 1648 non
1095 1618 1151 1647 est
1186 1612 1314 1647 Deum
1341 1609 1343 1622 *

2352 271 2425 318 337

1339 349 1342 391 ἶ
1370 345 1419 382 (10
1438 358 1533 382 vero
1562 346 1636 382 hoc
1655 346 1775 394 agitur
1793 347 1937 395 absque
1963 347 2183 384 necessitate
2204 355 2240 384 et
2258 348 2426 396 utilitate,

1340 396 1341 435 f
1369 399 1444 434 hoc
1471 406 1527 435 est
1545 398 1823 447 interpretative
1843 407 1986 437 tentare
2005 401 2144 437 Deum.
2176 401 2286 438 Unde
2314 414 2428 450 super

1340 462 1341 504 ξ
1368 451 1459 487 illud
1487 452 1596 488 Deut.
1627 464 1662 488 vl
1680 451 1717 498 ³¹⁸,
1746 453 1837 489 Non
1875 454 2030 490 tentabis
2066 454 2272 491 Dominum
2302 455 2426 492 Deum

1339 515 1342 544 i
1369 509 1494 549 tuum,
1525 504 1612 540 dicit
1644 505 1780 541 Glossa
1807 505 1844 541 *τ
1873 507 1998 543 Deum
2031 512 2145 543 tentat
2171 508 2237 555 qui
2245 536 2255 553 ,
2287 508 2428 544 habens

1340 545 1341 609 i
1369 556 1459 604 quid
1481 557 1628 604 saciat,
1656 558 1736 594 sine
1763 558 1907 595 ratione
1938 571 1978 596 se
2010 560 2206 596 committit
2233 561 2423 609 periculo,

1340 613 1342 654 ξ
1368 610 1564 657 experiens
1593 615 1718 647 utrum
1740 611 1860 658 possit
1885 611 2041 648 liberari
2066 624 2090 648 a
2118 614 2212 649 Deo.

1421 663 1480 697 AD
1510 673 1646 699 patmum
1680 675 1778 700 ERGO
1807 676 1990 702 DlCENDUM
2029 665 2131 713 quod
2160 667 2280 702 homo
2313 666 2427 703 etiam

1340 728 1342 748 s
1369 714 1601 762 quandoque
1625 716 1730 752 factis
1759 724 1932 764 tentatur,
1954 725 2079 754 utrum
2108 719 2227 767 possit
2245 720 2307 756 vel
2337 719 2428 755 sciat

1367 767 1430 803 vel
1457 767 1547 803 velit
1574 768 1794 805 huiusmodi
1823 770 1927 806 factis
1964 771 2143 808 auxilium
2171 773 2234 809 vel
2267 772 2427 821 impedi-

1369 827 1543 856 mentum
1572 829 1772 868 praestare.

1422 874 1481 908 An
1509 884 1698 910 SECUNDUM
1735 886 1919 912 mcENDuM
1947 876 2051 924 quod
2089 877 2207 914 sancti
2241 877 2317 914 suis
2344 890 2428 926 pre-

1340 929 1342 975 ξ
1370 924 1476 961 cibus
1504 925 1684 962 miracula
1705 927 1895 975 facientes,
1917 940 1961 964 ex
1981 929 2106 977 aliqua
2125 931 2346 967 necessitate
2364 931 2427 968 vel

1369 977 1524 1014 utilitate
1553 987 1758 1016 moventur
1786 981 1833 1017 ad
1858 983 2065 1028 petendum
2094 982 2245 1020 divinae
2264 991 2428 1032 potesta-

1369 1030 1415 1066 tis
1444 1030 1636 1068 effectum.

1422 1084 1482 1119 An
1500 1094 1659 1121 TERTmM
1684 1096 1867 1122 mer-:noum
1892 1087 1997 1133 quod
2020 1087 2296 1134 praedicatores
2325 1089 2428 1137 regni

1340 1135 1441 1178 3Dei
1479 1148 1525 1172 ex
1562 1149 1701 1184 magna
1737 1137 1892 1174 utilitate
1930 1146 1966 1175 et
2001 1140 2223 1177 necessitate
2261 1142 2428 1179 subsidia

1340 1239 1342 1242 y
1369 1189 1594 1237 temporalia
1622 1191 1934 1238 praetermittunt,
1963 1199 2004 1228 ut
2030 1194 2150 1229 verbo
2180 1193 2253 1230 Dei
2277 1195 2426 1243 expedi-

1340 1248 1342 1293 ζ
1369 1242 1441 1278 tius
1468 1250 1618 1279 vacent.
1649 1243 1697 1279 Et
1724 1243 1812 1280 ideo
1840 1243 1870 1280 si
1898 1244 1967 1280 soli
1995 1246 2080 1281 Deo
2109 1245 2324 1291 innitantur,
2351 1260 2428 1284 non

1369 1307 1413 1332 ex
1442 1295 1517 1331 hoc
1535 1303 1680 1332 tentant
1707 1297 1847 1333 Deum.
1878 1297 1955 1334 Sed
1974 1298 2004 1333 si
2033 1298 2177 1346 absque
2196 1299 2348 1336 utilitate
2366 1301 2428 1336 vel

1369 1348 1590 1385 necessitate
1609 1349 1779 1386 humana
1798 1349 1965 1387 subsidia
1993 1350 2221 1397 desererent,
2242 1360 2429 1390 tentarent

1340 1394 1342 1452 ᾗ
1368 1401 1509 1437 Deum.
1549 1401 1660 1438 Unde
1698 1410 1734 1438 et
1761 1402 1992 1450 Augustinus
2026 1403 2133 1451 dicit,
2163 1405 2267 1441 XXII
2297 1412 2429 1443 contra

1367 1454 1550 1490 Faustum
1569 1453 1600 1499 ²¹³,
1625 1454 1730 1501 quod
1758 1455 1899 1492 Paulus
1918 1468 1992 1492 non
2001 1458 2113 1506 fugit
2129 1458 2239 1505 quasi
2255 1471 2329 1496 non
2349 1471 2428 1496 cre-
2456 1471 2467 1482 ·

1341 1529 1342 1551 3
1368 1506 1488 1543 dendo
1517 1507 1557 1542 iri
1582 1508 1729 1544 Deum:
1757 1508 1823 1544 sed
1848 1520 1894 1544 ne
1922 1510 2045 1546 Deum
2073 1516 2231 1547 tentaret
2246 1512 2280 1547 si
2283 1513 2430 1561 sugere

1341 1561 1343 1608 ᾗ
1369 1558 1554 1604 noluisset,
1575 1571 1661 1595 cum
1681 1565 1694 1589 Ρ
1722 1560 1775 1596 sic
1786 1562 1933 1611 fugere
1949 1563 2139 1609 potuisset.

1423 1612 1540 1648 Beata
1566 1624 1661 1648 vero
1689 1614 1837 1660 Agatha
1866 1622 2018 1662 experta
2047 1623 2124 1652 erat
2152 1628 2238 1664 erga
2266 1629 2305 1653 se
2336 1617 2430 1654 divi-

252 1671 419 1702 tentare:
449 1664 583 1701 dicitur
601 1664 703 1701 enim
724 1665 755 1700 ΙΙ
774 1663 940 1712 Paralip.
961 1676 1009 1700 xx
1026 1663 1066 1700 *ε
1092 1664 1187 1700 Cum
1207 1663 1315 1713 igno·
1341 1671 1343 1716 ξ
1369 1676 1460 1700 nam
1480 1665 1799 1712 benevolentiam,
1819 1674 1861 1703 ut
1879 1668 1941 1703 vel
1968 1667 2205 1705 infirmitates
2230 1681 2308 1706 non
2327 1678 2430 1718 pate-

253 1728 384 1754 ramus
411 1717 502 1765 quid
517 1728 635 1766 agere
661 1717 874 1762 debeamus,
893 1718 965 1754 hoc
989 1717 1112 1753 solum
1134 1717 1316 1753 habemus
1341 1734 1343 1764 3
1370 1724 1492 1763 retur,
1521 1729 1591 1765 pro
1621 1718 1759 1766 quibus
1787 1720 1973 1768 corporali
2006 1721 2196 1758 medicina
2233 1722 2428 1770 indigeret,

252 1769 403 1815 residui,
430 1775 473 1806 ut
489 1770 617 1806 oculos
635 1775 781 1807 nostros
808 1770 1020 1820 dirigamus
1042 1770 1093 1807 ad
1109 1775 1154 1806 te.
1184 1770 1315 1817 Quan-
1341 1789 1343 1816 3
1368 1770 1431 1806 vel
1464 1770 1588 1807 statim
1626 1771 1777 1808 sentiret
1814 1772 1963 1809 divinae
1999 1774 2203 1811 sanationis
2239 1775 2429 1814 effectum.

305 1882 332 1916 ο)
350 1886 400 1908 m
415 1882 572 1916 sapientiae.
583 1897 602 1902 -
619 1886 699 1916 atque
715 1883 843 1909 scientiae
860 1883 908 1908 Pa.

251 1919 347 1979 mg}-
353 1918 391 1944 ad
408 1918 476 1943 ηίΙιιἸ
487 1919 563 1944 aliud
576 1919 649 1944 utile.
661 1933 682 1938 —
693 1919 765 1952 quod
776 1919 814 1944 ad
829 1919 895 1944 nihil
907 1919 982 1944 aliud
995 1921 1037 1944 est
1054 1919 1119 1944 utile
1136 1919 1214 1950 (utile
1227 1922 1267 1944 est
1279 1919 1314 1952 G)

1422 1884 1447 1918 ρ)
1466 1892 1567 1910 cum.-
1584 1888 1611 1910 et
1627 1893 1687 1910 cum
1706 1886 1893 1919 ABCEFleK
1913 1891 1938 1911 et
1957 1894 1982 1916 a,
2000 1893 2060 1912 cum
2079 1890 2143 1913 tunc
2161 1889 2207 1913 sK.

927 2033 1260 2066 Commentariun
1282 2032 1533 2066 Oardinalis
1555 2034 1756 2068 Caietam

255 2123 304 2187 In
317 2112 451 2144 articulo
467 2111 572 2152 primo
595 2112 790 2153 quaestionis
806 2112 1195 2152 nonagesimaeseptimae,
1212 2112 1317 2153 aspice

282 2157 316 2188 in
339 2164 406 2198 quo
429 2156 573 2187 consistit
598 2156 733 2187 formale
756 2156 1008 2197 interpretativae
1031 2156 1215 2187 tentationis
1238 2157 1314 2188 Dei:
1342 2166 1344 2190 ε

251 2201 370 2233 scilicet
390 2201 422 2232 in
442 2200 505 2232 hoc
528 2201 618 2242 quod
639 2201 760 2243 absque
776 2201 960 2232 necessitate
974 2201 1026 2231 vel
1041 2201 1175 2232 utilitate
1189 2207 1318 2242 respuat
1342 2193 1344 2206 ⁴

251 2244 354 2279 homo
378 2255 488 2276 causas
511 2245 675 2276 secundas·

308 2289 350 2321 Et
372 2289 511 2325 adverte,
535 2289 568 2319 in
590 2288 798 2329 responsione
825 2289 865 2319 ad
888 2289 1033 2325 tertium,
1058 2290 1147 2330 quod
1171 2299 1318 2330 respuere
1343 2270 1344 2298 ἕ

122 2361 127 2367 .
253 2334 452 2375 corporalem
468 2332 659 2364 medicinam
680 2331 835 2373 contingit
850 2333 1024 2373 tripliciter.
1039 2333 1159 2371 Primo,
1173 2341 1318 2374 tempore
1343 2341 1345 2374 ᾗ

91 2390 101 2398 ·
149 2383 173 2412 ,ἑ
196 2399 201 2403 »
253 2378 404 2420 martyrii.
428 2377 470 2408 Et
491 2378 553 2408 hoc
576 2386 642 2408 non
666 2384 713 2408 est
735 2384 856 2408 tentare
878 2377 1000 2408 Deum:
1025 2378 1180 2419 quoniam
1200 2378 1318 2409 utilitas
1343 2379 1344 2382 ’

253 2422 391 2454 maxima
419 2429 466 2453 est
492 2429 524 2453 et
550 2421 717 2452 necessitas
747 2421 1009 2462 promptitudinis
1036 2422 1135 2452 animi
1161 2422 1201 2452 ad
1224 2423 1317 2454 susti-

252 2467 410 2502 nendum,
439 2473 470 2497 et
496 2466 540 2496 sic
569 2473 718 2506 prompte
741 2465 962 2496 testimonium
983 2466 1216 2506 perhibendum
1244 2466 1318 2497 fidei

253 2510 461 2543 Christianae.
484 2511 568 2541 Nam
591 2510 617 2540 si
640 2510 832 2541 medicinam
853 2511 1054 2551 corporalem
1072 2511 1253 2551 susciperet,
1272 2511 1318 2541 vi-

253 2554 378 2589 detetur
398 2554 505 2586 minus
521 2561 636 2594 sponte
651 2555 728 2585 haec
743 2554 819 2595 pati,
835 2561 866 2585 et
880 2555 996 2585 evitare
1010 2555 1194 2594 passionem
1217 2565 1317 2596 quan-

244 2596 324 2646 Nturn
351 2605 479 2640 posset:
504 2599 594 2630 cuius
623 2598 810 2639 oppositum
841 2599 938 2630 sancti
963 2606 1115 2640 martyres
1146 2599 1230 2630 facto
1261 2599 1318 2630 do-

254 2650 398 2675 cuerunt.

307 2687 466 2724 Secundo,
490 2687 646 2726 absolute,
669 2687 702 2717 in
726 2693 796 2718 toto
819 2693 966 2727 tempore
987 2687 1070 2718 vitae
1086 2697 1172 2718 suae.
1195 2687 1238 2718 Et
1255 2687 1317 2718 hoc

253 2737 301 2763 eet
323 2732 362 2762 de
385 2741 452 2773 quo
474 2731 599 2772 Agatha
620 2733 653 2762 in
675 2732 816 2762 Domino
836 2731 1010 2772 gloriatur.
1034 2732 1075 2762 Et
1097 2731 1129 2762 in
1152 2731 1254 2762 littera
1270 2741 1318 2762 ex-

254 2782 382 2808 cusatur
403 2786 441 2806 ex
463 2776 569 2806 divina
592 2775 796 2816 experientia:
821 2785 896 2805 nam
920 2775 959 2805 de
975 2775 1140 2806 communi
1163 2775 1232 2815 lege
1255 2775 1318 2806 hoc

1342 2115 1344 2155 ξ
1370 2121 1451 2144 esset
1474 2120 1592 2144 tentare
1616 2115 1740 2151 Deum;
1772 2114 1925 2155 scriptum
1949 2122 1995 2146 est
2018 2116 2103 2146 enim
2118 2116 2150 2146 *ε
2182 2118 2366 2149 Altissimus
2392 2120 2433 2150 de

1371 2163 1460 2188 terra
1493 2159 1614 2189 creavit
1644 2159 1854 2197 medicinam,
1887 2165 1918 2190 et
1948 2161 1999 2190 vir
2026 2162 2153 2201 sapiens
2187 2172 2249 2192 non
2284 2162 2434 2203 despiciet

1372 2202 1473 2233 illam.

1426 2246 1554 2283 Tertio,
1578 2246 1700 2277 ratione
1727 2246 1898 2287 spiritualis
1922 2247 2093 2288 profectus.
2124 2249 2165 2279 Et
2194 2249 2272 2287 hoc,
2297 2250 2323 2280 si
2352 2250 2433 2282 infra

1369 2290 1486 2321 limites
1509 2286 1710 2322 rationabilis
1732 2291 1871 2332 obsequii
1893 2291 1938 2328 fit,
1954 2302 2021 2322 non
2042 2299 2089 2323 est
2111 2300 2230 2324 tentare
2245 2295 2360 2330 Deum,
2377 2295 2433 2325 sed

1370 2336 1572 2375 semetipsum
1597 2335 1717 2375 offerre
1734 2335 1869 2366 hostiam
1888 2337 2042 2367 viventem
2058 2337 2128 2367 Deo
2142 2335 2167 2368 *.
2191 2338 2233 2369 Et
2254 2338 2317 2369 hoc
2332 2340 2432 2370 modo

1371 2379 1485 2415 sancti,
1511 2379 1566 2420 qui
1591 2379 1654 2410 dati
1678 2386 1752 2410 sunt
1779 2380 1812 2410 in
1836 2380 2018 2420 exemplum
2042 2381 2167 2418 ceteris,
2193 2389 2223 2412 et
2249 2383 2433 2423 praesertim

1343 2454 1345 2468 ,‚
1370 2423 1533 2463 religiosis,
1558 2423 1589 2453 in
1614 2424 1676 2454 hoc
1700 2425 1833 2460 mundo,
1858 2424 1985 2455 dolores
2007 2425 2126 2462 iliacos,
2151 2426 2255 2456 ulcera
2279 2433 2310 2457 et
2333 2434 2432 2458 cetera

1371 2477 1453 2508 quae
1476 2467 1655 2507 patiuntur,
1680 2468 1858 2508 suscipiunt
1880 2468 2027 2506 libenter,
2053 2477 2083 2500 et
2106 2477 2239 2501 utuntur
2262 2470 2306 2501 eis
2329 2478 2365 2502 ut
2387 2471 2433 2502 in-

1370 2511 1553 2542 strumentis
1579 2512 1730 2543 divinitus
1754 2512 1812 2543 sibi
1836 2513 1993 2543 concessis
2017 2514 2056 2544 ad
2080 2514 2180 2544 carnis
2204 2515 2433 2546 subiectionem

1371 2562 1402 2586 et
1424 2555 1712 2593 mortificationem,
1737 2563 1767 2587 et
1790 2557 1829 2587 ad
1853 2557 1923 2587 Iesu
1947 2557 2064 2588 Christi
2087 2558 2242 2597 passionis
2268 2559 2433 2600 participa*

1371 2599 1502 2631 tionem.
1532 2601 1572 2631 Et
1594 2600 1666 2631 ideo
1690 2608 1844 2641 respuunt
1867 2601 2072 2638 medicinam,
2098 2609 2128 2633 et
2155 2613 2244 2643 aegre
2271 2603 2386 2634 ferrent
2408 2604 2433 2634 si

1370 2643 1473 2674 filialis
1496 2644 1674 2675 dilectionis
1697 2645 1825 2685 signum
1847 2645 1910 2676 hoc
1932 2646 2099 2686 perderent
2121 2647 2285 2677 sanitatem
2305 2657 2433 2687 recupe-

1370 2689 1480 2719 rando.
1511 2688 1574 2719 Sed
1596 2688 1644 2725 hi,
1668 2689 1742 2720 licet
1764 2689 1964 2720 infirmentur
1985 2690 2018 2720 in
2043 2700 2149 2726 carne,
2174 2690 2334 2721 fortissimi
2359 2699 2434 2722 sunt

1370 2732 1411 2762 ad
1445 2732 1639 2772 spiritualia,
1671 2733 1715 2763 ita
1749 2739 1784 2763 ut
1818 2733 1896 2763 nihil
1931 2734 2006 2764 mali
2038 2735 2204 2765 videantur
2238 2736 2432 2776 quandoque

1371 2775 1496 2806 habere.

1016 2954 1334 2997 ARTICULUS
1364 2955 1664 2997 SECUNDUS

904 3046 1060 3078 UTRUM
1083 3046 1288 3078 TENTARE
1311 3047 1434 3078 DEUM
1458 3048 1524 3078 SIT
1548 3048 1785 3079 PECCATUM

1158 3126 1226 3151 Part.
1245 3126 1263 3157 1,
1282 3134 1327 3159 qu.

298 3245 300 3247 v
325 3260 330 3266 ⁴
376 3250 437 3321 ᾖ
467 3263 574 3311 quod
600 3270 743 3299 tentare
772 3263 900 3300 Deum
928 3275 1007 3300 non
1035 3262 1081 3299 sit
1098 3270 1311 3312 peccatum.

277 3348 282 3356 ,
306 3359 308 3361 ,
416 3321 435 3355 6
451 3313 573 3353 Deus
593 3315 695 3352 enim
715 3327 794 3352 non
812 3315 994 3365 praecipit
1013 3320 1031 3336 ²
1049 3315 1205 3364 aliquod
1223 3328 1311 3365 pec-

265 3363 409 3403 ¹A·‘*⁵'³'‘'¹'*
428 3364 457 3402 R*
468 3376 607 3406 catum.
627 3368 816 3418 Praecipit
829 3376 958 3406 autern
971 3376 1013 3406 ut
1031 3368 1208 3406 homines
1223 3381 1313 3406 eum

256 3421 430 3470 probent,
460 3421 566 3471 quod
585 3429 641 3458 est
661 3433 750 3458 eum
769 3428 930 3459 tentare:
951 3421 1087 3459 dicitur
1105 3422 1206 3459 enim
1230 3422 1312 3459 Ma-

310 3534 338 3567 «)
351 3535 495 3574 praecipit.
507 3547 526 3553 -
539 3534 678 3566 praecepit
697 3533 774 3564 PDa5
792 3533 873 3559 altero
891 3534 950 3559 loco
964 3534 1104 3567 praecepit
1121 3534 1216 3560 PDGa.

397 3622 508 3647 Sunium
526 3602 628 3647 Tuam..
646 3621 677 3645 D.
692 3621 807 3646 Tnomu
826 3620 857 3645 T.
872 3620 913 3644 VI.

1345 3133 1417 3157 cxrv,
1437 3132 1484 3152 art.
1505 3134 1528 3152 2.

342 3229 350 3251 ;
392 3234 441 3267 Ὦ(
467 3222 489 3247 ι)
523 3221 713 3247 SECUNDUM
745 3221 798 3246 sm
830 3221 1060 3247 PROCEDlTUR
1090 3209 1121 3246 ²¹².
1154 3210 1313 3247 Videtur
1337 3208 1340 3260 l
1366 3211 1463 3247 lach.
1494 3223 1529 3247 111
1549 3210 1587 3247 *ε
1623 3213 1768 3260 Inferte
1799 3224 1948 3249 omnem
1976 3213 2159 3250 decimam
2186 3215 2223 3250 in
2250 3216 2428 3252 horreum

1367 3275 1514 3310 meum,
1544 3270 1586 3300 ut
1616 3265 1664 3301 sit
1695 3265 1798 3301 cibus
1826 3263 1841 3294 β
1868 3266 1905 3302 in
1938 3266 2050 3302 domo
2084 3278 2187 3303 mea:
2215 3273 2250 3303 et
2271 3269 2430 3315 probate

1367 3328 1429 3353 me
1454 3328 1568 3366 super
1589 3317 1671 3363 hoc,
1691 3318 1780 3354 dicit
1795 3318 1992 3364 Dominus,
2011 3319 2046 3354 si
2062 3330 2135 3355 non
2161 3330 2345 3367 aperuero
2364 3332 2429 3358 uo-

1368 3369 1424 3406 bis
1451 3375 1662 3407 cataractas
1689 3370 1793 3407 caeli.
1833 3371 1934 3418 Ergo
1961 3371 2111 3408 videtur
2147 3372 2252 3420 quod
2284 3381 2428 3411 tentare

1340 3437 1343 3470 (
1369 3423 1496 3459 Deum
1523 3431 1603 3459 non
1631 3423 1677 3459 sit
1704 3430 1916 3471 peccatum.

1341 3532 1345 3597 ⁸
1423 3533 1449 3567 β)
1469 3538 1499 3560 ut
1515 3535 1552 3560 sit
1569 3535 1649 3561 cibus.
1661 3549 1680 3554 -
1698 3538 1724 3560 et
1740 3535 1776 3560 sit
1787 3535 1860 3560 cibus
1878 3535 2065 3568 CDEFHLpK.
2083 3536 2155 3568 quod
2171 3537 2207 3562 sit
2223 3537 2295 3563 cibus
2308 3538 2339 3567 A,
2358 3538 2429 3571 quod

1369 3570 1405 3595 sit
1421 3570 1474 3595 cibi
1491 3571 1520 3600 Β,
1539 3574 1566 3596 et
1585 3573 1615 3595 ut
1632 3570 1668 3596 sit
1685 3571 1757 3595 cibus
1776 3570 1794 3601 1,
1812 3574 1839 3596 et
1855 3570 1980 3596 similiter
1996 3571 2082 3596 cibum
2101 3572 2134 3597 G.

2251 3623 2285 3655 43

2455 466 2464 475 ¹
2478 465 2545 487 Vere.
2560 466 2592 487 16.

2456 520 2465 529 ⁸
2479 519 2536 540 Ord.

2460 2132 2470 2142 ⁸
2495 2131 2567 2153 Eccli.
2593 2137 2643 2159 cap.

2460 2163 2561 2185 xxxvrn,
2585 2164 2644 2180 vers.

2458 2190 2482 2211 4.

2460 2347 2471 2358 ⁶
2482 2347 2521 2368 Aa
2536 2347 2600 2369 Rom.
2619 2354 2669 2376 cap.

2459 2380 2501 2401 xn,
2515 2380 2574 2395 vers.
2590 2380 2605 2395 1.

2457 3233 2467 3243 ⁸
2482 3232 2547 3254 Vera.
2562 3239 2596 3254 10.
