2860 4244
20 413 35 476 ί,

12 479 33 546 ²5·

22 619 30 652 ’ἵ

10 693 30 764 i·
89 747 98 757 ·
107 746 143 768 ef.
154 753 194 775 qu.
204 752 251 774 ιιι,
261 747 301 768 In-

18 771 27 803 3
87 773 148 795 md·
410 747 517 773 amm-3
560 737 881 775 considerandum
921 747 975 776 est
1012 739 1059 777 de
1095 740 1328 780 restitutione
1355 739 1386 777 *.
1414 746 1416 775 ἑ

411 798 460 834 Et
488 797 585 834 circa
612 799 687 835 hoc
716 807 948 847 quaeruntur
976 809 1076 839 octo.
1414 796 1416 835 ῗ

361 858 531 895 ”Ρῐ·ἱῐῃο;
562 860 669 896 cuius
698 868 803 898 actus
832 861 888 899 sit.
1414 837 1416 874 ν

380 919 581 958 Secundo:
610 929 738 959 utrum
759 935 914 960 necesse
943 923 990 960 sit
1015 924 1064 960 ad
1083 923 1245 960 salutern
1273 934 1386 960 omne

432 982 602 1019 ablatum
632 983 786 1021 restitui.

379 1044 531 1082 Tertio:
559 1052 688 1083 utrum
709 1053 884 1095 oporteat
909 1045 1195 1095 multiplicatum
1220 1046 1311 1084 illud
1331 1059 1389 1084 re-

433 1113 598 1144 stituere.

410 1416 417 1437 z
440 1416 485 1447 *12
495 1419 512 1460 <
537 1408 559 1434 D
579 1408 715 1434 PRiMUM
735 1409 788 1435 sm
807 1409 1035 1435 PROCEDITUR
1052 1398 1082 1435 ³¹⁸.
1105 1398 1264 1435 Videtur
1283 1398 1389 1447 quod

367 1449 446 1502 ’ἦῆ
509 1449 717 1487 restitutio
755 1463 835 1488 non
871 1451 919 1487 sit
954 1458 1060 1488 actus
1087 1451 1248 1488 iustitiae
1282 1463 1386 1488 com-

344 1534 371 1554 ,ΑΛ
407 1549 416 1557 .
439 1548 450 1557 ἱ
482 1503 756 1541 .mutativae.
803 1503 944 1540 Iustitia
973 1503 1076 1540 enim
1105 1503 1255 1552 respicit
1275 1504 1386 1540 ratio-

331 1555 364 1580 ‘'''
383 1546 524 1589 sav-w<
536 1567 626 1593 nem
654 1555 781 1593 debiti.
836 1556 914 1593 Sed
941 1556 1037 1593 sicut
1070 1556 1226 1593 donatio
1262 1563 1386 1604 potest

326 1618 409 1644 esse
424 1606 505 1643 eius
520 1608 625 1656 quod
644 1621 723 1646 non
743 1609 913 1655 debetur,
934 1609 984 1646 ita
1003 1609 1116 1646 etiarn
1137 1617 1172 1646 et
1190 1609 1384 1646 restitutio.

323 1659 428 1719 Ergo
466 1661 648 1700 restitutio
677 1674 757 1699 non
786 1669 841 1699 est
869 1669 974 1699 actus
1003 1662 1160 1700 alicuius
1187 1662 1303 1712 partis
1332 1663 1387 1699 iu-

324 1719 458 1751 stitiae.

379 1776 415 1803 2.
435 1765 677 1814 Pmamm,
707 1767 799 1804 illud
825 1768 932 1817 quod
967 1768 1045 1805 iam
1073 1768 1216 1805 transiit
1243 1775 1281 1805 et
1308 1780 1387 1805 non

322 1825 392 1865 est,
413 1818 554 1856 restitui
581 1831 660 1857 non
688 1827 824 1869 potest.
873 1821 951 1858 Sed
979 1820 1116 1858 iustitia
1145 1828 1182 1858 et
1208 1820 1386 1858 iniustitia

324 1871 411 1913 Sunt
439 1871 537 1909 circa
566 1873 751 1922 quasdam
780 1873 948 1910 actiones
978 1881 1014 1911 et
1041 1874 1256 1923 passiones,
1287 1886 1385 1923 quae
1412 1873 1414 1900 ⁵

320 1931 403 1961 'non
432 1933 599 1973 manent,
629 1926 696 1964 sed
724 1934 931 1964 transeunt.
963 1927 1066 1975 Ergo
1096 1927 1277 1965 restitutio
1307 1940 1384 1965 non
1412 1934 1414 1952 ³

322 1976 475 2015 videtur
503 1990 586 2016 esse
613 1987 719 2016 actus
747 1979 904 2016 alicuius
931 1980 1046 2029 partis
1073 1979 1245 2018 iustitiae.

181 2034 197 2070 β
379 2030 413 2067 3.
443 2031 688 2078 PRAETEREA,
723 2032 904 2070 restitutio
934 2041 990 2070 est
1017 2031 1156 2082 quasit
1192 2034 1384 2083 quaedam

322 2085 627 2132 recompensatio
647 2085 728 2122 eius
748 2087 851 2134 quod
872 2086 1106 2123 subtractum
1128 2094 1194 2124 est.
1225 2087 1302 2124 Sed
1323 2087 1386 2123 ali·
1411 2102 1413 2117 ³

321 2135 412 2185 quid
439 2144 565 2185 potest
591 2138 738 2175 homini
765 2139 934 2176 subtrahi
962 2151 1040 2176 non
1068 2140 1193 2176 solum
1222 2140 1262 2177 in
1281 2152 1386 2177 com—

321 2189 544 2236 mutatione,
566 2191 634 2228 sed
654 2191 767 2229 etiam
792 2191 832 2230 in
854 2192 1136 2230 distributione:
1174 2200 1267 2242 puta
1295 2206 1384 2230 cum

321 2241 455 2289 aliquis
476 2242 702 2282 distribuens
729 2244 856 2283 minus
884 2245 948 2287 dat
976 2245 1085 2282 alicui
1110 2258 1228 2293 quam
1248 2246 1385 2283 debeat

319 2294 474 2332 habere.
503 2297 606 2344 Ergo
626 2297 809 2334 restitutio
833 2311 912 2335 non
932 2298 1052 2346 magis
1075 2306 1132 2335 est
1150 2306 1256 2336 actus
1280 2311 1385 2336 com-

321 2347 528 2385 mutativae
556 2349 717 2388 iustitiae
746 2362 863 2398 quam
893 2351 1165 2388 distributivae.

374 2400 449 2437 SED
469 2412 625 2449 CONTRA,
646 2403 830 2440 restitutio
851 2404 1032 2442 ablationi
1060 2405 1277 2453 opponitur.
1308 2405 1385 2442 Sed

321 2452 459 2490 ablatio
484 2455 537 2491 rei
560 2455 706 2493 alienae
728 2464 783 2493 est
809 2464 914 2494 actus
937 2457 1138 2494 iniustitiae
1159 2458 1258 2495 circa
1282 2470 1385 2495 com-

321 2506 562 2544 mutationes.
593 2509 695 2557 Ergo
715 2509 898 2547 restitutio
919 2510 999 2547 eius
1019 2518 1075 2547 est
1094 2518 1200 2547 actus
1225 2511 1384 2548 iustitiae

321 2569 420 2606 quae
449 2568 504 2597 est
531 2561 569 2598 in
599 2563 962 2600 commutationibus
992 2563 1184 2601 directiva.

374 2612 600 2651 RESPONDEO
620 2627 805 2653 DICENDUM
821 2617 926 2665 quod
955 2617 1149 2654 restituere
1173 2616 1264 2654 nihil
1283 2617 1384 2654 aliud

322 2676 404 2700 esse
419 2666 570 2703 videtur
585 2680 701 2715 quam
722 2669 853 2706 iterato
873 2669 1039 2718 aliquem
1058 2675 1220 2706 statuere
1235 2669 1273 2707 in
1295 2682 1384 2719 pos-

322 2717 530 2755 sessionem
550 2721 612 2757 vel
632 2721 847 2758 dominium
867 2722 920 2758 rei
940 2735 1043 2759 suae.
1075 2724 1123 2759 Et
1148 2723 1198 2759 ita
1222 2722 1259 2759 in
1280 2722 1384 2760 resti-

321 2769 467 2807 tutione
505 2773 708 2810 attenditur
735 2775 940 2822 aequalitas
976 2775 1137 2812 iustitiae
1170 2776 1384 2813 secundum

179 2828 197 2854 τ
323 2825 721 2872 recompensationem
759 2827 813 2864 rei
845 2828 894 2864 ad
923 2840 1023 2875 rem,
1062 2840 1159 2877 quae
1179 2834 1194 2856 Υ
1221 2829 1384 2877 pertinet

322 2873 372 2912 ad
390 2875 569 2914 iustitiam
591 2879 919 2917 commutativam.
948 2881 997 2917 Et
1015 2880 1103 2917 ideo
1124 2881 1307 2918 restitutio
1329 2888 1383 2918 est
1409 2903 1411 2910 ι

323 2934 428 2965 actus
454 2931 752 2968 commutativae
779 2932 956 2969 iustitiae:
985 2933 1140 2982 quando
1160 2933 1301 2970 scilicet
1324 2945 1383 2970 res

322 2980 434 3017 unius
461 2982 510 3019 ab
539 2983 612 3020 alio
641 2985 814 3031 habetur,
838 2986 900 3022 vel
928 2997 997 3034 per
1021 2987 1257 3023 voluntatem
1288 2985 1382 3034 eius,

323 3032 419 3070 sicut
441 3033 479 3071 in
505 3043 640 3073 mutuo
659 3037 722 3074 vel
742 3037 934 3086 deposit03
962 3038 1025 3076 vel
1054 3046 1184 3076 contra
1206 3040 1382 3077 volunta-

322 3092 400 3140 tem
431 3087 521 3136 eius,
552 3089 646 3127 sicut
674 3090 713 3127 in
741 3091 872 3140 rapina
899 3091 963 3128 vel
989 3092 1100 3129 furto.

377 3217 405 3250 α)
424 3218 533 3250 accepit.
546 3231 565 3238 —
582 3219 693 3245 abstulit
710 3220 739 3245 P.

378 3251 403 3285 β)
423 3253 507 3285 quasi.
520 3267 539 3274 ·-
558 3253 619 3279 Om.
639 3254 699 3287 Ppc
718 3259 744 3280 et
761 3262 807 3282 xa.
820 3269 839 3275 —
856 3256 908 3281 Pro
926 3256 1004 3289 quod,
1024 3257 1068 3282 cui
1085 3257 1138 3282 AB.

375 3288 403 3330 ἶ)
421 3296 529 3321 quae.-
546 3290 618 3321 quod
636 3290 740 3315 PDL=C
757 3295 784 3316 et
800 3298 829 3316 x.

377 3324 402 3356 ο)
421 3323 505 3350 debet.
518 3339 537 3344 -
555 3325 666 3350 debetur
685 3326 732 3351 Pa.

378 3360 399 3391 ε)
418 3360 504 3386 rebus.
517 3375 535 3380 -
555 3361 616 3386 Om.
636 3362 664 3386 P.

467 3524 577 3549 Sumam
596 3523 696 3548 Tmou.
716 3523 748 3548 D.
761 3523 875 3548 Tnomm
894 3522 925 3548 T.
939 3523 982 3548 VI.

1020 221 1286 268 QUAESTIO
1316 224 1431 270 LXII,

1461 223 1757 261 ARTICULUS
1786 225 1800 260 l
2451 238 2496 272 41

729 419 1142 497 QUAESTIO
1181 421 2105 479 SEXAGESIMASECUNDA

1103 540 1191 580 DE
1228 541 1729 582 RESTITUTIONE

1141 655 1175 680 IN
1205 655 1305 681 OCTO
1334 654 1537 681 ARTICULOS
1566 655 1683 680 DIVISA

1496 740 1665 786 Quarto:
1695 747 1822 776 utrum
1851 749 2024 789 oporteat
2052 741 2192 778 restitui
2220 741 2256 777 id
2287 743 2391 790 quod
2419 743 2503 792 quis

1548 803 1627 828 non
1655 792 1800 840 accepit
1820 798 1848 830 α.

1495 844 1658 890 Quinto:
1688 852 1817 882 utrum
1837 854 2012 894 oporteat
2040 846 2182 883 restitui
2202 847 2235 884 ei
2255 860 2277 884 a
2297 859 2375 895 quo
2397 860 2503 884 acce-

1547 904 1656 944 ptum
1687 905 1753 934 est.

1496 950 1631 986 Sexto:
1679 957 1808 987 utrum
1857 959 2032 1000 oporteat
2073 951 2265 988 restituere
2308 965 2395 990 eum
2439 953 2502 1002 qui

1549 1002 1704 1051 accepit.

1495 1055 1689 1103 Septimo:
1720 1062 1848 1092 utrum
1876 1055 2043 1103 aliquem
2073 1057 2201 1094 aliurn.

1495 1108 1666 1145 Octavo:
1695 1115 1823 1145 utrum
1852 1108 1897 1145 sit
1925 1109 2051 1145 statim
2081 1109 2364 1147 restituendum.

1136 1217 1453 1259 ARTICULUS
1485 1217 1689 1260 PRIMUS

754 1307 910 1338 UTRUM
934 1307 1198 1340 RESTITUTm
1222 1308 1289 1339 sn·
1313 1308 1456 1340 Aci-us
1479 1308 1696 1340 IUSTITIAE
1720 1307 2074 1340 COMMUTATIVAE

1494 1399 1553 1435 AD
1569 1410 1706 1435 PRIMUM
1721 1409 1819 1435 ERGO
1839 1409 2023 1435 DICENDUM
2044 1399 2147 1447 quod
2167 1398 2257 1436 illud
2278 1400 2382 1448 quod
2397 1401 2502 1437 alteri

1442 1463 1521 1488 non
1541 1451 1701 1488 debetur
1720 1463 1798 1488 non
1826 1459 1893 1498 est,
1915 1450 2067 1500 proprie
2088 1452 2294 1500 loquend0‚
2319 1452 2412 1500 eius,
2434 1453 2501 1490 etsi

1442 1503 1649 1552 aliquando
1669 1504 1749 1540 eius
1777 1504 1897 1540 fuerit.
1928 1504 1977 1540 Et
2003 1504 2091 1541 ideo
2112 1505 2231 1552 magis
2250 1505 2400 1542 videtur
2419 1518 2501 1543 esse

1441 1568 1545 1593 nova
1557 1556 1712 1593 donatio
1727 1568 1845 1604 quam
1861 1556 2044 1593 restitutio
2061 1569 2147 1593 cum
2162 1557 2246 1605 quis
2262 1558 2365 1594 alteri
2380 1559 2502 1596 reddit

1441 1609 1547 1658 quod
1573 1609 1606 1645 ei
1631 1621 1710 1646 non
1731 1609 1844 1646 debet
1857 1606 1883 1646 ὅ.
1913 1610 2039 1645 Habet
2063 1617 2191 1646 tamen
2212 1609 2378 1658 aliquam
2400 1611 2501 1648 simi-

1440 1662 1638 1699 litudinem
1672 1661 1933 1710 restitutionis,
1964 1662 2052 1710 quia
2089 1674 2148 1698 res
2181 1662 2418 1700 materialiter
2447 1671 2502 1701 est

1442 1715 1590 1752 eadem.
1621 1715 1713 1752 Non
1733 1722 1863 1752 tamen
1884 1722 1939 1751 est
1958 1715 2092 1752 eadem
2121 1717 2333 1753 secundum
2363 1716 2502 1753 forma-

1440 1769 1518 1805 lem
1538 1768 1725 1805 rationem
1749 1780 1867 1817 quam
1889 1768 2039 1816 respicit
2058 1768 2205 1815 iustitia,
2224 1769 2328 1817 quod
2349 1777 2404 1806 est
2419 1782 2501 1806 esse

1439 1833 1553 1858 suum
1574 1821 1743 1858 alicuius.
1765 1821 1876 1858 Unde
1896 1833 1967 1858 nec
1979 1821 2139 1870 proprie
2158 1821 2339 1858 restitutio
2355 1822 2499 1859 dicitur.

1493 1876 1552 1911 An
1564 1885 1755 1911 SECUNDUM
1770 1885 1954 1911 mcENDUM
1966 1874 2072 1923 quod
2088 1886 2230 1911 nomen
2247 1875 2499 1923 restitutionis,

1440 1927 1667 1976 inquantum
1696 1927 1875 1976 importat
1902 1927 2141 1964 iterationem
2170 1929 2382 1976 quandam,
2413 1941 2501 1977 sup-

1438 1980 1548 2029 ponit
1571 1980 1624 2017 rei
1645 1980 1890 2017 identitatem.
1919 1981 1968 2016 Et
1988 1980 2074 2016 ideo
2095 1980 2307 2017 secundum
2336 1980 2500 2029 primam

1439 2034 1725 2083 impositionem
1754 2033 1940 2079 nominis,
1979 2033 2162 2070 restitutio
2190 2033 2341 2070 videtur
2372 2035 2501 2070 locum

1439 2088 1580 2124 habere
1617 2086 1820 2136 praecipue
1857 2086 1894 2122 in
1927 2086 2040 2122 rebus
2059 2091 2071 2107 ⁸
2101 2086 2367 2133 exterioribus,
2402 2099 2500 2135 quae

1411 2136 1413 2141 ’
1439 2147 1637 2177 manentes
1658 2139 1817 2176 eaedem
1838 2147 1874 2176 et
1892 2139 2104 2176 secundum
2124 2139 2372 2176 substantiam
2393 2147 2430 2176 et
2443 2152 2500 2176 se-

1440 2193 1608 2230 cundum
1637 2192 1694 2229 ius
1731 2192 1901 2240 dominii,
1930 2193 1977 2229 ab
2005 2203 2084 2228 uno
2116 2199 2277 2240 possunt
2309 2192 2358 2229 ad
2385 2192 2500 2229 alium
2561 2217 2570 2226 .

1440 2245 1631 2284 devenire.
1663 2245 1739 2282 Sed
1767 2245 1862 2282 sicut
1890 2245 1938 2282 ab
1967 2244 2187 2282 huiusmodi
2215 2245 2329 2282 rebus
2357 2257 2501 2282 nomen

1439 2298 1747 2336 commutationis
1767 2299 1989 2335 translatum
2011 2305 2066 2334 est
2084 2298 2131 2334 ad
2151 2297 2320 2335 actiones
2334 2298 2396 2334 vel
2416 2310 2501 2346 pas-

1439 2353 1564 2389 siones
1580 2364 1678 2400 quae
1696 2351 1885 2400 pertinent
1904 2350 1952 2388 ad
1973 2350 2224 2387 reverentiam
2244 2351 2306 2387 vel
2325 2350 2501 2387 iniuriam

1440 2405 1596 2442 alicuius
1629 2416 1838 2453 personae,
1876 2416 1944 2440 seu
1973 2411 2250 2440 nocumentum
2286 2403 2349 2440 vel
2377 2404 2501 2452 profe-

1441 2466 1564 2502 ctum;
1595 2458 1644 2494 ita
1665 2457 1779 2494 etiam
1807 2469 1951 2493 nomen
1980 2456 2222 2493 restitutionis
2247 2456 2295 2492 ad
2322 2457 2417 2493 haec
2438 2457 2501 2493 de-

1439 2511 1582 2547 rivatur
1601 2523 1700 2558 quae
1720 2509 1743 2555 ζ,
1774 2510 1859 2546 licet
1885 2510 2031 2546 realiter
2050 2522 2129 2546 non
2153 2517 2343 2555 maneant,
2373 2517 2501 2546 tamen

1440 2571 1596 2601 manent
1622 2564 1661 2601 in
1691 2563 1849 2609 effectu,
1878 2564 1940 2599 vel
1971 2562 2179 2611 corporali,
2208 2569 2300 2610 puta
2338 2574 2426 2598 cum
2456 2574 2500 2598 ex

1439 2617 1684 2665 percussione
1713 2616 1872 2653 laeditur
1901 2628 2059 2664 corpus;
2089 2616 2151 2652 vel
2180 2615 2245 2664 qui
2275 2622 2329 2651 est
2357 2615 2394 2652 in
2423 2615 2502 2663 opi-

1439 2670 1555 2707 nione
1583 2669 1808 2715 hominurn,
1838 2668 1934 2705 sicut
1962 2681 2050 2705 curn
2084 2668 2218 2715 aliquis
2238 2673 2255 2695 η
2283 2668 2404 2704 verbo
2435 2680 2501 2715 op-

1438 2723 1641 2771 probrioso
1676 2729 1849 2758 remanet
1885 2723 2005 2758 homo
2043 2721 2266 2765 infamatus,
2296 2722 2358 2757 vel
2388 2720 2500 2756 etiarn

1439 2775 1650 2812 minoratus
1678 2775 1717 2811 in
1745 2787 1815 2811 suo
1844 2775 2003 2811 honore.

1491 2830 1550 2865 AD
1565 2840 1726 2865 TERTIUM
1742 2839 1926 2864 DICENDUM
1942 2826 2046 2875 quod
2062 2825 2366 2874 recompensatio
2382 2837 2499 2872 quarn

1438 2881 1526 2917 facit
1548 2881 1775 2918 distribuens
1805 2879 1837 2916 ei
1859 2879 1918 2915 cui
1945 2878 2048 2916 dedit
2075 2878 2202 2915 minus
2221 2889 2338 2926 quam
2359 2877 2499 2923 debuit,

1437 2934 1481 2970 fit
1500 2933 1712 2970 secundum
1743 2931 2069 2981 comparationem
2089 2931 2142 2968 rei
2162 2931 2210 2968 ad
2230 2943 2331 2967 rem:
2361 2938 2402 2967 ut
2429 2930 2457 2967 si
2473 2927 2499 2976 ⁰,

1439 2993 1582 3035 quanto
1611 2986 1738 3022 minus
1767 2984 1899 3022 habuit
1926 2996 2042 3034 quam
2064 2984 2204 3031 debuit,
2233 2990 2337 3020 tanto
2362 2984 2447 3032 plus
2468 2982 2500 3019 ei

1439 3039 1559 3076 detur.
1606 3039 1656 3075 Et
1683 3038 1770 3076 ideo
1809 3037 1885 3075 iam
1913 3036 2076 3087 pertinet
2103 3037 2151 3074 ad
2179 3036 2358 3073 iustitiam
2397 3048 2500 3072 com-

1438 3092 1676 3129 mutativam.

1493 3221 1518 3254 ζ)
1539 3223 1604 3248 haec
1623 3222 1763 3248 derivatur
1781 3229 1857 3255 quae.
1871 3236 1889 3241 -
1907 3222 1956 3247 hoc
1975 3221 2114 3247 derivatur
2133 3221 2287 3251 (ordinatur
2306 3221 2340 3252 D)
2358 3221 2429 3253 quod
2447 3221 2500 3251 DE,

1439 3257 1488 3282 hoc
1508 3257 1648 3282 derivatur
1668 3265 1735 3289 quae
1753 3258 1791 3282 Pa
1811 3262 1837 3282 et
1855 3257 1930 3282 ceteri
1951 3257 2078 3289 (exceptis
2097 3255 2189 3288 Am).

1492 3293 1520 3325 η)
1539 3293 1644 3326 aliquis.
1654 3307 1672 3311 -
1685 3293 1775 3325 aliquo
1790 3293 1826 3323 G3
1842 3293 1920 3318 homo
1933 3300 1987 3318 om.
1999 3293 2077 3317 PH.-
2092 3292 2132 3316 vel
2144 3291 2224 3316 etiam
2239 3291 2388 3316 minoratus
2402 3299 2456 3316 om.
2467 3291 2499 3315 Η.

1492 3327 1516 3361 Θ)
1535 3329 1567 3353 si.
1580 3342 1598 3348 -
1617 3329 1717 3354 scilicet
1735 3329 1766 3360 D,
1785 3329 1854 3354 sicut
1873 3328 1905 3353 G.

2625 2512 2639 2540 t
