<?xml version="1.0" encoding="UTF-8"?>
<!DOCTYPE html PUBLIC "-//W3C//DTD XHTML 1.0 Transitional//EN"
    "http://www.w3.org/TR/xhtml1/DTD/xhtml1-transitional.dtd">
<html xmlns="http://www.w3.org/1999/xhtml" xml:lang="en" lang="en">
 <head>
  <title>
</title>
<meta http-equiv="Content-Type" content="text/html;charset=utf-8" />
  <meta name='ocr-system' content='tesseract 3.04.00' />
  <meta name='ocr-capabilities' content='ocr_page ocr_carea ocr_par ocr_line ocrx_word'/>
</head>
<body>
  <div class='ocr_page' id='page_1' title='image "./operaomniaiussui09thom/operaomniaiussui09thom_0409.png"; bbox 0 0 2860 4244; ppageno 0'>
   <div class='ocr_carea' id='block_1_1' title="bbox 0 1024 115 3871">
    <p class='ocr_par' dir='ltr' id='par_1_1' title="bbox 0 1024 115 3871">
     <span class='ocr_line' id='line_1_1' title="bbox 0 1024 115 3871; baseline 0 0"><span class='ocrx_word' id='word_1_1' title='bbox 0 1024 115 3871; x_wconf 95' lang='lat' dir='ltr'>   </span> 
     </span>
    </p>
   </div>
   <div class='ocr_carea' id='block_1_2' title="bbox 24 962 167 1010">
    <p class='ocr_par' dir='ltr' id='par_1_2' title="bbox 24 962 167 1010">
     <span class='ocr_line' id='line_1_2' title="bbox 24 962 167 1010; baseline 0 -6"><span class='ocrx_word' id='word_1_2' title='bbox 24 962 57 1010; x_wconf 3' lang='grc' dir='ltr'>Ε*</span> <span class='ocrx_word' id='word_1_3' title='bbox 68 981 108 1010; x_wconf 77' lang='lat' dir='ltr'>Qu</span> <span class='ocrx_word' id='word_1_4' title='bbox 121 985 167 1004; x_wconf 70' lang='lat' dir='ltr'>nv·</span> 
     </span>
    </p>
   </div>
   <div class='ocr_carea' id='block_1_3' title="bbox 37 3045 260 3120">
    <p class='ocr_par' dir='ltr' id='par_1_3' title="bbox 34 3045 260 3122">
     <span class='ocr_line' id='line_1_3' title="bbox 37 3045 260 3120; baseline -0.018 1.945"><span class='ocrx_word' id='word_1_5' title='bbox 37 3071 71 3083; x_wconf 83' lang='lat'>.··</span> <span class='ocrx_word' id='word_1_6' title='bbox 83 3045 206 3120; x_wconf 53' lang='lat' dir='ltr'>effu.</span> <span class='ocrx_word' id='word_1_7' title='bbox 207 3076 260 3119; x_wconf 80' lang='lat' dir='ltr'>l&#39;ect.</span> 
     </span>
    </p>
   </div>
   <div class='ocr_carea' id='block_1_4' title="bbox 36 3138 251 3201">
    <p class='ocr_par' dir='ltr' id='par_1_4' title="bbox 36 3134 251 3211">
     <span class='ocr_line' id='line_1_4' title="bbox 36 3138 251 3179; baseline -0.005 -6"><span class='ocrx_word' id='word_1_8' title='bbox 36 3138 38 3142; x_wconf 44' lang='grc' dir='ltr'>Ι</span> <span class='ocrx_word' id='word_1_9' title='bbox 49 3139 127 3173; x_wconf 59' lang='grc' dir='ltr'>Ἦν</span> <span class='ocrx_word' id='word_1_10' title='bbox 128 3156 191 3179; x_wconf 72' lang='grc' dir='ltr'>..σιμ</span> <span class='ocrx_word' id='word_1_11' title='bbox 196 3156 251 3172; x_wconf 81' lang='lat' dir='ltr'>xxiv</span> 
     </span>
     <span class='ocr_line' id='line_1_5' title="bbox 49 3150 154 3201; baseline -0.017 -0.205"><span class='ocrx_word' id='word_1_12' title='bbox 49 3150 109 3201; x_wconf 62' lang='lat' dir='ltr'>:en</span> <span class='ocrx_word' id='word_1_13' title='bbox 124 3183 154 3199; x_wconf 66' lang='grc' dir='ltr'>ιι.</span> 
     </span>
    </p>
   </div>
   <div class='ocr_carea' id='block_1_5' title="bbox 0 3587 39 4244">
    <p class='ocr_par' dir='ltr' id='par_1_5' title="bbox 0 3587 39 4244">
     <span class='ocr_line' id='line_1_6' title="bbox 0 3587 39 4244; textangle 90"><span class='ocrx_word' id='word_1_14' title='bbox 0 3851 39 4244; x_wconf 48' lang='grc' dir='ltr'>’ἥκω-»ΰκὲᾱῆὲῧὲῖ</span> <span class='ocrx_word' id='word_1_15' title='bbox 16 3808 27 3817; x_wconf 81' lang='grc'>.-</span> <span class='ocrx_word' id='word_1_16' title='bbox 24 3756 36 3759; x_wconf 52' lang='grc'>;</span> <span class='ocrx_word' id='word_1_17' title='bbox 11 3635 13 3637; x_wconf 62' lang='grc'>’</span> <span class='ocrx_word' id='word_1_18' title='bbox 8 3587 27 3595; x_wconf 71' lang='lat'>2·</span> 
     </span>
    </p>
   </div>
   <div class='ocr_carea' id='block_1_6' title="bbox 47 2982 258 3033">
    <p class='ocr_par' dir='ltr' id='par_1_6' title="bbox 47 2982 258 3033">
     <span class='ocr_line' id='line_1_7' title="bbox 47 2982 258 3033; baseline -0.014 0"><span class='ocrx_word' id='word_1_19' title='bbox 47 2982 160 3033; x_wconf 43' lang='lat' dir='ltr'>§.Qus</span> <span class='ocrx_word' id='word_1_20' title='bbox 160 2989 238 3032; x_wconf 50' lang='lat'>503⁵·</span> <span class='ocrx_word' id='word_1_21' title='bbox 236 3015 258 3030; x_wconf 77' lang='lat' dir='ltr'>v.</span> 
     </span>
    </p>
   </div>
   <div class='ocr_carea' id='block_1_7' title="bbox 980 241 1746 290">
    <p class='ocr_par' dir='ltr' id='par_1_7' title="bbox 980 241 1746 290">
     <span class='ocr_line' id='line_1_8' title="bbox 980 241 1746 290; baseline 0 -11"><span class='ocrx_word' id='word_1_22' title='bbox 980 242 1247 289; x_wconf 87' lang='lat' dir='ltr'>QUAESTIO</span> <span class='ocrx_word' id='word_1_23' title='bbox 1275 243 1376 290; x_wconf 89' lang='lat' dir='ltr'>CIII,</span> <span class='ocrx_word' id='word_1_24' title='bbox 1405 241 1701 279; x_wconf 83' lang='lat' dir='ltr'>ARTICULUS</span> <span class='ocrx_word' id='word_1_25' title='bbox 1730 242 1746 279; x_wconf 90' lang='lat'><em>1</em></span> 
     </span>
    </p>
   </div>
   <div class='ocr_carea' id='block_1_8' title="bbox 743 394 2035 602">
    <p class='ocr_par' dir='ltr' id='par_1_8' title="bbox 743 394 2035 600">
     <span class='ocr_line' id='line_1_9' title="bbox 743 394 2035 544; baseline -0.002 -46"><span class='ocrx_word' id='word_1_26' title='bbox 743 439 1155 518; x_wconf 79' lang='lat' dir='ltr'>QUAESTIO</span> <span class='ocrx_word' id='word_1_27' title='bbox 1201 394 2035 544; x_wconf 85' lang='lat' dir='ltr'>CENTESIMATERTIA</span> 
     </span>
     <span class='ocr_line' id='line_1_10' title="bbox 1169 557 1559 602; baseline -0.002 -3"><span class='ocrx_word' id='word_1_28' title='bbox 1169 559 1211 599; x_wconf 90' lang='lat' dir='ltr'>D</span> <span class='ocrx_word' id='word_1_29' title='bbox 1230 559 1287 602; x_wconf 81' lang='lat' dir='ltr'>E</span> <span class='ocrx_word' id='word_1_30' title='bbox 1313 559 1355 600; x_wconf 89' lang='lat' dir='ltr'>D</span> <span class='ocrx_word' id='word_1_31' title='bbox 1372 557 1466 600; x_wconf 64' lang='lat' dir='ltr'>m.</span> <span class='ocrx_word' id='word_1_32' title='bbox 1482 559 1500 598; x_wconf 84' lang='grc' dir='ltr'>ι</span> <span class='ocrx_word' id='word_1_33' title='bbox 1517 558 1559 599; x_wconf 89' lang='lat' dir='ltr'><strong>A</strong></span> 
     </span>
    </p>
   </div>
   <div class='ocr_carea' id='block_1_9' title="bbox 1061 673 1672 707">
    <p class='ocr_par' dir='ltr' id='par_1_9' title="bbox 1061 673 1672 707">
     <span class='ocr_line' id='line_1_11' title="bbox 1061 673 1672 707; baseline -0.003 -7"><span class='ocrx_word' id='word_1_34' title='bbox 1061 674 1096 700; x_wconf 80' lang='lat' dir='ltr'>IN</span> <span class='ocrx_word' id='word_1_35' title='bbox 1125 673 1298 707; x_wconf 63' lang='lat' dir='ltr'>Qum-uon</span> <span class='ocrx_word' id='word_1_36' title='bbox 1324 673 1528 707; x_wconf 60' lang='lat' dir='ltr'>mricutos</span> <span class='ocrx_word' id='word_1_37' title='bbox 1555 673 1672 706; x_wconf 57' lang='lat' dir='ltr'>nivis».</span> 
     </span>
    </p>
   </div>
   <div class='ocr_carea' id='block_1_10' title="bbox 45 766 1341 871">
    <p class='ocr_par' dir='ltr' id='par_1_10' title="bbox 114 766 1341 859">
     <span class='ocr_line' id='line_1_12' title="bbox 216 766 1341 859; baseline 0 -56"><span class='ocrx_word' id='word_1_38' title='bbox 216 818 227 841; x_wconf 55' lang='grc' dir='ltr'>Ι</span> <span class='ocrx_word' id='word_1_39' title='bbox 283 774 473 859; x_wconf 67' lang='lat' dir='ltr'>Damna</span> <span class='ocrx_word' id='word_1_40' title='bbox 515 766 836 804; x_wconf 81' lang='lat' dir='ltr'>considerandum</span> <span class='ocrx_word' id='word_1_41' title='bbox 879 773 934 804; x_wconf 89' lang='lat' dir='ltr'>est</span> <span class='ocrx_word' id='word_1_42' title='bbox 975 767 1022 804; x_wconf 92' lang='lat' dir='ltr'>de</span> <span class='ocrx_word' id='word_1_43' title='bbox 1062 767 1230 816; x_wconf 86' lang='lat' dir='ltr'>partibus</span> <span class='ocrx_word' id='word_1_44' title='bbox 1272 767 1341 803; x_wconf 89' lang='lat' dir='ltr'>ob-</span> 
     </span>
     <span class='ocr_line' id='line_1_13' title="bbox 45 819 256 871; baseline 0 -31"><span class='ocrx_word' id='word_1_45' title='bbox 45 819 154 871; x_wconf 56' lang='lat' dir='ltr'><strong>mg&#39;qu‘</strong></span> <span class='ocrx_word' id='word_1_46' title='bbox 165 824 207 847; x_wconf 75' lang='lat' dir='ltr'>m,</span> <span class='ocrx_word' id='word_1_47' title='bbox 227 823 256 840; x_wconf 86' lang='lat' dir='ltr'>n-</span> 
     </span>
    </p>
   </div>
   <div class='ocr_carea' id='block_1_11' title="bbox 281 818 1342 1185">
    <p class='ocr_par' dir='ltr' id='par_1_11' title="bbox 281 818 1342 1185">
     <span class='ocr_line' id='line_1_14' title="bbox 366 818 1342 879; baseline 0.002 -24"><span class='ocrx_word' id='word_1_48' title='bbox 366 818 577 856; x_wconf 83' lang='lat' dir='ltr'>servantiae</span> <span class='ocrx_word' id='word_1_49' title='bbox 608 818 640 855; x_wconf 80' lang='lat'>¹¹⁸.</span> <span class='ocrx_word' id='word_1_50' title='bbox 670 819 720 856; x_wconf 85' lang='lat' dir='ltr'>Et</span> <span class='ocrx_word' id='word_1_51' title='bbox 754 819 892 868; x_wconf 87' lang='lat' dir='ltr'>primo,</span> <span class='ocrx_word' id='word_1_52' title='bbox 923 819 971 856; x_wconf 89' lang='lat' dir='ltr'>de</span> <span class='ocrx_word' id='word_1_53' title='bbox 1009 819 1136 867; x_wconf 88' lang='lat' dir='ltr'>dulia,·</span> <span class='ocrx_word' id='word_1_54' title='bbox 1151 828 1250 879; x_wconf 80' lang='lat' dir='ltr'>quae</span> <span class='ocrx_word' id='word_1_55' title='bbox 1280 830 1342 872; x_wconf 87' lang='lat' dir='ltr'>ex-</span> 
     </span>
     <span class='ocr_line' id='line_1_15' title="bbox 281 870 1342 922; baseline -0.002 -12"><span class='ocrx_word' id='word_1_56' title='bbox 281 870 387 911; x_wconf 86' lang='lat' dir='ltr'>hibet</span> <span class='ocrx_word' id='word_1_57' title='bbox 412 873 628 919; x_wconf 86' lang='lat' dir='ltr'><strong>honorem,</strong></span> <span class='ocrx_word' id='word_1_58' title='bbox 634 879 671 910; x_wconf 93' lang='lat' dir='ltr'>et</span> <span class='ocrx_word' id='word_1_59' title='bbox 689 879 814 910; x_wconf 84' lang='lat' dir='ltr'>cetera</span> <span class='ocrx_word' id='word_1_60' title='bbox 842 873 891 910; x_wconf 87' lang='lat' dir='ltr'>ad</span> <span class='ocrx_word' id='word_1_61' title='bbox 908 873 985 910; x_wconf 91' lang='lat' dir='ltr'>hoc</span> <span class='ocrx_word' id='word_1_62' title='bbox 1001 872 1237 922; x_wconf 83' lang='lat' dir='ltr'><strong>pertinentia,</strong></span> <span class='ocrx_word' id='word_1_63' title='bbox 1257 883 1342 921; x_wconf 92' lang='lat' dir='ltr'>per-</span> 
     </span>
     <span class='ocr_line' id='line_1_16' title="bbox 282 924 1342 994; baseline 0 -33"><span class='ocrx_word' id='word_1_64' title='bbox 282 924 389 965; x_wconf 85' lang='lat' dir='ltr'>sonis</span> <span class='ocrx_word' id='word_1_65' title='bbox 422 924 701 975; x_wconf 70' lang='lat' dir='ltr'>superioribus3</span> <span class='ocrx_word' id='word_1_66' title='bbox 729 925 916 972; x_wconf 85' lang='lat' dir='ltr'>secundo,</span> <span class='ocrx_word' id='word_1_67' title='bbox 945 925 992 962; x_wconf 92' lang='lat' dir='ltr'>de</span> <span class='ocrx_word' id='word_1_68' title='bbox 1018 925 1245 990; x_wconf 80' lang='lat' dir='ltr'>obedientia,</span> <span class='ocrx_word' id='word_1_69' title='bbox 1273 935 1342 994; x_wconf 82' lang='lat' dir='ltr'>per</span> 
     </span>
     <span class='ocr_line' id='line_1_17' title="bbox 283 977 1004 1026; baseline -0.001 -11"><span class='ocrx_word' id='word_1_70' title='bbox 283 989 399 1026; x_wconf 85' lang='lat' dir='ltr'>quam</span> <span class='ocrx_word' id='word_1_71' title='bbox 429 982 560 1015; x_wconf 78' lang='lat' dir='ltr'>earum</span> <span class='ocrx_word' id='word_1_72' title='bbox 589 977 766 1015; x_wconf 83' lang='lat' dir='ltr'>obeditur</span> <span class='ocrx_word' id='word_1_73' title='bbox 792 977 953 1026; x_wconf 88' lang='lat' dir='ltr'>imperio</span> <span class='ocrx_word' id='word_1_74' title='bbox 973 977 1004 1014; x_wconf 64' lang='lat'>²⁸.</span> 
     </span>
     <span class='ocr_line' id='line_1_18' title="bbox 284 1030 1053 1079; baseline -0.003 -11"><span class='ocrx_word' id='word_1_75' title='bbox 284 1030 394 1068; x_wconf 87' lang='lat' dir='ltr'>Circa</span> <span class='ocrx_word' id='word_1_76' title='bbox 421 1031 591 1079; x_wconf 85' lang='lat' dir='ltr'>primum</span> <span class='ocrx_word' id='word_1_77' title='bbox 619 1034 854 1079; x_wconf 83' lang='lat' dir='ltr'>quaeruntur</span> <span class='ocrx_word' id='word_1_78' title='bbox 880 1036 1053 1078; x_wconf 85' lang='lat' dir='ltr'>quatuor.</span> 
     </span>
     <span class='ocr_line' id='line_1_19' title="bbox 336 1081 1340 1131; baseline -0.002 -11"><span class='ocrx_word' id='word_1_79' title='bbox 336 1083 489 1120; x_wconf 84' lang='lat' dir='ltr'>Primo:</span> <span class='ocrx_word' id='word_1_80' title='bbox 518 1091 646 1121; x_wconf 90' lang='lat' dir='ltr'>utrum</span> <span class='ocrx_word' id='word_1_81' title='bbox 674 1084 800 1120; x_wconf 92' lang='lat' dir='ltr'>honor</span> <span class='ocrx_word' id='word_1_82' title='bbox 822 1083 867 1119; x_wconf 92' lang='lat' dir='ltr'>sit</span> <span class='ocrx_word' id='word_1_83' title='bbox 886 1082 1027 1131; x_wconf 88' lang='lat' dir='ltr'>aliquid</span> <span class='ocrx_word' id='word_1_84' title='bbox 1055 1081 1258 1131; x_wconf 83' lang='lat' dir='ltr'>spirituale,</span> <span class='ocrx_word' id='word_1_85' title='bbox 1278 1083 1340 1118; x_wconf 88' lang='lat' dir='ltr'>vel</span> 
     </span>
     <span class='ocr_line' id='line_1_20' title="bbox 391 1137 600 1185; baseline 0 -12"><span class='ocrx_word' id='word_1_86' title='bbox 391 1137 600 1185; x_wconf 84' lang='lat' dir='ltr'>corporale.</span> 
     </span>
    </p>
   </div>
   <div class='ocr_carea' id='block_1_12' title="bbox 1366 766 1369 956">
    <p class='ocr_par' dir='ltr' id='par_1_12' title="bbox 1366 766 1369 956">
     <span class='ocr_line' id='line_1_21' title="bbox 1366 766 1369 956; baseline 0 3288"><span class='ocrx_word' id='word_1_87' title='bbox 1366 766 1369 956; x_wconf 95' lang='lat' dir='ltr'> </span> 
     </span>
    </p>
   </div>
   <div class='ocr_carea' id='block_1_13' title="bbox 1367 957 1370 1181">
    <p class='ocr_par' dir='ltr' id='par_1_13' title="bbox 1367 957 1370 1181">
     <span class='ocr_line' id='line_1_22' title="bbox 1367 957 1370 1181; baseline 0 3063"><span class='ocrx_word' id='word_1_88' title='bbox 1367 957 1370 1181; x_wconf 95' lang='lat' dir='ltr'> </span> 
     </span>
    </p>
   </div>
   <div class='ocr_carea' id='block_1_14' title="bbox 1449 765 2454 1185">
    <p class='ocr_par' dir='ltr' id='par_1_14' title="bbox 1449 765 2452 872">
     <span class='ocr_line' id='line_1_23' title="bbox 1449 765 2452 815; baseline -0.001 -13"><span class='ocrx_word' id='word_1_89' title='bbox 1449 765 1645 802; x_wconf 85' lang='lat' dir='ltr'>Secundo:</span> <span class='ocrx_word' id='word_1_90' title='bbox 1677 773 1805 803; x_wconf 89' lang='lat' dir='ltr'>utrum</span> <span class='ocrx_word' id='word_1_91' title='bbox 1842 766 1968 803; x_wconf 89' lang='lat' dir='ltr'>honor</span> <span class='ocrx_word' id='word_1_92' title='bbox 2004 765 2187 803; x_wconf 87' lang='lat' dir='ltr'><strong>debeatur</strong></span> <span class='ocrx_word' id='word_1_93' title='bbox 2218 765 2307 802; x_wconf 90' lang='lat' dir='ltr'>solis</span> <span class='ocrx_word' id='word_1_94' title='bbox 2342 777 2452 815; x_wconf 88' lang='lat' dir='ltr'>supe-</span> 
     </span>
     <span class='ocr_line' id='line_1_24' title="bbox 1501 825 1861 872; baseline 0 0"><span class='ocrx_word' id='word_1_95' title='bbox 1501 835 1675 872; x_wconf 90' lang='lat' dir='ltr'>rioribus.</span> <span class='ocrx_word' id='word_1_96' title='bbox 1858 825 1861 827; x_wconf 33' lang='lat'>⁵</span> 
     </span>
    </p>

    <p class='ocr_par' dir='ltr' id='par_1_15' title="bbox 1449 915 2454 1100">
     <span class='ocr_line' id='line_1_25' title="bbox 1449 915 2452 963; baseline 0.001 -11"><span class='ocrx_word' id='word_1_97' title='bbox 1449 915 1600 953; x_wconf 86' lang='lat' dir='ltr'>Tertio:</span> <span class='ocrx_word' id='word_1_98' title='bbox 1638 923 1765 953; x_wconf 87' lang='lat' dir='ltr'>utrum</span> <span class='ocrx_word' id='word_1_99' title='bbox 1795 916 1914 963; x_wconf 92' lang='lat' dir='ltr'>dulia,</span> <span class='ocrx_word' id='word_1_100' title='bbox 1944 916 2052 955; x_wconf 89' lang='lat' dir='ltr'>cuius</span> <span class='ocrx_word' id='word_1_101' title='bbox 2085 924 2139 954; x_wconf 92' lang='lat' dir='ltr'>est</span> <span class='ocrx_word' id='word_1_102' title='bbox 2172 916 2348 954; x_wconf 87' lang='lat' dir='ltr'>exhibere</span> <span class='ocrx_word' id='word_1_103' title='bbox 2380 917 2452 956; x_wconf 89' lang='lat' dir='ltr'>ho-</span> 
     </span>
     <span class='ocr_line' id='line_1_26' title="bbox 1502 989 2454 1039; baseline 0.002 -14"><span class='ocrx_word' id='word_1_104' title='bbox 1502 999 1638 1025; x_wconf 90' lang='lat' dir='ltr'>norem</span> <span class='ocrx_word' id='word_1_105' title='bbox 1667 996 1703 1025; x_wconf 90' lang='lat' dir='ltr'>et</span> <span class='ocrx_word' id='word_1_106' title='bbox 1731 989 1873 1026; x_wconf 87' lang='lat' dir='ltr'>cultum</span> <span class='ocrx_word' id='word_1_107' title='bbox 1902 989 2179 1038; x_wconf 90' lang='lat' dir='ltr'>superioribus,</span> <span class='ocrx_word' id='word_1_108' title='bbox 2210 990 2254 1027; x_wconf 92' lang='lat' dir='ltr'>sit</span> <span class='ocrx_word' id='word_1_109' title='bbox 2276 990 2454 1039; x_wconf 34' lang='lat' dir='ltr'>,specialis</span> 
     </span>
     <span class='ocr_line' id='line_1_27' title="bbox 1501 1061 2017 1100; baseline 0.004 -2"><span class='ocrx_word' id='word_1_110' title='bbox 1501 1061 1621 1099; x_wconf 86' lang='lat' dir='ltr'>virtus</span> <span class='ocrx_word' id='word_1_111' title='bbox 1649 1074 1671 1099; x_wconf 89' lang='lat' dir='ltr'>a</span> <span class='ocrx_word' id='word_1_112' title='bbox 1699 1061 1804 1099; x_wconf 89' lang='lat' dir='ltr'>latria</span> <span class='ocrx_word' id='word_1_113' title='bbox 1832 1062 2017 1100; x_wconf 89' lang='lat' dir='ltr'>distincta.</span> 
     </span>
    </p>

    <p class='ocr_par' dir='ltr' id='par_1_16' title="bbox 1449 1135 2325 1185">
     <span class='ocr_line' id='line_1_28' title="bbox 1449 1135 2325 1185; baseline 0.001 -13"><span class='ocrx_word' id='word_1_114' title='bbox 1449 1135 1615 1182; x_wconf 88' lang='lat' dir='ltr'>Quarto:</span> <span class='ocrx_word' id='word_1_115' title='bbox 1643 1143 1769 1172; x_wconf 90' lang='lat' dir='ltr'>utrum</span> <span class='ocrx_word' id='word_1_116' title='bbox 1798 1148 1866 1184; x_wconf 91' lang='lat' dir='ltr'>per</span> <span class='ocrx_word' id='word_1_117' title='bbox 1894 1136 2039 1185; x_wconf 87' lang='lat' dir='ltr'>species</span> <span class='ocrx_word' id='word_1_118' title='bbox 2068 1136 2325 1184; x_wconf 86' lang='lat' dir='ltr'>distinguatur.</span> 
     </span>
    </p>
   </div>
   <div class='ocr_carea' id='block_1_15' title="bbox 1087 1252 1649 1296">
    <p class='ocr_par' dir='ltr' id='par_1_17' title="bbox 1087 1252 1649 1296">
     <span class='ocr_line' id='line_1_29' title="bbox 1087 1252 1649 1296; baseline -0.002 -1"><span class='ocrx_word' id='word_1_119' title='bbox 1087 1252 1405 1295; x_wconf 87' lang='lat' dir='ltr'>ARTICULUS</span> <span class='ocrx_word' id='word_1_120' title='bbox 1442 1252 1649 1296; x_wconf 88' lang='lat' dir='ltr'>PRIMUS</span> 
     </span>
    </p>
   </div>
   <div class='ocr_carea' id='block_1_16' title="bbox 836 1343 1905 1382">
    <p class='ocr_par' dir='ltr' id='par_1_18' title="bbox 836 1343 1905 1382">
     <span class='ocr_line' id='line_1_30' title="bbox 836 1343 1905 1382; baseline 0 -7"><span class='ocrx_word' id='word_1_121' title='bbox 836 1344 992 1381; x_wconf 87' lang='lat' dir='ltr'>UTRUM</span> <span class='ocrx_word' id='word_1_122' title='bbox 1014 1343 1170 1375; x_wconf 88' lang='lat' dir='ltr'>HONOR</span> <span class='ocrx_word' id='word_1_123' title='bbox 1193 1344 1416 1376; x_wconf 88' lang='lat' dir='ltr'>IMPORTET</span> <span class='ocrx_word' id='word_1_124' title='bbox 1439 1344 1619 1382; x_wconf 86' lang='lat' dir='ltr'>ALIQUID</span> <span class='ocrx_word' id='word_1_125' title='bbox 1644 1344 1905 1376; x_wconf 83' lang='lat' dir='ltr'>CORPORALE</span> 
     </span>
    </p>
   </div>
   <div class='ocr_carea' id='block_1_17' title="bbox 1226 1423 1515 1452">
    <p class='ocr_par' dir='ltr' id='par_1_19' title="bbox 1226 1423 1515 1452">
     <span class='ocr_line' id='line_1_31' title="bbox 1226 1423 1515 1452; baseline -0.004 -4"><span class='ocrx_word' id='word_1_126' title='bbox 1226 1423 1235 1448; x_wconf 89' lang='lat'>1</span> <span class='ocrx_word' id='word_1_127' title='bbox 1255 1423 1515 1452; x_wconf 66' lang='lat' dir='ltr'>fflhoe„1ect.m11.</span> 
     </span>
    </p>
   </div>
   <div class='ocr_carea' id='block_1_18' title="bbox 291 1501 1373 1571">
    <p class='ocr_par' dir='ltr' id='par_1_20' title="bbox 291 1492 1373 1571">
     <span class='ocr_line' id='line_1_32' title="bbox 291 1501 1373 1571; baseline 0 -32"><span class='ocrx_word' id='word_1_128' title='bbox 291 1503 305 1508; x_wconf 76' lang='grc'><em>“</em></span> <span class='ocrx_word' id='word_1_129' title='bbox 325 1524 345 1539; x_wconf 90' lang='lat'>-.</span> <span class='ocrx_word' id='word_1_130' title='bbox 372 1520 380 1552; x_wconf 69' lang='grc' dir='ltr'>,χ</span> <span class='ocrx_word' id='word_1_131' title='bbox 402 1521 467 1559; x_wconf 48' lang='lat'>*1³0</span> <span class='ocrx_word' id='word_1_132' title='bbox 495 1514 519 1540; x_wconf 87' lang='lat' dir='ltr'>D</span> <span class='ocrx_word' id='word_1_133' title='bbox 543 1513 682 1541; x_wconf 71' lang='lat' dir='ltr'>rmum</span> <span class='ocrx_word' id='word_1_134' title='bbox 705 1515 759 1540; x_wconf 77' lang='lat' dir='ltr'>sm</span> <span class='ocrx_word' id='word_1_135' title='bbox 784 1514 1026 1548; x_wconf 63' lang='lat' dir='ltr'>moer-:mrum</span> <span class='ocrx_word' id='word_1_136' title='bbox 1053 1502 1214 1540; x_wconf 86' lang='lat' dir='ltr'>Videtur</span> <span class='ocrx_word' id='word_1_137' title='bbox 1236 1501 1373 1571; x_wconf 46' lang='lat' dir='ltr'>quodffi</span> 
     </span>
    </p>
   </div>
   <div class='ocr_carea' id='block_1_19' title="bbox 311 1544 1373 1616">
    <p class='ocr_par' dir='ltr' id='par_1_21' title="bbox 311 1544 1373 1616">
     <span class='ocr_line' id='line_1_33' title="bbox 311 1544 1373 1616; baseline -0.001 -23"><span class='ocrx_word' id='word_1_138' title='bbox 311 1602 319 1616; x_wconf 34' lang='grc' dir='ltr'><strong><em>ν</em></strong></span> <span class='ocrx_word' id='word_1_139' title='bbox 351 1563 401 1594; x_wconf 53' lang='lat'>23³.</span> <span class='ocrx_word' id='word_1_140' title='bbox 420 1566 432 1578; x_wconf 73' lang='grc'>’·</span> <span class='ocrx_word' id='word_1_141' title='bbox 437 1557 622 1612; x_wconf 91' lang='lat' dir='ltr'>honor</span> <span class='ocrx_word' id='word_1_142' title='bbox 648 1568 727 1593; x_wconf 91' lang='lat' dir='ltr'>non</span> <span class='ocrx_word' id='word_1_143' title='bbox 758 1556 936 1604; x_wconf 89' lang='lat' dir='ltr'>importet</span> <span class='ocrx_word' id='word_1_144' title='bbox 964 1554 1104 1605; x_wconf 89' lang='lat' dir='ltr'>aliquid</span> <span class='ocrx_word' id='word_1_145' title='bbox 1133 1544 1373 1604; x_wconf 88' lang='lat' dir='ltr'>corporale</span> 
     </span>
    </p>
   </div>
   <div class='ocr_carea' id='block_1_20' title="bbox 284 1502 438 1697">
    <p class='ocr_par' dir='ltr' id='par_1_22' title="bbox 284 1502 438 1697">
     <span class='ocr_line' id='line_1_34' title="bbox 284 1502 438 1697; baseline 0.019 -117"><span class='ocrx_word' id='word_1_146' title='bbox 284 1502 438 1697; x_wconf 95' lang='lat' dir='ltr'>    </span> 
     </span>
    </p>
   </div>
   <div class='ocr_carea' id='block_1_21' title="bbox 550 1661 1344 1711">
    <p class='ocr_par' dir='ltr' id='par_1_23' title="bbox 550 1661 1344 1711">
     <span class='ocr_line' id='line_1_35' title="bbox 550 1661 1344 1711; baseline 0 -13"><span class='ocrx_word' id='word_1_147' title='bbox 550 1661 812 1699; x_wconf 68' lang='lat' dir='ltr'>testimonium</span> <span class='ocrx_word' id='word_1_148' title='bbox 833 1661 1064 1700; x_wconf 80' lang='lat' dir='ltr'>virtut1szut</span> <span class='ocrx_word' id='word_1_149' title='bbox 1081 1668 1206 1711; x_wconf 79' lang='lat' dir='ltr'>potest</span> <span class='ocrx_word' id='word_1_150' title='bbox 1225 1661 1344 1710; x_wconf 78' lang='lat' dir='ltr'>aCCIPI</span> 
     </span>
    </p>
   </div>
   <div class='ocr_carea' id='block_1_22' title="bbox 285 1819 1346 1923">
    <p class='ocr_par' dir='ltr' id='par_1_24' title="bbox 285 1819 1346 1923">
     <span class='ocr_line' id='line_1_36' title="bbox 285 1819 1346 1869; baseline -0.003 -10"><span class='ocrx_word' id='word_1_151' title='bbox 285 1828 391 1860; x_wconf 87' lang='lat' dir='ltr'>actus</span> <span class='ocrx_word' id='word_1_152' title='bbox 418 1820 576 1868; x_wconf 89' lang='lat' dir='ltr'>timoris,</span> <span class='ocrx_word' id='word_1_153' title='bbox 599 1828 642 1858; x_wconf 93' lang='lat' dir='ltr'>ut</span> <span class='ocrx_word' id='word_1_154' title='bbox 669 1833 784 1869; x_wconf 92' lang='lat' dir='ltr'>supra</span> <span class='ocrx_word' id='word_1_155' title='bbox 801 1820 822 1843; x_wconf 84' lang='lat'>*</span> <span class='ocrx_word' id='word_1_156' title='bbox 849 1821 1020 1858; x_wconf 87' lang='lat' dir='ltr'>habitum</span> <span class='ocrx_word' id='word_1_157' title='bbox 1051 1828 1115 1858; x_wconf 91' lang='lat' dir='ltr'>est.</span> <span class='ocrx_word' id='word_1_158' title='bbox 1146 1820 1248 1868; x_wconf 85' lang='lat' dir='ltr'>Ergo</span> <span class='ocrx_word' id='word_1_159' title='bbox 1276 1819 1346 1856; x_wconf 91' lang='lat' dir='ltr'>ho-</span> 
     </span>
     <span class='ocr_line' id='line_1_37' title="bbox 286 1873 839 1923; baseline -0.004 -11"><span class='ocrx_word' id='word_1_160' title='bbox 286 1885 359 1918; x_wconf 82' lang='lat' dir='ltr'>nor</span> <span class='ocrx_word' id='word_1_161' title='bbox 386 1882 441 1911; x_wconf 90' lang='lat' dir='ltr'>est</span> <span class='ocrx_word' id='word_1_162' title='bbox 469 1873 610 1923; x_wconf 90' lang='lat' dir='ltr'>aliquid</span> <span class='ocrx_word' id='word_1_163' title='bbox 636 1873 839 1922; x_wconf 85' lang='lat' dir='ltr'>spirituale.</span> 
     </span>
    </p>
   </div>
   <div class='ocr_carea' id='block_1_23' title="bbox 250 1599 2459 1821">
    <p class='ocr_par' dir='ltr' id='par_1_25' title="bbox 207 1599 2457 1816">
     <span class='ocr_line' id='line_1_38' title="bbox 347 1599 1373 1664; baseline -0.001 -18"><span class='ocrx_word' id='word_1_164' title='bbox 347 1616 355 1633; x_wconf 58' lang='lat' dir='ltr'>s&#39;</span> <span class='ocrx_word' id='word_1_165' title='bbox 391 1624 423 1647; x_wconf 68' lang='lat' dir='ltr'>r</span> <span class='ocrx_word' id='word_1_166' title='bbox 448 1612 466 1664; x_wconf 61' lang='lat' dir='ltr'><strong>f</strong></span> <span class='ocrx_word' id='word_1_167' title='bbox 497 1608 635 1646; x_wconf 89' lang='lat' dir='ltr'>Honor</span> <span class='ocrx_word' id='word_1_168' title='bbox 671 1608 773 1646; x_wconf 89' lang='lat' dir='ltr'>enim</span> <span class='ocrx_word' id='word_1_169' title='bbox 812 1616 868 1646; x_wconf 91' lang='lat' dir='ltr'>est</span> <span class='ocrx_word' id='word_1_170' title='bbox 896 1607 1072 1646; x_wconf 88' lang='lat' dir='ltr'>exhibitio</span> <span class='ocrx_word' id='word_1_171' title='bbox 1109 1607 1344 1646; x_wconf 87' lang='lat' dir='ltr'>reverentiae</span> <span class='ocrx_word' id='word_1_172' title='bbox 1371 1599 1373 1633; x_wconf 63' lang='grc' dir='ltr'><strong><em>ῗ</em></strong></span> 
     </span>
     <span class='ocr_line' id='line_1_39' title="bbox 300 1656 2457 1714; baseline 0 -15"><span class='ocrx_word' id='word_1_173' title='bbox 300 1688 303 1690; x_wconf 75' lang='lat'><em>,</em></span> <span class='ocrx_word' id='word_1_174' title='bbox 345 1656 353 1671; x_wconf 79' lang='lat'>⁴</span> <span class='ocrx_word' id='word_1_175' title='bbox 498 1662 506 1669; x_wconf 85' lang='grc'><strong>’</strong></span> <span class='ocrx_word' id='word_1_176' title='bbox 1371 1665 1373 1714; x_wconf 75' lang='grc' dir='ltr'>ξ</span> <span class='ocrx_word' id='word_1_177' title='bbox 1401 1673 1467 1698; x_wconf 88' lang='lat' dir='ltr'>ore</span> <span class='ocrx_word' id='word_1_178' title='bbox 1498 1660 1720 1710; x_wconf 84' lang='lat' dir='ltr'>pronuntiat</span> <span class='ocrx_word' id='word_1_179' title='bbox 1748 1661 2006 1699; x_wconf 85' lang='lat' dir='ltr'>excellentiam</span> <span class='ocrx_word' id='word_1_180' title='bbox 2034 1660 2211 1708; x_wconf 89' lang='lat' dir='ltr'>alicuius;</span> <span class='ocrx_word' id='word_1_181' title='bbox 2239 1662 2301 1699; x_wconf 86' lang='lat' dir='ltr'>vel</span> <span class='ocrx_word' id='word_1_182' title='bbox 2329 1662 2457 1709; x_wconf 89' lang='lat' dir='ltr'>factis,</span> 
     </span>
     <span class='ocr_line' id='line_1_40' title="bbox 285 1698 2459 1765; baseline -0.001 -11.105"><span class='ocrx_word' id='word_1_183' title='bbox 285 1724 309 1753; x_wconf 79' lang='lat' dir='ltr'>a</span> <span class='ocrx_word' id='word_1_184' title='bbox 334 1698 592 1765; x_wconf 70' lang='lat' dir='ltr'>philosopho,</span> <span class='ocrx_word' id='word_1_185' title='bbox 621 1714 663 1751; x_wconf 85' lang='lat' dir='ltr'>in</span> <span class='ocrx_word' id='word_1_186' title='bbox 689 1715 703 1751; x_wconf 96' lang='lat' dir='ltr'>I</span> <span class='ocrx_word' id='word_1_187' title='bbox 731 1714 850 1752; x_wconf 80' lang='lat' dir='ltr'>Ethic.</span> <span class='ocrx_word' id='word_1_188' title='bbox 875 1714 896 1736; x_wconf 76' lang='lat'>²¹⁶</span> <span class='ocrx_word' id='word_1_189' title='bbox 925 1714 1001 1752; x_wconf 89' lang='lat' dir='ltr'>Sed</span> <span class='ocrx_word' id='word_1_190' title='bbox 1030 1713 1208 1752; x_wconf 86' lang='lat' dir='ltr'>exhibitio</span> <span class='ocrx_word' id='word_1_191' title='bbox 1238 1726 1346 1752; x_wconf 90' lang='lat' dir='ltr'>reve·</span> <span class='ocrx_word' id='word_1_192' title='bbox 1371 1717 1373 1761; x_wconf 73' lang='grc' dir='ltr'><strong>ἱ</strong></span> <span class='ocrx_word' id='word_1_193' title='bbox 1400 1713 1495 1751; x_wconf 92' lang='lat' dir='ltr'>sicut</span> <span class='ocrx_word' id='word_1_194' title='bbox 1526 1713 1852 1762; x_wconf 85' lang='lat' dir='ltr'>inclinationibus,</span> <span class='ocrx_word' id='word_1_195' title='bbox 1883 1713 2181 1761; x_wconf 89' lang='lat' dir='ltr'>obviationibus,</span> <span class='ocrx_word' id='word_1_196' title='bbox 2212 1721 2247 1751; x_wconf 89' lang='lat' dir='ltr'>et</span> <span class='ocrx_word' id='word_1_197' title='bbox 2274 1714 2354 1751; x_wconf 90' lang='lat' dir='ltr'>aliis</span> <span class='ocrx_word' id='word_1_198' title='bbox 2389 1716 2459 1752; x_wconf 91' lang='lat' dir='ltr'>hu-</span> 
     </span>
     <span class='ocr_line' id='line_1_41' title="bbox 250 1743 1373 1821; baseline 0.001 -18"><span class='ocrx_word' id='word_1_199' title='bbox 250 1780 257 1803; x_wconf 76' lang='grc' dir='ltr'>ι</span> <span class='ocrx_word' id='word_1_200' title='bbox 285 1768 429 1806; x_wconf 67' lang='lat' dir='ltr'>tentiae</span> <span class='ocrx_word' id='word_1_201' title='bbox 458 1774 513 1805; x_wconf 86' lang='lat' dir='ltr'>est</span> <span class='ocrx_word' id='word_1_202' title='bbox 540 1743 680 1816; x_wconf 71' lang='lat' dir='ltr'>aliquid</span> <span class='ocrx_word' id='word_1_203' title='bbox 708 1767 920 1816; x_wconf 84' lang='lat' dir='ltr'>spirituale:</span> <span class='ocrx_word' id='word_1_204' title='bbox 959 1767 1124 1804; x_wconf 89' lang='lat' dir='ltr'>revereri</span> <span class='ocrx_word' id='word_1_205' title='bbox 1160 1767 1261 1805; x_wconf 88' lang='lat' dir='ltr'>enim</span> <span class='ocrx_word' id='word_1_206' title='bbox 1290 1774 1373 1821; x_wconf 88' lang='lat' dir='ltr'>est</span> 
     </span>
    </p>
   </div>
   <div class='ocr_carea' id='block_1_24' title="bbox 1371 1801 1373 1890">
    <p class='ocr_par' dir='ltr' id='par_1_26' title="bbox 1371 1801 1373 1890">
     <span class='ocr_line' id='line_1_42' title="bbox 1371 1801 1373 1890; baseline 0 0"><span class='ocrx_word' id='word_1_207' title='bbox 1371 1801 1373 1890; x_wconf 66' lang='lat' dir='ltr'>l</span> 
     </span>
    </p>
   </div>
   <div class='ocr_carea' id='block_1_25' title="bbox 1398 1502 2458 1657">
    <p class='ocr_par' dir='ltr' id='par_1_27' title="bbox 1398 1502 2458 1657">
     <span class='ocr_line' id='line_1_43' title="bbox 1398 1502 2457 1556; baseline 0.002 -18"><span class='ocrx_word' id='word_1_208' title='bbox 1398 1502 1564 1540; x_wconf 90' lang='lat' dir='ltr'>hominis</span> <span class='ocrx_word' id='word_1_209' title='bbox 1581 1514 1712 1540; x_wconf 87' lang='lat' dir='ltr'>coram</span> <span class='ocrx_word' id='word_1_210' title='bbox 1727 1502 1825 1540; x_wconf 91' lang='lat' dir='ltr'>Deo.</span> <span class='ocrx_word' id='word_1_211' title='bbox 1841 1523 1865 1531; x_wconf 94' lang='lat'><em>-</em></span> <span class='ocrx_word' id='word_1_212' title='bbox 1883 1502 1959 1540; x_wconf 91' lang='lat' dir='ltr'>Sed</span> <span class='ocrx_word' id='word_1_213' title='bbox 1980 1503 2107 1552; x_wconf 91' lang='lat' dir='ltr'>quoad</span> <span class='ocrx_word' id='word_1_214' title='bbox 2128 1502 2305 1541; x_wconf 89' lang='lat' dir='ltr'>homines</span> <span class='ocrx_word' id='word_1_215' title='bbox 2324 1502 2457 1556; x_wconf 82' lang='lat' dir='ltr'>aliquis</span> 
     </span>
     <span class='ocr_line' id='line_1_44' title="bbox 1398 1555 2457 1605; baseline 0.001 -13"><span class='ocrx_word' id='word_1_216' title='bbox 1398 1567 1478 1592; x_wconf 93' lang='lat' dir='ltr'>non</span> <span class='ocrx_word' id='word_1_217' title='bbox 1505 1562 1630 1604; x_wconf 91' lang='lat' dir='ltr'>potest</span> <span class='ocrx_word' id='word_1_218' title='bbox 1658 1555 1917 1593; x_wconf 90' lang='lat' dir='ltr'>testimonium</span> <span class='ocrx_word' id='word_1_219' title='bbox 1946 1556 2041 1593; x_wconf 89' lang='lat' dir='ltr'>ferre</span> <span class='ocrx_word' id='word_1_220' title='bbox 2068 1555 2140 1593; x_wconf 90' lang='lat' dir='ltr'>nisi</span> <span class='ocrx_word' id='word_1_221' title='bbox 2167 1568 2237 1605; x_wconf 90' lang='lat' dir='ltr'>per</span> <span class='ocrx_word' id='word_1_222' title='bbox 2265 1556 2391 1604; x_wconf 81' lang='lat' dir='ltr'>aliqua</span> <span class='ocrx_word' id='word_1_223' title='bbox 2408 1557 2457 1594; x_wconf 83' lang='lat' dir='ltr'>si-</span> 
     </span>
     <span class='ocr_line' id='line_1_45' title="bbox 1399 1607 2458 1657; baseline 0.002 -13"><span class='ocrx_word' id='word_1_224' title='bbox 1399 1620 1473 1656; x_wconf 89' lang='lat' dir='ltr'>gna</span> <span class='ocrx_word' id='word_1_225' title='bbox 1502 1607 1706 1645; x_wconf 86' lang='lat' dir='ltr'>exteriora:</span> <span class='ocrx_word' id='word_1_226' title='bbox 1734 1609 1797 1646; x_wconf 88' lang='lat' dir='ltr'>vel</span> <span class='ocrx_word' id='word_1_227' title='bbox 1823 1609 2052 1656; x_wconf 86' lang='lat' dir='ltr'>verborum,</span> <span class='ocrx_word' id='word_1_228' title='bbox 2080 1617 2172 1657; x_wconf 87' lang='lat' dir='ltr'>puta</span> <span class='ocrx_word' id='word_1_229' title='bbox 2201 1620 2288 1646; x_wconf 90' lang='lat' dir='ltr'>cum</span> <span class='ocrx_word' id='word_1_230' title='bbox 2325 1609 2458 1657; x_wconf 86' lang='lat' dir='ltr'>aliquis</span> 
     </span>
    </p>
   </div>
   <div class='ocr_carea' id='block_1_26' title="bbox 1371 1766 2460 1921">
    <p class='ocr_par' dir='ltr' id='par_1_28' title="bbox 1371 1766 2459 1921">
     <span class='ocr_line' id='line_1_46' title="bbox 1371 1766 2459 1826; baseline 0 -22"><span class='ocrx_word' id='word_1_231' title='bbox 1371 1767 1584 1813; x_wconf 83' lang='lat' dir='ltr'>iusmodi3</span> <span class='ocrx_word' id='word_1_232' title='bbox 1611 1767 1674 1804; x_wconf 85' lang='lat' dir='ltr'>vel</span> <span class='ocrx_word' id='word_1_233' title='bbox 1703 1767 1816 1804; x_wconf 90' lang='lat' dir='ltr'>etiam</span> <span class='ocrx_word' id='word_1_234' title='bbox 1854 1766 2100 1805; x_wconf 86' lang='lat' dir='ltr'>exterioribus</span> <span class='ocrx_word' id='word_1_235' title='bbox 2132 1767 2264 1815; x_wconf 82' lang='lat' dir='ltr'>rebuS,</span> <span class='ocrx_word' id='word_1_236' title='bbox 2294 1775 2384 1826; x_wconf 77' lang='lat' dir='ltr'>puta</span> <span class='ocrx_word' id='word_1_237' title='bbox 2421 1767 2459 1804; x_wconf 90' lang='lat' dir='ltr'>in</span> 
     </span>
     <span class='ocr_line' id='line_1_47' title="bbox 1402 1817 2460 1866; baseline 0 -10"><span class='ocrx_word' id='word_1_238' title='bbox 1402 1819 1650 1857; x_wconf 88' lang='lat' dir='ltr'>exenniorum</span> <span class='ocrx_word' id='word_1_239' title='bbox 1678 1820 1740 1857; x_wconf 90' lang='lat' dir='ltr'>vel</span> <span class='ocrx_word' id='word_1_240' title='bbox 1759 1817 1772 1841; x_wconf 79' lang='lat'>⁶</span> <span class='ocrx_word' id='word_1_241' title='bbox 1801 1832 2005 1857; x_wconf 90' lang='lat' dir='ltr'>munerum</span> <span class='ocrx_word' id='word_1_242' title='bbox 2035 1820 2246 1866; x_wconf 90' lang='lat' dir='ltr'>oblatione,</span> <span class='ocrx_word' id='word_1_243' title='bbox 2277 1828 2341 1856; x_wconf 90' lang='lat' dir='ltr'>aut</span> <span class='ocrx_word' id='word_1_244' title='bbox 2367 1820 2460 1857; x_wconf 88' lang='lat' dir='ltr'>ima-</span> 
     </span>
     <span class='ocr_line' id='line_1_48' title="bbox 1401 1872 2458 1921; baseline -0.001 -11"><span class='ocrx_word' id='word_1_245' title='bbox 1401 1874 1532 1921; x_wconf 90' lang='lat' dir='ltr'>ginum</span> <span class='ocrx_word' id='word_1_246' title='bbox 1568 1873 1816 1920; x_wconf 90' lang='lat' dir='ltr'>institutione,</span> <span class='ocrx_word' id='word_1_247' title='bbox 1844 1874 1906 1910; x_wconf 89' lang='lat' dir='ltr'>vel</span> <span class='ocrx_word' id='word_1_248' title='bbox 1943 1873 2021 1910; x_wconf 91' lang='lat' dir='ltr'>aliis</span> <span class='ocrx_word' id='word_1_249' title='bbox 2050 1872 2280 1910; x_wconf 88' lang='lat' dir='ltr'>huiusmodi.</span> <span class='ocrx_word' id='word_1_250' title='bbox 2318 1874 2367 1910; x_wconf 91' lang='lat' dir='ltr'>Et</span> <span class='ocrx_word' id='word_1_251' title='bbox 2402 1885 2458 1909; x_wconf 90' lang='lat' dir='ltr'>se-</span> 
     </span>
    </p>
   </div>
   <div class='ocr_carea' id='block_1_27' title="bbox 341 1903 2460 1975">
    <p class='ocr_par' dir='ltr' id='par_1_29' title="bbox 341 1903 2460 1975">
     <span class='ocr_line' id='line_1_49' title="bbox 341 1903 2460 1975; baseline -0.001 -11"><span class='ocrx_word' id='word_1_252' title='bbox 341 1926 888 1974; x_wconf 67' lang='lat' dir='ltr'>2.PRAETER1·:A‚secundum</span> <span class='ocrx_word' id='word_1_253' title='bbox 917 1925 1235 1975; x_wconf 89' lang='lat' dir='ltr'>Philosophum‚&#39;</span> <span class='ocrx_word' id='word_1_254' title='bbox 1226 1937 1267 1963; x_wconf 82' lang='lat' dir='ltr'>in</span> <span class='ocrx_word' id='word_1_255' title='bbox 1295 1925 1347 1964; x_wconf 92' lang='lat' dir='ltr'>IV</span> <span class='ocrx_word' id='word_1_256' title='bbox 1372 1903 1374 1966; x_wconf 66' lang='lat' dir='ltr'>l</span> <span class='ocrx_word' id='word_1_257' title='bbox 1402 1925 1571 1963; x_wconf 91' lang='lat' dir='ltr'>cundum</span> <span class='ocrx_word' id='word_1_258' title='bbox 1599 1927 1685 1973; x_wconf 90' lang='lat' dir='ltr'>hoc,</span> <span class='ocrx_word' id='word_1_259' title='bbox 1706 1926 1831 1963; x_wconf 90' lang='lat' dir='ltr'>honor</span> <span class='ocrx_word' id='word_1_260' title='bbox 1858 1925 1896 1963; x_wconf 93' lang='lat' dir='ltr'>in</span> <span class='ocrx_word' id='word_1_261' title='bbox 1923 1925 2035 1974; x_wconf 90' lang='lat' dir='ltr'>signis</span> <span class='ocrx_word' id='word_1_262' title='bbox 2056 1925 2303 1963; x_wconf 86' lang='lat' dir='ltr'>exterioribus</span> <span class='ocrx_word' id='word_1_263' title='bbox 2323 1933 2359 1962; x_wconf 92' lang='lat' dir='ltr'>et</span> <span class='ocrx_word' id='word_1_264' title='bbox 2379 1938 2460 1962; x_wconf 92' lang='lat' dir='ltr'>cor-</span> 
     </span>
    </p>
   </div>
   <div class='ocr_carea' id='block_1_28' title="bbox 285 2031 1347 2142">
    <p class='ocr_par' dir='ltr' id='par_1_30' title="bbox 285 2031 1344 2136">
     <span class='ocr_line' id='line_1_50' title="bbox 286 2031 1344 2093; baseline -0.002 -23"><span class='ocrx_word' id='word_1_265' title='bbox 286 2040 377 2081; x_wconf 88' lang='lat' dir='ltr'>tem,</span> <span class='ocrx_word' id='word_1_266' title='bbox 406 2039 504 2093; x_wconf 84' lang='lat' dir='ltr'>quae</span> <span class='ocrx_word' id='word_1_267' title='bbox 530 2032 787 2083; x_wconf 88' lang='lat' dir='ltr'>principaliter</span> <span class='ocrx_word' id='word_1_268' title='bbox 814 2031 852 2071; x_wconf 90' lang='lat' dir='ltr'>in</span> <span class='ocrx_word' id='word_1_269' title='bbox 880 2031 1131 2081; x_wconf 88' lang='lat' dir='ltr'>spiritualibus</span> <span class='ocrx_word' id='word_1_270' title='bbox 1163 2031 1344 2079; x_wconf 82' lang='lat' dir='ltr'>consistit,</span> 
     </span>
     <span class='ocr_line' id='line_1_51' title="bbox 285 2085 1347 2142; baseline -0.002 -18"><span class='ocrx_word' id='word_1_271' title='bbox 285 2086 500 2142; x_wconf 74' lang='lat' dir='ltr'>praemium</span> <span class='ocrx_word' id='word_1_272' title='bbox 529 2097 607 2122; x_wconf 91' lang='lat' dir='ltr'>non</span> <span class='ocrx_word' id='word_1_273' title='bbox 636 2089 692 2123; x_wconf 84' lang='lat' dir='ltr'>est</span> <span class='ocrx_word' id='word_1_274' title='bbox 719 2085 861 2134; x_wconf 88' lang='lat' dir='ltr'>aliquid</span> <span class='ocrx_word' id='word_1_275' title='bbox 890 2085 1103 2134; x_wconf 90' lang='lat' dir='ltr'>corporale.</span> <span class='ocrx_word' id='word_1_276' title='bbox 1133 2097 1220 2122; x_wconf 88' lang='lat' dir='ltr'>curn</span> <span class='ocrx_word' id='word_1_277' title='bbox 1239 2097 1347 2134; x_wconf 89' lang='lat' dir='ltr'>prae—</span> 
     </span>
    </p>
   </div>
   <div class='ocr_carea' id='block_1_29' title="bbox 78 2138 1374 2397">
    <p class='ocr_par' dir='ltr' id='par_1_31' title="bbox 78 2138 1347 2240">
     <span class='ocr_line' id='line_1_52' title="bbox 78 2138 1347 2195; baseline -0.002 -18"><span class='ocrx_word' id='word_1_278' title='bbox 78 2180 89 2195; x_wconf 44' lang='lat' dir='ltr'>e</span> <span class='ocrx_word' id='word_1_279' title='bbox 124 2175 174 2195; x_wconf 54' lang='lat' dir='ltr'>..w</span> <span class='ocrx_word' id='word_1_280' title='bbox 225 2175 230 2183; x_wconf 65' lang='grc'>,</span> <span class='ocrx_word' id='word_1_281' title='bbox 286 2138 409 2178; x_wconf 79' lang='lat' dir='ltr'>mium</span> <span class='ocrx_word' id='word_1_282' title='bbox 437 2139 483 2175; x_wconf 92' lang='lat' dir='ltr'>sit</span> <span class='ocrx_word' id='word_1_283' title='bbox 509 2138 638 2188; x_wconf 84' lang='lat' dir='ltr'>potius</span> <span class='ocrx_word' id='word_1_284' title='bbox 673 2138 822 2176; x_wconf 88' lang='lat' dir='ltr'>merito.</span> <span class='ocrx_word' id='word_1_285' title='bbox 858 2139 961 2186; x_wconf 87' lang='lat' dir='ltr'>Ergo</span> <span class='ocrx_word' id='word_1_286' title='bbox 989 2138 1116 2176; x_wconf 88' lang='lat' dir='ltr'>honor</span> <span class='ocrx_word' id='word_1_287' title='bbox 1142 2149 1222 2175; x_wconf 91' lang='lat' dir='ltr'>non</span> <span class='ocrx_word' id='word_1_288' title='bbox 1256 2149 1347 2174; x_wconf 91' lang='lat' dir='ltr'>con-</span> 
     </span>
     <span class='ocr_line' id='line_1_53' title="bbox 139 2190 746 2240; baseline -0.002 -11"><span class='ocrx_word' id='word_1_289' title='bbox 139 2208 150 2222; x_wconf 65' lang='grc' dir='ltr'><strong>ε</strong></span> <span class='ocrx_word' id='word_1_290' title='bbox 176 2208 194 2221; x_wconf 59' lang='grc' dir='ltr'>ει</span> <span class='ocrx_word' id='word_1_291' title='bbox 216 2190 227 2219; x_wconf 66' lang='lat'>1&#39;</span> <span class='ocrx_word' id='word_1_292' title='bbox 287 2192 379 2229; x_wconf 89' lang='lat' dir='ltr'>sistit</span> <span class='ocrx_word' id='word_1_293' title='bbox 406 2192 444 2229; x_wconf 90' lang='lat' dir='ltr'>in</span> <span class='ocrx_word' id='word_1_294' title='bbox 473 2191 746 2240; x_wconf 88' lang='lat' dir='ltr'>corporalibus.</span> 
     </span>
    </p>

    <p class='ocr_par' dir='ltr' id='par_1_32' title="bbox 151 2238 1374 2291">
     <span class='ocr_line' id='line_1_54' title="bbox 151 2238 1374 2291; baseline -0.002 -9"><span class='ocrx_word' id='word_1_295' title='bbox 151 2238 163 2249; x_wconf 66' lang='lat'>⁰</span> <span class='ocrx_word' id='word_1_296' title='bbox 343 2246 377 2282; x_wconf 87' lang='lat'>3.</span> <span class='ocrx_word' id='word_1_297' title='bbox 406 2245 647 2291; x_wconf 76' lang='lat' dir='ltr'>PRAETEREA‚</span> <span class='ocrx_word' id='word_1_298' title='bbox 675 2245 802 2281; x_wconf 92' lang='lat' dir='ltr'>honor</span> <span class='ocrx_word' id='word_1_299' title='bbox 830 2256 852 2281; x_wconf 85' lang='lat' dir='ltr'>a</span> <span class='ocrx_word' id='word_1_300' title='bbox 880 2243 992 2281; x_wconf 86' lang='lat' dir='ltr'>laude</span> <span class='ocrx_word' id='word_1_301' title='bbox 1026 2243 1282 2291; x_wconf 85' lang='lat' dir='ltr'>distinguitur,</span> <span class='ocrx_word' id='word_1_302' title='bbox 1313 2250 1349 2280; x_wconf 90' lang='lat' dir='ltr'>et</span> <span class='ocrx_word' id='word_1_303' title='bbox 1373 2257 1374 2278; x_wconf 80' lang='lat'>1</span> 
     </span>
    </p>

    <p class='ocr_par' dir='ltr' id='par_1_33' title="bbox 287 2295 1374 2346">
     <span class='ocr_line' id='line_1_55' title="bbox 287 2295 1374 2346; baseline -0.002 -12"><span class='ocrx_word' id='word_1_304' title='bbox 287 2297 400 2335; x_wconf 85' lang='lat' dir='ltr'>etiam</span> <span class='ocrx_word' id='word_1_305' title='bbox 430 2310 452 2334; x_wconf 88' lang='lat' dir='ltr'>a</span> <span class='ocrx_word' id='word_1_306' title='bbox 479 2297 610 2346; x_wconf 89' lang='lat' dir='ltr'>gloria.</span> <span class='ocrx_word' id='word_1_307' title='bbox 640 2298 717 2335; x_wconf 87' lang='lat' dir='ltr'>Sed</span> <span class='ocrx_word' id='word_1_308' title='bbox 736 2298 816 2335; x_wconf 90' lang='lat' dir='ltr'>laus</span> <span class='ocrx_word' id='word_1_309' title='bbox 837 2303 873 2334; x_wconf 91' lang='lat' dir='ltr'>et</span> <span class='ocrx_word' id='word_1_310' title='bbox 890 2296 1008 2344; x_wconf 91' lang='lat' dir='ltr'>gloria</span> <span class='ocrx_word' id='word_1_311' title='bbox 1036 2297 1074 2334; x_wconf 91' lang='lat' dir='ltr'>in</span> <span class='ocrx_word' id='word_1_312' title='bbox 1099 2295 1345 2333; x_wconf 86' lang='lat' dir='ltr'>exterioribus</span> <span class='ocrx_word' id='word_1_313' title='bbox 1373 2315 1374 2344; x_wconf 55' lang='lat'><em>2</em></span> 
     </span>
    </p>

    <p class='ocr_par' dir='ltr' id='par_1_34' title="bbox 287 2345 1374 2401">
     <span class='ocr_line' id='line_1_56' title="bbox 287 2345 1374 2397; baseline -0.003 -9"><span class='ocrx_word' id='word_1_314' title='bbox 287 2350 507 2388; x_wconf 87' lang='lat' dir='ltr'>consistunt.</span> <span class='ocrx_word' id='word_1_315' title='bbox 537 2351 640 2397; x_wconf 87' lang='lat' dir='ltr'>Ergo</span> <span class='ocrx_word' id='word_1_316' title='bbox 669 2351 795 2388; x_wconf 90' lang='lat' dir='ltr'>honor</span> <span class='ocrx_word' id='word_1_317' title='bbox 822 2349 990 2387; x_wconf 83' lang='lat' dir='ltr'>consistit</span> <span class='ocrx_word' id='word_1_318' title='bbox 1011 2349 1049 2386; x_wconf 91' lang='lat' dir='ltr'>in</span> <span class='ocrx_word' id='word_1_319' title='bbox 1071 2348 1310 2386; x_wconf 89' lang='lat' dir='ltr'>interioribus</span> <span class='ocrx_word' id='word_1_320' title='bbox 1330 2353 1347 2370; x_wconf 61' lang='grc' dir='ltr'>α</span> <span class='ocrx_word' id='word_1_321' title='bbox 1373 2345 1374 2358; x_wconf 67' lang='grc'>’</span> 
     </span>
    </p>
   </div>
   <div class='ocr_carea' id='block_1_30' title="bbox 286 2403 1349 2556">
    <p class='ocr_par' dir='ltr' id='par_1_35' title="bbox 286 2403 1349 2556">
     <span class='ocr_line' id='line_1_57' title="bbox 287 2403 617 2453; baseline -0.003 -13"><span class='ocrx_word' id='word_1_322' title='bbox 287 2410 324 2450; x_wconf 77' lang='lat' dir='ltr'>et</span> <span class='ocrx_word' id='word_1_323' title='bbox 350 2403 617 2453; x_wconf 87' lang='lat' dir='ltr'>spiritualibus.</span> 
     </span>
     <span class='ocr_line' id='line_1_58' title="bbox 340 2454 1346 2505; baseline -0.003 -12"><span class='ocrx_word' id='word_1_324' title='bbox 340 2457 416 2494; x_wconf 68' lang='lat' dir='ltr'>sen</span> <span class='ocrx_word' id='word_1_325' title='bbox 444 2467 592 2493; x_wconf 78' lang='lat' dir='ltr'>CONTRA</span> <span class='ocrx_word' id='word_1_326' title='bbox 619 2459 686 2492; x_wconf 74' lang='lat' dir='ltr'>EST</span> <span class='ocrx_word' id='word_1_327' title='bbox 713 2455 819 2505; x_wconf 92' lang='lat' dir='ltr'>quod</span> <span class='ocrx_word' id='word_1_328' title='bbox 847 2454 1119 2504; x_wconf 88' lang='lat' dir='ltr'>Hieronymus,</span> <span class='ocrx_word' id='word_1_329' title='bbox 1151 2466 1346 2503; x_wconf 89' lang='lat' dir='ltr'>exponens</span> 
     </span>
     <span class='ocr_line' id='line_1_59' title="bbox 286 2506 1349 2556; baseline -0.002 -10"><span class='ocrx_word' id='word_1_330' title='bbox 286 2506 380 2547; x_wconf 80' lang='lat' dir='ltr'>illud</span> <span class='ocrx_word' id='word_1_331' title='bbox 407 2510 421 2545; x_wconf 96' lang='grc' dir='ltr'>Ι</span> <span class='ocrx_word' id='word_1_332' title='bbox 450 2509 502 2546; x_wconf 88' lang='lat' dir='ltr'>ad</span> <span class='ocrx_word' id='word_1_333' title='bbox 531 2509 626 2546; x_wconf 89' lang='lat' dir='ltr'>Tim.</span> <span class='ocrx_word' id='word_1_334' title='bbox 654 2520 680 2544; x_wconf 89' lang='lat' dir='ltr'><strong>v</strong></span> <span class='ocrx_word' id='word_1_335' title='bbox 698 2508 737 2556; x_wconf 73' lang='lat'>²¹²,</span> <span class='ocrx_word' id='word_1_336' title='bbox 771 2508 846 2550; x_wconf 84' lang='lat' dir='ltr'>Qui</span> <span class='ocrx_word' id='word_1_337' title='bbox 871 2509 964 2545; x_wconf 84' lang='lat' dir='ltr'>bene</span> <span class='ocrx_word' id='word_1_338' title='bbox 984 2513 1167 2556; x_wconf 83' lang='lat' dir='ltr'>praesunt</span> <span class='ocrx_word' id='word_1_339' title='bbox 1188 2507 1349 2555; x_wconf 81' lang='lat' dir='ltr'>presby-</span> 
     </span>
    </p>
   </div>
   <div class='ocr_carea' id='block_1_31' title="bbox 252 2560 1347 2610">
    <p class='ocr_par' dir='ltr' id='par_1_36' title="bbox 252 2560 1347 2610">
     <span class='ocr_line' id='line_1_60' title="bbox 252 2560 1347 2610; baseline -0.003 -11"><span class='ocrx_word' id='word_1_340' title='bbox 252 2599 260 2606; x_wconf 74' lang='lat'>,</span> <span class='ocrx_word' id='word_1_341' title='bbox 286 2562 358 2599; x_wconf 84' lang='lat' dir='ltr'>teri</span> <span class='ocrx_word' id='word_1_342' title='bbox 381 2562 521 2610; x_wconf 78' lang='lat' dir='ltr'>duplici</span> <span class='ocrx_word' id='word_1_343' title='bbox 545 2562 689 2598; x_wconf 88' lang='lat' dir='ltr'>honore</span> <span class='ocrx_word' id='word_1_344' title='bbox 706 2560 721 2591; x_wconf 74' lang='grc' dir='ltr'><strong>β</strong></span> <span class='ocrx_word' id='word_1_345' title='bbox 749 2569 833 2607; x_wconf 90' lang='lat' dir='ltr'>etc.,</span> <span class='ocrx_word' id='word_1_346' title='bbox 863 2561 971 2599; x_wconf 86' lang='lat' dir='ltr'>dicit:</span> <span class='ocrx_word' id='word_1_347' title='bbox 1005 2561 1147 2598; x_wconf 89' lang='lat' dir='ltr'>Honor</span> <span class='ocrx_word' id='word_1_348' title='bbox 1173 2561 1210 2596; x_wconf 90' lang='lat' dir='ltr'>in</span> <span class='ocrx_word' id='word_1_349' title='bbox 1234 2571 1347 2608; x_wconf 85' lang='lat' dir='ltr'>prae-</span> 
     </span>
    </p>
   </div>
   <div class='ocr_carea' id='block_1_32' title="bbox 285 2613 1348 2927">
    <p class='ocr_par' dir='ltr' id='par_1_37' title="bbox 285 2613 1348 2927">
     <span class='ocr_line' id='line_1_61' title="bbox 285 2613 1348 2664; baseline -0.003 -12"><span class='ocrx_word' id='word_1_350' title='bbox 285 2615 491 2658; x_wconf 75' lang='lat' dir='ltr'>sentiarum</span> <span class='ocrx_word' id='word_1_351' title='bbox 510 2615 570 2651; x_wconf 78' lang='grc' dir='ltr'>νεὶ</span> <span class='ocrx_word' id='word_1_352' title='bbox 582 2626 656 2664; x_wconf 85' lang='lat' dir='ltr'>pro</span> <span class='ocrx_word' id='word_1_353' title='bbox 675 2615 926 2662; x_wconf 83' lang='lat' dir='ltr'>eleemosyna,</span> <span class='ocrx_word' id='word_1_354' title='bbox 946 2613 1005 2651; x_wconf 81' lang='lat' dir='ltr'>vel</span> <span class='ocrx_word' id='word_1_355' title='bbox 1018 2626 1093 2663; x_wconf 82' lang='lat' dir='ltr'>pro</span> <span class='ocrx_word' id='word_1_356' title='bbox 1112 2625 1269 2650; x_wconf 88' lang='lat' dir='ltr'>munere</span> <span class='ocrx_word' id='word_1_357' title='bbox 1286 2624 1348 2649; x_wconf 89' lang='lat' dir='ltr'>ac-</span> 
     </span>
     <span class='ocr_line' id='line_1_62' title="bbox 287 2666 1348 2717; baseline -0.002 -13"><span class='ocrx_word' id='word_1_358' title='bbox 287 2667 432 2717; x_wconf 79' lang='lat' dir='ltr'>cipitur.</span> <span class='ocrx_word' id='word_1_359' title='bbox 471 2667 686 2717; x_wconf 83' lang='lat' dir='ltr'>Utrumque</span> <span class='ocrx_word' id='word_1_360' title='bbox 722 2674 851 2704; x_wconf 84' lang='lat' dir='ltr'>autem</span> <span class='ocrx_word' id='word_1_361' title='bbox 888 2668 1028 2704; x_wconf 88' lang='lat' dir='ltr'>horum</span> <span class='ocrx_word' id='word_1_362' title='bbox 1062 2666 1109 2704; x_wconf 90' lang='lat' dir='ltr'>ad</span> <span class='ocrx_word' id='word_1_363' title='bbox 1139 2666 1348 2715; x_wconf 83' lang='lat' dir='ltr'>corporalia</span> 
     </span>
     <span class='ocr_line' id='line_1_63' title="bbox 286 2718 1305 2770; baseline -0.002 -13"><span class='ocrx_word' id='word_1_364' title='bbox 286 2720 458 2770; x_wconf 86' lang='lat' dir='ltr'>pertinet.</span> <span class='ocrx_word' id='word_1_365' title='bbox 489 2719 592 2769; x_wconf 89' lang='lat' dir='ltr'>Ergo</span> <span class='ocrx_word' id='word_1_366' title='bbox 619 2721 745 2758; x_wconf 92' lang='lat' dir='ltr'>honor</span> <span class='ocrx_word' id='word_1_367' title='bbox 771 2719 810 2757; x_wconf 91' lang='lat' dir='ltr'>in</span> <span class='ocrx_word' id='word_1_368' title='bbox 839 2720 1099 2769; x_wconf 86' lang='lat' dir='ltr'>corporalibus</span> <span class='ocrx_word' id='word_1_369' title='bbox 1127 2718 1305 2756; x_wconf 88' lang='lat' dir='ltr'>consistit.</span> 
     </span>
     <span class='ocr_line' id='line_1_64' title="bbox 341 2770 1348 2821; baseline -0.003 -11"><span class='ocrx_word' id='word_1_370' title='bbox 341 2773 567 2810; x_wconf 81' lang='lat' dir='ltr'><strong>RESPONDEO</strong></span> <span class='ocrx_word' id='word_1_371' title='bbox 604 2784 789 2811; x_wconf 64' lang='lat' dir='ltr'>monimum</span> <span class='ocrx_word' id='word_1_372' title='bbox 826 2771 932 2821; x_wconf 90' lang='lat' dir='ltr'>quod</span> <span class='ocrx_word' id='word_1_373' title='bbox 965 2773 1090 2810; x_wconf 92' lang='lat' dir='ltr'>honor</span> <span class='ocrx_word' id='word_1_374' title='bbox 1121 2770 1348 2809; x_wconf 87' lang='lat' dir='ltr'>testificatio-</span> 
     </span>
     <span class='ocr_line' id='line_1_65' title="bbox 287 2823 1345 2875; baseline -0.003 -12"><span class='ocrx_word' id='word_1_375' title='bbox 287 2837 376 2863; x_wconf 90' lang='lat' dir='ltr'>nem</span> <span class='ocrx_word' id='word_1_376' title='bbox 405 2827 599 2874; x_wconf 90' lang='lat' dir='ltr'>quandam</span> <span class='ocrx_word' id='word_1_377' title='bbox 635 2826 815 2875; x_wconf 88' lang='lat' dir='ltr'>importat</span> <span class='ocrx_word' id='word_1_378' title='bbox 842 2825 890 2862; x_wconf 92' lang='lat' dir='ltr'>de</span> <span class='ocrx_word' id='word_1_379' title='bbox 920 2824 1137 2862; x_wconf 85' lang='lat' dir='ltr'>excellentia</span> <span class='ocrx_word' id='word_1_380' title='bbox 1170 2823 1345 2860; x_wconf 89' lang='lat' dir='ltr'>alicuius:</span> 
     </span>
     <span class='ocr_line' id='line_1_66' title="bbox 286 2876 1347 2927; baseline -0.004 -11"><span class='ocrx_word' id='word_1_381' title='bbox 286 2879 389 2916; x_wconf 90' lang='lat' dir='ltr'>unde</span> <span class='ocrx_word' id='word_1_382' title='bbox 417 2878 594 2915; x_wconf 86' lang='lat' dir='ltr'>homines</span> <span class='ocrx_word' id='word_1_383' title='bbox 621 2878 686 2927; x_wconf 91' lang='lat' dir='ltr'>qui</span> <span class='ocrx_word' id='word_1_384' title='bbox 711 2878 847 2914; x_wconf 85' lang='lat' dir='ltr'>volunt</span> <span class='ocrx_word' id='word_1_385' title='bbox 869 2878 1060 2924; x_wconf 90' lang='lat' dir='ltr'>honorari,</span> <span class='ocrx_word' id='word_1_386' title='bbox 1087 2876 1347 2914; x_wconf 90' lang='lat' dir='ltr'>testimonium</span> 
     </span>
    </p>
   </div>
   <div class='ocr_carea' id='block_1_33' title="bbox 249 2929 1377 3034">
    <p class='ocr_par' dir='ltr' id='par_1_38' title="bbox 286 2929 1377 3034">
     <span class='ocr_line' id='line_1_67' title="bbox 287 2929 1376 2982; baseline 0 -14"><span class='ocrx_word' id='word_1_387' title='bbox 287 2944 379 2982; x_wconf 82' lang='lat' dir='ltr'>suae</span> <span class='ocrx_word' id='word_1_388' title='bbox 409 2931 649 2968; x_wconf 89' lang='lat' dir='ltr'>excellentiae</span> <span class='ocrx_word' id='word_1_389' title='bbox 678 2937 877 2980; x_wconf 89' lang='lat' dir='ltr'>quaerunt,</span> <span class='ocrx_word' id='word_1_390' title='bbox 905 2938 948 2967; x_wconf 90' lang='lat' dir='ltr'>ut</span> <span class='ocrx_word' id='word_1_391' title='bbox 973 2942 1043 2979; x_wconf 89' lang='lat' dir='ltr'>per</span> <span class='ocrx_word' id='word_1_392' title='bbox 1069 2929 1347 2978; x_wconf 87' lang='lat' dir='ltr'>Philosophum</span> <span class='ocrx_word' id='word_1_393' title='bbox 1374 2962 1376 2968; x_wconf 34' lang='lat' dir='ltr'><strong><em>s</em></strong></span> 
     </span>
     <span class='ocr_line' id='line_1_68' title="bbox 249 2982 1377 3034; baseline -0.003 -12.898"><span class='ocrx_word' id='word_1_394' title='bbox 249 2992 400 3034; x_wconf 75' lang='lat' dir='ltr'>&#39;patet,</span> <span class='ocrx_word' id='word_1_395' title='bbox 420 2984 459 3021; x_wconf 91' lang='lat' dir='ltr'>in</span> <span class='ocrx_word' id='word_1_396' title='bbox 479 2986 493 3021; x_wconf 94' lang='lat' dir='ltr'>I</span> <span class='ocrx_word' id='word_1_397' title='bbox 513 2983 533 3006; x_wconf 71' lang='lat'>’¹‘</span> <span class='ocrx_word' id='word_1_398' title='bbox 562 2991 598 3021; x_wconf 89' lang='lat' dir='ltr'>et</span> <span class='ocrx_word' id='word_1_399' title='bbox 615 2988 631 3012; x_wconf 76' lang='grc' dir='ltr'><strong>Υ</strong></span> <span class='ocrx_word' id='word_1_400' title='bbox 653 2983 741 3020; x_wconf 89' lang='lat' dir='ltr'>VIII</span> <span class='ocrx_word' id='word_1_401' title='bbox 761 2983 801 3005; x_wconf 72' lang='lat'><strong>’¹⁰¹‘</strong></span> <span class='ocrx_word' id='word_1_402' title='bbox 827 2983 947 3020; x_wconf 84' lang='lat' dir='ltr'>Ethic.</span> <span class='ocrx_word' id='word_1_403' title='bbox 977 2982 1260 3020; x_wconf 89' lang='lat' dir='ltr'>Testimonium</span> <span class='ocrx_word' id='word_1_404' title='bbox 1280 2994 1345 3018; x_wconf 89' lang='lat' dir='ltr'>au·</span> <span class='ocrx_word' id='word_1_405' title='bbox 1374 2998 1377 3023; x_wconf 76' lang='grc' dir='ltr'>.ῑ</span> 
     </span>
    </p>
   </div>
   <div class='ocr_carea' id='block_1_34' title="bbox 286 3034 1348 3149">
    <p class='ocr_par' dir='ltr' id='par_1_39' title="bbox 286 3034 1348 3138">
     <span class='ocr_line' id='line_1_69' title="bbox 286 3034 1348 3084; baseline -0.003 -10"><span class='ocrx_word' id='word_1_406' title='bbox 286 3045 365 3075; x_wconf 92' lang='lat' dir='ltr'>tem</span> <span class='ocrx_word' id='word_1_407' title='bbox 394 3036 562 3074; x_wconf 87' lang='lat' dir='ltr'>redditur</span> <span class='ocrx_word' id='word_1_408' title='bbox 588 3037 651 3074; x_wconf 86' lang='lat' dir='ltr'>vel</span> <span class='ocrx_word' id='word_1_409' title='bbox 680 3048 810 3074; x_wconf 89' lang='lat' dir='ltr'>coram</span> <span class='ocrx_word' id='word_1_410' title='bbox 838 3037 945 3084; x_wconf 90' lang='lat' dir='ltr'>Deo,</span> <span class='ocrx_word' id='word_1_411' title='bbox 973 3036 1036 3073; x_wconf 89' lang='lat' dir='ltr'>vel</span> <span class='ocrx_word' id='word_1_412' title='bbox 1065 3048 1194 3073; x_wconf 90' lang='lat' dir='ltr'>coram</span> <span class='ocrx_word' id='word_1_413' title='bbox 1226 3034 1348 3072; x_wconf 89' lang='lat' dir='ltr'>homi-</span> 
     </span>
     <span class='ocr_line' id='line_1_70' title="bbox 288 3088 1347 3149; baseline -0.004 -22"><span class='ocrx_word' id='word_1_414' title='bbox 288 3091 411 3128; x_wconf 86' lang='lat' dir='ltr'>nibus.</span> <span class='ocrx_word' id='word_1_415' title='bbox 442 3090 585 3129; x_wconf 86' lang='lat' dir='ltr'>Coram</span> <span class='ocrx_word' id='word_1_416' title='bbox 605 3090 690 3127; x_wconf 91' lang='lat' dir='ltr'>Deo</span> <span class='ocrx_word' id='word_1_417' title='bbox 715 3089 882 3149; x_wconf 81' lang='lat' dir='ltr'>quidem,</span> <span class='ocrx_word' id='word_1_418' title='bbox 902 3088 968 3138; x_wconf 87' lang='lat' dir='ltr'>qui</span> <span class='ocrx_word' id='word_1_419' title='bbox 993 3088 1177 3137; x_wconf 77' lang='lat' dir='ltr'>inspector</span> <span class='ocrx_word' id='word_1_420' title='bbox 1195 3093 1250 3125; x_wconf 88' lang='lat' dir='ltr'>est</span> <span class='ocrx_word' id='word_1_421' title='bbox 1266 3099 1347 3124; x_wconf 90' lang='lat' dir='ltr'>cor-</span> 
     </span>
    </p>
   </div>
   <div class='ocr_carea' id='block_1_35' title="bbox 189 1955 1802 2040">
    <p class='ocr_par' dir='ltr' id='par_1_40' title="bbox 189 1955 1802 2040">
     <span class='ocr_line' id='line_1_71' title="bbox 189 1955 1802 2040; baseline -0.002 -22"><span class='ocrx_word' id='word_1_422' title='bbox 189 1993 202 2027; x_wconf 70' lang='grc'>,·</span> <span class='ocrx_word' id='word_1_423' title='bbox 233 1988 260 2026; x_wconf 68' lang='grc' dir='ltr'>’ζ</span> <span class='ocrx_word' id='word_1_424' title='bbox 285 1968 405 2018; x_wconf 79' lang='lat' dir='ltr'>Eth&#39;ic.</span> <span class='ocrx_word' id='word_1_425' title='bbox 425 1980 456 2026; x_wconf 67' lang='lat'>¹²,</span> <span class='ocrx_word' id='word_1_426' title='bbox 481 1981 604 2017; x_wconf 84' lang='lat' dir='ltr'>honor</span> <span class='ocrx_word' id='word_1_427' title='bbox 622 1955 676 2016; x_wconf 60' lang='lat' dir='ltr'>e²st</span> <span class='ocrx_word' id='word_1_428' title='bbox 686 1980 902 2040; x_wconf 72' lang='lat' dir='ltr'>praemium</span> <span class='ocrx_word' id='word_1_429' title='bbox 921 1979 1076 2017; x_wconf 81' lang='lat' dir='ltr'>virtutis.</span> <span class='ocrx_word' id='word_1_430' title='bbox 1105 1978 1260 2016; x_wconf 90' lang='lat' dir='ltr'>Virtutis</span> <span class='ocrx_word' id='word_1_431' title='bbox 1281 1991 1347 2015; x_wconf 91' lang='lat' dir='ltr'>au·</span> <span class='ocrx_word' id='word_1_432' title='bbox 1372 1985 1374 2031; x_wconf 52' lang='lat' dir='ltr'>l</span> <span class='ocrx_word' id='word_1_433' title='bbox 1399 1978 1594 2028; x_wconf 86' lang='lat' dir='ltr'>poralibus</span> <span class='ocrx_word' id='word_1_434' title='bbox 1624 1978 1802 2016; x_wconf 88' lang='lat' dir='ltr'>consistit.</span> 
     </span>
    </p>
   </div>
   <div class='ocr_carea' id='block_1_36' title="bbox 1372 2030 2460 2186">
    <p class='ocr_par' dir='ltr' id='par_1_41' title="bbox 1402 2030 2460 2186">
     <span class='ocr_line' id='line_1_72' title="bbox 1453 2030 2460 2080; baseline -0.001 -12"><span class='ocrx_word' id='word_1_435' title='bbox 1453 2033 1512 2069; x_wconf 82' lang='lat' dir='ltr'>AD</span> <span class='ocrx_word' id='word_1_436' title='bbox 1532 2043 1669 2068; x_wconf 81' lang='lat' dir='ltr'>PRlMUM</span> <span class='ocrx_word' id='word_1_437' title='bbox 1687 2042 1785 2069; x_wconf 82' lang='lat' dir='ltr'>ERGO</span> <span class='ocrx_word' id='word_1_438' title='bbox 1805 2031 1990 2069; x_wconf 70' lang='lat' dir='ltr'>mcaNDuM</span> <span class='ocrx_word' id='word_1_439' title='bbox 2009 2031 2115 2080; x_wconf 91' lang='lat' dir='ltr'>quod</span> <span class='ocrx_word' id='word_1_440' title='bbox 2143 2030 2354 2068; x_wconf 88' lang='lat' dir='ltr'>reverentia</span> <span class='ocrx_word' id='word_1_441' title='bbox 2382 2043 2460 2068; x_wconf 91' lang='lat' dir='ltr'>non</span> 
     </span>
     <span class='ocr_line' id='line_1_73' title="bbox 1372 2084 2459 2133; baseline -0.001 -11.971"><span class='ocrx_word' id='word_1_442' title='bbox 1372 2090 1457 2125; x_wconf 91' lang='lat' dir='ltr'>est</span> <span class='ocrx_word' id='word_1_443' title='bbox 1474 2084 1578 2123; x_wconf 91' lang='lat' dir='ltr'>idem</span> <span class='ocrx_word' id='word_1_444' title='bbox 1598 2084 1703 2133; x_wconf 91' lang='lat' dir='ltr'>quod</span> <span class='ocrx_word' id='word_1_445' title='bbox 1730 2084 1875 2121; x_wconf 91' lang='lat' dir='ltr'>honor:</span> <span class='ocrx_word' id='word_1_446' title='bbox 1904 2084 1972 2122; x_wconf 91' lang='lat' dir='ltr'>sed</span> <span class='ocrx_word' id='word_1_447' title='bbox 1993 2096 2038 2121; x_wconf 90' lang='lat' dir='ltr'>ex</span> <span class='ocrx_word' id='word_1_448' title='bbox 2057 2095 2132 2121; x_wconf 93' lang='lat' dir='ltr'>una</span> <span class='ocrx_word' id='word_1_449' title='bbox 2150 2092 2256 2133; x_wconf 84' lang='lat' dir='ltr'>parte</span> <span class='ocrx_word' id='word_1_450' title='bbox 2286 2091 2341 2121; x_wconf 92' lang='lat' dir='ltr'>est</span> <span class='ocrx_word' id='word_1_451' title='bbox 2358 2084 2459 2132; x_wconf 90' lang='lat' dir='ltr'>prin-</span> 
     </span>
     <span class='ocr_line' id='line_1_74' title="bbox 1372 2137 2458 2186; baseline -0.001 -11.971"><span class='ocrx_word' id='word_1_452' title='bbox 1372 2137 1574 2186; x_wconf 77' lang='lat' dir='ltr'>cipium⁸</span> <span class='ocrx_word' id='word_1_453' title='bbox 1603 2137 1794 2174; x_wconf 86' lang='lat' dir='ltr'>motivum</span> <span class='ocrx_word' id='word_1_454' title='bbox 1827 2137 1875 2174; x_wconf 89' lang='lat' dir='ltr'>ad</span> <span class='ocrx_word' id='word_1_455' title='bbox 1911 2137 2202 2184; x_wconf 87' lang='lat' dir='ltr'>honorandum,</span> <span class='ocrx_word' id='word_1_456' title='bbox 2233 2137 2458 2185; x_wconf 84' lang='lat' dir='ltr'>inquantum</span> 
     </span>
    </p>
   </div>
   <div class='ocr_carea' id='block_1_37' title="bbox 1372 2189 2459 2238">
    <p class='ocr_par' dir='ltr' id='par_1_42' title="bbox 1372 2189 2459 2238">
     <span class='ocr_line' id='line_1_75' title="bbox 1372 2189 2459 2238; baseline -0.002 -11"><span class='ocrx_word' id='word_1_457' title='bbox 1372 2232 1374 2236; x_wconf 65' lang='lat'>,</span> <span class='ocrx_word' id='word_1_458' title='bbox 1401 2190 1557 2229; x_wconf 81' lang='lat' dir='ltr'>scilicet.</span> <span class='ocrx_word' id='word_1_459' title='bbox 1567 2190 1699 2238; x_wconf 89' lang='lat' dir='ltr'>aliquis</span> <span class='ocrx_word' id='word_1_460' title='bbox 1729 2202 1774 2227; x_wconf 91' lang='lat' dir='ltr'>ex</span> <span class='ocrx_word' id='word_1_461' title='bbox 1801 2191 2012 2227; x_wconf 89' lang='lat' dir='ltr'>reverentia</span> <span class='ocrx_word' id='word_1_462' title='bbox 2041 2202 2158 2238; x_wconf 88' lang='lat' dir='ltr'>quam</span> <span class='ocrx_word' id='word_1_463' title='bbox 2185 2191 2300 2227; x_wconf 88' lang='lat' dir='ltr'>habet</span> <span class='ocrx_word' id='word_1_464' title='bbox 2323 2189 2371 2227; x_wconf 86' lang='lat' dir='ltr'>ad</span> <span class='ocrx_word' id='word_1_465' title='bbox 2396 2189 2459 2226; x_wconf 89' lang='lat' dir='ltr'>ali-</span> 
     </span>
    </p>
   </div>
   <div class='ocr_carea' id='block_1_38' title="bbox 1401 2243 2461 2451">
    <p class='ocr_par' dir='ltr' id='par_1_43' title="bbox 1401 2243 2459 2387">
     <span class='ocr_line' id='line_1_76' title="bbox 1402 2243 2459 2292; baseline -0.001 -12"><span class='ocrx_word' id='word_1_466' title='bbox 1402 2255 1529 2292; x_wconf 89' lang='lat' dir='ltr'>quem,</span> <span class='ocrx_word' id='word_1_467' title='bbox 1560 2254 1648 2279; x_wconf 90' lang='lat' dir='ltr'>eum</span> <span class='ocrx_word' id='word_1_468' title='bbox 1677 2243 1858 2288; x_wconf 89' lang='lat' dir='ltr'>honorat;</span> <span class='ocrx_word' id='word_1_469' title='bbox 1889 2255 1933 2279; x_wconf 91' lang='lat' dir='ltr'>ex</span> <span class='ocrx_word' id='word_1_470' title='bbox 1961 2243 2033 2280; x_wconf 85' lang='lat' dir='ltr'>alia</span> <span class='ocrx_word' id='word_1_471' title='bbox 2051 2254 2145 2280; x_wconf 90' lang='lat' dir='ltr'>vero</span> <span class='ocrx_word' id='word_1_472' title='bbox 2175 2251 2279 2291; x_wconf 87' lang='lat' dir='ltr'>parte</span> <span class='ocrx_word' id='word_1_473' title='bbox 2309 2250 2363 2279; x_wconf 90' lang='lat' dir='ltr'>est</span> <span class='ocrx_word' id='word_1_474' title='bbox 2390 2243 2459 2279; x_wconf 91' lang='lat' dir='ltr'>ho-</span> 
     </span>
     <span class='ocr_line' id='line_1_77' title="bbox 1401 2295 2459 2345; baseline -0.001 -12"><span class='ocrx_word' id='word_1_475' title='bbox 1401 2295 1503 2334; x_wconf 89' lang='lat' dir='ltr'>noris</span> <span class='ocrx_word' id='word_1_476' title='bbox 1531 2296 1629 2343; x_wconf 84' lang='lat' dir='ltr'>finis,</span> <span class='ocrx_word' id='word_1_477' title='bbox 1651 2296 1876 2345; x_wconf 90' lang='lat' dir='ltr'>inquantum</span> <span class='ocrx_word' id='word_1_478' title='bbox 1896 2296 2036 2332; x_wconf 88' lang='lat' dir='ltr'>scilicet</span> <span class='ocrx_word' id='word_1_479' title='bbox 2064 2295 2200 2345; x_wconf 88' lang='lat' dir='ltr'>aliquis</span> <span class='ocrx_word' id='word_1_480' title='bbox 2217 2297 2266 2333; x_wconf 88' lang='lat' dir='ltr'>ad</span> <span class='ocrx_word' id='word_1_481' title='bbox 2292 2296 2367 2332; x_wconf 88' lang='lat' dir='ltr'>hoc</span> <span class='ocrx_word' id='word_1_482' title='bbox 2390 2296 2459 2332; x_wconf 92' lang='lat' dir='ltr'>ho-</span> 
     </span>
     <span class='ocr_line' id='line_1_78' title="bbox 1401 2347 2331 2387; baseline -0.002 0"><span class='ocrx_word' id='word_1_483' title='bbox 1401 2357 1556 2387; x_wconf 90' lang='lat' dir='ltr'>noratur</span> <span class='ocrx_word' id='word_1_484' title='bbox 1582 2349 1682 2386; x_wconf 90' lang='lat' dir='ltr'>utin</span> <span class='ocrx_word' id='word_1_485' title='bbox 1710 2348 1920 2386; x_wconf 87' lang='lat' dir='ltr'>reverentia</span> <span class='ocrx_word' id='word_1_486' title='bbox 1947 2349 2134 2386; x_wconf 91' lang='lat' dir='ltr'>habeatur</span> <span class='ocrx_word' id='word_1_487' title='bbox 2161 2349 2209 2386; x_wconf 86' lang='lat' dir='ltr'>ab</span> <span class='ocrx_word' id='word_1_488' title='bbox 2238 2347 2331 2386; x_wconf 81' lang='lat' dir='ltr'>aliis.</span> 
     </span>
    </p>

    <p class='ocr_par' dir='ltr' id='par_1_44' title="bbox 1454 2401 2461 2451">
     <span class='ocr_line' id='line_1_79' title="bbox 1454 2401 2461 2451; baseline -0.002 -13"><span class='ocrx_word' id='word_1_489' title='bbox 1454 2403 1512 2438; x_wconf 83' lang='lat' dir='ltr'>AD</span> <span class='ocrx_word' id='word_1_490' title='bbox 1551 2413 1740 2438; x_wconf 77' lang='lat' dir='ltr'>SECUNDUM</span> <span class='ocrx_word' id='word_1_491' title='bbox 1778 2413 1962 2439; x_wconf 58' lang='lat' dir='ltr'>melerinum</span> <span class='ocrx_word' id='word_1_492' title='bbox 1997 2402 2121 2451; x_wconf 90' lang='lat' dir='ltr'>quod,</span> <span class='ocrx_word' id='word_1_493' title='bbox 2158 2401 2252 2438; x_wconf 89' lang='lat' dir='ltr'>sicut</span> <span class='ocrx_word' id='word_1_494' title='bbox 2289 2401 2461 2437; x_wconf 91' lang='lat' dir='ltr'>Philoso-</span> 
     </span>
    </p>
   </div>
   <div class='ocr_carea' id='block_1_39' title="bbox 1400 2453 2504 2506">
    <p class='ocr_par' dir='ltr' id='par_1_45' title="bbox 1400 2453 2504 2506">
     <span class='ocr_line' id='line_1_80' title="bbox 1400 2453 2504 2506; baseline -0.002 -14"><span class='ocrx_word' id='word_1_495' title='bbox 1400 2456 1499 2504; x_wconf 92' lang='lat' dir='ltr'>phus</span> <span class='ocrx_word' id='word_1_496' title='bbox 1519 2455 1663 2497; x_wconf 84' lang='lat' dir='ltr'>ibidem</span> <span class='ocrx_word' id='word_1_497' title='bbox 1685 2455 1704 2475; x_wconf 90' lang='lat'><strong>*</strong></span> <span class='ocrx_word' id='word_1_498' title='bbox 1732 2454 1828 2501; x_wconf 90' lang='lat' dir='ltr'>dicit,</span> <span class='ocrx_word' id='word_1_499' title='bbox 1849 2454 1973 2491; x_wconf 90' lang='lat' dir='ltr'>honor</span> <span class='ocrx_word' id='word_1_500' title='bbox 1992 2466 2071 2491; x_wconf 91' lang='lat' dir='ltr'>non</span> <span class='ocrx_word' id='word_1_501' title='bbox 2101 2462 2156 2491; x_wconf 90' lang='lat' dir='ltr'>est</span> <span class='ocrx_word' id='word_1_502' title='bbox 2175 2454 2366 2492; x_wconf 82' lang='lat' dir='ltr'>sufficiens</span> <span class='ocrx_word' id='word_1_503' title='bbox 2384 2453 2459 2491; x_wconf 89' lang='lat' dir='ltr'>vir-</span> <span class='ocrx_word' id='word_1_504' title='bbox 2488 2460 2504 2506; x_wconf 72' lang='lat' dir='ltr'>&#39;S</span> 
     </span>
    </p>
   </div>
   <div class='ocr_carea' id='block_1_40' title="bbox 1401 2506 2461 2556">
    <p class='ocr_par' dir='ltr' id='par_1_46' title="bbox 1401 2506 2461 2556">
     <span class='ocr_line' id='line_1_81' title="bbox 1401 2506 2461 2556; baseline -0.001 -12"><span class='ocrx_word' id='word_1_505' title='bbox 1401 2507 1487 2545; x_wconf 90' lang='lat' dir='ltr'>tutis</span> <span class='ocrx_word' id='word_1_506' title='bbox 1514 2507 1742 2556; x_wconf 88' lang='lat' dir='ltr'>praemium,</span> <span class='ocrx_word' id='word_1_507' title='bbox 1772 2507 1839 2544; x_wconf 91' lang='lat' dir='ltr'>sed</span> <span class='ocrx_word' id='word_1_508' title='bbox 1859 2507 1949 2544; x_wconf 86' lang='lat' dir='ltr'>nihil</span> <span class='ocrx_word' id='word_1_509' title='bbox 1968 2515 2093 2555; x_wconf 88' lang='lat' dir='ltr'>potest</span> <span class='ocrx_word' id='word_1_510' title='bbox 2116 2519 2197 2544; x_wconf 89' lang='lat' dir='ltr'>esse</span> <span class='ocrx_word' id='word_1_511' title='bbox 2223 2507 2261 2544; x_wconf 90' lang='lat' dir='ltr'>in</span> <span class='ocrx_word' id='word_1_512' title='bbox 2286 2506 2461 2544; x_wconf 85' lang='lat' dir='ltr'>humanis</span> 
     </span>
    </p>
   </div>
   <div class='ocr_carea' id='block_1_41' title="bbox 1373 2558 2498 2609">
    <p class='ocr_par' dir='ltr' id='par_1_47' title="bbox 1373 2558 2498 2609">
     <span class='ocr_line' id='line_1_82' title="bbox 1373 2558 2498 2609; baseline -0.002 -11"><span class='ocrx_word' id='word_1_513' title='bbox 1373 2569 1376 2603; x_wconf 69' lang='grc' dir='ltr'>ι</span> <span class='ocrx_word' id='word_1_514' title='bbox 1402 2561 1515 2598; x_wconf 90' lang='lat' dir='ltr'>rebus</span> <span class='ocrx_word' id='word_1_515' title='bbox 1535 2568 1572 2597; x_wconf 91' lang='lat' dir='ltr'>et</span> <span class='ocrx_word' id='word_1_516' title='bbox 1589 2559 1850 2609; x_wconf 87' lang='lat' dir='ltr'>corporalibus</span> <span class='ocrx_word' id='word_1_517' title='bbox 1871 2559 1993 2596; x_wconf 90' lang='lat' dir='ltr'>maius</span> <span class='ocrx_word' id='word_1_518' title='bbox 2011 2561 2159 2597; x_wconf 90' lang='lat' dir='ltr'>honore</span> <span class='ocrx_word' id='word_1_519' title='bbox 2173 2559 2209 2596; x_wconf 74' lang='lat' dir='ltr'>*z</span> <span class='ocrx_word' id='word_1_520' title='bbox 2235 2558 2460 2608; x_wconf 90' lang='lat' dir='ltr'>inquantum</span> <span class='ocrx_word' id='word_1_521' title='bbox 2489 2570 2498 2578; x_wconf 90' lang='lat'><strong>·</strong></span> 
     </span>
    </p>
   </div>
   <div class='ocr_carea' id='block_1_42' title="bbox 1402 2612 2461 2768">
    <p class='ocr_par' dir='ltr' id='par_1_48' title="bbox 1402 2612 2461 2768">
     <span class='ocr_line' id='line_1_83' title="bbox 1402 2612 2461 2663; baseline -0.002 -12"><span class='ocrx_word' id='word_1_522' title='bbox 1402 2613 1541 2651; x_wconf 89' lang='lat' dir='ltr'>scilicet</span> <span class='ocrx_word' id='word_1_523' title='bbox 1568 2613 1672 2663; x_wconf 90' lang='lat' dir='ltr'>ipsae</span> <span class='ocrx_word' id='word_1_524' title='bbox 1711 2613 1926 2662; x_wconf 85' lang='lat' dir='ltr'>corporales</span> <span class='ocrx_word' id='word_1_525' title='bbox 1956 2625 2014 2650; x_wconf 89' lang='lat' dir='ltr'>res</span> <span class='ocrx_word' id='word_1_526' title='bbox 2042 2621 2129 2650; x_wconf 92' lang='lat' dir='ltr'>sunt</span> <span class='ocrx_word' id='word_1_527' title='bbox 2164 2613 2269 2660; x_wconf 90' lang='lat' dir='ltr'>signa</span> <span class='ocrx_word' id='word_1_528' title='bbox 2303 2612 2461 2649; x_wconf 90' lang='lat' dir='ltr'>demon—</span> 
     </span>
     <span class='ocr_line' id='line_1_84' title="bbox 1402 2664 2459 2704; baseline -0.002 -1"><span class='ocrx_word' id='word_1_529' title='bbox 1402 2664 1586 2704; x_wconf 67' lang='lat' dir='ltr'>strativa=</span> <span class='ocrx_word' id='word_1_530' title='bbox 1615 2665 1827 2702; x_wconf 89' lang='lat' dir='ltr'>excellentis</span> <span class='ocrx_word' id='word_1_531' title='bbox 1855 2665 2012 2702; x_wconf 89' lang='lat' dir='ltr'>virtutis.</span> <span class='ocrx_word' id='word_1_532' title='bbox 2042 2665 2110 2702; x_wconf 90' lang='lat' dir='ltr'>Est</span> <span class='ocrx_word' id='word_1_533' title='bbox 2138 2672 2263 2702; x_wconf 89' lang='lat' dir='ltr'>autem</span> <span class='ocrx_word' id='word_1_534' title='bbox 2290 2665 2459 2702; x_wconf 87' lang='lat' dir='ltr'>debitum</span> 
     </span>
     <span class='ocr_line' id='line_1_85' title="bbox 1402 2717 2461 2768; baseline -0.002 -12"><span class='ocrx_word' id='word_1_535' title='bbox 1402 2719 1506 2757; x_wconf 90' lang='lat' dir='ltr'>bono</span> <span class='ocrx_word' id='word_1_536' title='bbox 1537 2726 1572 2755; x_wconf 90' lang='lat' dir='ltr'>et</span> <span class='ocrx_word' id='word_1_537' title='bbox 1598 2719 1757 2768; x_wconf 91' lang='lat' dir='ltr'>pulchro</span> <span class='ocrx_word' id='word_1_538' title='bbox 1778 2726 1819 2755; x_wconf 90' lang='lat' dir='ltr'>ut</span> <span class='ocrx_word' id='word_1_539' title='bbox 1837 2717 2109 2755; x_wconf 89' lang='lat' dir='ltr'>manifestetur:</span> <span class='ocrx_word' id='word_1_540' title='bbox 2140 2717 2351 2755; x_wconf 88' lang='lat' dir='ltr'>secundum</span> <span class='ocrx_word' id='word_1_541' title='bbox 2370 2717 2461 2754; x_wconf 92' lang='lat' dir='ltr'>illud</span> 
     </span>
    </p>
   </div>
   <div class='ocr_carea' id='block_1_43' title="bbox 1403 2770 2600 2819">
    <p class='ocr_par' dir='ltr' id='par_1_49' title="bbox 1403 2770 2600 2819">
     <span class='ocr_line' id='line_1_86' title="bbox 1403 2770 2600 2819; baseline -0.001 -11"><span class='ocrx_word' id='word_1_542' title='bbox 1403 2771 1536 2809; x_wconf 92' lang='lat' dir='ltr'>Matth.</span> <span class='ocrx_word' id='word_1_543' title='bbox 1564 2783 1592 2808; x_wconf 88' lang='lat' dir='ltr'><strong>v</strong></span> <span class='ocrx_word' id='word_1_544' title='bbox 1617 2770 1656 2806; x_wconf 72' lang='grc' dir='ltr'>ἐ</span> <span class='ocrx_word' id='word_1_545' title='bbox 1685 2771 1821 2819; x_wconf 86' lang='lat' dir='ltr'>Neque</span> <span class='ocrx_word' id='word_1_546' title='bbox 1855 2771 2062 2808; x_wconf 81' lang='lat' dir='ltr'>accendunt</span> <span class='ocrx_word' id='word_1_547' title='bbox 2098 2770 2291 2808; x_wconf 87' lang='lat' dir='ltr'>lucernam</span> <span class='ocrx_word' id='word_1_548' title='bbox 2328 2776 2363 2807; x_wconf 87' lang='lat' dir='ltr'>et</span> <span class='ocrx_word' id='word_1_549' title='bbox 2390 2782 2461 2819; x_wconf 84' lang='lat' dir='ltr'>po·</span> <span class='ocrx_word' id='word_1_550' title='bbox 2489 2777 2496 2784; x_wconf 93' lang='grc'><em>·</em></span> <span class='ocrx_word' id='word_1_551' title='bbox 2547 2781 2600 2796; x_wconf 66' lang='lat'>‘⁵¹</span> 
     </span>
    </p>
   </div>
   <div class='ocr_carea' id='block_1_44' title="bbox 1374 2823 2461 3135">
    <p class='ocr_par' dir='ltr' id='par_1_50' title="bbox 1374 2823 2459 2978">
     <span class='ocr_line' id='line_1_87' title="bbox 1374 2823 2459 2871; baseline 0 -11"><span class='ocrx_word' id='word_1_552' title='bbox 1374 2826 1375 2839; x_wconf 67' lang='lat'>¹</span> <span class='ocrx_word' id='word_1_553' title='bbox 1403 2830 1497 2860; x_wconf 87' lang='lat' dir='ltr'>nunt</span> <span class='ocrx_word' id='word_1_554' title='bbox 1514 2829 1532 2850; x_wconf 72' lang='grc' dir='ltr'>η</span> <span class='ocrx_word' id='word_1_555' title='bbox 1560 2835 1643 2860; x_wconf 90' lang='lat' dir='ltr'>eam</span> <span class='ocrx_word' id='word_1_556' title='bbox 1671 2823 1740 2860; x_wconf 85' lang='lat' dir='ltr'>sub</span> <span class='ocrx_word' id='word_1_557' title='bbox 1767 2823 1913 2860; x_wconf 87' lang='lat' dir='ltr'>modio.-</span> <span class='ocrx_word' id='word_1_558' title='bbox 1941 2823 2007 2860; x_wconf 83' lang='lat' dir='ltr'>sed</span> <span class='ocrx_word' id='word_1_559' title='bbox 2031 2835 2143 2871; x_wconf 83' lang='lat' dir='ltr'>super</span> <span class='ocrx_word' id='word_1_560' title='bbox 2170 2823 2459 2868; x_wconf 86' lang='lat' dir='ltr'>candelabrum,</span> 
     </span>
     <span class='ocr_line' id='line_1_88' title="bbox 1404 2875 2458 2925; baseline -0.001 -12"><span class='ocrx_word' id='word_1_561' title='bbox 1404 2883 1442 2914; x_wconf 86' lang='lat' dir='ltr'>ut</span> <span class='ocrx_word' id='word_1_562' title='bbox 1460 2877 1582 2914; x_wconf 87' lang='lat' dir='ltr'>luceat</span> <span class='ocrx_word' id='word_1_563' title='bbox 1599 2876 1771 2913; x_wconf 78' lang='lat' dir='ltr'>omnihus</span> <span class='ocrx_word' id='word_1_564' title='bbox 1790 2877 1856 2925; x_wconf 81' lang='lat' dir='ltr'>qui</span> <span class='ocrx_word' id='word_1_565' title='bbox 1874 2876 1910 2912; x_wconf 91' lang='lat' dir='ltr'>in</span> <span class='ocrx_word' id='word_1_566' title='bbox 1931 2875 2042 2912; x_wconf 87' lang='lat' dir='ltr'>domo</span> <span class='ocrx_word' id='word_1_567' title='bbox 2060 2882 2161 2913; x_wconf 82' lang='lat' dir='ltr'>sunt:</span> <span class='ocrx_word' id='word_1_568' title='bbox 2190 2877 2239 2913; x_wconf 90' lang='lat' dir='ltr'>Et</span> <span class='ocrx_word' id='word_1_569' title='bbox 2263 2888 2333 2925; x_wconf 90' lang='lat' dir='ltr'>pro</span> <span class='ocrx_word' id='word_1_570' title='bbox 2355 2875 2458 2912; x_wconf 78' lang='lat' dir='ltr'>tahto</span> 
     </span>
     <span class='ocr_line' id='line_1_89' title="bbox 1402 2928 2111 2978; baseline -0.001 -12"><span class='ocrx_word' id='word_1_571' title='bbox 1402 2929 1614 2978; x_wconf 87' lang='lat' dir='ltr'>praemium</span> <span class='ocrx_word' id='word_1_572' title='bbox 1642 2928 1789 2966; x_wconf 89' lang='lat' dir='ltr'>virtutis</span> <span class='ocrx_word' id='word_1_573' title='bbox 1816 2928 1950 2966; x_wconf 89' lang='lat' dir='ltr'>dicitur</span> <span class='ocrx_word' id='word_1_574' title='bbox 1975 2929 2111 2966; x_wconf 91' lang='lat' dir='ltr'>honor.</span> 
     </span>
    </p>

    <p class='ocr_par' dir='ltr' id='par_1_51' title="bbox 1374 2980 2461 3135">
     <span class='ocr_line' id='line_1_90' title="bbox 1455 2980 2460 3040; baseline 0 -22"><span class='ocrx_word' id='word_1_575' title='bbox 1455 2984 1514 3019; x_wconf 82' lang='lat' dir='ltr'>AD</span> <span class='ocrx_word' id='word_1_576' title='bbox 1529 2993 1688 3019; x_wconf 79' lang='lat' dir='ltr'>TERTmM</span> <span class='ocrx_word' id='word_1_577' title='bbox 1707 2993 1892 3019; x_wconf 76' lang='lat' dir='ltr'>mcENDuM</span> <span class='ocrx_word' id='word_1_578' title='bbox 1912 2980 2018 3030; x_wconf 91' lang='lat' dir='ltr'>quod</span> <span class='ocrx_word' id='word_1_579' title='bbox 2046 2982 2126 3018; x_wconf 90' lang='lat' dir='ltr'>laus</span> <span class='ocrx_word' id='word_1_580' title='bbox 2150 2980 2384 3040; x_wconf 88' lang='lat' dir='ltr'>distinguitur</span> <span class='ocrx_word' id='word_1_581' title='bbox 2413 2983 2460 3018; x_wconf 88' lang='lat' dir='ltr'>ab</span> 
     </span>
     <span class='ocr_line' id='line_1_91' title="bbox 1402 3030 2461 3093; baseline -0.001 -21.026"><span class='ocrx_word' id='word_1_582' title='bbox 1402 3034 1549 3072; x_wconf 91' lang='lat' dir='ltr'>honore</span> <span class='ocrx_word' id='word_1_583' title='bbox 1579 3034 1786 3093; x_wconf 87' lang='lat' dir='ltr'>dupliciter.</span> <span class='ocrx_word' id='word_1_584' title='bbox 1825 3030 1912 3072; x_wconf 90' lang='lat' dir='ltr'>Uno</span> <span class='ocrx_word' id='word_1_585' title='bbox 1942 3033 2080 3082; x_wconf 89' lang='lat' dir='ltr'>modo,</span> <span class='ocrx_word' id='word_1_586' title='bbox 2110 3034 2198 3083; x_wconf 91' lang='lat' dir='ltr'>quia</span> <span class='ocrx_word' id='word_1_587' title='bbox 2225 3036 2307 3071; x_wconf 90' lang='lat' dir='ltr'>laus</span> <span class='ocrx_word' id='word_1_588' title='bbox 2340 3035 2461 3071; x_wconf 91' lang='lat' dir='ltr'>consi-</span> 
     </span>
     <span class='ocr_line' id='line_1_92' title="bbox 1403 3086 2461 3135; baseline 0 -11"><span class='ocrx_word' id='word_1_589' title='bbox 1403 3087 1464 3124; x_wconf 92' lang='lat' dir='ltr'>stit</span> <span class='ocrx_word' id='word_1_590' title='bbox 1490 3087 1530 3125; x_wconf 91' lang='lat' dir='ltr'>in</span> <span class='ocrx_word' id='word_1_591' title='bbox 1568 3087 1656 3124; x_wconf 87' lang='lat' dir='ltr'>solis</span> <span class='ocrx_word' id='word_1_592' title='bbox 1691 3086 1805 3135; x_wconf 85' lang='lat' dir='ltr'>signis</span> <span class='ocrx_word' id='word_1_593' title='bbox 1832 3087 2062 3125; x_wconf 90' lang='lat' dir='ltr'>verborum:</span> <span class='ocrx_word' id='word_1_594' title='bbox 2099 3088 2225 3124; x_wconf 87' lang='lat' dir='ltr'>honor</span> <span class='ocrx_word' id='word_1_595' title='bbox 2261 3095 2388 3124; x_wconf 87' lang='lat' dir='ltr'>autem</span> <span class='ocrx_word' id='word_1_596' title='bbox 2423 3087 2461 3124; x_wconf 88' lang='lat' dir='ltr'>in</span> 
     </span>
    </p>
   </div>
   <div class='ocr_carea' id='block_1_45' title="bbox 253 3133 2460 3199">
    <p class='ocr_par' dir='ltr' id='par_1_52' title="bbox 253 3133 2460 3199">
     <span class='ocr_line' id='line_1_93' title="bbox 253 3133 2460 3199; baseline -0.002 -18.937"><span class='ocrx_word' id='word_1_597' title='bbox 253 3144 390 3180; x_wconf 86' lang='lat' dir='ltr'>dium</span> <span class='ocrx_word' id='word_1_598' title='bbox 408 3143 438 3190; x_wconf 86' lang='lat'>*,</span> <span class='ocrx_word' id='word_1_599' title='bbox 459 3142 720 3180; x_wconf 89' lang='lat' dir='ltr'>testimonium</span> <span class='ocrx_word' id='word_1_600' title='bbox 739 3141 991 3180; x_wconf 89' lang='lat' dir='ltr'>conscientiae</span> <span class='ocrx_word' id='word_1_601' title='bbox 1016 3141 1164 3179; x_wconf 88' lang='lat' dir='ltr'>sufficit.</span> <span class='ocrx_word' id='word_1_602' title='bbox 1193 3141 1243 3179; x_wconf 88' lang='lat' dir='ltr'>Et</span> <span class='ocrx_word' id='word_1_603' title='bbox 1261 3140 1376 3181; x_wconf 88' lang='lat' dir='ltr'>ideo</span> <span class='ocrx_word' id='word_1_604' title='bbox 1374 3133 1377 3172; x_wconf 62' lang='lat' dir='ltr'>l</span> <span class='ocrx_word' id='word_1_605' title='bbox 1403 3138 1709 3199; x_wconf 86' lang='lat' dir='ltr'>quibuscumque</span> <span class='ocrx_word' id='word_1_606' title='bbox 1738 3138 1983 3178; x_wconf 85' lang='lat' dir='ltr'>exterioribus</span> <span class='ocrx_word' id='word_1_607' title='bbox 2011 3139 2136 3188; x_wconf 86' lang='lat' dir='ltr'>signis.</span> <span class='ocrx_word' id='word_1_608' title='bbox 2174 3141 2222 3177; x_wconf 92' lang='lat' dir='ltr'>Et</span> <span class='ocrx_word' id='word_1_609' title='bbox 2250 3140 2460 3177; x_wconf 88' lang='lat' dir='ltr'>secundum</span> 
     </span>
    </p>
   </div>
   <div class='ocr_carea' id='block_1_46' title="bbox 287 3193 1377 3262">
    <p class='ocr_par' dir='ltr' id='par_1_53' title="bbox 287 3193 1377 3262">
     <span class='ocr_line' id='line_1_94' title="bbox 287 3193 1377 3262; baseline -0.003 -29"><span class='ocrx_word' id='word_1_610' title='bbox 287 3197 413 3234; x_wconf 91' lang='lat' dir='ltr'>honor</span> <span class='ocrx_word' id='word_1_611' title='bbox 449 3195 580 3245; x_wconf 81' lang='lat' dir='ltr'>quoad</span> <span class='ocrx_word' id='word_1_612' title='bbox 617 3197 745 3232; x_wconf 90' lang='lat' dir='ltr'>Deum</span> <span class='ocrx_word' id='word_1_613' title='bbox 783 3202 908 3244; x_wconf 89' lang='lat' dir='ltr'>potest</span> <span class='ocrx_word' id='word_1_614' title='bbox 947 3193 1151 3232; x_wconf 91' lang='lat' dir='ltr'>consistere</span> <span class='ocrx_word' id='word_1_615' title='bbox 1191 3193 1228 3231; x_wconf 91' lang='lat' dir='ltr'>in</span> <span class='ocrx_word' id='word_1_616' title='bbox 1265 3193 1346 3232; x_wconf 91' lang='lat' dir='ltr'>solo</span> <span class='ocrx_word' id='word_1_617' title='bbox 1374 3218 1377 3262; x_wconf 46' lang='lat' dir='ltr'>k</span> 
     </span>
    </p>
   </div>
   <div class='ocr_carea' id='block_1_47' title="bbox 287 3246 1347 3296">
    <p class='ocr_par' dir='ltr' id='par_1_54' title="bbox 287 3246 1347 3296">
     <span class='ocr_line' id='line_1_95' title="bbox 287 3246 1347 3296; baseline -0.003 -10"><span class='ocrx_word' id='word_1_618' title='bbox 287 3249 454 3287; x_wconf 91' lang='lat' dir='ltr'>interiori</span> <span class='ocrx_word' id='word_1_619' title='bbox 491 3256 599 3285; x_wconf 89' lang='lat' dir='ltr'>motu</span> <span class='ocrx_word' id='word_1_620' title='bbox 634 3248 777 3285; x_wconf 90' lang='lat' dir='ltr'>cordis:</span> <span class='ocrx_word' id='word_1_621' title='bbox 817 3248 909 3285; x_wconf 90' lang='lat' dir='ltr'>dum</span> <span class='ocrx_word' id='word_1_622' title='bbox 947 3246 1086 3285; x_wconf 89' lang='lat' dir='ltr'>scilicet</span> <span class='ocrx_word' id='word_1_623' title='bbox 1120 3246 1254 3296; x_wconf 87' lang='lat' dir='ltr'>aliquis</span> <span class='ocrx_word' id='word_1_624' title='bbox 1291 3259 1347 3283; x_wconf 91' lang='lat' dir='ltr'>re-</span> 
     </span>
    </p>
   </div>
   <div class='ocr_carea' id='block_1_48' title="bbox 289 3299 1376 3353">
    <p class='ocr_par' dir='ltr' id='par_1_55' title="bbox 289 3299 1376 3353">
     <span class='ocr_line' id='line_1_96' title="bbox 289 3299 1376 3353; baseline -0.004 -13"><span class='ocrx_word' id='word_1_625' title='bbox 289 3303 426 3350; x_wconf 89' lang='lat' dir='ltr'>cogitat</span> <span class='ocrx_word' id='word_1_626' title='bbox 453 3303 515 3338; x_wconf 88' lang='lat' dir='ltr'>vel</span> <span class='ocrx_word' id='word_1_627' title='bbox 543 3301 615 3338; x_wconf 90' lang='lat' dir='ltr'>Dei</span> <span class='ocrx_word' id='word_1_628' title='bbox 652 3301 933 3349; x_wconf 85' lang='lat' dir='ltr'>excellentiam,</span> <span class='ocrx_word' id='word_1_629' title='bbox 961 3301 1024 3353; x_wconf 87' lang='lat' dir='ltr'>vel</span> <span class='ocrx_word' id='word_1_630' title='bbox 1053 3300 1165 3338; x_wconf 87' lang='lat' dir='ltr'>etiam</span> <span class='ocrx_word' id='word_1_631' title='bbox 1198 3299 1348 3339; x_wconf 89' lang='lat' dir='ltr'>alterius</span> <span class='ocrx_word' id='word_1_632' title='bbox 1375 3303 1376 3319; x_wconf 69' lang='lat'>³</span> 
     </span>
    </p>
   </div>
   <div class='ocr_carea' id='block_1_49' title="bbox 341 3423 1280 3564">
    <p class='ocr_par' dir='ltr' id='par_1_56' title="bbox 342 3423 1000 3458">
     <span class='ocr_line' id='line_1_97' title="bbox 342 3423 1000 3458; baseline -0.005 -8"><span class='ocrx_word' id='word_1_633' title='bbox 342 3426 369 3458; x_wconf 78' lang='grc' dir='ltr'>α)</span> <span class='ocrx_word' id='word_1_634' title='bbox 390 3425 567 3450; x_wconf 81' lang='lat' dir='ltr'>interioribus.</span> <span class='ocrx_word' id='word_1_635' title='bbox 585 3438 604 3443; x_wconf 99' lang='lat'>-</span> <span class='ocrx_word' id='word_1_636' title='bbox 622 3424 742 3448; x_wconf 81' lang='lat' dir='ltr'>omnibus</span> <span class='ocrx_word' id='word_1_637' title='bbox 762 3424 796 3454; x_wconf 86' lang='lat' dir='ltr'>D;</span> <span class='ocrx_word' id='word_1_638' title='bbox 815 3427 842 3448; x_wconf 80' lang='lat' dir='ltr'>et</span> <span class='ocrx_word' id='word_1_639' title='bbox 859 3431 903 3447; x_wconf 90' lang='lat' dir='ltr'>om</span> <span class='ocrx_word' id='word_1_640' title='bbox 922 3423 1000 3447; x_wconf 89' lang='lat' dir='ltr'>PDG.</span> 
     </span>
    </p>

    <p class='ocr_par' dir='ltr' id='par_1_57' title="bbox 341 3458 1280 3530">
     <span class='ocr_line' id='line_1_98' title="bbox 342 3458 1280 3493; baseline -0.004 -7"><span class='ocrx_word' id='word_1_641' title='bbox 342 3459 367 3493; x_wconf 82' lang='grc' dir='ltr'>β)</span> <span class='ocrx_word' id='word_1_642' title='bbox 387 3461 494 3486; x_wconf 85' lang='lat' dir='ltr'>honore.</span> <span class='ocrx_word' id='word_1_643' title='bbox 513 3460 626 3492; x_wconf 82' lang='lat' dir='ltr'>—digni</span> <span class='ocrx_word' id='word_1_644' title='bbox 643 3462 706 3484; x_wconf 82' lang='lat' dir='ltr'>sunt</span> <span class='ocrx_word' id='word_1_645' title='bbox 724 3458 794 3483; x_wconf 81' lang='lat' dir='ltr'>addit</span> <span class='ocrx_word' id='word_1_646' title='bbox 812 3459 842 3487; x_wconf 84' lang='grc' dir='ltr'>Α,</span> <span class='ocrx_word' id='word_1_647' title='bbox 861 3458 937 3491; x_wconf 81' lang='lat' dir='ltr'>digni</span> <span class='ocrx_word' id='word_1_648' title='bbox 955 3458 1103 3483; x_wconf 70' lang='lat' dir='ltr'>habeantur·</span> <span class='ocrx_word' id='word_1_649' title='bbox 1121 3458 1217 3483; x_wconf 83' lang='lat' dir='ltr'>addunt</span> <span class='ocrx_word' id='word_1_650' title='bbox 1234 3458 1280 3482; x_wconf 85' lang='lat' dir='ltr'>Pa.</span> 
     </span>
     <span class='ocr_line' id='line_1_99' title="bbox 341 3495 698 3530; baseline -0.009 -9"><span class='ocrx_word' id='word_1_651' title='bbox 341 3496 370 3530; x_wconf 88' lang='grc' dir='ltr'>γ)</span> <span class='ocrx_word' id='word_1_652' title='bbox 389 3496 405 3520; x_wconf 92' lang='grc'><em>1</em></span> <span class='ocrx_word' id='word_1_653' title='bbox 420 3499 453 3521; x_wconf 82' lang='lat' dir='ltr'>et.</span> <span class='ocrx_word' id='word_1_654' title='bbox 470 3496 560 3520; x_wconf 89' lang='lat' dir='ltr'>-Om</span> <span class='ocrx_word' id='word_1_655' title='bbox 581 3495 698 3519; x_wconf 81' lang='lat' dir='ltr'>PAEGa.</span> 
     </span>
    </p>

    <p class='ocr_par' dir='ltr' id='par_1_58' title="bbox 341 3529 831 3564">
     <span class='ocr_line' id='line_1_100' title="bbox 341 3529 831 3564; baseline -0.006 -8"><span class='ocrx_word' id='word_1_656' title='bbox 341 3530 367 3564; x_wconf 76' lang='grc' dir='ltr'>ὃ)</span> <span class='ocrx_word' id='word_1_657' title='bbox 386 3532 563 3563; x_wconf 71' lang='lat' dir='ltr'>exenniorum</span> <span class='ocrx_word' id='word_1_658' title='bbox 584 3531 632 3555; x_wconf 80' lang='lat' dir='ltr'>vel.</span> <span class='ocrx_word' id='word_1_659' title='bbox 649 3530 739 3554; x_wconf 93' lang='lat' dir='ltr'>-Om</span> <span class='ocrx_word' id='word_1_660' title='bbox 760 3529 831 3553; x_wconf 87' lang='lat' dir='ltr'>PHa.</span> 
     </span>
    </p>
   </div>
   <div class='ocr_carea' id='block_1_50' title="bbox 431 3581 957 3608">
    <p class='ocr_par' dir='ltr' id='par_1_59' title="bbox 431 3581 957 3608">
     <span class='ocr_line' id='line_1_101' title="bbox 431 3581 957 3608; baseline -0.006 -1"><span class='ocrx_word' id='word_1_661' title='bbox 431 3583 540 3608; x_wconf 65' lang='lat' dir='ltr'>Summa</span> <span class='ocrx_word' id='word_1_662' title='bbox 559 3582 660 3607; x_wconf 72' lang='grc' dir='ltr'>ΤιιιΞοι..</span> <span class='ocrx_word' id='word_1_663' title='bbox 681 3582 844 3606; x_wconf 71' lang='lat' dir='ltr'>D.T110MAE</span> <span class='ocrx_word' id='word_1_664' title='bbox 864 3581 957 3605; x_wconf 88' lang='lat' dir='ltr'>T.V1.</span> 
     </span>
    </p>
   </div>
   <div class='ocr_carea' id='block_1_51' title="bbox 1375 3193 2461 3337">
    <p class='ocr_par' dir='ltr' id='par_1_60' title="bbox 1375 3193 2460 3337">
     <span class='ocr_line' id='line_1_102' title="bbox 1403 3193 2459 3241; baseline -0.001 -11"><span class='ocrx_word' id='word_1_665' title='bbox 1403 3194 1499 3241; x_wconf 87' lang='lat' dir='ltr'>hoc,</span> <span class='ocrx_word' id='word_1_666' title='bbox 1528 3193 1610 3230; x_wconf 88' lang='lat' dir='ltr'>laus</span> <span class='ocrx_word' id='word_1_667' title='bbox 1645 3205 1683 3230; x_wconf 89' lang='lat' dir='ltr'>m</span> <span class='ocrx_word' id='word_1_668' title='bbox 1719 3193 1866 3231; x_wconf 87' lang='lat' dir='ltr'>honore</span> <span class='ocrx_word' id='word_1_669' title='bbox 1904 3193 2114 3230; x_wconf 88' lang='lat' dir='ltr'>includitur.</span> <span class='ocrx_word' id='word_1_670' title='bbox 2143 3213 2168 3220; x_wconf 93' lang='lat'>-</span> <span class='ocrx_word' id='word_1_671' title='bbox 2196 3193 2282 3230; x_wconf 90' lang='lat' dir='ltr'>Alio</span> <span class='ocrx_word' id='word_1_672' title='bbox 2320 3193 2459 3239; x_wconf 90' lang='lat' dir='ltr'>modo,</span> 
     </span>
     <span class='ocr_line' id='line_1_103' title="bbox 1375 3245 2461 3298; baseline 0 -16"><span class='ocrx_word' id='word_1_673' title='bbox 1375 3289 1376 3298; x_wconf 13' lang='grc' dir='ltr'>ἵ</span> <span class='ocrx_word' id='word_1_674' title='bbox 1404 3245 1492 3295; x_wconf 90' lang='lat' dir='ltr'>quia</span> <span class='ocrx_word' id='word_1_675' title='bbox 1519 3258 1589 3295; x_wconf 89' lang='lat' dir='ltr'>per</span> <span class='ocrx_word' id='word_1_676' title='bbox 1617 3245 1887 3282; x_wconf 89' lang='lat' dir='ltr'>exhibitionem</span> <span class='ocrx_word' id='word_1_677' title='bbox 1917 3246 2072 3282; x_wconf 90' lang='lat' dir='ltr'>honoris</span> <span class='ocrx_word' id='word_1_678' title='bbox 2100 3245 2357 3282; x_wconf 87' lang='lat' dir='ltr'>testimonium</span> <span class='ocrx_word' id='word_1_679' title='bbox 2378 3246 2461 3282; x_wconf 88' lang='lat' dir='ltr'>red-</span> 
     </span>
     <span class='ocr_line' id='line_1_104' title="bbox 1404 3298 2460 3337; baseline -0.003 0"><span class='ocrx_word' id='word_1_680' title='bbox 1404 3299 1530 3337; x_wconf 89' lang='lat' dir='ltr'>dimus</span> <span class='ocrx_word' id='word_1_681' title='bbox 1559 3299 1606 3337; x_wconf 91' lang='lat' dir='ltr'>de</span> <span class='ocrx_word' id='word_1_682' title='bbox 1636 3299 1853 3336; x_wconf 89' lang='lat' dir='ltr'>excellentia</span> <span class='ocrx_word' id='word_1_683' title='bbox 1881 3299 2057 3336; x_wconf 86' lang='lat' dir='ltr'>bonitatis</span> <span class='ocrx_word' id='word_1_684' title='bbox 2085 3298 2240 3335; x_wconf 85' lang='lat' dir='ltr'>alicuius</span> <span class='ocrx_word' id='word_1_685' title='bbox 2268 3299 2460 3335; x_wconf 88' lang='lat' dir='ltr'>absolute:</span> 
     </span>
    </p>
   </div>
   <div class='ocr_carea' id='block_1_52' title="bbox 1376 3421 2462 3559">
    <p class='ocr_par' dir='ltr' id='par_1_61' title="bbox 1458 3421 1885 3454">
     <span class='ocr_line' id='line_1_105' title="bbox 1458 3421 1885 3454; baseline -0.002 -8"><span class='ocrx_word' id='word_1_686' title='bbox 1458 3423 1480 3451; x_wconf 88' lang='grc' dir='ltr'>ε)</span> <span class='ocrx_word' id='word_1_687' title='bbox 1496 3421 1668 3454; x_wconf 79' lang='lat' dir='ltr'>principium.</span> <span class='ocrx_word' id='word_1_688' title='bbox 1686 3435 1705 3440; x_wconf 91' lang='lat'><em>-</em></span> <span class='ocrx_word' id='word_1_689' title='bbox 1720 3421 1838 3453; x_wconf 81' lang='lat' dir='ltr'>primum</span> <span class='ocrx_word' id='word_1_690' title='bbox 1858 3421 1885 3445; x_wconf 88' lang='lat' dir='ltr'>P.</span> 
     </span>
    </p>

    <p class='ocr_par' dir='ltr' id='par_1_62' title="bbox 1376 3455 2462 3559">
     <span class='ocr_line' id='line_1_106' title="bbox 1457 3455 2462 3490; baseline 0.001 -9"><span class='ocrx_word' id='word_1_691' title='bbox 1457 3456 1482 3488; x_wconf 84' lang='grc' dir='ltr'>ζ)</span> <span class='ocrx_word' id='word_1_692' title='bbox 1502 3457 1721 3482; x_wconf 78' lang='lat' dir='ltr'>demonstrativa.</span> <span class='ocrx_word' id='word_1_693' title='bbox 1740 3471 1757 3475; x_wconf 91' lang='lat'><em>-</em></span> <span class='ocrx_word' id='word_1_694' title='bbox 1772 3455 1976 3480; x_wconf 79' lang='lat' dir='ltr'>determinativa</span> <span class='ocrx_word' id='word_1_695' title='bbox 1995 3456 2179 3486; x_wconf 75' lang='lat' dir='ltr'>ACEFHIKL,</span> <span class='ocrx_word' id='word_1_696' title='bbox 2202 3455 2344 3490; x_wconf 69' lang='lat' dir='ltr'>deterificiki</span> <span class='ocrx_word' id='word_1_697' title='bbox 2360 3457 2388 3483; x_wconf 83' lang='lat' dir='ltr'>B.</span> <span class='ocrx_word' id='word_1_698' title='bbox 2418 3457 2462 3482; x_wconf 89' lang='lat' dir='ltr'>de-</span> 
     </span>
     <span class='ocr_line' id='line_1_107' title="bbox 1376 3491 2462 3524; baseline 0.001 -8"><span class='ocrx_word' id='word_1_699' title='bbox 1376 3491 1378 3518; x_wconf 60' lang='lat' dir='ltr'>l</span> <span class='ocrx_word' id='word_1_700' title='bbox 1405 3492 1549 3517; x_wconf 82' lang='lat' dir='ltr'>terminata</span> <span class='ocrx_word' id='word_1_701' title='bbox 1568 3492 1599 3519; x_wconf 81' lang='lat' dir='ltr'>G,</span> <span class='ocrx_word' id='word_1_702' title='bbox 1618 3500 1671 3516; x_wconf 88' lang='lat' dir='ltr'>om.</span> <span class='ocrx_word' id='word_1_703' title='bbox 1684 3492 1715 3519; x_wconf 79' lang='lat' dir='ltr'>D.</span> <span class='ocrx_word' id='word_1_704' title='bbox 1731 3491 1937 3516; x_wconf 79' lang='lat' dir='ltr'>determinantia</span> <span class='ocrx_word' id='word_1_705' title='bbox 1950 3492 1992 3516; x_wconf 86' lang='lat' dir='ltr'>ed.</span> <span class='ocrx_word' id='word_1_706' title='bbox 2004 3498 2036 3520; x_wconf 80' lang='lat' dir='ltr'>a‚·</span> <span class='ocrx_word' id='word_1_707' title='bbox 2052 3492 2091 3516; x_wconf 83' lang='lat' dir='ltr'>vel</span> <span class='ocrx_word' id='word_1_708' title='bbox 2105 3491 2315 3516; x_wconf 78' lang='lat' dir='ltr'>demonstrativa</span> <span class='ocrx_word' id='word_1_709' title='bbox 2329 3500 2417 3524; x_wconf 81' lang='lat' dir='ltr'>margo</span> <span class='ocrx_word' id='word_1_710' title='bbox 2430 3493 2462 3517; x_wconf 83' lang='lat' dir='ltr'>K.</span> 
     </span>
     <span class='ocr_line' id='line_1_108' title="bbox 1458 3527 2083 3559; baseline -0.002 -8"><span class='ocrx_word' id='word_1_711' title='bbox 1458 3527 1485 3559; x_wconf 88' lang='grc' dir='ltr'>η)</span> <span class='ocrx_word' id='word_1_712' title='bbox 1504 3531 1530 3551; x_wconf 84' lang='lat' dir='ltr'>et</span> <span class='ocrx_word' id='word_1_713' title='bbox 1545 3531 1658 3559; x_wconf 79' lang='lat' dir='ltr'>ponunt.</span> <span class='ocrx_word' id='word_1_714' title='bbox 1675 3541 1694 3545; x_wconf 97' lang='lat'><em>-</em></span> <span class='ocrx_word' id='word_1_715' title='bbox 1717 3530 1743 3551; x_wconf 78' lang='lat' dir='ltr'>et</span> <span class='ocrx_word' id='word_1_716' title='bbox 1761 3528 1802 3557; x_wconf 84' lang='lat' dir='ltr'>(ut</span> <span class='ocrx_word' id='word_1_717' title='bbox 1822 3527 1869 3557; x_wconf 81' lang='lat' dir='ltr'>sA)</span> <span class='ocrx_word' id='word_1_718' title='bbox 1885 3530 1990 3558; x_wconf 81' lang='lat' dir='ltr'>ponant</span> <span class='ocrx_word' id='word_1_719' title='bbox 2008 3527 2083 3550; x_wconf 62' lang='grc' dir='ltr'>ΑΒΕ.</span> 
     </span>
    </p>
   </div>
   <div class='ocr_carea' id='block_1_53' title="bbox 1374 2366 1379 3542">
    <p class='ocr_par' dir='ltr' id='par_1_63' title="bbox 1374 2366 1379 3542">
     <span class='ocr_line' id='line_1_109' title="bbox 1374 2366 1379 3542; baseline 0 0"><span class='ocrx_word' id='word_1_720' title='bbox 1374 2366 1379 3542; x_wconf 95' lang='lat' dir='ltr'> </span> 
     </span>
    </p>
   </div>
   <div class='ocr_carea' id='block_1_54' title="bbox 2287 3578 2320 3609">
    <p class='ocr_par' dir='ltr' id='par_1_64' title="bbox 2287 3578 2320 3609">
     <span class='ocr_line' id='line_1_110' title="bbox 2287 3578 2320 3609; baseline 0 -6"><span class='ocrx_word' id='word_1_721' title='bbox 2287 3578 2320 3609; x_wconf 74' lang='lat'>48</span> 
     </span>
    </p>
   </div>
  </div>
 </body>
</html>
