2860 4244
96 1777 106 1787 ⁸
122 1776 186 1797 Vers.
202 1782 224 1804 9.

92 2307 103 2318 ⁴
119 2307 186 2329 Vers.
202 2313 231 2334 17.

95 2361 105 2370 ¹
119 2360 184 2381 Vers.
200 2366 221 2382 2.

94 2388 114 2397 '⁸
131 2386 197 2408 Vers.
212 2393 233 2414 3,
247 2394 270 2414 4.

101 3315 110 3323 ⁸
120 3313 166 3340 Qu.
182 3318 257 3339 Lxxlx,
269 3316 309 3334 art.

343 216 392 262 98

342 293 429 332 quod
454 291 561 322 transit
584 291 615 320 in
640 290 855 321 necessitatem
879 289 1029 323 iustitiae,
1061 288 1102 318 ita
1129 288 1217 328 quod
1245 287 1398 317 sententia

343 336 425 366 illius
449 335 559 366 iudicis
583 335 663 365 iusta
688 334 781 363 habet
804 333 868 362 vim
885 333 1057 363 coactivam
1080 331 1120 361 ad
1143 331 1330 371 parendum,
1355 331 1399 361 sic

342 381 438 420 quod,
465 389 528 409 non
553 378 701 418 parendo,
726 377 894 407 iniustitiae
914 386 984 406 reus
1009 382 1055 405 est
1078 375 1171 415 Papa.
1198 375 1237 404 Et
1260 374 1336 404 haec
1352 374 1398 404 vis

342 423 455 454 sufficit
479 422 589 453 iudicis
613 420 822 461 superioritati
847 427 876 450 et
899 419 1084 449 auctoritati.
1116 436 1136 441 -
1168 418 1200 448 Si
1222 424 1330 448 autem
1353 425 1399 449 est

341 555 524 589 missiones,
549 553 630 583 sicut
652 552 756 592 potuit
779 551 959 581 concedere.
994 550 1086 581 Unde
1113 550 1208 580 hodie
1230 550 1299 580 iura
1323 560 1397 580 con-

341 609 426 629 cessa
449 596 631 637 Imperatori
655 596 693 625 de
716 596 861 626 Romana
884 594 1022 625 Ecclesia
1044 594 1078 624 in
1101 594 1172 625 dist.
1189 594 1303 630 LXIII,
1329 604 1396 634 cap.

339 642 541 677 Hadrianus,
559 647 589 670 et
605 650 671 679 cap.
687 639 727 669 In
742 639 878 680 synodo,
904 645 1032 669 cessant.
1057 639 1131 668 Non
1147 645 1253 669 tamen
1274 638 1398 668 deberet

340 688 423 726 Papa
454 685 486 715 in
511 683 644 724 propriis
668 682 768 713 causis
791 682 910 713 iudices
941 682 1031 713 datos
1061 682 1127 712 sine
1151 682 1273 722 urgenti
1305 692 1397 712 causa

339 738 483 760 revocare
498 735 552 758 aut
567 734 699 763 mutare,
723 733 853 766 propter
868 726 1063 756 scandalum.
1087 726 1120 757 Si
1142 733 1249 757 tamen
1272 726 1396 762 faceret,

339 774 458 804 factum
487 778 624 802 teneret:
657 771 738 801 sicut
766 771 944 801 revocando
977 770 1087 811 inique
1115 770 1234 801 iudices
1264 769 1396 800 aliarum

340 826 505 848 causarum
529 816 610 845 male
634 815 716 851 facit,
739 814 860 845 factum
883 822 989 845 tamen
1012 815 1105 845 valet.

393 861 434 891 Et
457 870 494 890 ex
516 859 564 889 his
592 865 678 899 patet
700 859 819 889 solutio
842 859 882 888 ad
906 858 1038 889 obiecta.
1071 859 1154 889 Nam
1184 858 1259 899 quia
1288 857 1398 888 transit

337 905 370 935 in
394 903 611 934 necessitatem
634 902 789 939 iustitiae,
814 903 951 933 salvatur
974 902 1176 942 superioritas
1204 909 1234 932 et
1256 901 1303 932 vis
1326 911 1396 932 coa·
1423 922 1424 934 l

338 948 419 979 ctiva
442 948 474 978 in
490 947 604 978 iudice.
629 947 713 985 Quia
726 957 801 977 vero
822 957 887 977 non
911 947 1020 977 transit
1043 947 1075 976 in
1099 946 1316 976 necessitatem
1339 955 1397 985 po-

338 993 461 1028 tentiae,
486 992 559 1022 ideo
583 992 667 1032 Papa
690 998 830 1022 remanet
853 991 997 1031 superior
1019 990 1215 1030 simpliciter,
1241 997 1271 1020 et
1293 996 1398 1029 potest

338 1047 374 1067 ex
398 1046 491 1067 causa
514 1035 691 1067 rationabili
714 1042 745 1066 et
768 1042 898 1075 urgente
922 1045 1067 1066 revocare
1090 1041 1120 1065 et
1144 1040 1277 1071 mutare,
1303 1040 1397 1074 atque

337 1081 425 1111 aliter
448 1079 624 1111 satisfacere
646 1079 748 1110 laesis.

1099 1239 1313 1281 ARTICU
1321 1238 1418 1280 LUS

341 478 444 498 sermo
469 468 507 496 de
531 466 710 496 necessitate
734 464 905 503 potentiae,
930 463 974 493 sic
999 463 1110 492 dicitur
1132 462 1222 502 quod
1245 472 1281 492 ex
1304 471 1398 492 causa
1422 443 1425 468 Ι

342 510 517 542 rationabili
540 511 625 549 Papa
644 515 751 549 posset
766 517 911 537 revocare
927 506 1113 537 huiusmodi
1129 506 1248 536 iudices
1264 513 1294 536 et
1309 516 1398 536 com·
1423 543 1424 553 ¹

1423 556 1424 593 J
1450 549 1490 580 de
1516 549 1576 580 hoc
1605 551 1723 581 mundo
1737 550 1766 582 *.
1799 551 1860 581 Sed
1889 551 1965 591 quia
1992 551 2092 581 Pilato
2123 549 2312 589 praesidenti
2338 549 2372 579 in
2395 550 2510 581 Iudaea

1009 210 1274 257 QUAESTIO
1305 210 1459 256 LXVII,
1489 211 1785 248 ARTICULUS
1815 213 1846 247 11

1508 288 1575 318 VII.
1601 289 1634 318 In
1659 289 1769 319 eadem
1794 288 2018 328 responsione,
2044 297 2103 328 pro
2131 294 2251 328 quanto
2279 288 2393 319 dicitur
2422 289 2510 329 quod

1453 330 1598 361 Christus
1620 339 1734 371 sponte
1757 343 1789 363 se
1814 332 1951 362 subdidit
1974 332 2085 367 Pilato,
2110 331 2235 361 adverte
2259 332 2347 372 quod
2371 342 2436 362 non
2459 333 2508 362 in-

1452 374 1600 414 telligitur
1611 376 1699 415 quod
1716 376 1870 412 Christus,
1888 375 2064 405 secundum
2079 375 2168 415 quod
2180 374 2280 405 homo
2295 376 2367 406 Rex
2382 385 2509 416 regum,

1452 418 1645 450 commiserit
1666 419 1767 450 Pilato
1790 426 1979 459 potestatem
1998 428 2092 459 supra
2111 428 2157 449 se:
2182 418 2337 458 quoniam
2355 419 2509 457 Christus,

1451 462 1627 492 secundum
1650 464 1739 503 quod
1763 463 1878 499 homo,
1903 472 1968 493 non
1991 462 2219 493 administravit
2241 471 2375 501 regnum
2397 463 2512 494 mundi

1450 512 1522 536 ante
1545 507 1820 543 resurrectionem;
1850 507 1922 537 ideo
1946 506 2037 537 dixit:
2068 507 2217 547 Regnum
2245 515 2349 536 meum
2377 516 2440 536 non
2464 512 2511 538 est

1451 593 1580 623 nomine
1610 594 1749 624 Romani
1778 594 1903 634 imperii
1936 594 2080 626 Christus
2111 594 2270 624 Dominus
2304 604 2337 624 se
2369 593 2509 625 exhibuit

1450 637 1531 667 sicut
1553 647 1657 667 unum
1683 638 1723 668 de
1745 638 1895 674 subditis,
1921 648 1978 668 nec
2004 638 2123 669 Pilatus
2152 637 2310 678 peccavit,
2340 637 2511 668 iudicando

1450 680 1623 717 Christum,
1646 687 1777 721 peccato
1801 682 1943 722 usurpati
1966 682 2085 718 iudicii,
2109 682 2190 712 sicut
2207 682 2350 712 iudicans
2369 691 2435 712 non
2452 681 2510 712 sibi

1449 724 1627 755 subditum:
1659 725 1806 765 quamvis
1835 726 2008 765 peccaverit
2039 733 2169 766 peccato
2194 726 2297 766 iniqui
2320 725 2427 756 iudicii
2458 726 2511 756 da-

1450 779 1564 799 mnans
1585 769 1799 805 innocentem,
1823 769 1946 799 dicente
1968 769 2122 810 ipsomet:
2145 770 2219 810 Ego
2235 770 2359 800 nullam
2379 779 2510 800 causam

1450 814 1576 843 invenio
1600 813 1632 843 in
1657 822 1694 843 eo
1708 812 1735 843 *.

1506 858 1541 887 In
1566 856 1772 896 responsione
1795 856 1835 886 ad
1858 856 1985 886 tertium
2008 856 2150 887 eiusdem
2173 857 2304 894 articuli,
2320 864 2396 888 nota
2422 857 2510 898 quod

1450 903 1571 931 Auctor
1598 900 1742 941 loquitur
1764 900 1802 930 de
1827 906 2048 940 exemptorum
2071 900 2266 931 subiectione
2287 901 2320 931 in
2345 901 2511 932 communi

1450 951 1481 975 et
1503 945 1680 975 secundum
1702 944 1771 975 iura
1798 944 1992 975 communia.
2024 944 2121 975 Secus
2147 944 2232 974 enim
2261 952 2307 975 est
2335 945 2512 976 secundum

1450 989 1519 1019 iura
1542 989 1790 1030 privilegiorum,
1814 988 1930 1028 quibus
1954 997 2141 1018 concessum
2160 994 2206 1018 est
2227 988 2337 1019 multis
2360 989 2512 1029 exemptis

1450 1033 1539 1073 quod
1558 1042 1616 1063 nec
1634 1032 1755 1064 ratione
1772 1032 1825 1068 rei,
1847 1032 1951 1063 delicti
1967 1038 2023 1063 aut
2039 1038 2228 1068 contractus,
2245 1032 2440 1073 ubicumque
2454 1042 2512 1068 res,

1423 1090 1424 1099 ¹
1452 1077 1602 1107 delictum
1626 1084 1682 1107 aut
1705 1083 1884 1108 contractus
1908 1076 2010 1112 fuerit,
2027 1082 2084 1107 etc.

1448 1237 1747 1280 SECUNDUS

658 1342 811 1373 UTRUM
835 1340 967 1371 IUDICI
993 1340 1153 1371 LICEAT
1178 1339 1383 1371 IUDICARE
1409 1338 1590 1370 CONTRA
1613 1338 1869 1369 VERITATEM
1893 1338 2018 1375 QUAM
2041 1338 2188 1374 NOVIT,

844 1384 1044 1415 PROPTER
1069 1385 1125 1414 EA
1149 1383 1268 1420 QUAE
1293 1383 1335 1413 IN
1360 1382 1650 1414 CONTRARIUM
1673 1382 2000 1414 PROPONUNTUR

1209 1471 1299 1502 Supra,
1318 1477 1363 1502 qu.
1382 1477 1448 1501 cxiv,
1467 1474 1514 1495 art.
1530 1468 1555 1500 6,
1575 1469 1607 1494 ad
1628 1469 1652 1494 3.

364 1578 428 1620 ἢῆ,
463 1593 486 1604 ,,.
502 1586 519 1625 <
546 1574 568 1599 u
583 1573 772 1599 sEcUNDUM
786 1572 840 1597 sm
855 1571 1094 1597 esocem-rua.
1116 1558 1275 1595 Videtur
1289 1558 1396 1606 quod
1420 1559 1421 1562 ’

361 1606 513 1676 ’ἢῆῗῖσ
545 1615 658 1652 iudici
677 1627 756 1651 non
784 1614 890 1650 liceat
918 1613 1085 1650 iudicare
1106 1619 1236 1648 contra
1259 1611 1395 1648 verita-

351 1670 388 1712 ἸῨ
399 1685 470 1713 ρ’,
491 1676 623 1705 tem
661 1680 777 1717 quam
806 1666 929 1714 novit,
958 1674 1115 1715 propter
1143 1677 1187 1702 ea
1225 1677 1322 1714 quae
1357 1664 1395 1700 in

351 1714 485 1758 '‘Affi'q')
502 1715 529 1755 l.
547 1720 776 1759 contrarium
804 1727 1082 1770 proponuntur.
1121 1717 1266 1755 Dicitur
1293 1717 1395 1754 enim

334 1776 444 1828 Deut.
460 1787 532 1812 xvn
551 1775 591 1811 *ε
614 1775 745 1812 Venies
763 1774 814 1811 ad
829 1773 1039 1810 sacerdotes
1058 1772 1215 1811 Levitici
1231 1771 1394 1821 generis,
1421 1783 1422 1803 l

334 1834 370 1864 et
394 1829 446 1865 ad
469 1828 627 1865 iudicem
647 1828 713 1876 qui
726 1827 852 1875 suerit
877 1827 913 1862 in
943 1826 1005 1862 illo
1025 1831 1202 1873 tempore,
1222 1835 1396 1873 quaeres·
1422 1840 1423 1866 ς

333 1893 405 1929 que
431 1882 480 1918 ab
508 1882 578 1927 eis,
608 1881 673 1930 qui
698 1881 915 1917 indicabunt
941 1879 1007 1916 tibi
1032 1878 1160 1915 iudicii
1189 1878 1394 1914 veritatem.
1422 1911 1423 1921 ,

334 1935 410 1971 Sed
439 1934 672 1983 quandoque
695 1933 822 1981 aliqua
849 1939 1117 1981 proponuntur
1141 1938 1271 1968 contra
1297 1930 1396 1967 veri·
1421 1930 1423 1967 Ξ

333 1996 470 2024 tatem:
500 1988 596 2026 sicut
631 1999 718 2023 cum
748 1986 891 2034 aliquid
919 1997 987 2034 per
1023 1985 1138 2022 falsos
1166 1990 1280 2020 testes
1308 1996 1396 2032 pro·
1421 2012 1423 2022 ÷

333 2042 452 2077 batur.
483 2041 585 2088 Ergo
615 2053 692 2076 non
727 2039 812 2076 licet
839 2038 954 2076 iudici
987 2038 1153 2075 iudicare
1181 2036 1395 2074 secundum

333 2106 377 2130 ea
405 2105 504 2143 quae
532 2101 800 2143 proponuntur
827 2099 864 2128 et
890 2092 1111 2141 probantur,
1140 2098 1271 2127 contra
1297 2090 1396 2127 veri·
1422 2087 1423 2091 ’

332 2154 449 2183 tatem
478 2159 594 2196 quam
624 2147 704 2195 ipse
733 2145 852 2182 novit.
1421 2143 1423 2178 l

388 2211 422 2237 2.
443 2201 677 2246 Plus-raam,
698 2200 817 2247 horno
838 2198 876 2235 in
904 2197 1108 2235 iudicando
1131 2196 1245 2234 debet
1264 2195 1395 2233 divino
1422 2198 1423 2235 l

333 2253 471 2290 iudicio
501 2252 752 2290 conformari:
782 2252 870 2300 quia
890 2252 965 2288 Dei
991 2251 1168 2288 iudicium
1198 2254 1261 2295 est,
1281 2255 1322 2285 ut
1342 2248 1396 2286 di—
1422 2243 1423 2272 ἶ

333 2306 428 2343 citur
456 2306 648 2342 Deut.1²¹‘.
679 2306 756 2341 Sed
793 2305 971 2341 iudicium
999 2304 1074 2342 Dei
1104 2309 1159 2340 est
1190 2302 1396 2339 secundum

332 2359 539 2405 veritatem,
554 2367 596 2395 ut
615 2358 746 2395 dicitur
763 2359 874 2394 Rom.
898 2370 919 2394 11
938 2357 979 2393 *ε
1000 2366 1037 2394 et
1052 2356 1170 2393 Isaiae
1184 2368 1220 2392 xi
1234 2355 1275 2378 ³¹⁸*
1289 2367 1396 2404 prae-

334 2412 470 2450 dicitur
490 2412 537 2449 de
567 2411 738 2448 Christo:
767 2411 858 2447 Non
877 2411 1081 2447 secundum
1109 2410 1290 2446 visionem
1310 2420 1397 2444 ocu-

333 2467 457 2502 lorum
477 2465 665 2510 iudicabit,
687 2476 804 2512 neque
822 2464 1025 2500 secundum
1054 2463 1224 2499 auditum
1244 2462 1397 2499 aurium
1423 2506 1424 2510 Ἰ

333 2524 490 2568 arguet:
517 2518 583 2554 sed
609 2518 787 2554 iudicabit
814 2517 850 2554 in
879 2517 1015 2553 iustitia
1039 2527 1238 2565 pauperes,
1274 2520 1309 2551 et
1335 2526 1396 2551 ar·
1423 2548 1424 2560 ¹

332 2578 424 2622 guet
450 2572 486 2608 in
512 2572 697 2620 aequitate
722 2582 792 2619 pro
816 2570 1019 2607 mansuetis
1046 2575 1181 2606 terrae.
1212 2569 1313 2616 Ergo
1343 2567 1396 2604 iu·
1423 2574 1425 2601 l

335 2626 407 2662 dex
422 2637 502 2662 non
516 2625 641 2671 debet,
657 2623 870 2661 secundum
888 2636 931 2660 ea
948 2635 1046 2671 quae
1066 2635 1196 2659 coram
1213 2622 1295 2670 ipso
1310 2633 1398 2669 pro·
1423 2634 1424 2662 1

334 2680 482 2725 bantur,
499 2677 724 2715 sententiam
740 2677 836 2713 ferre
854 2684 985 2713 contra
1004 2688 1049 2712 ea
1069 2687 1167 2723 quae
1182 2675 1262 2724 ipse
1278 2673 1396 2711 novit.
1423 2698 1425 2717 i

390 2733 423 2768 3.
443 2732 676 2777 PRAETEREA,
697 2729 837 2767 idcirco
858 2729 895 2766 in
915 2729 1054 2767 iudicio
1075 2727 1321 2777 probationes
1340 2739 1397 2764 re-

335 2784 532 2834 quiruntur
550 2791 590 2820 ut
610 2783 706 2821 fides
725 2783 792 2820 fiat
811 2782 923 2820 iudici
948 2783 995 2820 de
1017 2782 1070 2818 rei
1088 2781 1263 2818 veritate:
1293 2779 1397 2817 unde
1423 2811 1424 2814 ,

334 2838 373 2875 in
401 2837 459 2874 his
488 2849 587 2885 quae
617 2844 703 2874 sunt
721 2836 870 2873 notoria
898 2848 977 2872 non
997 2835 1198 2883 requiritur
1217 2833 1398 2871 iudicialis

336 2891 452 2936 ordo;
483 2890 695 2927 secundum
716 2889 803 2926 illud
826 2891 839 2925 I
860 2889 911 2926 ad
933 2889 1027 2925 Tim.
1044 2901 1067 2924 v
1086 2887 1123 2923 *ε
1150 2887 1397 2929 Quorundam

335 2944 529 2980 hominum
548 2948 706 2991 peccata
726 2943 924 2991 manifesta
952 2947 1048 2987 sunt,
1064 2940 1329 2989 praecedentia
1349 2940 1400 2976 ad
1424 2982 1425 2986 Ἰ

336 2997 526 3033 iudicium.
558 2996 596 3032 Si
619 3007 708 3043 ergo
737 2995 849 3033 iudex
868 3007 936 3043 per
965 3007 1005 3031 se
1029 3001 1234 3042 cognoscat
1261 2993 1398 3030 verita·
1424 2990 1425 3004 ³

335 3058 426 3098 tem,
447 3061 527 3086 non
546 3049 659 3086 debet
686 3049 878 3086 attendere
907 3049 955 3085 ad
980 3060 1025 3084 ea
1053 3060 1151 3096 quae
1175 3047 1397 3096 probantur,

337 3102 403 3140 sed
432 3101 656 3139 sententiam
684 3101 782 3138 ferre
813 3102 1026 3138 secundum
1054 3100 1253 3137 veritatem
1283 3111 1397 3148 quam
1424 3101 1425 3143 J

337 3154 454 3193 novit.

389 3220 426 3255 4.
464 3208 706 3254 Pamrsam,
745 3218 888 3243 nomen
927 3205 1179 3242 conscientiae
1220 3205 1399 3253 importat
1423 3212 1425 3227 ³

339 3260 631 3310 applicationem
660 3259 836 3296 scientiae
865 3259 913 3296 ad
942 3258 1082 3307 aliquid
1112 3257 1258 3306 agibile,
1287 3265 1329 3294 ut
1361 3257 1396 3294 in
1424 3267 1425 3294 l

339 3313 466 3350 Primo
483 3314 501 3334 *¹
522 3313 692 3350 habitum
715 3320 779 3349 est.
810 3312 886 3350 Sed
911 3312 1033 3349 facere
1055 3319 1185 3348 contra
1205 3310 1399 3348 conscien-
1424 3303 1425 3340 Ῐ

338 3366 430 3404 tiam
450 3372 466 3388 ‘²
496 3374 550 3403 est
577 3373 789 3414 peccatum.
820 3367 922 3413 Ergo
951 3365 1064 3402 iudex
1097 3372 1229 3413 peccat
1257 3364 1287 3401 si
1316 3376 1398 3401 sen·
1424 3372 1427 3402 ζ

1448 1557 1604 1595 tentiam
1625 1558 1730 1605 ferat,
1751 1558 1962 1594 secundum
1981 1557 2151 1604 allegata,
2174 1563 2305 1593 contra
2320 1556 2516 1592 conscien-

1448 1611 1539 1648 tiam
1567 1610 1735 1647 veritatis
1763 1622 1879 1659 quam
1908 1611 2034 1646 habet.

1503 1665 1577 1701 SED
1607 1675 1752 1701 CONTRA
1771 1675 1837 1700 1·:s·r
1863 1663 1968 1712 quod
1987 1662 2219 1711 Augustinus
2237 1661 2258 1683 ⁸
2285 1661 2384 1709 dicit,
2402 1673 2517 1710 super

1448 1717 1561 1754 Psalt.
1581 1716 1619 1754 *ε
1647 1718 1779 1754 Bonus
1806 1716 1920 1753 iudex
1938 1716 2032 1753 nihil
2058 1728 2108 1753 ex
2130 1715 2287 1757 arbitrio
2314 1726 2383 1751 suo
2427 1714 2513 1761 acit,

1448 1770 1514 1807 sed
1538 1770 1743 1807 secundum
1771 1769 1872 1819 leges
1899 1775 1936 1806 et
1961 1769 2047 1806 iura
2069 1769 2302 1818 pronuntiat.
2333 1768 2383 1805 Se
2438 1768 2514 1806 hoc

1451 1831 1507 1860 est
1534 1823 1700 1860 iudicare
1720 1823 1933 1859 secundum
1956 1834 2000 1858 ea
2028 1834 2127 1871 quae
2146 1821 2185 1858 in
2212 1820 2351 1858 iudicio
2370 1833 2513 1869 propo-

1450 1884 1592 1914 nuntur
1611 1884 1646 1913 et
1663 1876 1884 1925 probantur.
1912 1876 2014 1923 Ergo
2034 1875 2147 1912 iudex
2166 1874 2280 1911 debet
2299 1874 2512 1911 secundum

1448 1929 1669 1967 huiusmodi
1697 1929 1876 1976 iudicare,
1904 1936 1940 1965 et
1967 1940 2046 1965 non
2073 1927 2286 1965 secundum
2314 1926 2512 1976 proprium

1450 1983 1654 2020 arbitrium.

1503 2037 1729 2073 Respounzo
1758 2046 1943 2072 mOENDUM
1972 2034 2089 2082 quod,
2111 2033 2206 2070 sicut
2234 2033 2377 2070 dictum
2407 2040 2463 2070 est
2481 2032 2514 2080 ²¹²,

1421 2097 1423 2107 ¹
1450 2089 1616 2127 iudicare
1635 2088 1796 2137 pertinet
1815 2089 1863 2125 ad
1892 2087 2057 2124 iudicem
2077 2087 2288 2124 seeundum
2308 2086 2413 2135 quod
2432 2086 2516 2123 fun-

1450 2142 1547 2191 gitur
1574 2142 1726 2191 publica
1754 2148 1950 2191 potestate.
1980 2141 2030 2177 Et
2056 2140 2144 2178 ideo
2177 2139 2372 2176 informari
2402 2139 2516 2176 debet

1450 2196 1488 2233 in
1515 2195 1720 2233 iudicando
1749 2206 1828 2231 non
1857 2194 2069 2231 secundum
2098 2193 2137 2230 id
2165 2193 2271 2241 quod
2298 2192 2380 2242 ipse
2408 2192 2517 2230 novit

1450 2257 1634 2297 tanquam
1652 2248 1801 2297 privata
1819 2259 1996 2297 persona,
2018 2246 2085 2284 sed
2114 2247 2327 2284 secundum
2351 2245 2392 2282 id
2411 2245 2516 2294 quod

1451 2302 1520 2340 sibi
1549 2301 1749 2339 innotescit
1776 2308 1959 2348 tanquam
1997 2311 2184 2348 personae
2212 2299 2399 2348 publicae.
2431 2299 2517 2336 Hoc

1422 2354 1424 2397 ζ
1451 2364 1580 2392 autem
1609 2355 1807 2392 innotescit
1834 2354 1905 2390 sibi
1934 2362 1970 2390 et
1997 2354 2036 2390 in
2065 2353 2276 2398 communi,
2300 2360 2338 2389 et
2365 2352 2403 2388 in
2431 2364 2517 2400 par-

1422 2408 1423 2417 *
1450 2408 1606 2446 ticulari.
1638 2410 1679 2445 In
1700 2407 1898 2443 communi
1926 2406 2095 2454 quidem,
2117 2418 2187 2454 per
2205 2406 2306 2453 leges
2330 2405 2516 2453 publicas,

1450 2463 1512 2498 vel
1533 2461 1680 2498 divinas
1699 2460 1762 2497 vel
1785 2460 1994 2496 humanas:
2024 2466 2155 2496 contra
2173 2470 2269 2507 quas
2287 2458 2409 2494 nullas
2429 2469 2516 2506 pro-

1452 2514 1624 2552 bationes
1661 2512 1859 2550 admittere
1896 2513 2020 2549 debet.
2056 2513 2098 2549 In
2133 2511 2350 2560 particulari
2387 2518 2515 2548 autem

1451 2567 1604 2615 negotio
1633 2567 1777 2614 aliquo,
1806 2577 1875 2614 per
1901 2565 2152 2602 instrumenta
2181 2572 2216 2601 et
2244 2571 2357 2602 testes
2380 2571 2417 2601 et
2445 2563 2518 2601 alia

1451 2620 1671 2658 huiusmodi
1690 2619 1855 2667 legitima
1875 2618 2124 2655 documenta:
2155 2629 2254 2666 quae
2276 2617 2390 2655 debet
2408 2616 2517 2665 sequi

1451 2674 1489 2711 in
1509 2673 1712 2711 iudicando
1739 2671 1860 2720 magis
1879 2684 1996 2720 quam
2016 2671 2054 2708 id
2074 2671 2179 2720 quod
2203 2670 2284 2719 ipse
2303 2669 2410 2708 novit
2436 2677 2517 2707 tan-

1451 2739 1568 2776 quam
1597 2726 1745 2775 privata
1780 2736 1955 2774 persona.
1986 2725 2044 2761 Ex
2082 2736 2159 2773 quo
2197 2731 2327 2760 tamen
2354 2723 2405 2760 ad
2441 2724 2517 2760 hoc

1452 2779 1623 2818 adiuvari
1658 2785 1783 2828 potest
1817 2785 1859 2814 ut
1891 2777 2090 2815 districtius
2119 2776 2292 2815 discutiat
2325 2775 2518 2826 probatio-

1423 2837 1425 2844 '
1452 2846 1520 2871 nes
1547 2833 1734 2878 inductas,
1763 2838 1804 2867 ut
1830 2831 1951 2879 possit
1979 2843 2109 2868 earum
2144 2830 2335 2868 defectum
2365 2828 2517 2867 investi-

1452 2899 1552 2934 gare.
1583 2885 1699 2932 Quod
1728 2884 1758 2921 si
1787 2896 1852 2920 eas
1879 2897 1958 2921 non
1986 2884 2107 2933 possit
2133 2883 2182 2920 de
2209 2883 2291 2920 iure
2321 2883 2516 2932 repellere,

1452 2940 1577 2986 debet,
1599 2939 1693 2975 sicut
1713 2937 1854 2974 dictum
1884 2945 1939 2974 est
1956 2936 1987 2984 ³¹⁸,
2010 2949 2073 2974 eas
2100 2937 2138 2973 in
2163 2936 2368 2974 iudicando
2397 2935 2516 2986 sequi.

1505 2995 1564 3029 An
1592 3003 1729 3029 PRiMUM
1758 3001 1856 3027 ERGO
1884 3001 2068 3028 mcENDUM
2093 2989 2196 3039 quod
2224 2990 2312 3027 ideo
2339 2988 2516 3038 praemit-

1423 3042 1425 3055 *
1452 3046 1540 3083 titur
1575 3045 1614 3082 in
1641 3044 1767 3082 verbis
1805 3043 1874 3080 illis
1903 3044 1950 3080 de
1988 3042 2211 3091 quaestione
2249 3042 2437 3080 iudicibus
2464 3042 2516 3079 fa-

1452 3099 1598 3144 cienda,
1618 3106 1660 3135 ut
1688 3095 1912 3143 intelligatur
1939 3097 2044 3144 quod
2081 3095 2224 3133 iudices
2252 3096 2393 3134 debent
2419 3094 2516 3132 veri-

1424 3151 1425 3160 *
1451 3159 1568 3188 tatem
1597 3150 1763 3187 iudicare
1801 3150 2012 3186 secundum
2041 3161 2087 3186 ea
2123 3161 2221 3197 quae
2259 3150 2410 3186 fuerunt
2445 3147 2515 3184 sibi

1478 3216 1521 3241 ro
1552 3211 1657 3240 osna.

1450 3217 1475 3253 p
1505 3216 1564 3293 lii)
1584 3267 1774 3294 SECUNDUM
1803 3267 1988 3293 mcENDuM
2012 3255 2117 3304 quod
2146 3255 2231 3292 Deo
2260 3254 2442 3303 competit
2461 3253 2515 3290 iu-

1454 3309 1578 3348 dicare
1608 3309 1819 3347 secundum
1848 3308 2043 3358 propriam
2077 3315 2314 3358 potestatem.
2351 3307 2400 3343 Et
2426 3306 2513 3343 ideo

1454 3363 1492 3400 in
1535 3362 1738 3400 iudicando
1784 3363 2010 3400 informatur
2055 3362 2266 3400 secundum
2315 3359 2514 3397 veritatem

393 3520 420 3551 α)
439 3519 633 3544 conscientiam.
647 3532 666 3538 —
683 3518 818 3543 scientiam
840 3519 868 3543 Ρ.

2538 555 2546 564 ·
2555 555 2618 576 loun.
2624 559 2675 582 etp.
2682 559 2749 580 xvtti,

2537 586 2597 603 ven.
2611 580 2647 610 36.

2538 805 2626 833 ⁶1b1d„
2641 811 2700 827 vers.
2714 805 2749 834 38.

2541 1668 2552 1680 ⁸
2564 1668 2678 1691 Anbroe.

2540 1743 2617 1765 Seru.
2628 1746 2675 1764 'n-
2689 1752 2702 1759 -

2540 1769 2611 1792 cuns.

2541 1795 2599 1818 em·
2666 1757 2753 1797 qni-vin

2541 2033 2613 2056 ‘At-t.
2631 2033 2752 2062 ,κακὼς

2541 2066 2582 2088 qu.
2594 2065 2634 2088 ιι,
2648 2063 2692 2082 nrt.
2706 2059 2729 2082 6.

2543 2940 2553 2951 ⁸
2567 2940 2623 2967 Arg.
2637 2939 2687 2961 Sed
2693 2940 2754 2960 cont.
