2860 4244
69 1397 107 1412 ¹⁵2
136 1395 164 1413 ΙΙ-

52 3073 60 3117 J
73 3078 141 3105 Van.
155 3087 188 3110 ιο,
201 3087 228 3104 n.

20 3941 39 3967 θῇ

972 207 1238 253 QUAESTIO
1267 208 1388 255 XCV,
1418 208 1713 245 ARTICULUS
1742 208 1794 244 IV

289 285 360 316 Sive
383 294 440 325 per
469 284 654 315 unctionem
678 293 881 325 corpoream:
890 291 941 316 01
967 284 1079 315 accidit
1101 284 1150 314 his
1174 284 1230 325 qui
1251 285 1296 315 ire
1319 295 1352 315 se
1376 287 1378 316 J

289 328 421 360 credunt
443 338 572 368 vespere
595 328 723 370 quintae
742 329 836 360 feriae
856 329 896 359 ad
913 329 1007 360 ludos
1026 328 1156 364 Dianae,
1172 329 1222 359 vel
1238 329 1378 373 similia3

289 371 454 403 diabolica.
479 372 561 404 Sunt
584 372 669 403 enim
684 372 786 403 haec
777 383 809 404 1n
832 372 1074 413 imaginatione:
1099 381 1143 408 ut,
1161 368 1378 413 experientia

287 422 375 452 teste,
392 416 497 447 visum
514 423 560 447 est
583 427 601 447 a
623 415 684 447 fide
701 417 795 456 digna
809 427 954 457 persona,
971 426 1053 457 quae
1068 416 1146 446 mihi
1168 417 1303 448 narravit
1318 427 1351 447 se

286 461 427 491 vetulam
441 461 530 491 illam
545 470 629 501 quae
645 461 832 501 promiserat
848 471 880 491 se
898 460 1015 491 ituram
1030 460 1063 490 in
1085 471 1175 491 suam
1193 471 1351 492 cameram
1376 465 1378 492 ὲ

286 511 381 536 nocte
403 505 475 541 illa,
505 505 662 535 invenisse
685 505 807 535 nudam
829 505 862 535 in
886 505 1014 545 propria
1042 515 1164 535 camera
1187 505 1350 536 insensibi-

285 547 356 579 liter
387 548 608 585 constitutam
641 549 726 579 unde
757 555 787 580 et
816 556 927 589 postea
954 549 1107 579 convertit
1135 559 1205 579 eam
1233 559 1270 579 ex
1297 550 1352 580 tali

288 592 486 623 confusione.
511 593 581 632 Ego
605 602 736 633 quoque
760 593 798 622 ab
814 602 876 622 una
894 592 1026 623 muliere
1041 601 1166 624 amante
1190 593 1351 633 quendam

287 636 353 677 scio
381 637 470 677 quod
493 636 638 667 diabolus
663 636 752 666 unxit
775 646 846 666 eam
868 637 1004 673 nudam,
1029 637 1164 667 suadens
1187 637 1232 667 illi
1262 638 1350 678 quod
1376 643 1377 658 l

286 680 331 710 sic
358 679 486 710 duceret
513 689 583 710 eam
607 680 647 710 ad
670 680 806 710 domum
833 680 882 711 sui
910 680 1030 711 dilecti:
1064 688 1095 711 et
1124 682 1349 722 postmodum,

285 731 458 764 postquam
482 723 543 754 fuit
565 730 648 754 extra
671 734 704 754 se
728 724 830 754 multo
854 731 1008 765 tempore,
1025 731 1056 756 et
1075 726 1212 756 crederet
1227 735 1259 756 se
1276 734 1350 756 cum

285 777 346 798 suo
370 767 486 798 dilecto
509 767 616 803 fuisse,
633 774 703 804 010..
727 768 848 799 invenit
865 779 898 799 se
913 769 946 799 in
963 779 1022 800 suo
1039 769 1113 800 loco
1137 770 1180 800 ita
1202 770 1351 799 lassatam

285 811 374 852 quod
397 811 624 842 refocillatione
647 812 799 852 indiguit,
816 819 893 849 etc.;

286 855 315 885 ei
338 856 426 896 quod
449 855 634 896 imaginatio
658 856 726 893 fuit,
752 865 782 888 et
806 867 843 887 ex
861 857 915 888 tali
931 858 1072 888 nuditate
1095 858 1138 888 ita
1161 859 1244 887 laesa
1260 864 1350 893 esset,

286 899 419 930 nesciret
442 899 523 930 forte
547 910 648 941 usque
671 900 768 931 hodie
798 902 886 942 quod
909 901 988 932 illud
1012 912 1078 931 non
1101 901 1195 932 fuerit
1217 901 1250 931 in
1272 901 1350 931 veri-

285 950 358 974 tate.
390 944 448 974 Per
469 943 547 974 haec
577 951 682 975 tamen
711 955 776 975 non
802 955 954 984 negamus
982 945 1060 985 quin
1094 944 1254 980 diabolus,
1279 945 1349 974 Deo
1375 956 1377 978 3

285 988 505 1027 permittente,
538 989 734 1029 quandoque
767 999 936 1029 personam
969 989 1109 1029 aliquam
1139 989 1377 1038 voluntariam}

286 1031 381 1063 etiam
401 1032 605 1071 corporaliter
621 1033 715 1064 ducat
738 1033 776 1063 de
797 1033 871 1064 loco
895 1034 935 1063 ad
957 1033 1077 1064 locum.
1101 1033 1163 1063 Sed
1186 1033 1248 1063 hoc
1264 1033 1352 1063 raris-

285 1075 365 1106 sime
388 1076 512 1107 videtur
536 1076 684 1107 accidere.
709 1094 730 1099 -
753 1076 824 1107 Sive
846 1087 1050 1117 quacumque
1074 1076 1133 1107 alia
1162 1086 1255 1107 causa
1277 1076 1351 1107 alie-

285 1120 372 1152 natio
397 1130 416 1151 a
438 1119 582 1151 sensibus
605 1120 778 1159 contingat.

341 1163 401 1202 Vel
433 1164 501 1195 sine
530 1163 720 1195 alienatione
748 1174 767 1194 a
796 1164 940 1194 sensibus
970 1171 1120 1205 operatur
1149 1165 1287 1194 daemon
1316 1165 1349 1195 in

284 1207 431 1239 homine:
456 1208 730 1249 quemadmodum
750 1218 787 1239 ex
805 1208 985 1240 infirmitate
1009 1209 1122 1240 accidit
1144 1209 1349 1249 phreneticis,

285 1251 341 1293 qui
362 1251 471 1282 vident
493 1258 524 1282 et
546 1252 681 1283 audiunt
704 1262 785 1294 quae
810 1263 875 1283 non
898 1261 981 1284 sunt.

319 1295 428 1337 Facit
446 1303 555 1327 autem
578 1297 716 1336 daemon
734 1297 810 1328 haec
825 1297 934 1328 omnia
949 1297 1034 1328 intus
1049 1297 1083 1327 in
1099 1297 1244 1328 sensibus
1264 1307 1350 1328 com-

463 1340 632 1377 humores,
651 1341 790 1381 spiritus,
810 1342 1100 1382 componendoque
1125 1341 1349 1373 diversimode:

285 1390 322 1419 ut
335 1380 447 1416 diffuse
461 1384 560 1417 habes
570 1385 610 1416 ab
622 1385 782 1416 Auctore·
774 1396 807 1416 10
824 1386 882 1426 Qq.
894 1387 1007 1427 Dispp.
1023 1386 1063 1417 de
1077 1386 1181 1424 Malo,
1197 1396 1252 1426 qu.
1265 1386 1350 1423 xv1*‚

281 1437 368 1471 quae
390 1435 438 1459 est
460 1429 499 1460 de
522 1430 742 1460 daemonibus.

338 1471 392 1504 IV.
416 1473 452 1503 In
475 1474 590 1504 eodem
613 1473 746 1504 articulo
770 1474 862 1504 tertio
891 1457 1086 1514 quaestionis
1114 1474 1352 1514 nonagesimae-

284 1515 424 1558 quintae,
449 1517 530 1548 circa
551 1518 618 1548 duo
640 1517 763 1559 reliqua
777 1527 891 1558 genera
914 1517 1126 1554 divinationis,
1149 1517 1204 1548 ubi
1220 1527 1286 1548 non
1302 1529 1353 1549 ex-

923 820 955 844 et
977 813 1036 844 nisi
1060 823 1120 853 ego
1143 814 1350 844 declarassem
1375 819 1377 823 ·

2390 209 2463 256 317

1403 295 1509 325 presse
1525 285 1689 316 invocatur
1708 286 1856 324 daemon,
1872 286 1997 316 adverte
2020 286 2110 326 quod
2132 285 2208 327 quia
2229 285 2303 316 hinc
2325 296 2391 317 non
2409 287 2467 318 ha-

1404 330 1458 359 bes
1482 329 1542 360 nisi
1565 329 1793 361 divinationem
1815 336 1977 380 sumptam
2001 339 2038 360 ex
2060 329 2126 361 istis
2149 330 2339 361 enumeratis
2361 331 2394 361 in
2417 331 2465 362 lit-

1404 380 1468 404 tera
1495 383 1562 404 esse
1586 373 1726 405 illicitam
1753 381 1783 404 et
1813 373 2043 424 superstitionis
2066 373 2223 414 speciem;
2255 381 2286 405 et
2315 374 2464 405 divinatio

1404 424 1497 447 sonat
1519 417 1694 448 indebitam
1718 418 1959 458 usurpationem
1987 418 2110 448 divinae
2133 418 2323 458 cognitionis
2338 418 2373 448 *ε
2400 429 2465 449 000

1403 467 1494 500 potes
1525 461 1597 492 hinc
1628 462 1777 492 damnare
1806 462 1864 492 ista
1894 462 1952 492 nisi
1984 469 2140 502 quatenus
2168 462 2369 493 divinationis
2392 470 2466 494 sunt

1404 514 1510 544 opera.
1543 508 1591 535 Ac
1619 515 1674 545 per
1696 506 1773 542 hoc,
1798 506 1823 535 si
1847 506 1952 546 aliqua
1981 507 2098 537 horum
2122 513 2197 537 sunt
2226 517 2308 547 quae
2331 514 2466 547 possunt

1404 548 1492 579 aliter
1507 548 1573 579 fieri
1590 559 1685 590 quam
1704 549 1882 585 divinative,
1899 550 2006 580 cohibe
2023 552 2211 581 sententiam
2229 556 2259 581 et
2278 551 2463 592 linguam,
2437 551 2454 570 *

1404 599 1435 622 et
1454 592 1574 623 discute
1594 593 1681 632 prius
1696 593 1820 633 singula
1835 601 1915 634 quot
1931 595 2035 625 modis
2051 594 2117 625 fieri
2134 602 2280 646 possunt,
2295 603 2465 636 antequam

1404 635 1534 666 damnes
1563 646 1659 676 opera
1686 637 1829 668 absolute
1860 645 1890 668 et
1918 638 2071 669 tolerabili
2099 639 2274 670 intentione
2304 639 2393 671 facta.
2424 640 2466 670 Et

1403 679 1475 710 licet
1497 679 1559 710 hoc
1583 680 1707 710 difficile
1722 681 1772 718 sit,
1789 682 1928 712 conabor
1951 692 2009 722 pro
2024 683 2142 714 viribus
2156 684 2235 714 illud
2251 683 2382 720 efficere,
2398 694 2465 714 non

1404 714 1548 754 exeundo
1567 724 1720 754 terminos
1742 726 1911 762 morales,'
1903 737 1936 756 111
1952 727 2084 767 singulis
2107 728 2244 758 articulis
2260 728 2466 768 sequentibus

1404 774 1518 798 cuncta
1540 769 1710 807 tangendo.

1458 812 1496 842 V.
1522 812 1558 842 ln
1573 812 1833 852 responsionibus
1849 822 2120 853 argumentorum,
2140 816 2265 846 adverte
2284 816 2374 856 quod
2395 819 2464 847 Au-

1375 854 1377 886 ἓ
1405 862 1472 885 0101
1487 856 1606 895 species
1631 856 1833 886 divinationis
1851 864 1898 888 tot
1914 858 2053 889 distinxit
2066 859 2084 877 *
2107 869 2143 889 ex
2162 866 2249 899 parte
2271 859 2463 890 intellectus:

1403 898 1479 939 quia
1502 899 1618 930 scilicet
1644 910 1680 930 ex
1705 900 1832 930 diversis
1852 902 2014 941 principiis
2042 902 2242 940 formalibus,
2267 904 2306 934 ad
2329 904 2465 934 invicem

1404 952 1469 972 non
1499 944 1721 974 resolubilibus
1752 954 1808 974 nec
1839 946 1878 974 ad
1908 945 1967 975 alia
1997 946 2092 976 unius
2120 947 2233 987 speciei
2264 948 2465 978 constitutiva

1403 987 1565 1027 principia,
1590 988 1780 1027 procedunt;
1804 995 1881 1028 puta
1905 999 1940 1019 ex
1963 990 2063 1026 lineis,
2087 1000 2124 1020 ex
2145 992 2291 1028 vocibus,
2315 1002 2352 1022 ex
2375 993 2466 1022 sorti-

1403 1031 1478 1067 bus,
1495 1038 1554 1062 etc.
1585 1032 1673 1063 Haec
1696 1033 1781 1062 enim
1804 1043 1862 1063 nec
1885 1034 1925 1063 ad
1947 1034 2082 1064 invicem
2105 1036 2314 1072 reducuntur,
2339 1046 2395 1066 nec
2419 1047 2464 1066 re-

1376 1082 1378 1115 ζ
1404 1075 1571 1106 solvuntur
1601 1076 1634 1106 111
1657 1076 1763 1116 aliqua
1791 1077 1945 1116 principia
1967 1078 2126 1117 specifica:
2159 1080 2212 1109 sed
2241 1080 2383 1119 generica
2411 1088 2466 1111 aut

1376 1119 1378 1146 J*
1403 1119 1546 1159 analoga,
1570 1120 1656 1151 iuxta
1675 1130 1789 1151 eorum
1812 1121 2074 1152 convenientiam.
2106 1123 2147 1153 Et
2170 1123 2324 1163 quoniam
2348 1124 2465 1154 forma-

1376 1179 1378 1205 3
1402 1164 1483 1194 lium
1506 1164 1736 1205 principiorum
1759 1164 1920 1196 diversitas
1943 1165 2037 1196 infert
2066 1166 2232 1197 formalem
2257 1168 2464 1199 diversitatem

1376 1214 1378 1254 f
1404 1208 1614 1245 obiectorum,
1637 1209 1710 1239 ideo
1731 1211 1861 1246 Auctor,
1878 1210 1909 1240 in
1927 1210 2133 1250 responsione
2156 1211 2196 1241 ad
2219 1212 2395 1242 secundum
2419 1213 2466 1243 di-

1376 1267 1378 1306 !
1402 1253 1582 1283 versitatem
1613 1253 1781 1284 formalem
1813 1254 2011 1285 obiectorum
2043 1265 2117 1286 cum
2146 1255 2291 1293 dixisset,
2322 1257 2466 1296 probavit

1402 1307 1474 1327 eam
1488 1297 1522 1327 in
1537 1297 1744 1337 responsione
1758 1298 1800 1328 ad
1815 1298 1943 1331 tertium
1966 1309 2003 1329 ex
2026 1299 2201 1330 diversitate
2225 1300 2465 1341 principiorum.

1376 1358 1378 1387 ξ
1403 1343 1478 1372 Νο0
1501 1351 1576 1381 ergo
1599 1342 1754 1381 intelligas
1782 1342 1814 1372 in
1838 1343 2044 1382 responsione
2067 1344 2107 1374 ad
2129 1345 2307 1375 secundum
2339 1355 2396 1385 per
2419 1346 2465 1376 di-

1376 1390 1378 1416 !
1402 1396 1507 1417 versas
1530 1386 1675 1416 materias
1691 1396 1797 1417 rerum
1819 1386 1851 1416 in
1868 1387 1984 1427 quibus
2009 1388 2148 1427 cognitio
2171 1388 2340 1429 quaeritur,
2365 1390 2465 1420 diver-

1377 1432 1378 1450 ³
1403 1430 1528 1461 sitatem
1554 1440 1660 1460 rerum
1683 1431 1950 1470 conquisitarum,
1974 1439 2051 1471 puta
2074 1432 2158 1469 auri,
2183 1433 2318 1473 argenti,
2341 1435 2391 1464 vel
2413 1444 2464 1464 ve-

1376 1477 1378 1509 j
1404 1474 1473 1510 stis,
1491 1481 1562 1504 etc.:
1588 1475 1643 1504 sed
1666 1475 1878 1506 diversitatem
1901 1476 2089 1506 declaratam
2111 1476 2145 1507 in
2168 1487 2302 1517 corpore
2325 1478 2463 1515 articuli,

1376 1525 1482 1559 puta
1504 1517 1537 1548 in
1559 1525 1649 1554 terra,
1673 1519 1707 1548 in
1730 1519 1831 1556 lineis,
1854 1519 1887 1549 in
1910 1520 2051 1557 vocibus,
2068 1527 2126 1552 etc.

1069 1670 1388 1712 ARTICULUS
1417 1670 1692 1721 QUARTUS

539 1763 696 1795 UTRUM
719 1763 946 1795 DIVINATIO
971 1763 1090 1801 QUAE
1114 1763 1186 1794 Frr
1210 1764 1292 1794 PER
1316 1763 1638 1795 mvocATmNEs
1656 1764 1911 1811 'DAEMONUM
1935 1765 2001 1796 SIT
2026 1764 2214 1796 ILLICITA

970 1834 991 1859 11
1011 1834 1095 1864 Sent„
1114 1835 1173 1860 dist.
1191 1842 1234 1866 vu,
1254 1842 1299 1867 qu.
1318 1842 1354 1866 m,

374 1935 378 1940 ·
408 1946 472 1978 fix
499 1926 522 1951 0
541 1925 717 1957 0111111το11
735 1926 790 1951 510
805 1925 1048 1952 nocam-rua.
1068 1913 1229 1951 Videtur
1248 1913 1380 1962 quod}

352 1979 405 2022 L*
427 1965 471 2037 ἃ·
499 1967 682 2004 divinatio
701 1979 802 2015 quae
825 1967 868 2004 fit
894 1979 964 2016 per
983 1967 1246 2004 invocationes
1267 1967 1354 2004 dae-

403 2028 468 2063 s

458 2066 590 2110 kmhss
619 2074 788 2110 illicitum
824 2074 1035 2110 0010101511·
1070 2073 1284 2111 secundum
1313 2073 1352 2110 il-

283 2337 542 2388 daemonibus
572 2338 714 2388 aliquid
743 2339 935 2376 occultum
965 2339 1209 2388 interrogare.

341 2402 377 2429 2.
406 2391 647 2439 PRAETEREA‚
678 2401 897 2430 sanctorum
927 2391 1078 2429 animae
1116 2405 1195 2429 non
1223 2392 1352 2430 favent
1378 2390 1380 2420 ἶ

282 2441 410 2486 ‚illicite
445 2443 764 2492 interrogantibus
793 2451 822 2482 α.
866 2445 944 2482 Sed
974 2446 1076 2482 Sauli
1109 2445 1380 2493 interroganti

282 2496 342 2534 der
364 2505 504 2534 eventu
541 2498 653 2535 futuri
692 2499 778 2535 belli
808 2511 829 2535 a
858 2498 1017 2535 muliere
1055 2499 1219 2536 habente
1247 2498 1353 2547 spiri-

284 2557 370 2587 tum
395 2551 590 2601 pythonis,
621 2552 798 2600 apparuit
834 2552 1008 2598 Samuel,
1044 2559 1081 2588 et
1113 2552 1148 2588 ei
1182 2546 1380 2588 futurum

229 2626 236 2634 -
287 2609 467 2640 eventum
484 2604 688 2652 praedixit:
707 2612 748 2641 ut
767 2603 903 2653 legitur
923 2606 936 2641 l
953 2605 1051 2654 Reg.
1067 2604 1222 2642 xxvu1*.
1249 2605 1379 2654 Ergo

287 2655 469 2694 divinatio
498 2669 596 2706 quae
623 2657 667 2695 fit
693 2670 762 2706 per
786 2657 1121 2705 interrogationem
1150 2670 1172 2694 a
1196 2655 1379 2694 daemo-

285 2709 399 2746 nibus
427 2721 506 2746 non
535 2718 591 2747 est
618 2710 754 2748 illicita.

343 2763 376 2799 3.
397 2762 640 2809 PRAETEREA,
671 2763 813 2800 licitum
851 2775 935 2800 esse
966 2763 1117 2799 videtur
1151 2763 1350 2800 veritatem

287 2815 336 2851 ab
365 2815 491 2864 aliquo
512 2816 653 2852 sciente
683 2815 884 2866 inquirere,
906 2828 1021 2866 quam
1041 2816 1129 2852 utile
1159 2823 1215 2852 est
1242 2816 1349 2853 scire.

289 2867 366 2905 Sed
385 2868 620 2916 quandoque
637 2869 728 2906 utile
749 2877 804 2906 est
825 2869 920 2906 scire
941 2868 1067 2917 aliqua
1087 2869 1234 2905 occulta
1253 2881 1351 2918 quae

286 2933 357 2970 per
384 2921 594 2959 daemones
613 2921 698 2959 sciri
725 2929 905 2970 possunt:
935 2921 1031 2958 sicut
1054 2929 1212 2970 apparet
1238 2921 1277 2959 in
1296 2922 1351 2959 in-
1377 2923 1379 2935 ²

287 2974 468 3012 ventione
497 2974 697 3012 furtorum.
727 2976 829 3023 Ergo
867 2974 1049 3012 divinatio
1088 2987 1186 3023 quae
1213 2974 1256 3011 fit
1284 2987 1352 3024 per

288 3028 575 3065 invocationem
605 3027 842 3064 daemonum
870 3040 949 3064 non
978 3035 1034 3064 est
1061 3027 1195 3064 illicita.

343 3081 418 3118 San
438 3091 584 3118 CONTRA
603 3092 670 3118 EST
683 3081 789 3129 quod
810 3081 946 3118 dicitur
965 3082 1075 3117 Deut.
1096 3092 1182 3118 xv111
1199 3079 1238 3117 *z
1258 3081 1349 3118 Non

288 3129 502 3171 inveniatur
529 3134 567 3170 in
595 3138 630 3171 te
656 3134 723 3183 qui
747 3134 888 3172 ariolos
909 3134 1123 3180 sciscitetur,
1141 3145 1264 3182 neque
1274 3145 1349 3183 py-

289 3188 428 3225 thones.
444 3186 625 3224 consulat.

342 3241 569 3277 Respouosso
583 3251 768 3277 mcannuu
782 3240 889 3289 quod
908 3240 1034 3277 omnis
1049 3239 1231 3278 divinatio
1252 3252 1350 3289 quae
1377 3255 1379 3279 ι

288 3293 332 3330 fit
357 3305 429 3342 per
454 3293 718 3330 invocationes
736 3291 752 3323 β
779 3294 1022 3346 daemonum
1044 3300 1099 3330 est
1126 3293 1262 3340 illicita,
1283 3293 1351 3330 du·
1377 3329 1380 3336 Δ

342 3407 370 3440 α)
390 3407 482 3433 illicite
504 3407 742 3440 interrogantibus.
761 3421 779 3426 -
798 3407 889 3433 illicite
912 3407 1167 3442 interrogationibus
1190 3408 1319 3442 ABEFLp
1320 3410 1352 3438 K,

279 3441 379 3468 ‘illicite
401 3441 583 3476 inter-rogam
601 3443 629 3473 C,
649 3442 749 3468 illicitis
773 3442 1028 3476 interrogationibus
1045 3443 1117 3474 HsK,
1140 3444 1205 3476 (non
1225 3443 1352 3478 suerunt)

289 3477 380 3503 tlltette
398 3478 583 3512 interrogatae
601 3478 620 3503 1.

342 3511 369 3547 β)
387 3513 607 3540 ἰκνοωτίοηεεμ-
625 3513 819 3539 invocationem
837 3513 892 3539 AD.

464 2063 467 2069 y
499 2030 662 2057 monum
691 2032 769 2057 non
799 2020 844 2057 sit
873 2021 1009 2057 illicita.
1049 2020 1220 2057 Christus
1250 2021 1351 2058 enim
1379 2030 1380 2069 ξ

1374 1839 1420 1859 art.
1440 1841 1470 1866 2;
1490 1835 1521 1860 In
1541 1835 1649 1865 Isaiam,
1668 1842 1724 1867 cap.
1742 1842 1781 1861 m.

1406 1913 1493 1962 plici
1534 1914 1691 1951 ratione.
1722 1914 1895 1960 Quarum
1931 1915 2056 1963 prima
2083 1916 2243 1953 sumitur
2279 1930 2325 1954 ex
2362 1927 2467 1966 parte

1378 1966 1380 2017 Ι
1407 1966 1578 2015 principii
1611 1967 1874 2015 divinationis,
1905 1969 2009 2027 quod
2047 1969 2186 2005 scilicet
2223 1977 2279 2006 est
2312 1979 2466 2019 pactum

1407 2031 1583 2079 expresse
1613 2031 1701 2056 cum
1740 2021 1928 2057 daemone
1957 2021 2091 2058 initum
2125 2034 2195 2071 Ρο1
2221 2022 2342 2072 ipsam
2379 2025 2468 2061 dae—

1379 2096 1380 2100 «
1406 2073 1533 2110 monis
1551 2073 1844 2110 invocationem.
1870 2074 1919 2110 Et
1936 2074 2012 2111 hoc
2032 2082 2087 2112 est
2105 2075 2263 2112 omnino
2283 2077 2464 2114 illicitum.

64 2111 249 2166 'uf-‘3⁹⁸³
280 2082 351 2171 lud
379 2126 395 2163 Ι
423 2125 504 2164 Pet.
526 2138 550 2164 11
568 2127 610 2164 *ε
643 2127 718 2169 Qui
730 2132 927 2175 peccatum
947 2139 1022 2164 non
1038 2127 1147 2174 fecit.
1179 2126 1256 2164 Sed
1274 2127 1380 2164 Do·
1405 2126 1518 2164 Unde
1538 2134 1669 2163 contra
1697 2127 1884 2174 quosdam
1906 2127 2040 2164 dicitur
2067 2128 2185 2165 Isaiae
2203 2129 2368 2167 xxvn1*:
2398 2131 2504 2167 Di·-

35 2180 55 2201 ’ῑ
280 2179 414 2221 >minus
441 2190 465 2216 a
494 2179 683 2219 daemone
703 2179 966 2228 interrogavit:
996 2180 1107 2222 Quod
1124 2181 1189 2217 tibi
1216 2192 1351 2217 nomen

279 2231 370 2269 est?
396 2231 463 2279 qui
482 2233 698 2281 respondit.
719 2234 862 2283 Legio:
890 2233 998 2269 multi
1022 2233 1121 2270 enim
1149 2245 1291 2271 sumus.
1311 2241 1380 2270 ut:

285 2283 448 2323 habetur
477 2286 596 2323 Marc.
621 2297 646 2322 v
664 2286 695 2323 *.
725 2287 828 2335 Ergo
865 2286 1016 2323 videtur
1053 2286 1158 2335 quod
1194 2275 1304 2323 liceat
1331 2293 1380 2323 a1

1379 2180 1528 2218 xistis:
1555 2180 1811 2216 Percussimus
1823 2180 1960 2227 foedus
1979 2193 2064 2217 cum
2092 2187 2223 2227 morte,
2245 2188 2281 2218 et
2305 2195 2390 2220 cum
2410 2184 2465 2220 in-

1394 2234 1514 2281 ferno
1531 2233 1700 2281 fecimus
1712 2238 1880 2281 pactum.
1910 2234 1959 2270 Et
1986 2234 2112 2270 adhuc
2139 2235 2290 2282 gravius
2319 2244 2418 2273 esset
2436 2236 2467 2273 si

1406 2286 1634 2323 sacrificium
1661 2287 1724 2322 vel
1753 2286 1964 2323 reverentia
1993 2287 2172 2324 daemoni
2196 2287 2374 2326 invocato
2404 2301 2466 2326 ex-

1377 2314 1380 2387 1
1404 2339 1606 2376 biberetur.

1460 2391 1638 2429 Secunda
1656 2396 1671 2419 Ὺ
1700 2391 1794 2428 10110
1823 2392 1983 2429 sumitur
2011 2404 2056 2429 ex
2078 2400 2184 2441 parte
2212 2394 2325 2430 futuri
2354 2407 2467 2432 even-

1406 2453 1477 2482 tus.
1507 2446 1686 2481 Daemon
1706 2444 1821 2491 enim,
1841 2445 1907 2493 qui
1935 2445 2094 2482 intendit
2117 2446 2368 2506 perditionem
2398 2449 2466 2484 ho-

1378 2490 1380 2544 ζ
1406 2498 1566 2545 minum,
1587 2510 1632 2534 ex
1651 2497 1870 2535 huiusmodi
1890 2498 1966 2534 suis
1985 2499 2188 2547 responsis,
2211 2500 2321 2536 etiam
2352 2501 2382 2537 si
2403 2501 2466 2537 ali-

1406 2551 1561 2600 quando
1588 2563 1681 2587 vera
1709 2550 1818 2597 dicat,
1837 2551 1995 2588 intendit
2022 2551 2198 2589 homines
2231 2553 2466 2590 assuefacere

1378 2579 1380 2630 l
1406 2605 1454 2641 ad
1482 2605 1557 2641 hoe
1586 2604 1691 2653 quod
1720 2604 1754 2640 ei
1783 2604 1977 2641 credatur:
2008 2612 2044 2641 et
2071 2605 2124 2641 sic
2143 2605 2301 2642 intendit
2327 2608 2466 2655 perdu-

1378 2679 1379 2694 1
1407 2669 1491 2694 cere
1526 2658 1563 2694 in
1597 2657 1737 2707 aliquid
1775 2658 1879 2706 quod
1911 2657 1957 2694 sit
1990 2657 2099 2694 saluti
2135 2659 2328 2696 humanae
2364 2660 2466 2696 noci-

1378 2709 1379 2713 ’
1404 2722 1510 2747 vum.
1540 2710 1651 2747 Unde
1680 2710 1909 2747 Athanasius
1927 2708 1953 2756 ὅ,
1975 2722 2169 2758 exponens
2196 2711 2235 2748 id
2268 2713 2371 2760 quod
2401 2714 2465 2749 ha-

1377 2760 1379 2776 ⁴
1406 2764 1517 2799 betur
1538 2764 1631 2799 Luc.
1653 2774 1689 2799 1v
1706 2763 1738 2809 ¹³,
1759 2764 1974 2811 [ncrepavit
1993 2763 2110 2809 illum,
2130 2764 2266 2810 dicens,
2291 2765 2463 2802 Obmute-

1377 2878 1379 2919 ξ
1398 2869 1576 2916 pescehat
1593 2874 1718 2905 tamen
1751 2869 1918 2906 Christus
1946 2869 2024 2906 eius
2041 2881 2265 2916 sermonem,
2287 2883 2334 2907 ne
2353 2871 2466 2908 simul

1405 2933 1491 2958 cum
1518 2921 1674 2958 veritate
1704 2922 1815 2958 etiam
1842 2933 1951 2958 suam
1982 2922 2211 2970 iniquitatem
2234 2924 2462 2974 promulget.

1410 2975 1461 3012 Ut
1485 2986 1553 3011 nos
1580 2975 1691 3011 etiam
1719 2975 1946 3023 assuefaciat
1971 2987 2018 3011 ne
2045 2987 2219 3012 curemus
2246 2977 2293 3013 de
2319 2977 2463 3023 talibus,

1405 3027 1473 3063 etsi
1484 3038 1575 3064 vera
1595 3027 1698 3076 loqui
1715 3027 1913 3064 videantur
1931 3032 1963 3066 ⁸:
1994 3029 2100 3076 nefas
2119 3029 2218 3065 enim
2237 3035 2292 3066 est
2309 3035 2358 3075 ut,
2378 3042 2464 3067 cum

1405 3080 1502 3117 adsit
1518 3081 1624 3117 nobis
1642 3081 1836 3129 Scriptura
1855 3081 1994 3127 divina,
2010 3093 2035 3118 a
2054 3081 2201 3119 diabolo
2221 3081 2462 3119 instruamur.

1458 3135 1517 3171 An
1545 3145 1682 3171 ramum
1701 3145 1800 3171 ERGO
1824 3145 2008 3171 010110ου0
2028 3135 2144 3183 quod,
2164 3135 2259 3172 sicut
2276 3135 2382 3173 Beda
2410 3135 2464 3172 di-

1406 3186 1454 3223 cit
1467 3185 1498 3233 ³⁸⁸,
1515 3187 1608 3224 Luc.
1624 3199 1686 3224 vm
1703 3186 1755 3233 *ἢ
1772 3198 1847 3224 non
1866 3187 1967 3224 velut
1983 3188 2119 3224 inscius
2141 3188 2328 3225 Dominus
2345 3189 2464 3236 inqui-

1405 3240 1474 3276 rit:
1501 3240 1568 3276 sed
1594 3245 1644 3286 ut,
1669 3241 1840 3289 confessa
1863 3246 1966 3288 peste
1993 3252 2106 3288 quam
2135 3241 2327 3287 tolerabat,
2347 3241 2465 3278 virtus

1406 3293 1572 3330 curantis
1589 3294 1740 3343 gratior
1766 3294 1953 3330 emicaret.
1982 3293 2095 3330 Aliud
2119 3301 2246 3330 autern
2275 3302 2331 3331 est
2350 3306 2465 3343 quae-

1459 3408 1486 3442 γ)
1507 3408 1640 3433 Secunda.
1653 3421 1672 3426 -
1689 3408 1751 3433 Alia
1770 3408 1787 3438 1,
1808 3407 1931 3432 Secunda
1950 3414 2012 3432 vero
2031 3407 2077 3432 Pa.

1459 3442 1483 3476 δ)
1501 3443 1674 3469 Athanasius.
1690 3457 1710 3462 -
1734 3443 1800 3468 dicit
1817 3443 1915 3467 addunt
1938 3442 2162 3472 ABCDEFGIKL,
2186 3442 2260 3468 dixit
2284 3443 2352 3468 addit
2369 3451 2401 3475 a;
2423 3451 2465 3469 se-

1398 3486 1490 3512 quens
1510 3478 1576 3504 dicit
1594 3486 1647 3504 om.
1667 3478 1726 3511 IpC.

1459 3513 1482 3547 ε)
1501 3514 1652 3539 videantur.
1663 3527 1684 3534 -
1701 3514 1825 3538 videatur
1842 3513 2039 3538 PBDEFHlKa.

1377 2815 1379 2824 ’
1404 2827 1476 2861 sce,
1494 2815 1582 2852 dicit
1601 2817 1639 2851 *ε
1664 2816 1845 2857 Quamvis
1864 2827 1955 2853 vera
1963 2817 2154 2863 fateretur
2172 2818 2344 2864 daemon,
2364 2829 2464 2855 com-
2492 2824 2502 2833 ⁸

2492 423 2553 445 'Cf.
2568 428 2611 446 art.
2627 430 2643 446 1.

2602 568 2608 574 .
2616 552 2645 574 de
2653 552 2702 574 Cin.

2617 595 2622 605 ,
2629 585 2679 606 cap.
2687 586 2701 601 1.

2492 552 2583 574 'ct-Au

2492 578 2544 606 Dei,
2551 578 2591 600 lib.

2491 863 2542 884 *In
2558 869 2663 891 corpore.

2518 2137 2586 2159 Vera.
2602 2143 2631 2165 ¹5-

2592 2712 2607 2738 ὃ

2491 2769 2502 2779 ·
2516 2768 2582 2790 Vera.
2596 2774 2629 2797 35.

2528 2822 2653 2845 Commeat.
2678 2824 2702 2844 in

2491 2849 2555 2876 Luc„
2563 2850 2592 2871 ad
2603 2856 2661 2872 vers.
2669 2856 2702 2879 33,

2491 2882 2526 2903 34·

2491 3245 2512 3256 ‘⁸
2526 3244 2593 3267 Vere.
2606 3251 2645 3274 3⁰·
