<?xml version="1.0" encoding="UTF-8"?>
<!DOCTYPE html PUBLIC "-//W3C//DTD XHTML 1.0 Transitional//EN"
    "http://www.w3.org/TR/xhtml1/DTD/xhtml1-transitional.dtd">
<html xmlns="http://www.w3.org/1999/xhtml" xml:lang="en" lang="en">
 <head>
  <title>
</title>
<meta http-equiv="Content-Type" content="text/html;charset=utf-8" />
  <meta name='ocr-system' content='tesseract 3.04.00' />
  <meta name='ocr-capabilities' content='ocr_page ocr_carea ocr_par ocr_line ocrx_word'/>
</head>
<body>
  <div class='ocr_page' id='page_1' title='image "./operaomniaiussui09thom/operaomniaiussui09thom_0280.png"; bbox 0 0 2860 4244; ppageno 0'>
   <div class='ocr_carea' id='block_1_1' title="bbox 194 2606 404 2659">
    <p class='ocr_par' dir='ltr' id='par_1_1' title="bbox 194 2606 404 2659">
     <span class='ocr_line' id='line_1_1' title="bbox 194 2606 404 2659; baseline 0.005 -1"><span class='ocrx_word' id='word_1_1' title='bbox 194 2606 404 2659; x_wconf 55' lang='lat' dir='ltr'>rat-em</span> 
     </span>
    </p>
   </div>
   <div class='ocr_carea' id='block_1_2' title="bbox 195 2979 330 3001">
    <p class='ocr_par' dir='ltr' id='par_1_2' title="bbox 195 2979 330 3001">
     <span class='ocr_line' id='line_1_2' title="bbox 195 2979 330 3001; baseline 0.015 -2"><span class='ocrx_word' id='word_1_2' title='bbox 195 2981 204 2991; x_wconf 77' lang='lat'>⁸</span> <span class='ocrx_word' id='word_1_3' title='bbox 219 2979 284 3001; x_wconf 86' lang='lat' dir='ltr'>Vers.</span> <span class='ocrx_word' id='word_1_4' title='bbox 300 2979 330 3001; x_wconf 84' lang='lat'>16.</span> 
     </span>
    </p>
   </div>
   <div class='ocr_carea' id='block_1_3' title="bbox 197 3243 404 3290">
    <p class='ocr_par' dir='ltr' id='par_1_3' title="bbox 197 3243 404 3290">
     <span class='ocr_line' id='line_1_3' title="bbox 197 3243 404 3269; baseline 0.005 -5"><span class='ocrx_word' id='word_1_5' title='bbox 197 3244 205 3253; x_wconf 79' lang='lat'>⁸</span> <span class='ocrx_word' id='word_1_6' title='bbox 216 3243 252 3264; x_wconf 79' lang='lat' dir='ltr'>Pa.</span> <span class='ocrx_word' id='word_1_7' title='bbox 267 3249 334 3269; x_wconf 74' lang='lat' dir='ltr'>uxv,</span> <span class='ocrx_word' id='word_1_8' title='bbox 346 3249 404 3265; x_wconf 72' lang='lat' dir='ltr'>vere.</span> 
     </span>
     <span class='ocr_line' id='line_1_4' title="bbox 198 3275 226 3290; baseline 0 0"><span class='ocrx_word' id='word_1_9' title='bbox 198 3275 226 3290; x_wconf 85' lang='lat'>12.</span> 
     </span>
    </p>
   </div>
   <div class='ocr_carea' id='block_1_4' title="bbox 197 3345 339 3369">
    <p class='ocr_par' dir='ltr' id='par_1_4' title="bbox 197 3345 339 3369">
     <span class='ocr_line' id='line_1_5' title="bbox 197 3345 339 3369; baseline 0.007 -5"><span class='ocrx_word' id='word_1_10' title='bbox 197 3345 205 3353; x_wconf 81' lang='lat'>⁸</span> <span class='ocrx_word' id='word_1_11' title='bbox 221 3345 270 3365; x_wconf 85' lang='lat' dir='ltr'>Art.</span> <span class='ocrx_word' id='word_1_12' title='bbox 287 3349 302 3369; x_wconf 77' lang='grc' dir='ltr'>ι,</span> <span class='ocrx_word' id='word_1_13' title='bbox 318 3349 339 3365; x_wconf 83' lang='lat'>2.</span> 
     </span>
    </p>
   </div>
   <div class='ocr_carea' id='block_1_5' title="bbox 431 215 504 261">
    <p class='ocr_par' dir='ltr' id='par_1_5' title="bbox 431 215 504 261">
     <span class='ocr_line' id='line_1_6' title="bbox 431 215 504 261; baseline 0 -11"><span class='ocrx_word' id='word_1_14' title='bbox 431 215 504 261; x_wconf 86' lang='lat'>248</span> 
     </span>
    </p>
   </div>
   <div class='ocr_carea' id='block_1_6' title="bbox 429 287 1486 377">
    <p class='ocr_par' dir='ltr' id='par_1_6' title="bbox 429 287 1486 377">
     <span class='ocr_line' id='line_1_7' title="bbox 429 287 1484 336; baseline -0.009 -12"><span class='ocrx_word' id='word_1_15' title='bbox 429 303 461 323; x_wconf 91' lang='lat' dir='ltr'>se</span> <span class='ocrx_word' id='word_1_16' title='bbox 480 293 669 332; x_wconf 88' lang='lat' dir='ltr'>adstringere</span> <span class='ocrx_word' id='word_1_17' title='bbox 692 302 765 322; x_wconf 90' lang='lat' dir='ltr'>cum</span> <span class='ocrx_word' id='word_1_18' title='bbox 781 297 897 321; x_wconf 85' lang='lat' dir='ltr'>vovent</span> <span class='ocrx_word' id='word_1_19' title='bbox 916 299 980 319; x_wconf 91' lang='lat' dir='ltr'>non</span> <span class='ocrx_word' id='word_1_20' title='bbox 998 290 1124 319; x_wconf 86' lang='lat' dir='ltr'>nubere.</span> <span class='ocrx_word' id='word_1_21' title='bbox 1149 288 1189 318; x_wconf 88' lang='lat' dir='ltr'>Et</span> <span class='ocrx_word' id='word_1_22' title='bbox 1212 287 1278 336; x_wconf 43' lang='lat' dir='ltr'>hoc·</span> <span class='ocrx_word' id='word_1_23' title='bbox 1296 287 1426 336; x_wconf 79' lang='lat' dir='ltr'>lenones</span> <span class='ocrx_word' id='word_1_24' title='bbox 1446 287 1484 316; x_wconf 84' lang='lat' dir='ltr'>ab</span> 
     </span>
     <span class='ocr_line' id='line_1_8' title="bbox 429 334 1486 377; baseline -0.009 -9"><span class='ocrx_word' id='word_1_25' title='bbox 429 337 471 367; x_wconf 89' lang='lat' dir='ltr'>eis</span> <span class='ocrx_word' id='word_1_26' title='bbox 495 337 667 377; x_wconf 91' lang='lat' dir='ltr'>requirunt,</span> <span class='ocrx_word' id='word_1_27' title='bbox 691 343 726 366; x_wconf 92' lang='lat' dir='ltr'>ut</span> <span class='ocrx_word' id='word_1_28' title='bbox 749 335 801 365; x_wconf 92' lang='lat' dir='ltr'>tali</span> <span class='ocrx_word' id='word_1_29' title='bbox 825 334 952 364; x_wconf 89' lang='lat' dir='ltr'>vinculo</span> <span class='ocrx_word' id='word_1_30' title='bbox 976 339 1138 362; x_wconf 83' lang='lat' dir='ltr'>arceantur</span> <span class='ocrx_word' id='word_1_31' title='bbox 1157 341 1174 361; x_wconf 92' lang='lat' dir='ltr'>a</span> <span class='ocrx_word' id='word_1_32' title='bbox 1190 337 1394 360; x_wconf 79' lang='lat' dir='ltr'>matrimomo</span> <span class='ocrx_word' id='word_1_33' title='bbox 1411 339 1486 360; x_wconf 93' lang='lat' dir='ltr'>con-</span> 
     </span>
    </p>
   </div>
   <div class='ocr_carea' id='block_1_7' title="bbox 428 381 1483 463">
    <p class='ocr_par' dir='ltr' id='par_1_7' title="bbox 428 381 1483 463">
     <span class='ocr_line' id='line_1_9' title="bbox 428 381 1483 463; baseline -0.009 -7"><span class='ocrx_word' id='word_1_34' title='bbox 428 381 609 455; x_wconf 45' lang='lat' dir='ltr'>&amp;aggae-loir]</span> <span class='ocrx_word' id='word_1_35' title='bbox 641 423 846 463; x_wconf 66' lang='lat' dir='ltr'>responsione</span> <span class='ocrx_word' id='word_1_36' title='bbox 869 421 908 450; x_wconf 88' lang='lat' dir='ltr'>ad</span> <span class='ocrx_word' id='word_1_37' title='bbox 932 419 1059 450; x_wconf 91' lang='lat' dir='ltr'>tertium</span> <span class='ocrx_word' id='word_1_38' title='bbox 1088 418 1230 448; x_wconf 90' lang='lat' dir='ltr'>eiusdem</span> <span class='ocrx_word' id='word_1_39' title='bbox 1252 417 1333 447; x_wconf 87' lang='lat' dir='ltr'>tertii</span> <span class='ocrx_word' id='word_1_40' title='bbox 1362 417 1483 448; x_wconf 86' lang='lat' dir='ltr'>articuli</span> 
     </span>
    </p>
   </div>
   <div class='ocr_carea' id='block_1_8' title="bbox 426 461 1489 1427">
    <p class='ocr_par' dir='ltr' id='par_1_8' title="bbox 428 461 1487 683">
     <span class='ocr_line' id='line_1_10' title="bbox 429 461 1485 504; baseline -0.009 -4"><span class='ocrx_word' id='word_1_41' title='bbox 429 469 561 499; x_wconf 91' lang='lat' dir='ltr'>dubium</span> <span class='ocrx_word' id='word_1_42' title='bbox 585 467 718 498; x_wconf 89' lang='lat' dir='ltr'>occurrit</span> <span class='ocrx_word' id='word_1_43' title='bbox 742 467 780 496; x_wconf 90' lang='lat' dir='ltr'>de</span> <span class='ocrx_word' id='word_1_44' title='bbox 798 465 879 495; x_wconf 89' lang='lat' dir='ltr'>votis</span> <span class='ocrx_word' id='word_1_45' title='bbox 902 474 983 504; x_wconf 91' lang='lat' dir='ltr'>quae</span> <span class='ocrx_word' id='word_1_46' title='bbox 1006 462 1086 492; x_wconf 89' lang='lat' dir='ltr'>fiunt</span> <span class='ocrx_word' id='word_1_47' title='bbox 1110 472 1175 492; x_wconf 91' lang='lat' dir='ltr'>non</span> <span class='ocrx_word' id='word_1_48' title='bbox 1192 461 1305 497; x_wconf 85' lang='lat' dir='ltr'>statim,</span> <span class='ocrx_word' id='word_1_49' title='bbox 1329 470 1386 491; x_wconf 91' lang='lat' dir='ltr'>nec</span> <span class='ocrx_word' id='word_1_50' title='bbox 1401 468 1485 491; x_wconf 91' lang='lat' dir='ltr'>certo</span> 
     </span>
     <span class='ocr_line' id='line_1_11' title="bbox 428 505 1487 552; baseline -0.007 -9"><span class='ocrx_word' id='word_1_51' title='bbox 428 520 588 552; x_wconf 88' lang='lat' dir='ltr'>ternpore,</span> <span class='ocrx_word' id='word_1_52' title='bbox 613 512 667 541; x_wconf 90' lang='lat' dir='ltr'>sed</span> <span class='ocrx_word' id='word_1_53' title='bbox 695 510 761 540; x_wconf 91' lang='lat' dir='ltr'>sine</span> <span class='ocrx_word' id='word_1_54' title='bbox 791 508 1049 539; x_wconf 79' lang='lat' dir='ltr'>determinatione</span> <span class='ocrx_word' id='word_1_55' title='bbox 1077 505 1229 545; x_wconf 88' lang='lat' dir='ltr'>temporis</span> <span class='ocrx_word' id='word_1_56' title='bbox 1253 505 1419 535; x_wconf 85' lang='lat' dir='ltr'>solvenda:</span> <span class='ocrx_word' id='word_1_57' title='bbox 1452 512 1487 536; x_wconf 91' lang='lat' dir='ltr'>ut</span> 
     </span>
     <span class='ocr_line' id='line_1_12' title="bbox 429 549 1486 596; baseline -0.008 -10"><span class='ocrx_word' id='word_1_58' title='bbox 429 567 501 587; x_wconf 90' lang='lat' dir='ltr'>cum</span> <span class='ocrx_word' id='word_1_59' title='bbox 525 556 595 596; x_wconf 93' lang='lat' dir='ltr'>quis</span> <span class='ocrx_word' id='word_1_60' title='bbox 619 561 712 584; x_wconf 90' lang='lat' dir='ltr'>vovet</span> <span class='ocrx_word' id='word_1_61' title='bbox 734 553 871 584; x_wconf 86' lang='lat' dir='ltr'>ieiunare</span> <span class='ocrx_word' id='word_1_62' title='bbox 894 551 993 581; x_wconf 90' lang='lat' dir='ltr'>tribus</span> <span class='ocrx_word' id='word_1_63' title='bbox 1012 550 1132 584; x_wconf 53' lang='lat' dir='ltr'>diebus</span> <span class='ocrx_word' id='word_1_64' title='bbox 1150 556 1204 580; x_wconf 86' lang='lat' dir='ltr'>aut</span> <span class='ocrx_word' id='word_1_65' title='bbox 1220 549 1330 579; x_wconf 85' lang='lat' dir='ltr'>offerre</span> <span class='ocrx_word' id='word_1_66' title='bbox 1346 549 1486 590; x_wconf 83' lang='lat' dir='ltr'><strong>aliquam</strong></span> 
     </span>
     <span class='ocr_line' id='line_1_13' title="bbox 428 595 1487 639; baseline -0.007 -9"><span class='ocrx_word' id='word_1_67' title='bbox 428 600 607 639; x_wconf 81' lang='lat' dir='ltr'>imaginem,</span> <span class='ocrx_word' id='word_1_68' title='bbox 624 605 692 634; x_wconf 87' lang='lat' dir='ltr'>etc.‚</span> <span class='ocrx_word' id='word_1_69' title='bbox 717 604 747 628; x_wconf 94' lang='lat' dir='ltr'>et</span> <span class='ocrx_word' id='word_1_70' title='bbox 770 596 847 626; x_wconf 86' lang='lat' dir='ltr'>nihil</span> <span class='ocrx_word' id='word_1_71' title='bbox 871 595 986 634; x_wconf 81' lang='lat' dir='ltr'>cogitat</span> <span class='ocrx_word' id='word_1_72' title='bbox 1008 595 1047 624; x_wconf 90' lang='lat' dir='ltr'>de</span> <span class='ocrx_word' id='word_1_73' title='bbox 1071 601 1231 634; x_wconf 89' lang='lat' dir='ltr'>tempore,</span> <span class='ocrx_word' id='word_1_74' title='bbox 1257 600 1358 624; x_wconf 88' lang='lat' dir='ltr'>certus</span> <span class='ocrx_word' id='word_1_75' title='bbox 1381 599 1487 624; x_wconf 89' lang='lat' dir='ltr'>tamen</span> 
     </span>
     <span class='ocr_line' id='line_1_14' title="bbox 428 637 1293 683; baseline -0.008 -9"><span class='ocrx_word' id='word_1_76' title='bbox 428 651 474 674; x_wconf 91' lang='lat' dir='ltr'>est</span> <span class='ocrx_word' id='word_1_77' title='bbox 496 643 583 683; x_wconf 90' lang='lat' dir='ltr'>quod</span> <span class='ocrx_word' id='word_1_78' title='bbox 607 652 671 672; x_wconf 91' lang='lat' dir='ltr'>non</span> <span class='ocrx_word' id='word_1_79' title='bbox 695 651 728 671; x_wconf 93' lang='lat' dir='ltr'>se</span> <span class='ocrx_word' id='word_1_80' title='bbox 751 640 932 671; x_wconf 84' lang='lat' dir='ltr'>intendebat</span> <span class='ocrx_word' id='word_1_81' title='bbox 955 638 1092 678; x_wconf 87' lang='lat' dir='ltr'>obligare</span> <span class='ocrx_word' id='word_1_82' title='bbox 1115 638 1155 668; x_wconf 88' lang='lat' dir='ltr'>ad</span> <span class='ocrx_word' id='word_1_83' title='bbox 1179 637 1293 668; x_wconf 80' lang='lat' dir='ltr'>statim.</span> 
     </span>
    </p>

    <p class='ocr_par' dir='ltr' id='par_1_9' title="bbox 426 681 1489 1427">
     <span class='ocr_line' id='line_1_15' title="bbox 482 681 1486 724; baseline -0.006 -7"><span class='ocrx_word' id='word_1_84' title='bbox 482 687 531 717; x_wconf 92' lang='lat' dir='ltr'>Ad</span> <span class='ocrx_word' id='word_1_85' title='bbox 555 687 616 716; x_wconf 91' lang='lat' dir='ltr'>hoc</span> <span class='ocrx_word' id='word_1_86' title='bbox 640 685 752 715; x_wconf 89' lang='lat' dir='ltr'>dicitur</span> <span class='ocrx_word' id='word_1_87' title='bbox 781 684 868 724; x_wconf 91' lang='lat' dir='ltr'>quod</span> <span class='ocrx_word' id='word_1_88' title='bbox 896 683 1024 724; x_wconf 86' lang='lat' dir='ltr'>quando</span> <span class='ocrx_word' id='word_1_89' title='bbox 1053 681 1186 713; x_wconf 91' lang='lat' dir='ltr'>intentio</span> <span class='ocrx_word' id='word_1_90' title='bbox 1209 681 1352 712; x_wconf 90' lang='lat' dir='ltr'>voventis</span> <span class='ocrx_word' id='word_1_91' title='bbox 1379 681 1486 721; x_wconf 85' lang='lat' dir='ltr'>ignota</span> 
     </span>
     <span class='ocr_line' id='line_1_16' title="bbox 428 725 1487 769; baseline -0.006 -8"><span class='ocrx_word' id='word_1_92' title='bbox 428 738 473 761; x_wconf 91' lang='lat' dir='ltr'>est</span> <span class='ocrx_word' id='word_1_93' title='bbox 496 730 553 760; x_wconf 89' lang='lat' dir='ltr'>sibi</span> <span class='ocrx_word' id='word_1_94' title='bbox 577 729 653 769; x_wconf 84' lang='lat' dir='ltr'>ipsi,</span> <span class='ocrx_word' id='word_1_95' title='bbox 678 729 720 759; x_wconf 87' lang='lat' dir='ltr'>ita</span> <span class='ocrx_word' id='word_1_96' title='bbox 748 728 837 768; x_wconf 91' lang='lat' dir='ltr'>quod</span> <span class='ocrx_word' id='word_1_97' title='bbox 868 727 946 757; x_wconf 90' lang='lat' dir='ltr'>nihil</span> <span class='ocrx_word' id='word_1_98' title='bbox 971 726 1056 757; x_wconf 88' lang='lat' dir='ltr'>aliud</span> <span class='ocrx_word' id='word_1_99' title='bbox 1084 726 1142 757; x_wconf 88' lang='lat' dir='ltr'>scit</span> <span class='ocrx_word' id='word_1_100' title='bbox 1170 725 1209 756; x_wconf 93' lang='lat' dir='ltr'>de</span> <span class='ocrx_word' id='word_1_101' title='bbox 1232 725 1407 756; x_wconf 90' lang='lat' dir='ltr'>intentione</span> <span class='ocrx_word' id='word_1_102' title='bbox 1430 735 1487 756; x_wconf 83' lang='lat' dir='ltr'>sua</span> 
     </span>
     <span class='ocr_line' id='line_1_17' title="bbox 428 769 1486 814; baseline -0.005 -10"><span class='ocrx_word' id='word_1_103' title='bbox 428 774 486 804; x_wconf 91' lang='lat' dir='ltr'>nisi</span> <span class='ocrx_word' id='word_1_104' title='bbox 507 774 594 814; x_wconf 91' lang='lat' dir='ltr'>quod</span> <span class='ocrx_word' id='word_1_105' title='bbox 609 774 640 803; x_wconf 90' lang='lat' dir='ltr'>in</span> <span class='ocrx_word' id='word_1_106' title='bbox 657 783 730 803; x_wconf 87' lang='lat' dir='ltr'>casu</span> <span class='ocrx_word' id='word_1_107' title='bbox 746 771 944 812; x_wconf 87' lang='lat' dir='ltr'>proponitur,</span> <span class='ocrx_word' id='word_1_108' title='bbox 962 777 1038 801; x_wconf 91' lang='lat' dir='ltr'>tunc</span> <span class='ocrx_word' id='word_1_109' title='bbox 1053 776 1161 810; x_wconf 89' lang='lat' dir='ltr'>posset</span> <span class='ocrx_word' id='word_1_110' title='bbox 1177 769 1269 800; x_wconf 91' lang='lat' dir='ltr'>alicui</span> <span class='ocrx_word' id='word_1_111' title='bbox 1285 769 1382 800; x_wconf 89' lang='lat' dir='ltr'>videri</span> <span class='ocrx_word' id='word_1_112' title='bbox 1398 770 1486 810; x_wconf 91' lang='lat' dir='ltr'>quod</span> 
     </span>
     <span class='ocr_line' id='line_1_18' title="bbox 427 814 1486 855; baseline -0.005 -7"><span class='ocrx_word' id='word_1_113' title='bbox 427 819 511 848; x_wconf 90' lang='lat' dir='ltr'>idem</span> <span class='ocrx_word' id='word_1_114' title='bbox 534 824 614 848; x_wconf 88' lang='lat' dir='ltr'>esset</span> <span class='ocrx_word' id='word_1_115' title='bbox 636 816 790 847; x_wconf 92' lang='lat' dir='ltr'>iudicium</span> <span class='ocrx_word' id='word_1_116' title='bbox 821 816 859 846; x_wconf 89' lang='lat' dir='ltr'>de</span> <span class='ocrx_word' id='word_1_117' title='bbox 887 815 1078 855; x_wconf 86' lang='lat' dir='ltr'>obligatione</span> <span class='ocrx_word' id='word_1_118' title='bbox 1109 814 1294 845; x_wconf 89' lang='lat' dir='ltr'>huiusmodi</span> <span class='ocrx_word' id='word_1_119' title='bbox 1317 820 1486 849; x_wconf 90' lang='lat' dir='ltr'>votorum,</span> 
     </span>
     <span class='ocr_line' id='line_1_19' title="bbox 428 858 1486 901; baseline -0.004 -9"><span class='ocrx_word' id='word_1_120' title='bbox 428 869 457 892; x_wconf 90' lang='lat' dir='ltr'>et</span> <span class='ocrx_word' id='word_1_121' title='bbox 480 862 518 891; x_wconf 90' lang='lat' dir='ltr'>de</span> <span class='ocrx_word' id='word_1_122' title='bbox 542 861 734 901; x_wconf 85' lang='lat' dir='ltr'>obligatione</span> <span class='ocrx_word' id='word_1_123' title='bbox 761 866 1002 900; x_wconf 88' lang='lat' dir='ltr'>praeceptorum</span> <span class='ocrx_word' id='word_1_124' title='bbox 1025 858 1301 889; x_wconf 79' lang='lat' dir='ltr'>affirmativorurn:</span> <span class='ocrx_word' id='word_1_125' title='bbox 1333 858 1486 898; x_wconf 90' lang='lat' dir='ltr'>quoniam</span> 
     </span>
     <span class='ocr_line' id='line_1_20' title="bbox 427 902 1488 944; baseline -0.004 -9"><span class='ocrx_word' id='word_1_126' title='bbox 427 905 611 936; x_wconf 89' lang='lat' dir='ltr'>huiusmodi</span> <span class='ocrx_word' id='word_1_127' title='bbox 634 911 708 935; x_wconf 91' lang='lat' dir='ltr'>vota</span> <span class='ocrx_word' id='word_1_128' title='bbox 731 904 872 944; x_wconf 85' lang='lat' dir='ltr'>obligant</span> <span class='ocrx_word' id='word_1_129' title='bbox 895 913 961 934; x_wconf 92' lang='lat' dir='ltr'>non</span> <span class='ocrx_word' id='word_1_130' title='bbox 984 903 1023 933; x_wconf 87' lang='lat' dir='ltr'>ad</span> <span class='ocrx_word' id='word_1_131' title='bbox 1047 912 1187 943; x_wconf 90' lang='lat' dir='ltr'>semper,</span> <span class='ocrx_word' id='word_1_132' title='bbox 1213 902 1488 943; x_wconf 85' lang='lat' dir='ltr'>quemadmodum</span> 
     </span>
     <span class='ocr_line' id='line_1_21' title="bbox 427 946 1487 989; baseline -0.004 -9"><span class='ocrx_word' id='word_1_133' title='bbox 427 949 610 980; x_wconf 87' lang='lat' dir='ltr'>affirmativa</span> <span class='ocrx_word' id='word_1_134' title='bbox 641 955 813 989; x_wconf 87' lang='lat' dir='ltr'>praecepta.</span> <span class='ocrx_word' id='word_1_135' title='bbox 847 948 888 978; x_wconf 89' lang='lat' dir='ltr'>Et</span> <span class='ocrx_word' id='word_1_136' title='bbox 911 948 1088 978; x_wconf 90' lang='lat' dir='ltr'>secundum</span> <span class='ocrx_word' id='word_1_137' title='bbox 1110 947 1188 981; x_wconf 88' lang='lat' dir='ltr'>hoc,</span> <span class='ocrx_word' id='word_1_138' title='bbox 1213 946 1293 977; x_wconf 87' lang='lat' dir='ltr'>sicut</span> <span class='ocrx_word' id='word_1_139' title='bbox 1323 953 1487 986; x_wconf 88' lang='lat' dir='ltr'>praecepta</span> 
     </span>
     <span class='ocr_line' id='line_1_22' title="bbox 426 990 1487 1031; baseline -0.004 -7"><span class='ocrx_word' id='word_1_140' title='bbox 426 993 610 1024; x_wconf 88' lang='lat' dir='ltr'>affirmativa</span> <span class='ocrx_word' id='word_1_141' title='bbox 641 993 708 1023; x_wconf 91' lang='lat' dir='ltr'>sine</span> <span class='ocrx_word' id='word_1_142' title='bbox 738 992 999 1023; x_wconf 82' lang='lat' dir='ltr'>determinatione</span> <span class='ocrx_word' id='word_1_143' title='bbox 1029 991 1181 1031; x_wconf 90' lang='lat' dir='ltr'>temporis</span> <span class='ocrx_word' id='word_1_144' title='bbox 1210 990 1351 1030; x_wconf 88' lang='lat' dir='ltr'>obligant</span> <span class='ocrx_word' id='word_1_145' title='bbox 1381 990 1487 1021; x_wconf 90' lang='lat' dir='ltr'>solum</span> 
     </span>
     <span class='ocr_line' id='line_1_23' title="bbox 427 1034 1488 1078; baseline -0.004 -10"><span class='ocrx_word' id='word_1_146' title='bbox 427 1038 465 1068; x_wconf 92' lang='lat' dir='ltr'>ad</span> <span class='ocrx_word' id='word_1_147' title='bbox 488 1045 614 1078; x_wconf 92' lang='lat' dir='ltr'>tempus</span> <span class='ocrx_word' id='word_1_148' title='bbox 638 1037 838 1072; x_wconf 87' lang='lat' dir='ltr'>necessitatis,</span> <span class='ocrx_word' id='word_1_149' title='bbox 861 1036 904 1067; x_wconf 90' lang='lat' dir='ltr'>ita</span> <span class='ocrx_word' id='word_1_150' title='bbox 927 1036 1022 1066; x_wconf 86' lang='lat' dir='ltr'>etiam</span> <span class='ocrx_word' id='word_1_151' title='bbox 1045 1036 1103 1066; x_wconf 90' lang='lat' dir='ltr'>ista</span> <span class='ocrx_word' id='word_1_152' title='bbox 1126 1041 1201 1065; x_wconf 86' lang='lat' dir='ltr'>vota</span> <span class='ocrx_word' id='word_1_153' title='bbox 1224 1044 1290 1064; x_wconf 92' lang='lat' dir='ltr'>non</span> <span class='ocrx_word' id='word_1_154' title='bbox 1314 1034 1488 1074; x_wconf 87' lang='lat' dir='ltr'>obligarent</span> 
     </span>
     <span class='ocr_line' id='line_1_24' title="bbox 427 1078 1487 1112; baseline -0.004 0"><span class='ocrx_word' id='word_1_155' title='bbox 427 1081 486 1112; x_wconf 92' lang='lat' dir='ltr'>nisi</span> <span class='ocrx_word' id='word_1_156' title='bbox 509 1082 541 1112; x_wconf 92' lang='lat' dir='ltr'>in</span> <span class='ocrx_word' id='word_1_157' title='bbox 565 1081 696 1112; x_wconf 86' lang='lat' dir='ltr'>articulo</span> <span class='ocrx_word' id='word_1_158' title='bbox 721 1080 920 1111; x_wconf 81' lang='lat' dir='ltr'>necessitatis.</span> <span class='ocrx_word' id='word_1_159' title='bbox 951 1080 1013 1110; x_wconf 87' lang='lat' dir='ltr'>Sed</span> <span class='ocrx_word' id='word_1_160' title='bbox 1036 1080 1097 1110; x_wconf 93' lang='lat' dir='ltr'>hoc</span> <span class='ocrx_word' id='word_1_161' title='bbox 1124 1089 1190 1109; x_wconf 92' lang='lat' dir='ltr'>non</span> <span class='ocrx_word' id='word_1_162' title='bbox 1214 1085 1296 1108; x_wconf 89' lang='lat' dir='ltr'>recte</span> <span class='ocrx_word' id='word_1_163' title='bbox 1319 1078 1432 1109; x_wconf 91' lang='lat' dir='ltr'>dicitur</span> <span class='ocrx_word' id='word_1_164' title='bbox 1454 1078 1487 1108; x_wconf 91' lang='lat' dir='ltr'>in</span> 
     </span>
     <span class='ocr_line' id='line_1_25' title="bbox 427 1122 1487 1166; baseline -0.005 -10"><span class='ocrx_word' id='word_1_165' title='bbox 427 1126 602 1166; x_wconf 91' lang='lat' dir='ltr'>proposito.</span> <span class='ocrx_word' id='word_1_166' title='bbox 636 1125 799 1163; x_wconf 85' lang='lat' dir='ltr'>Quoniam</span> <span class='ocrx_word' id='word_1_167' title='bbox 822 1132 949 1160; x_wconf 92' lang='lat' dir='ltr'>votum,</span> <span class='ocrx_word' id='word_1_168' title='bbox 972 1124 1045 1154; x_wconf 90' lang='lat' dir='ltr'>licet</span> <span class='ocrx_word' id='word_1_169' title='bbox 1067 1123 1107 1154; x_wconf 89' lang='lat' dir='ltr'>sit</span> <span class='ocrx_word' id='word_1_170' title='bbox 1129 1124 1178 1153; x_wconf 90' lang='lat' dir='ltr'>lex</span> <span class='ocrx_word' id='word_1_171' title='bbox 1200 1122 1357 1163; x_wconf 84' lang='lat' dir='ltr'>quaedam</span> <span class='ocrx_word' id='word_1_172' title='bbox 1381 1122 1487 1162; x_wconf 84' lang='lat' dir='ltr'>singu-</span> 
     </span>
     <span class='ocr_line' id='line_1_26' title="bbox 426 1167 1487 1208; baseline -0.005 -8"><span class='ocrx_word' id='word_1_173' title='bbox 426 1170 508 1206; x_wconf 84' lang='lat' dir='ltr'>laris,</span> <span class='ocrx_word' id='word_1_174' title='bbox 525 1180 589 1200; x_wconf 90' lang='lat' dir='ltr'>non</span> <span class='ocrx_word' id='word_1_175' title='bbox 615 1176 661 1200; x_wconf 89' lang='lat' dir='ltr'>est</span> <span class='ocrx_word' id='word_1_176' title='bbox 684 1176 799 1205; x_wconf 87' lang='lat' dir='ltr'>tamen,</span> <span class='ocrx_word' id='word_1_177' title='bbox 816 1169 848 1199; x_wconf 93' lang='lat' dir='ltr'>in</span> <span class='ocrx_word' id='word_1_178' title='bbox 871 1167 1047 1208; x_wconf 91' lang='lat' dir='ltr'>proposito,</span> <span class='ocrx_word' id='word_1_179' title='bbox 1073 1168 1111 1197; x_wconf 93' lang='lat' dir='ltr'>de</span> <span class='ocrx_word' id='word_1_180' title='bbox 1129 1167 1177 1197; x_wconf 93' lang='lat' dir='ltr'>his</span> <span class='ocrx_word' id='word_1_181' title='bbox 1197 1176 1278 1207; x_wconf 90' lang='lat' dir='ltr'>quae</span> <span class='ocrx_word' id='word_1_182' title='bbox 1298 1173 1372 1196; x_wconf 90' lang='lat' dir='ltr'>sunt</span> <span class='ocrx_word' id='word_1_183' title='bbox 1387 1176 1487 1206; x_wconf 88' lang='lat' dir='ltr'>quan-</span> 
     </span>
     <span class='ocr_line' id='line_1_27' title="bbox 427 1210 1487 1254; baseline -0.006 -9"><span class='ocrx_word' id='word_1_184' title='bbox 427 1215 534 1254; x_wconf 89' lang='lat' dir='ltr'>doque</span> <span class='ocrx_word' id='word_1_185' title='bbox 564 1214 734 1244; x_wconf 88' lang='lat' dir='ltr'>necessaria</span> <span class='ocrx_word' id='word_1_186' title='bbox 764 1213 804 1243; x_wconf 85' lang='lat' dir='ltr'>ad</span> <span class='ocrx_word' id='word_1_187' title='bbox 827 1213 970 1247; x_wconf 89' lang='lat' dir='ltr'>salutem,</span> <span class='ocrx_word' id='word_1_188' title='bbox 995 1212 1038 1242; x_wconf 88' lang='lat' dir='ltr'>ita</span> <span class='ocrx_word' id='word_1_189' title='bbox 1061 1218 1097 1242; x_wconf 94' lang='lat' dir='ltr'>ut</span> <span class='ocrx_word' id='word_1_190' title='bbox 1123 1210 1272 1241; x_wconf 87' lang='lat' dir='ltr'>articulus</span> <span class='ocrx_word' id='word_1_191' title='bbox 1296 1210 1487 1240; x_wconf 85' lang='lat' dir='ltr'>necessitatis</span> 
     </span>
     <span class='ocr_line' id='line_1_28' title="bbox 427 1254 1488 1296; baseline -0.006 -7"><span class='ocrx_word' id='word_1_192' title='bbox 427 1258 688 1289; x_wconf 83' lang='lat' dir='ltr'>determinaturus</span> <span class='ocrx_word' id='word_1_193' title='bbox 713 1257 751 1288; x_wconf 91' lang='lat' dir='ltr'>sit</span> <span class='ocrx_word' id='word_1_194' title='bbox 774 1264 900 1296; x_wconf 88' lang='lat' dir='ltr'>tempus</span> <span class='ocrx_word' id='word_1_195' title='bbox 920 1255 1130 1295; x_wconf 80' lang='lat' dir='ltr'>obligationiS,</span> <span class='ocrx_word' id='word_1_196' title='bbox 1155 1255 1235 1285; x_wconf 89' lang='lat' dir='ltr'>sicut</span> <span class='ocrx_word' id='word_1_197' title='bbox 1258 1254 1290 1283; x_wconf 91' lang='lat' dir='ltr'>in</span> <span class='ocrx_word' id='word_1_198' title='bbox 1314 1254 1488 1294; x_wconf 88' lang='lat' dir='ltr'>praeceptis</span> 
     </span>
     <span class='ocr_line' id='line_1_29' title="bbox 427 1298 1488 1340; baseline -0.006 -7"><span class='ocrx_word' id='word_1_199' title='bbox 427 1302 618 1333; x_wconf 88' lang='lat' dir='ltr'>affirmativis</span> <span class='ocrx_word' id='word_1_200' title='bbox 642 1301 812 1340; x_wconf 85' lang='lat' dir='ltr'>contingit,</span> <span class='ocrx_word' id='word_1_201' title='bbox 837 1307 873 1330; x_wconf 93' lang='lat' dir='ltr'>ut</span> <span class='ocrx_word' id='word_1_202' title='bbox 902 1306 987 1340; x_wconf 92' lang='lat' dir='ltr'>patet</span> <span class='ocrx_word' id='word_1_203' title='bbox 1015 1299 1053 1329; x_wconf 92' lang='lat' dir='ltr'>de</span> <span class='ocrx_word' id='word_1_204' title='bbox 1077 1305 1244 1339; x_wconf 86' lang='lat' dir='ltr'>praecepto</span> <span class='ocrx_word' id='word_1_205' title='bbox 1269 1298 1433 1338; x_wconf 85' lang='lat' dir='ltr'>baptismi,</span> <span class='ocrx_word' id='word_1_206' title='bbox 1458 1305 1488 1328; x_wconf 92' lang='lat' dir='ltr'>et</span> 
     </span>
     <span class='ocr_line' id='line_1_30' title="bbox 428 1343 1488 1386; baseline -0.004 -10"><span class='ocrx_word' id='word_1_207' title='bbox 428 1347 605 1376; x_wconf 89' lang='lat' dir='ltr'>honorandi</span> <span class='ocrx_word' id='word_1_208' title='bbox 628 1352 780 1386; x_wconf 87' lang='lat' dir='ltr'>parentes,</span> <span class='ocrx_word' id='word_1_209' title='bbox 805 1351 835 1374; x_wconf 89' lang='lat' dir='ltr'>et</span> <span class='ocrx_word' id='word_1_210' title='bbox 857 1343 1052 1374; x_wconf 90' lang='lat' dir='ltr'>huiusmodi.</span> <span class='ocrx_word' id='word_1_211' title='bbox 1077 1360 1096 1365; x_wconf 94' lang='lat'>-</span> <span class='ocrx_word' id='word_1_212' title='bbox 1119 1343 1297 1378; x_wconf 82' lang='lat' dir='ltr'>Praeterea,</span> <span class='ocrx_word' id='word_1_213' title='bbox 1322 1349 1488 1382; x_wconf 84' lang='lat' dir='ltr'>praecepta</span> 
     </span>
     <span class='ocr_line' id='line_1_31' title="bbox 428 1386 1489 1427; baseline -0.004 -7"><span class='ocrx_word' id='word_1_214' title='bbox 428 1390 610 1420; x_wconf 86' lang='lat' dir='ltr'>affirmativa</span> <span class='ocrx_word' id='word_1_215' title='bbox 643 1390 756 1419; x_wconf 88' lang='lat' dir='ltr'>dantur</span> <span class='ocrx_word' id='word_1_216' title='bbox 779 1388 991 1419; x_wconf 91' lang='lat' dir='ltr'>communiter</span> <span class='ocrx_word' id='word_1_217' title='bbox 1018 1387 1217 1423; x_wconf 88' lang='lat' dir='ltr'>hominibus,</span> <span class='ocrx_word' id='word_1_218' title='bbox 1241 1386 1273 1416; x_wconf 90' lang='lat' dir='ltr'>in</span> <span class='ocrx_word' id='word_1_219' title='bbox 1302 1386 1418 1427; x_wconf 90' lang='lat' dir='ltr'>quibus</span> <span class='ocrx_word' id='word_1_220' title='bbox 1442 1393 1489 1417; x_wconf 90' lang='lat' dir='ltr'>est</span> 
     </span>
    </p>
   </div>
   <div class='ocr_carea' id='block_1_9' title="bbox 428 1430 1515 1471">
    <p class='ocr_par' dir='ltr' id='par_1_10' title="bbox 428 1430 1515 1471">
     <span class='ocr_line' id='line_1_32' title="bbox 428 1430 1515 1471; baseline -0.003 -7"><span class='ocrx_word' id='word_1_221' title='bbox 428 1441 512 1465; x_wconf 87' lang='lat' dir='ltr'>tanta</span> <span class='ocrx_word' id='word_1_222' title='bbox 526 1434 656 1464; x_wconf 86' lang='lat' dir='ltr'>varietas</span> <span class='ocrx_word' id='word_1_223' title='bbox 680 1440 715 1464; x_wconf 94' lang='lat' dir='ltr'>ut</span> <span class='ocrx_word' id='word_1_224' title='bbox 739 1443 840 1463; x_wconf 92' lang='lat' dir='ltr'>unum</span> <span class='ocrx_word' id='word_1_225' title='bbox 856 1431 1007 1462; x_wconf 90' lang='lat' dir='ltr'>omnibus</span> <span class='ocrx_word' id='word_1_226' title='bbox 1026 1431 1236 1462; x_wconf 83' lang='lat' dir='ltr'>necessarium</span> <span class='ocrx_word' id='word_1_227' title='bbox 1256 1437 1383 1471; x_wconf 89' lang='lat' dir='ltr'>tempus</span> <span class='ocrx_word' id='word_1_228' title='bbox 1407 1430 1488 1462; x_wconf 91' lang='lat' dir='ltr'>forte</span> <span class='ocrx_word' id='word_1_229' title='bbox 1513 1430 1515 1435; x_wconf 64' lang='lat'><strong><em>⁴</em></strong></span> 
     </span>
    </p>
   </div>
   <div class='ocr_carea' id='block_1_10' title="bbox 1510 287 1517 1473">
    <p class='ocr_par' dir='ltr' id='par_1_11' title="bbox 1510 287 1517 1473">
     <span class='ocr_line' id='line_1_33' title="bbox 1510 287 1517 1473; baseline 0 0"><span class='ocrx_word' id='word_1_230' title='bbox 1510 287 1517 1473; x_wconf 95' lang='lat' dir='ltr'> </span> 
     </span>
    </p>
   </div>
   <div class='ocr_carea' id='block_1_11' title="bbox 1037 209 1986 258">
    <p class='ocr_par' dir='ltr' id='par_1_12' title="bbox 1037 209 1986 258">
     <span class='ocr_line' id='line_1_34' title="bbox 1037 209 1986 258; baseline -0.002 -10"><span class='ocrx_word' id='word_1_231' title='bbox 1037 210 1302 258; x_wconf 90' lang='lat' dir='ltr'>QUAESTIO</span> <span class='ocrx_word' id='word_1_232' title='bbox 1333 209 1580 255; x_wconf 83' lang='lat' dir='ltr'>LXXXVIII,</span> <span class='ocrx_word' id='word_1_233' title='bbox 1609 209 1905 246; x_wconf 92' lang='lat' dir='ltr'>ARTICULUS</span> <span class='ocrx_word' id='word_1_234' title='bbox 1936 209 1986 245; x_wconf 93' lang='lat' dir='ltr'>IV</span> 
     </span>
    </p>
   </div>
   <div class='ocr_carea' id='block_1_12' title="bbox 1538 286 2607 1341">
    <p class='ocr_par' dir='ltr' id='par_1_13' title="bbox 1538 286 2602 504">
     <span class='ocr_line' id='line_1_35' title="bbox 1538 286 2600 327; baseline 0.002 -11"><span class='ocrx_word' id='word_1_235' title='bbox 1538 286 1735 326; x_wconf 89' lang='lat' dir='ltr'>impossibile</span> <span class='ocrx_word' id='word_1_236' title='bbox 1758 294 1838 318; x_wconf 88' lang='lat' dir='ltr'>esset</span> <span class='ocrx_word' id='word_1_237' title='bbox 1861 294 2006 318; x_wconf 88' lang='lat' dir='ltr'>statuere.</span> <span class='ocrx_word' id='word_1_238' title='bbox 2031 287 2096 317; x_wconf 89' lang='lat' dir='ltr'>Lex</span> <span class='ocrx_word' id='word_1_239' title='bbox 2111 293 2218 317; x_wconf 85' lang='lat' dir='ltr'>autem</span> <span class='ocrx_word' id='word_1_240' title='bbox 2233 286 2340 317; x_wconf 85' lang='lat' dir='ltr'>votiva</span> <span class='ocrx_word' id='word_1_241' title='bbox 2363 294 2409 317; x_wconf 86' lang='lat' dir='ltr'>est</span> <span class='ocrx_word' id='word_1_242' title='bbox 2424 287 2600 327; x_wconf 86' lang='lat' dir='ltr'>singularis,</span> 
     </span>
     <span class='ocr_line' id='line_1_36' title="bbox 1538 330 2598 372; baseline 0.002 -12"><span class='ocrx_word' id='word_1_243' title='bbox 1538 338 1707 361; x_wconf 88' lang='lat' dir='ltr'>voventem</span> <span class='ocrx_word' id='word_1_244' title='bbox 1730 337 1855 361; x_wconf 83' lang='lat' dir='ltr'>tantum</span> <span class='ocrx_word' id='word_1_245' title='bbox 1878 337 1992 372; x_wconf 89' lang='lat' dir='ltr'>sponte</span> <span class='ocrx_word' id='word_1_246' title='bbox 2008 330 2159 370; x_wconf 61' lang='lat' dir='ltr'>&gt;obligans</span> <span class='ocrx_word' id='word_1_247' title='bbox 2181 337 2326 370; x_wconf 89' lang='lat' dir='ltr'>tempore</span> <span class='ocrx_word' id='word_1_248' title='bbox 2349 330 2487 371; x_wconf 85' lang='lat' dir='ltr'>praefixo</span> <span class='ocrx_word' id='word_1_249' title='bbox 2510 342 2528 362; x_wconf 84' lang='lat' dir='ltr'>a</span> <span class='ocrx_word' id='word_1_250' title='bbox 2543 341 2598 362; x_wconf 91' lang='lat' dir='ltr'>vo-</span> 
     </span>
     <span class='ocr_line' id='line_1_37' title="bbox 1538 374 2602 414; baseline 0.003 -11"><span class='ocrx_word' id='word_1_251' title='bbox 1538 381 1639 404; x_wconf 90' lang='lat' dir='ltr'>vente.</span> <span class='ocrx_word' id='word_1_252' title='bbox 1668 391 1689 397; x_wconf 95' lang='lat'>-</span> <span class='ocrx_word' id='word_1_253' title='bbox 1716 375 1886 411; x_wconf 87' lang='lat' dir='ltr'>Praeterea,</span> <span class='ocrx_word' id='word_1_254' title='bbox 1917 374 2068 414; x_wconf 89' lang='lat' dir='ltr'>obligatio</span> <span class='ocrx_word' id='word_1_255' title='bbox 2088 374 2194 405; x_wconf 89' lang='lat' dir='ltr'>votiva</span> <span class='ocrx_word' id='word_1_256' title='bbox 2217 381 2264 404; x_wconf 91' lang='lat' dir='ltr'>est</span> <span class='ocrx_word' id='word_1_257' title='bbox 2287 383 2324 404; x_wconf 88' lang='lat' dir='ltr'>ex</span> <span class='ocrx_word' id='word_1_258' title='bbox 2346 374 2522 406; x_wconf 86' lang='lat' dir='ltr'>intentione</span> <span class='ocrx_word' id='word_1_259' title='bbox 2544 385 2602 406; x_wconf 83' lang='lat' dir='ltr'>vo-</span> 
     </span>
     <span class='ocr_line' id='line_1_38' title="bbox 1538 417 2602 450; baseline 0.003 -3"><span class='ocrx_word' id='word_1_260' title='bbox 1538 418 1648 449; x_wconf 86' lang='lat' dir='ltr'>ventis.</span> <span class='ocrx_word' id='word_1_261' title='bbox 1674 418 1794 449; x_wconf 86' lang='lat' dir='ltr'>Contra</span> <span class='ocrx_word' id='word_1_262' title='bbox 1815 419 2026 449; x_wconf 88' lang='lat' dir='ltr'>intentionem</span> <span class='ocrx_word' id='word_1_263' title='bbox 2049 425 2157 449; x_wconf 85' lang='lat' dir='ltr'>autem</span> <span class='ocrx_word' id='word_1_264' title='bbox 2178 417 2366 448; x_wconf 86' lang='lat' dir='ltr'>voventium</span> <span class='ocrx_word' id='word_1_265' title='bbox 2389 419 2602 450; x_wconf 83' lang='lat' dir='ltr'>communiter</span> 
     </span>
     <span class='ocr_line' id='line_1_39' title="bbox 1539 461 2462 504; baseline 0.001 -13"><span class='ocrx_word' id='word_1_266' title='bbox 1539 461 1662 492; x_wconf 89' lang='lat' dir='ltr'>videtur</span> <span class='ocrx_word' id='word_1_267' title='bbox 1685 472 1752 492; x_wconf 88' lang='lat' dir='ltr'>esse</span> <span class='ocrx_word' id='word_1_268' title='bbox 1774 464 1862 504; x_wconf 91' lang='lat' dir='ltr'>quod</span> <span class='ocrx_word' id='word_1_269' title='bbox 1886 469 2066 502; x_wconf 91' lang='lat' dir='ltr'>expectetur</span> <span class='ocrx_word' id='word_1_270' title='bbox 2088 462 2237 493; x_wconf 86' lang='lat' dir='ltr'>articulus</span> <span class='ocrx_word' id='word_1_271' title='bbox 2260 462 2462 493; x_wconf 84' lang='lat' dir='ltr'>necessitatis.</span> 
     </span>
    </p>

    <p class='ocr_par' dir='ltr' id='par_1_14' title="bbox 1538 505 2607 1341">
     <span class='ocr_line' id='line_1_40' title="bbox 1595 505 2604 547; baseline 0.001 -11"><span class='ocrx_word' id='word_1_272' title='bbox 1595 506 1668 536; x_wconf 89' lang='lat' dir='ltr'>Non</span> <span class='ocrx_word' id='word_1_273' title='bbox 1699 513 1745 537; x_wconf 87' lang='lat' dir='ltr'>est</span> <span class='ocrx_word' id='word_1_274' title='bbox 1772 506 1867 546; x_wconf 89' lang='lat' dir='ltr'>igitur</span> <span class='ocrx_word' id='word_1_275' title='bbox 1897 507 1935 536; x_wconf 93' lang='lat' dir='ltr'>de</span> <span class='ocrx_word' id='word_1_276' title='bbox 1958 513 2102 547; x_wconf 89' lang='lat' dir='ltr'>tempore</span> <span class='ocrx_word' id='word_1_277' title='bbox 2126 505 2318 537; x_wconf 85' lang='lat' dir='ltr'>executionis</span> <span class='ocrx_word' id='word_1_278' title='bbox 2341 513 2492 537; x_wconf 87' lang='lat' dir='ltr'>votorum</span> <span class='ocrx_word' id='word_1_279' title='bbox 2522 506 2604 537; x_wconf 86' lang='lat' dir='ltr'>sicut</span> 
     </span>
     <span class='ocr_line' id='line_1_41' title="bbox 1540 550 2602 591; baseline 0.002 -12"><span class='ocrx_word' id='word_1_280' title='bbox 1540 550 1578 579; x_wconf 92' lang='lat' dir='ltr'>de</span> <span class='ocrx_word' id='word_1_281' title='bbox 1608 550 1792 581; x_wconf 84' lang='lat' dir='ltr'>executione</span> <span class='ocrx_word' id='word_1_282' title='bbox 1826 557 2068 591; x_wconf 83' lang='lat' dir='ltr'>praeceptorum</span> <span class='ocrx_word' id='word_1_283' title='bbox 2096 550 2358 581; x_wconf 82' lang='lat' dir='ltr'>affirmativorum</span> <span class='ocrx_word' id='word_1_284' title='bbox 2389 551 2602 581; x_wconf 86' lang='lat' dir='ltr'>censendum:</span> 
     </span>
     <span class='ocr_line' id='line_1_42' title="bbox 1539 593 2603 635; baseline 0.002 -12"><span class='ocrx_word' id='word_1_285' title='bbox 1539 593 1604 629; x_wconf 86' lang='lat' dir='ltr'>sed,</span> <span class='ocrx_word' id='word_1_286' title='bbox 1628 593 1714 624; x_wconf 87' lang='lat' dir='ltr'>iuxta</span> <span class='ocrx_word' id='word_1_287' title='bbox 1737 604 1840 625; x_wconf 84' lang='lat' dir='ltr'>sacrae</span> <span class='ocrx_word' id='word_1_288' title='bbox 1863 594 1941 635; x_wconf 90' lang='lat' dir='ltr'>legis</span> <span class='ocrx_word' id='word_1_289' title='bbox 1956 595 2176 626; x_wconf 85' lang='lat' dir='ltr'>auctoritatem</span> <span class='ocrx_word' id='word_1_290' title='bbox 2199 594 2326 625; x_wconf 84' lang='lat' dir='ltr'>allatam</span> <span class='ocrx_word' id='word_1_291' title='bbox 2340 594 2373 624; x_wconf 87' lang='lat' dir='ltr'>in</span> <span class='ocrx_word' id='word_1_292' title='bbox 2389 594 2500 631; x_wconf 84' lang='lat' dir='ltr'>littera,</span> <span class='ocrx_word' id='word_1_293' title='bbox 2524 601 2603 625; x_wconf 89' lang='lat' dir='ltr'>tem-</span> 
     </span>
     <span class='ocr_line' id='line_1_43' title="bbox 1540 638 2603 678; baseline 0.002 -11"><span class='ocrx_word' id='word_1_294' title='bbox 1540 647 1600 678; x_wconf 93' lang='lat' dir='ltr'>pus</span> <span class='ocrx_word' id='word_1_295' title='bbox 1624 638 1816 668; x_wconf 87' lang='lat' dir='ltr'>executionis</span> <span class='ocrx_word' id='word_1_296' title='bbox 1840 645 1886 669; x_wconf 89' lang='lat' dir='ltr'>est</span> <span class='ocrx_word' id='word_1_297' title='bbox 1908 638 1988 669; x_wconf 87' lang='lat' dir='ltr'>infra</span> <span class='ocrx_word' id='word_1_298' title='bbox 2011 639 2188 669; x_wconf 88' lang='lat' dir='ltr'>tarditatem</span> <span class='ocrx_word' id='word_1_299' title='bbox 2209 648 2264 669; x_wconf 91' lang='lat' dir='ltr'>seu</span> <span class='ocrx_word' id='word_1_300' title='bbox 2281 648 2406 668; x_wconf 84' lang='lat' dir='ltr'>moram</span> <span class='ocrx_word' id='word_1_301' title='bbox 2427 638 2511 669; x_wconf 86' lang='lat' dir='ltr'>iuxta</span> <span class='ocrx_word' id='word_1_302' title='bbox 2528 649 2603 669; x_wconf 85' lang='grc'><strong>0011-</strong></span> 
     </span>
     <span class='ocr_line' id='line_1_44' title="bbox 1540 681 2604 723; baseline 0.002 -12"><span class='ocrx_word' id='word_1_303' title='bbox 1540 681 1702 712; x_wconf 88' lang='lat' dir='ltr'>scientiam</span> <span class='ocrx_word' id='word_1_304' title='bbox 1724 682 1876 718; x_wconf 73' lang='lat' dir='ltr'>vovenfis,</span> <span class='ocrx_word' id='word_1_305' title='bbox 1902 683 2031 723; x_wconf 90' lang='lat' dir='ltr'>quando</span> <span class='ocrx_word' id='word_1_306' title='bbox 2047 692 2114 713; x_wconf 92' lang='lat' dir='ltr'>non</span> <span class='ocrx_word' id='word_1_307' title='bbox 2130 689 2177 714; x_wconf 88' lang='lat' dir='ltr'>est</span> <span class='ocrx_word' id='word_1_308' title='bbox 2199 689 2326 723; x_wconf 88' lang='lat' dir='ltr'>tempus</span> <span class='ocrx_word' id='word_1_309' title='bbox 2349 681 2534 723; x_wconf 86' lang='lat' dir='ltr'>praefixum.</span> <span class='ocrx_word' id='word_1_310' title='bbox 2558 683 2604 714; x_wconf 89' lang='lat' dir='ltr'>Ita</span> 
     </span>
     <span class='ocr_line' id='line_1_45' title="bbox 1540 725 2604 767; baseline 0.002 -12"><span class='ocrx_word' id='word_1_311' title='bbox 1540 726 1629 766; x_wconf 92' lang='lat' dir='ltr'>quod</span> <span class='ocrx_word' id='word_1_312' title='bbox 1651 725 1677 755; x_wconf 92' lang='lat' dir='ltr'>si</span> <span class='ocrx_word' id='word_1_313' title='bbox 1701 725 1892 757; x_wconf 83' lang='lat' dir='ltr'>conscientia</span> <span class='ocrx_word' id='word_1_314' title='bbox 1907 736 1965 757; x_wconf 84' lang='lat' dir='ltr'>sua</span> <span class='ocrx_word' id='word_1_315' title='bbox 1987 726 2046 757; x_wconf 89' lang='lat' dir='ltr'>sibi</span> <span class='ocrx_word' id='word_1_316' title='bbox 2061 727 2158 757; x_wconf 85' lang='lat' dir='ltr'>dictat</span> <span class='ocrx_word' id='word_1_317' title='bbox 2179 727 2269 767; x_wconf 91' lang='lat' dir='ltr'>quod</span> <span class='ocrx_word' id='word_1_318' title='bbox 2292 734 2455 767; x_wconf 86' lang='lat' dir='ltr'>expectare</span> <span class='ocrx_word' id='word_1_319' title='bbox 2477 736 2534 767; x_wconf 89' lang='lat' dir='ltr'>per</span> <span class='ocrx_word' id='word_1_320' title='bbox 2548 737 2604 757; x_wconf 86' lang='lat' dir='ltr'>an—</span> 
     </span>
     <span class='ocr_line' id='line_1_46' title="bbox 1540 770 2605 807; baseline 0.002 -8"><span class='ocrx_word' id='word_1_321' title='bbox 1540 779 1619 800; x_wconf 90' lang='lat' dir='ltr'>num</span> <span class='ocrx_word' id='word_1_322' title='bbox 1648 776 1702 800; x_wconf 91' lang='lat' dir='ltr'>aut</span> <span class='ocrx_word' id='word_1_323' title='bbox 1726 770 1807 800; x_wconf 87' lang='lat' dir='ltr'>duos</span> <span class='ocrx_word' id='word_1_324' title='bbox 1831 779 1950 806; x_wconf 83' lang='lat' dir='ltr'>annos,</span> <span class='ocrx_word' id='word_1_325' title='bbox 1967 777 2025 801; x_wconf 89' lang='lat' dir='ltr'>etc.</span> <span class='ocrx_word' id='word_1_326' title='bbox 2039 794 2046 807; x_wconf 89' lang='lat'>,</span> <span class='ocrx_word' id='word_1_327' title='bbox 2070 781 2137 801; x_wconf 91' lang='lat' dir='ltr'>non</span> <span class='ocrx_word' id='word_1_328' title='bbox 2160 777 2207 803; x_wconf 85' lang='lat' dir='ltr'>est</span> <span class='ocrx_word' id='word_1_329' title='bbox 2233 777 2342 801; x_wconf 86' lang='lat' dir='ltr'>contra</span> <span class='ocrx_word' id='word_1_330' title='bbox 2364 771 2530 801; x_wconf 87' lang='lat' dir='ltr'>vinculum</span> <span class='ocrx_word' id='word_1_331' title='bbox 2553 771 2605 802; x_wconf 90' lang='lat' dir='ltr'>sui</span> 
     </span>
     <span class='ocr_line' id='line_1_47' title="bbox 1539 813 2603 850; baseline 0.002 -7"><span class='ocrx_word' id='word_1_332' title='bbox 1539 814 1623 850; x_wconf 88' lang='lat' dir='ltr'>voti,</span> <span class='ocrx_word' id='word_1_333' title='bbox 1648 823 1714 844; x_wconf 89' lang='lat' dir='ltr'>non</span> <span class='ocrx_word' id='word_1_334' title='bbox 1744 820 1790 844; x_wconf 88' lang='lat' dir='ltr'>est</span> <span class='ocrx_word' id='word_1_335' title='bbox 1816 813 1849 843; x_wconf 88' lang='lat' dir='ltr'>in</span> <span class='ocrx_word' id='word_1_336' title='bbox 1873 823 1980 850; x_wconf 89' lang='lat' dir='ltr'>mora,</span> <span class='ocrx_word' id='word_1_337' title='bbox 2005 824 2071 844; x_wconf 88' lang='lat' dir='ltr'>non</span> <span class='ocrx_word' id='word_1_338' title='bbox 2101 814 2210 845; x_wconf 86' lang='lat' dir='ltr'>tardat</span> <span class='ocrx_word' id='word_1_339' title='bbox 2239 814 2373 846; x_wconf 81' lang='lat' dir='ltr'>reddere</span> <span class='ocrx_word' id='word_1_340' title='bbox 2394 815 2465 846; x_wconf 89' lang='lat' dir='ltr'>Deo</span> <span class='ocrx_word' id='word_1_341' title='bbox 2496 820 2603 846; x_wconf 85' lang='lat' dir='ltr'>votum</span> 
     </span>
     <span class='ocr_line' id='line_1_48' title="bbox 1538 858 2604 898; baseline 0 -9"><span class='ocrx_word' id='word_1_342' title='bbox 1538 868 1641 889; x_wconf 89' lang='lat' dir='ltr'>suum.</span> <span class='ocrx_word' id='word_1_343' title='bbox 1667 858 1774 888; x_wconf 86' lang='lat' dir='ltr'>Potest</span> <span class='ocrx_word' id='word_1_344' title='bbox 1796 865 1903 889; x_wconf 89' lang='lat' dir='ltr'>autem</span> <span class='ocrx_word' id='word_1_345' title='bbox 1926 858 1988 888; x_wconf 91' lang='lat' dir='ltr'>hoc</span> <span class='ocrx_word' id='word_1_346' title='bbox 2011 858 2226 898; x_wconf 88' lang='lat' dir='ltr'>multipliciter</span> <span class='ocrx_word' id='word_1_347' title='bbox 2249 859 2337 889; x_wconf 87' lang='lat' dir='ltr'>scire.</span> <span class='ocrx_word' id='word_1_348' title='bbox 2360 859 2479 895; x_wconf 88' lang='lat' dir='ltr'>Primo,</span> <span class='ocrx_word' id='word_1_349' title='bbox 2505 869 2542 889; x_wconf 88' lang='lat' dir='ltr'>ex</span> <span class='ocrx_word' id='word_1_350' title='bbox 2557 868 2604 889; x_wconf 91' lang='lat' dir='ltr'>re-</span> 
     </span>
     <span class='ocr_line' id='line_1_49' title="bbox 1541 901 2605 943; baseline 0.001 -10"><span class='ocrx_word' id='word_1_351' title='bbox 1541 902 1723 933; x_wconf 91' lang='lat' dir='ltr'>cordatione</span> <span class='ocrx_word' id='word_1_352' title='bbox 1737 901 1856 932; x_wconf 91' lang='lat' dir='ltr'>vinculi</span> <span class='ocrx_word' id='word_1_353' title='bbox 1872 902 1961 942; x_wconf 90' lang='lat' dir='ltr'>quod</span> <span class='ocrx_word' id='word_1_354' title='bbox 1983 902 2086 938; x_wconf 84' lang='lat' dir='ltr'>habet,</span> <span class='ocrx_word' id='word_1_355' title='bbox 2103 902 2193 943; x_wconf 91' lang='lat' dir='ltr'>quod</span> <span class='ocrx_word' id='word_1_356' title='bbox 2207 911 2374 943; x_wconf 87' lang='lat' dir='ltr'>nunquam</span> <span class='ocrx_word' id='word_1_357' title='bbox 2389 903 2527 934; x_wconf 87' lang='lat' dir='ltr'>occurrit</span> <span class='ocrx_word' id='word_1_358' title='bbox 2544 902 2605 934; x_wconf 83' lang='lat' dir='ltr'>sibi</span> 
     </span>
     <span class='ocr_line' id='line_1_50' title="bbox 1541 946 2605 988; baseline 0 -10"><span class='ocrx_word' id='word_1_359' title='bbox 1541 957 1614 978; x_wconf 90' lang='lat' dir='ltr'>cum</span> <span class='ocrx_word' id='word_1_360' title='bbox 1639 956 1782 977; x_wconf 89' lang='lat' dir='ltr'>remorsu</span> <span class='ocrx_word' id='word_1_361' title='bbox 1806 947 1894 987; x_wconf 91' lang='lat' dir='ltr'>quod</span> <span class='ocrx_word' id='word_1_362' title='bbox 1918 956 1984 976; x_wconf 91' lang='lat' dir='ltr'>non</span> <span class='ocrx_word' id='word_1_363' title='bbox 2004 946 2148 987; x_wconf 89' lang='lat' dir='ltr'>implevit</span> <span class='ocrx_word' id='word_1_364' title='bbox 2172 953 2227 977; x_wconf 85' lang='lat' dir='ltr'>aut</span> <span class='ocrx_word' id='word_1_365' title='bbox 2248 946 2370 986; x_wconf 88' lang='lat' dir='ltr'>implet,</span> <span class='ocrx_word' id='word_1_366' title='bbox 2395 948 2450 977; x_wconf 85' lang='lat' dir='ltr'>sed</span> <span class='ocrx_word' id='word_1_367' title='bbox 2472 953 2509 977; x_wconf 92' lang='lat' dir='ltr'>ut</span> <span class='ocrx_word' id='word_1_368' title='bbox 2530 954 2605 988; x_wconf 83' lang='lat' dir='ltr'>post</span> 
     </span>
     <span class='ocr_line' id='line_1_51' title="bbox 1540 989 2605 1031; baseline 0 -10"><span class='ocrx_word' id='word_1_369' title='bbox 1540 991 1750 1031; x_wconf 86' lang='lat' dir='ltr'>implendum.</span> <span class='ocrx_word' id='word_1_370' title='bbox 1775 1008 1796 1013; x_wconf 97' lang='lat'><em>-</em></span> <span class='ocrx_word' id='word_1_371' title='bbox 1819 990 1976 1027; x_wconf 85' lang='lat' dir='ltr'>Secundo,</span> <span class='ocrx_word' id='word_1_372' title='bbox 2002 1000 2039 1021; x_wconf 86' lang='lat' dir='ltr'>ex</span> <span class='ocrx_word' id='word_1_373' title='bbox 2062 990 2124 1021; x_wconf 89' lang='lat' dir='ltr'>hoc</span> <span class='ocrx_word' id='word_1_374' title='bbox 2146 990 2236 1031; x_wconf 90' lang='lat' dir='ltr'>quod</span> <span class='ocrx_word' id='word_1_375' title='bbox 2254 989 2388 1021; x_wconf 87' lang='lat' dir='ltr'>intentio</span> <span class='ocrx_word' id='word_1_376' title='bbox 2405 1001 2462 1021; x_wconf 88' lang='lat' dir='ltr'>sua</span> <span class='ocrx_word' id='word_1_377' title='bbox 2478 997 2544 1022; x_wconf 87' lang='lat' dir='ltr'>erat</span> <span class='ocrx_word' id='word_1_378' title='bbox 2562 991 2605 1021; x_wconf 85' lang='lat' dir='ltr'>ita</span> 
     </span>
     <span class='ocr_line' id='line_1_52' title="bbox 1541 1034 2606 1075; baseline -0.001 -10"><span class='ocrx_word' id='word_1_379' title='bbox 1541 1034 1679 1075; x_wconf 88' lang='lat' dir='ltr'>obligare</span> <span class='ocrx_word' id='word_1_380' title='bbox 1702 1045 1734 1065; x_wconf 91' lang='lat' dir='ltr'>se</span> <span class='ocrx_word' id='word_1_381' title='bbox 1758 1034 1970 1075; x_wconf 86' lang='lat' dir='ltr'>promissione</span> <span class='ocrx_word' id='word_1_382' title='bbox 1991 1034 2099 1066; x_wconf 84' lang='lat' dir='ltr'>votiva</span> <span class='ocrx_word' id='word_1_383' title='bbox 2127 1034 2209 1065; x_wconf 88' lang='lat' dir='ltr'>sicut</span> <span class='ocrx_word' id='word_1_384' title='bbox 2231 1034 2396 1065; x_wconf 86' lang='lat' dir='ltr'>consuevit</span> <span class='ocrx_word' id='word_1_385' title='bbox 2421 1035 2606 1075; x_wconf 86' lang='lat' dir='ltr'>promittere</span> 
     </span>
     <span class='ocr_line' id='line_1_53' title="bbox 1541 1078 2605 1119; baseline 0 -10"><span class='ocrx_word' id='word_1_386' title='bbox 1541 1079 1614 1115; x_wconf 85' lang='lat' dir='ltr'>alia,</span> <span class='ocrx_word' id='word_1_387' title='bbox 1639 1078 1755 1109; x_wconf 90' lang='lat' dir='ltr'>scilicet</span> <span class='ocrx_word' id='word_1_388' title='bbox 1784 1078 1929 1109; x_wconf 84' lang='lat' dir='ltr'>faciendo</span> <span class='ocrx_word' id='word_1_389' title='bbox 1954 1088 2028 1109; x_wconf 89' lang='lat' dir='ltr'>cum</span> <span class='ocrx_word' id='word_1_390' title='bbox 2051 1085 2195 1119; x_wconf 90' lang='lat' dir='ltr'>tempore</span> <span class='ocrx_word' id='word_1_391' title='bbox 2218 1078 2291 1109; x_wconf 85' lang='lat' dir='ltr'>satis</span> <span class='ocrx_word' id='word_1_392' title='bbox 2314 1078 2410 1119; x_wconf 82' lang='lat' dir='ltr'>large.</span> <span class='ocrx_word' id='word_1_393' title='bbox 2432 1096 2453 1102; x_wconf 98' lang='lat'><em>-</em></span> <span class='ocrx_word' id='word_1_394' title='bbox 2476 1078 2605 1115; x_wconf 83' lang='lat' dir='ltr'>Tertio,</span> 
     </span>
     <span class='ocr_line' id='line_1_54' title="bbox 1540 1122 2605 1163; baseline 0 -10"><span class='ocrx_word' id='word_1_395' title='bbox 1540 1123 1615 1163; x_wconf 90' lang='lat' dir='ltr'>quia</span> <span class='ocrx_word' id='word_1_396' title='bbox 1642 1123 1743 1154; x_wconf 89' lang='lat' dir='ltr'>multa</span> <span class='ocrx_word' id='word_1_397' title='bbox 1772 1130 1916 1163; x_wconf 88' lang='lat' dir='ltr'>tempora</span> <span class='ocrx_word' id='word_1_398' title='bbox 1947 1130 2021 1154; x_wconf 88' lang='lat' dir='ltr'>sunt</span> <span class='ocrx_word' id='word_1_399' title='bbox 2050 1130 2196 1163; x_wconf 86' lang='lat' dir='ltr'>tempora</span> <span class='ocrx_word' id='word_1_400' title='bbox 2223 1122 2396 1153; x_wconf 86' lang='lat' dir='ltr'>commoda</span> <span class='ocrx_word' id='word_1_401' title='bbox 2426 1122 2605 1153; x_wconf 89' lang='lat' dir='ltr'>secundum</span> 
     </span>
     <span class='ocr_line' id='line_1_55' title="bbox 1540 1167 2606 1207; baseline 0 -10"><span class='ocrx_word' id='word_1_402' title='bbox 1540 1167 1712 1203; x_wconf 88' lang='lat' dir='ltr'>veritatem,</span> <span class='ocrx_word' id='word_1_403' title='bbox 1737 1177 1819 1207; x_wconf 88' lang='lat' dir='ltr'>quae</span> <span class='ocrx_word' id='word_1_404' title='bbox 1842 1174 1948 1198; x_wconf 89' lang='lat' dir='ltr'>tamen</span> <span class='ocrx_word' id='word_1_405' title='bbox 1972 1167 2149 1198; x_wconf 91' lang='lat' dir='ltr'>secundum</span> <span class='ocrx_word' id='word_1_406' title='bbox 2172 1177 2296 1198; x_wconf 91' lang='lat' dir='ltr'>morem</span> <span class='ocrx_word' id='word_1_407' title='bbox 2315 1167 2459 1198; x_wconf 83' lang='lat' dir='ltr'>voventis</span> <span class='ocrx_word' id='word_1_408' title='bbox 2479 1176 2546 1197; x_wconf 88' lang='lat' dir='ltr'>non</span> <span class='ocrx_word' id='word_1_409' title='bbox 2560 1175 2606 1197; x_wconf 85' lang='lat' dir='ltr'>re-</span> 
     </span>
     <span class='ocr_line' id='line_1_56' title="bbox 1541 1211 2607 1252; baseline 0 -11"><span class='ocrx_word' id='word_1_410' title='bbox 1541 1217 1692 1251; x_wconf 89' lang='lat' dir='ltr'>putantur</span> <span class='ocrx_word' id='word_1_411' title='bbox 1721 1211 1908 1246; x_wconf 76' lang='lat' dir='ltr'>commoda.</span> <span class='ocrx_word' id='word_1_412' title='bbox 1933 1218 1964 1242; x_wconf 92' lang='lat' dir='ltr'>et</span> <span class='ocrx_word' id='word_1_413' title='bbox 1989 1211 2058 1252; x_wconf 90' lang='lat' dir='ltr'>ipse</span> <span class='ocrx_word' id='word_1_414' title='bbox 2080 1211 2261 1242; x_wconf 84' lang='lat' dir='ltr'>intendebat</span> <span class='ocrx_word' id='word_1_415' title='bbox 2290 1212 2329 1242; x_wconf 89' lang='lat' dir='ltr'>de</span> <span class='ocrx_word' id='word_1_416' title='bbox 2351 1218 2496 1252; x_wconf 87' lang='lat' dir='ltr'>tempore</span> <span class='ocrx_word' id='word_1_417' title='bbox 2519 1211 2607 1242; x_wconf 87' lang='lat' dir='ltr'>com-</span> 
     </span>
     <span class='ocr_line' id='line_1_57' title="bbox 1541 1254 2607 1293; baseline 0.001 -9"><span class='ocrx_word' id='word_1_418' title='bbox 1541 1255 1640 1285; x_wconf 92' lang='lat' dir='ltr'>modo</span> <span class='ocrx_word' id='word_1_419' title='bbox 1672 1254 1705 1284; x_wconf 89' lang='lat' dir='ltr'>in</span> <span class='ocrx_word' id='word_1_420' title='bbox 1728 1254 1879 1285; x_wconf 87' lang='lat' dir='ltr'>idiomate</span> <span class='ocrx_word' id='word_1_421' title='bbox 1903 1265 1972 1286; x_wconf 91' lang='lat' dir='ltr'>suo.</span> <span class='ocrx_word' id='word_1_422' title='bbox 2000 1273 2021 1278; x_wconf 99' lang='lat'><em>-</em></span> <span class='ocrx_word' id='word_1_423' title='bbox 2050 1255 2148 1293; x_wconf 91' lang='lat' dir='ltr'>Quod</span> <span class='ocrx_word' id='word_1_424' title='bbox 2177 1256 2203 1286; x_wconf 92' lang='lat' dir='ltr'>si</span> <span class='ocrx_word' id='word_1_425' title='bbox 2231 1265 2288 1286; x_wconf 88' lang='lat' dir='ltr'>nec</span> <span class='ocrx_word' id='word_1_426' title='bbox 2315 1261 2359 1286; x_wconf 66' lang='lat' dir='ltr'>ex</span> <span class='ocrx_word' id='word_1_427' title='bbox 2375 1255 2424 1286; x_wconf 89' lang='lat' dir='ltr'>his</span> <span class='ocrx_word' id='word_1_428' title='bbox 2455 1265 2514 1286; x_wconf 89' lang='lat' dir='ltr'>nec</span> <span class='ocrx_word' id='word_1_429' title='bbox 2537 1254 2607 1285; x_wconf 83' lang='lat' dir='ltr'>aliis</span> 
     </span>
     <span class='ocr_line' id='line_1_58' title="bbox 1540 1298 2606 1341; baseline 0.002 -13"><span class='ocrx_word' id='word_1_430' title='bbox 1540 1305 1645 1339; x_wconf 89' lang='lat' dir='ltr'>potest</span> <span class='ocrx_word' id='word_1_431' title='bbox 1667 1298 1802 1329; x_wconf 86' lang='lat' dir='ltr'>intentio</span> <span class='ocrx_word' id='word_1_432' title='bbox 1825 1299 1971 1330; x_wconf 88' lang='lat' dir='ltr'>voventis</span> <span class='ocrx_word' id='word_1_433' title='bbox 1987 1299 2115 1336; x_wconf 77' lang='lat' dir='ltr'>haberi,</span> <span class='ocrx_word' id='word_1_434' title='bbox 2140 1299 2360 1330; x_wconf 88' lang='lat' dir='ltr'>determinatio</span> <span class='ocrx_word' id='word_1_435' title='bbox 2383 1299 2536 1341; x_wconf 84' lang='lat' dir='ltr'>temporis</span> <span class='ocrx_word' id='word_1_436' title='bbox 2559 1309 2606 1330; x_wconf 85' lang='lat' dir='ltr'>ar-</span> 
     </span>
    </p>
   </div>
   <div class='ocr_carea' id='block_1_13' title="bbox 1540 1342 2620 1385">
    <p class='ocr_par' dir='ltr' id='par_1_15' title="bbox 1540 1342 2620 1385">
     <span class='ocr_line' id='line_1_59' title="bbox 1540 1342 2620 1385; baseline 0.002 -13"><span class='ocrx_word' id='word_1_437' title='bbox 1540 1342 1633 1373; x_wconf 92' lang='lat' dir='ltr'>bitrio</span> <span class='ocrx_word' id='word_1_438' title='bbox 1657 1342 1733 1373; x_wconf 90' lang='lat' dir='ltr'>boni</span> <span class='ocrx_word' id='word_1_439' title='bbox 1756 1342 1824 1379; x_wconf 90' lang='lat' dir='ltr'>viri,</span> <span class='ocrx_word' id='word_1_440' title='bbox 1849 1343 1986 1383; x_wconf 88' lang='lat' dir='ltr'>pensatis</span> <span class='ocrx_word' id='word_1_441' title='bbox 2009 1343 2221 1383; x_wconf 87' lang='lat' dir='ltr'>singularibus</span> <span class='ocrx_word' id='word_1_442' title='bbox 2237 1343 2475 1375; x_wconf 83' lang='lat' dir='ltr'>conditionibus</span> <span class='ocrx_word' id='word_1_443' title='bbox 2498 1353 2620 1385; x_wconf 90' lang='lat' dir='ltr'>perso--</span> 
     </span>
    </p>
   </div>
   <div class='ocr_carea' id='block_1_14' title="bbox 1541 1386 2608 1473">
    <p class='ocr_par' dir='ltr' id='par_1_16' title="bbox 1541 1386 2608 1473">
     <span class='ocr_line' id='line_1_60' title="bbox 1541 1386 2608 1428; baseline 0.001 -11"><span class='ocrx_word' id='word_1_444' title='bbox 1541 1396 1609 1423; x_wconf 89' lang='lat' dir='ltr'>nae,</span> <span class='ocrx_word' id='word_1_445' title='bbox 1634 1386 1791 1423; x_wconf 86' lang='lat' dir='ltr'>materiae,</span> <span class='ocrx_word' id='word_1_446' title='bbox 1812 1393 1869 1418; x_wconf 92' lang='lat' dir='ltr'>etc.</span> <span class='ocrx_word' id='word_1_447' title='bbox 1883 1411 1890 1424; x_wconf 86' lang='lat'>,</span> <span class='ocrx_word' id='word_1_448' title='bbox 1915 1387 2116 1428; x_wconf 86' lang='lat' dir='ltr'>relinquitur:</span> <span class='ocrx_word' id='word_1_449' title='bbox 2144 1387 2170 1418; x_wconf 91' lang='lat' dir='ltr'>si</span> <span class='ocrx_word' id='word_1_450' title='bbox 2193 1398 2259 1418; x_wconf 91' lang='lat' dir='ltr'>non</span> <span class='ocrx_word' id='word_1_451' title='bbox 2283 1394 2389 1427; x_wconf 86' lang='lat' dir='ltr'>potest</span> <span class='ocrx_word' id='word_1_452' title='bbox 2409 1395 2486 1418; x_wconf 86' lang='lat' dir='ltr'>tunc</span> <span class='ocrx_word' id='word_1_453' title='bbox 2509 1387 2608 1418; x_wconf 85' lang='lat' dir='ltr'>tutio-</span> 
     </span>
     <span class='ocr_line' id='line_1_61' title="bbox 1541 1431 2374 1473; baseline 0.001 -12"><span class='ocrx_word' id='word_1_454' title='bbox 1541 1441 1608 1461; x_wconf 91' lang='lat' dir='ltr'>rem</span> <span class='ocrx_word' id='word_1_455' title='bbox 1631 1438 1754 1471; x_wconf 86' lang='lat' dir='ltr'>partem</span> <span class='ocrx_word' id='word_1_456' title='bbox 1777 1431 1900 1473; x_wconf 84' lang='lat' dir='ltr'>eligere,</span> <span class='ocrx_word' id='word_1_457' title='bbox 1925 1431 2042 1462; x_wconf 87' lang='lat' dir='ltr'>scilicet</span> <span class='ocrx_word' id='word_1_458' title='bbox 2064 1432 2226 1462; x_wconf 88' lang='lat' dir='ltr'>reddendo</span> <span class='ocrx_word' id='word_1_459' title='bbox 2248 1439 2374 1462; x_wconf 87' lang='lat' dir='ltr'>votum.</span> 
     </span>
    </p>
   </div>
   <div class='ocr_carea' id='block_1_15' title="bbox 1208 1620 1827 1672">
    <p class='ocr_par' dir='ltr' id='par_1_17' title="bbox 1208 1620 1827 1672">
     <span class='ocr_line' id='line_1_62' title="bbox 1208 1620 1827 1672; baseline -0.002 -9"><span class='ocrx_word' id='word_1_460' title='bbox 1208 1620 1525 1663; x_wconf 89' lang='lat' dir='ltr'>ARTICULUS</span> <span class='ocrx_word' id='word_1_461' title='bbox 1556 1620 1827 1672; x_wconf 89' lang='lat' dir='ltr'><strong>QUARTUS</strong></span> 
     </span>
    </p>
   </div>
   <div class='ocr_carea' id='block_1_16' title="bbox 1117 1731 1913 1768">
    <p class='ocr_par' dir='ltr' id='par_1_18' title="bbox 1117 1731 1913 1768">
     <span class='ocr_line' id='line_1_63' title="bbox 1117 1731 1913 1768; baseline 0 -6"><span class='ocrx_word' id='word_1_462' title='bbox 1117 1731 1271 1762; x_wconf 89' lang='lat' dir='ltr'>UTRUM</span> <span class='ocrx_word' id='word_1_463' title='bbox 1295 1731 1511 1762; x_wconf 89' lang='lat' dir='ltr'>EXPEDIAT</span> <span class='ocrx_word' id='word_1_464' title='bbox 1537 1731 1713 1768; x_wconf 90' lang='lat' dir='ltr'>ALIQUID</span> <span class='ocrx_word' id='word_1_465' title='bbox 1738 1731 1913 1763; x_wconf 90' lang='lat' dir='ltr'>VOVERE</span> 
     </span>
    </p>
   </div>
   <div class='ocr_carea' id='block_1_17' title="bbox 1290 1828 1804 1865">
    <p class='ocr_par' dir='ltr' id='par_1_19' title="bbox 1290 1828 1804 1865">
     <span class='ocr_line' id='line_1_64' title="bbox 1290 1828 1804 1865; baseline -0.002 -12"><span class='ocrx_word' id='word_1_466' title='bbox 1290 1828 1320 1853; x_wconf 85' lang='lat'>111</span> <span class='ocrx_word' id='word_1_467' title='bbox 1342 1828 1419 1853; x_wconf 86' lang='lat' dir='ltr'>Cont.</span> <span class='ocrx_word' id='word_1_468' title='bbox 1441 1829 1528 1858; x_wconf 87' lang='lat' dir='ltr'>Gent.,</span> <span class='ocrx_word' id='word_1_469' title='bbox 1550 1835 1607 1860; x_wconf 87' lang='lat' dir='ltr'>cap.</span> <span class='ocrx_word' id='word_1_470' title='bbox 1626 1834 1744 1852; x_wconf 77' lang='lat' dir='ltr'>cxxxvin.</span> <span class='ocrx_word' id='word_1_471' title='bbox 1800 1862 1804 1865; x_wconf 22' lang='grc' dir='ltr'><strong><em>Δ</em></strong></span> 
     </span>
    </p>
   </div>
   <div class='ocr_carea' id='block_1_18' title="bbox 443 1966 587 2116">
    <p class='ocr_par' dir='ltr' id='par_1_20' title="bbox 443 1966 587 2116">
     <span class='ocr_line' id='line_1_65' title="bbox 443 1966 587 2116; baseline 0.014 -75"><span class='ocrx_word' id='word_1_472' title='bbox 443 1966 587 2116; x_wconf 95' lang='lat' dir='ltr'>   </span> 
     </span>
    </p>
   </div>
   <div class='ocr_carea' id='block_1_19' title="bbox 426 1916 1491 3498">
    <p class='ocr_par' dir='ltr' id='par_1_21' title="bbox 430 1916 1490 2335">
     <span class='ocr_line' id='line_1_66' title="bbox 462 1916 1489 1985; baseline 0 -33"><span class='ocrx_word' id='word_1_473' title='bbox 462 1932 527 1974; x_wconf 46' lang='lat'>&gt;25⁹</span> <span class='ocrx_word' id='word_1_474' title='bbox 544 1936 616 1985; x_wconf 45' lang='lat' dir='ltr'>qm(</span> <span class='ocrx_word' id='word_1_475' title='bbox 643 1928 663 1953; x_wconf 83' lang='lat' dir='ltr'>o</span> <span class='ocrx_word' id='word_1_476' title='bbox 684 1928 855 1958; x_wconf 81' lang='lat' dir='ltr'><strong>QUARTUM</strong></span> <span class='ocrx_word' id='word_1_477' title='bbox 875 1928 927 1953; x_wconf 80' lang='grc'>510</span> <span class='ocrx_word' id='word_1_478' title='bbox 947 1927 1185 1953; x_wconf 77' lang='lat' dir='ltr'>PROCEDrrUR.</span> <span class='ocrx_word' id='word_1_479' title='bbox 1205 1916 1365 1954; x_wconf 91' lang='lat' dir='ltr'>Videtur</span> <span class='ocrx_word' id='word_1_480' title='bbox 1383 1916 1489 1964; x_wconf 90' lang='lat' dir='ltr'>quod</span> 
     </span>
     <span class='ocr_line' id='line_1_67' title="bbox 457 1960 1488 2030; baseline 0.001 -25"><span class='ocrx_word' id='word_1_481' title='bbox 457 1960 618 2030; x_wconf 41' lang='lat' dir='ltr'>55¹⁸}ss</span> <span class='ocrx_word' id='word_1_482' title='bbox 642 1981 719 2006; x_wconf 92' lang='lat' dir='ltr'>non</span> <span class='ocrx_word' id='word_1_483' title='bbox 740 1969 914 2018; x_wconf 89' lang='lat' dir='ltr'>expediat</span> <span class='ocrx_word' id='word_1_484' title='bbox 933 1969 1074 2018; x_wconf 89' lang='lat' dir='ltr'>aliquid</span> <span class='ocrx_word' id='word_1_485' title='bbox 1092 1982 1250 2007; x_wconf 88' lang='lat' dir='ltr'>vovere.</span> <span class='ocrx_word' id='word_1_486' title='bbox 1275 1970 1367 2006; x_wconf 92' lang='lat' dir='ltr'>Non</span> <span class='ocrx_word' id='word_1_487' title='bbox 1385 1969 1488 2006; x_wconf 89' lang='lat' dir='ltr'>enim</span> 
     </span>
     <span class='ocr_line' id='line_1_68' title="bbox 446 2021 1489 2071; baseline 0.004 -16"><span class='ocrx_word' id='word_1_488' title='bbox 446 2021 751 2070; x_wconf 19' lang='lat' dir='ltr'>‘syvq&#39;ff&#39;allcui</span> <span class='ocrx_word' id='word_1_489' title='bbox 781 2022 931 2071; x_wconf 88' lang='lat' dir='ltr'>expedit</span> <span class='ocrx_word' id='word_1_490' title='bbox 962 2030 1004 2059; x_wconf 93' lang='lat' dir='ltr'>ut</span> <span class='ocrx_word' id='word_1_491' title='bbox 1031 2022 1154 2071; x_wconf 77' lang='lat' dir='ltr'>privet</span> <span class='ocrx_word' id='word_1_492' title='bbox 1182 2035 1222 2059; x_wconf 90' lang='lat' dir='ltr'>se</span> <span class='ocrx_word' id='word_1_493' title='bbox 1252 2023 1355 2059; x_wconf 90' lang='lat' dir='ltr'>bono</span> <span class='ocrx_word' id='word_1_494' title='bbox 1385 2022 1489 2071; x_wconf 92' lang='lat' dir='ltr'>quod</span> 
     </span>
     <span class='ocr_line' id='line_1_69' title="bbox 486 2051 1488 2113; baseline 0.001 -2"><span class='ocrx_word' id='word_1_495' title='bbox 486 2051 574 2103; x_wconf 46' lang='lat'>‘&#39;⁶¹⁵³&#39;‘</span> <span class='ocrx_word' id='word_1_496' title='bbox 597 2067 629 2110; x_wconf 47' lang='lat' dir='ltr'>N</span> <span class='ocrx_word' id='word_1_497' title='bbox 643 2075 677 2112; x_wconf 90' lang='lat' dir='ltr'>ei</span> <span class='ocrx_word' id='word_1_498' title='bbox 695 2076 800 2112; x_wconf 92' lang='lat' dir='ltr'>Deus</span> <span class='ocrx_word' id='word_1_499' title='bbox 820 2075 987 2113; x_wconf 89' lang='lat' dir='ltr'>donavit.</span> <span class='ocrx_word' id='word_1_500' title='bbox 1019 2075 1096 2112; x_wconf 90' lang='lat' dir='ltr'>Sed</span> <span class='ocrx_word' id='word_1_501' title='bbox 1116 2076 1267 2112; x_wconf 89' lang='lat' dir='ltr'>libertas</span> <span class='ocrx_word' id='word_1_502' title='bbox 1287 2082 1344 2112; x_wconf 92' lang='lat' dir='ltr'>est</span> <span class='ocrx_word' id='word_1_503' title='bbox 1367 2087 1488 2112; x_wconf 92' lang='lat' dir='ltr'>unum</span> 
     </span>
     <span class='ocr_line' id='line_1_70' title="bbox 431 2127 1489 2177; baseline 0.001 -13"><span class='ocrx_word' id='word_1_504' title='bbox 431 2129 477 2164; x_wconf 90' lang='lat' dir='ltr'>de</span> <span class='ocrx_word' id='word_1_505' title='bbox 506 2127 680 2165; x_wconf 90' lang='lat' dir='ltr'>maximis</span> <span class='ocrx_word' id='word_1_506' title='bbox 708 2128 819 2165; x_wconf 90' lang='lat' dir='ltr'>bonis</span> <span class='ocrx_word' id='word_1_507' title='bbox 839 2141 937 2177; x_wconf 87' lang='lat' dir='ltr'>quae</span> <span class='ocrx_word' id='word_1_508' title='bbox 966 2128 1111 2165; x_wconf 90' lang='lat' dir='ltr'>homini</span> <span class='ocrx_word' id='word_1_509' title='bbox 1140 2130 1245 2165; x_wconf 92' lang='lat' dir='ltr'>Deus</span> <span class='ocrx_word' id='word_1_510' title='bbox 1274 2128 1389 2176; x_wconf 83' lang='lat' dir='ltr'>dedit,</span> <span class='ocrx_word' id='word_1_511' title='bbox 1414 2140 1489 2177; x_wconf 91' lang='lat' dir='ltr'>qua</span> 
     </span>
     <span class='ocr_line' id='line_1_71' title="bbox 430 2181 1488 2231; baseline 0 -13"><span class='ocrx_word' id='word_1_512' title='bbox 430 2181 581 2218; x_wconf 92' lang='lat' dir='ltr'>videtur</span> <span class='ocrx_word' id='word_1_513' title='bbox 616 2181 755 2230; x_wconf 91' lang='lat' dir='ltr'>privari</span> <span class='ocrx_word' id='word_1_514' title='bbox 791 2193 861 2230; x_wconf 92' lang='lat' dir='ltr'>per</span> <span class='ocrx_word' id='word_1_515' title='bbox 897 2181 1159 2219; x_wconf 88' lang='lat' dir='ltr'>necessitatem</span> <span class='ocrx_word' id='word_1_516' title='bbox 1198 2194 1314 2231; x_wconf 90' lang='lat' dir='ltr'>quam</span> <span class='ocrx_word' id='word_1_517' title='bbox 1352 2189 1488 2219; x_wconf 91' lang='lat' dir='ltr'>votum</span> 
     </span>
     <span class='ocr_line' id='line_1_72' title="bbox 431 2229 1490 2284; baseline 0.002 -14"><span class='ocrx_word' id='word_1_518' title='bbox 431 2233 600 2283; x_wconf 90' lang='lat' dir='ltr'>imponit.</span> <span class='ocrx_word' id='word_1_519' title='bbox 621 2235 722 2282; x_wconf 88' lang='lat' dir='ltr'>Ergo</span> <span class='ocrx_word' id='word_1_520' title='bbox 743 2247 821 2271; x_wconf 89' lang='lat' dir='ltr'>non</span> <span class='ocrx_word' id='word_1_521' title='bbox 839 2234 989 2272; x_wconf 88' lang='lat' dir='ltr'>videtur</span> <span class='ocrx_word' id='word_1_522' title='bbox 1005 2234 1207 2284; x_wconf 86' lang='lat' dir='ltr'>expediens</span> <span class='ocrx_word' id='word_1_523' title='bbox 1222 2229 1370 2272; x_wconf 80' lang='lat' dir='ltr'>homini</span> <span class='ocrx_word' id='word_1_524' title='bbox 1384 2234 1490 2283; x_wconf 90' lang='lat' dir='ltr'>quod</span> 
     </span>
     <span class='ocr_line' id='line_1_73' title="bbox 432 2286 751 2335; baseline 0.003 -12"><span class='ocrx_word' id='word_1_525' title='bbox 432 2286 568 2335; x_wconf 89' lang='lat' dir='ltr'>aliquid</span> <span class='ocrx_word' id='word_1_526' title='bbox 599 2295 751 2324; x_wconf 88' lang='lat' dir='ltr'>voveat.</span> 
     </span>
    </p>

    <p class='ocr_par' dir='ltr' id='par_1_22' title="bbox 426 2340 1491 2970">
     <span class='ocr_line' id='line_1_74' title="bbox 487 2340 1488 2389; baseline 0.001 -13"><span class='ocrx_word' id='word_1_527' title='bbox 487 2351 521 2376; x_wconf 91' lang='lat'>2.</span> <span class='ocrx_word' id='word_1_528' title='bbox 537 2340 769 2386; x_wconf 77' lang='lat' dir='ltr'>PRAETEREA,</span> <span class='ocrx_word' id='word_1_529' title='bbox 787 2341 911 2377; x_wconf 90' lang='lat' dir='ltr'>nullus</span> <span class='ocrx_word' id='word_1_530' title='bbox 931 2341 1043 2377; x_wconf 91' lang='lat' dir='ltr'>debet</span> <span class='ocrx_word' id='word_1_531' title='bbox 1065 2353 1104 2377; x_wconf 93' lang='lat' dir='ltr'>se</span> <span class='ocrx_word' id='word_1_532' title='bbox 1124 2340 1298 2389; x_wconf 87' lang='lat' dir='ltr'>periculis</span> <span class='ocrx_word' id='word_1_533' title='bbox 1325 2341 1488 2378; x_wconf 88' lang='lat' dir='ltr'>iniicere.</span> 
     </span>
     <span class='ocr_line' id='line_1_75' title="bbox 434 2393 1490 2442; baseline 0 -12"><span class='ocrx_word' id='word_1_534' title='bbox 434 2393 510 2430; x_wconf 90' lang='lat' dir='ltr'>Sed</span> <span class='ocrx_word' id='word_1_535' title='bbox 539 2393 771 2441; x_wconf 88' lang='lat' dir='ltr'>quicumque</span> <span class='ocrx_word' id='word_1_536' title='bbox 800 2401 918 2430; x_wconf 88' lang='lat' dir='ltr'>vovet</span> <span class='ocrx_word' id='word_1_537' title='bbox 953 2405 992 2430; x_wconf 90' lang='lat' dir='ltr'>se</span> <span class='ocrx_word' id='word_1_538' title='bbox 1022 2394 1191 2442; x_wconf 90' lang='lat' dir='ltr'>periculo</span> <span class='ocrx_word' id='word_1_539' title='bbox 1228 2393 1363 2430; x_wconf 83' lang='lat' dir='ltr'>iniicit:</span> <span class='ocrx_word' id='word_1_540' title='bbox 1401 2394 1490 2442; x_wconf 90' lang='lat' dir='ltr'>quia</span> 
     </span>
     <span class='ocr_line' id='line_1_76' title="bbox 433 2445 1489 2495; baseline 0.001 -13"><span class='ocrx_word' id='word_1_541' title='bbox 433 2445 538 2494; x_wconf 91' lang='lat' dir='ltr'>quod</span> <span class='ocrx_word' id='word_1_542' title='bbox 567 2454 653 2482; x_wconf 91' lang='lat' dir='ltr'>ante</span> <span class='ocrx_word' id='word_1_543' title='bbox 671 2453 807 2483; x_wconf 88' lang='lat' dir='ltr'>votum</span> <span class='ocrx_word' id='word_1_544' title='bbox 828 2446 906 2482; x_wconf 90' lang='lat' dir='ltr'>sine</span> <span class='ocrx_word' id='word_1_545' title='bbox 926 2446 1094 2494; x_wconf 90' lang='lat' dir='ltr'>periculo</span> <span class='ocrx_word' id='word_1_546' title='bbox 1119 2454 1267 2495; x_wconf 90' lang='lat' dir='ltr'>poterat</span> <span class='ocrx_word' id='word_1_547' title='bbox 1285 2446 1489 2495; x_wconf 90' lang='lat' dir='ltr'>praeteriri,</span> 
     </span>
     <span class='ocr_line' id='line_1_77' title="bbox 432 2499 1488 2547; baseline 0.001 -12"><span class='ocrx_word' id='word_1_548' title='bbox 432 2499 462 2535; x_wconf 91' lang='lat' dir='ltr'>si</span> <span class='ocrx_word' id='word_1_549' title='bbox 500 2511 578 2535; x_wconf 89' lang='lat' dir='ltr'>non</span> <span class='ocrx_word' id='word_1_550' title='bbox 615 2506 786 2535; x_wconf 88' lang='lat' dir='ltr'>servetur</span> <span class='ocrx_word' id='word_1_551' title='bbox 821 2506 907 2547; x_wconf 93' lang='lat' dir='ltr'>post</span> <span class='ocrx_word' id='word_1_552' title='bbox 941 2507 1096 2545; x_wconf 91' lang='lat' dir='ltr'>votum,</span> <span class='ocrx_word' id='word_1_553' title='bbox 1126 2499 1383 2547; x_wconf 89' lang='lat' dir='ltr'>periculosum</span> <span class='ocrx_word' id='word_1_554' title='bbox 1422 2507 1488 2536; x_wconf 88' lang='lat' dir='ltr'>est.</span> 
     </span>
     <span class='ocr_line' id='line_1_78' title="bbox 432 2551 1491 2600; baseline 0 -11"><span class='ocrx_word' id='word_1_555' title='bbox 432 2552 541 2589; x_wconf 91' lang='lat' dir='ltr'>Unde</span> <span class='ocrx_word' id='word_1_556' title='bbox 570 2551 802 2599; x_wconf 88' lang='lat' dir='ltr'>Augustinus</span> <span class='ocrx_word' id='word_1_557' title='bbox 831 2551 929 2598; x_wconf 90' lang='lat' dir='ltr'>dicit,</span> <span class='ocrx_word' id='word_1_558' title='bbox 959 2552 996 2588; x_wconf 91' lang='lat' dir='ltr'>in</span> <span class='ocrx_word' id='word_1_559' title='bbox 1025 2551 1183 2600; x_wconf 87' lang='lat' dir='ltr'>epistola</span> <span class='ocrx_word' id='word_1_560' title='bbox 1215 2553 1266 2588; x_wconf 90' lang='lat' dir='ltr'>ad</span> <span class='ocrx_word' id='word_1_561' title='bbox 1291 2553 1491 2589; x_wconf 86' lang='lat' dir='ltr'>Armenta-</span> 
     </span>
     <span class='ocr_line' id='line_1_79' title="bbox 432 2604 1489 2651; baseline 0.002 -11"><span class='ocrx_word' id='word_1_562' title='bbox 432 2605 530 2641; x_wconf 89' lang='lat' dir='ltr'>rium</span> <span class='ocrx_word' id='word_1_563' title='bbox 555 2610 591 2640; x_wconf 90' lang='lat' dir='ltr'>et</span> <span class='ocrx_word' id='word_1_564' title='bbox 607 2605 805 2642; x_wconf 87' lang='lat' dir='ltr'>Paulinam</span> <span class='ocrx_word' id='word_1_565' title='bbox 825 2604 860 2641; x_wconf 76' lang='grc' dir='ltr'>*ε</span> <span class='ocrx_word' id='word_1_566' title='bbox 894 2605 990 2646; x_wconf 87' lang='lat' dir='ltr'>Quia</span> <span class='ocrx_word' id='word_1_567' title='bbox 1018 2605 1094 2641; x_wconf 90' lang='lat' dir='ltr'>iam</span> <span class='ocrx_word' id='word_1_568' title='bbox 1113 2605 1255 2651; x_wconf 80' lang='lat' dir='ltr'>vovisti,</span> <span class='ocrx_word' id='word_1_569' title='bbox 1277 2605 1352 2642; x_wconf 89' lang='lat' dir='ltr'>iam</span> <span class='ocrx_word' id='word_1_570' title='bbox 1372 2610 1406 2642; x_wconf 91' lang='lat' dir='ltr'>te</span> <span class='ocrx_word' id='word_1_571' title='bbox 1427 2606 1489 2642; x_wconf 84' lang='lat' dir='ltr'>ob-</span> 
     </span>
     <span class='ocr_line' id='line_1_80' title="bbox 431 2657 1489 2705; baseline 0.001 -12"><span class='ocrx_word' id='word_1_572' title='bbox 431 2657 630 2703; x_wconf 79' lang='lat' dir='ltr'>strinxisti,</span> <span class='ocrx_word' id='word_1_573' title='bbox 661 2657 766 2694; x_wconf 88' lang='lat' dir='ltr'>aliud</span> <span class='ocrx_word' id='word_1_574' title='bbox 791 2658 857 2694; x_wconf 88' lang='lat' dir='ltr'>tibi</span> <span class='ocrx_word' id='word_1_575' title='bbox 877 2658 1017 2705; x_wconf 87' lang='lat' dir='ltr'>facere</span> <span class='ocrx_word' id='word_1_576' title='bbox 1045 2669 1118 2694; x_wconf 92' lang='lat' dir='ltr'>non</span> <span class='ocrx_word' id='word_1_577' title='bbox 1148 2658 1240 2694; x_wconf 90' lang='lat' dir='ltr'>licet.</span> <span class='ocrx_word' id='word_1_578' title='bbox 1283 2658 1373 2695; x_wconf 86' lang='lat' dir='ltr'>Non</span> <span class='ocrx_word' id='word_1_579' title='bbox 1407 2659 1489 2695; x_wconf 87' lang='lat' dir='ltr'>talis</span> 
     </span>
     <span class='ocr_line' id='line_1_81' title="bbox 432 2710 1490 2759; baseline 0.002 -13"><span class='ocrx_word' id='word_1_580' title='bbox 432 2711 504 2746; x_wconf 88' lang='lat' dir='ltr'>eris</span> <span class='ocrx_word' id='word_1_581' title='bbox 529 2710 562 2746; x_wconf 87' lang='lat' dir='ltr'>si</span> <span class='ocrx_word' id='word_1_582' title='bbox 588 2722 662 2747; x_wconf 91' lang='lat' dir='ltr'>non</span> <span class='ocrx_word' id='word_1_583' title='bbox 679 2711 822 2759; x_wconf 88' lang='lat' dir='ltr'>feceris</span> <span class='ocrx_word' id='word_1_584' title='bbox 850 2710 951 2758; x_wconf 84' lang='lat' dir='ltr'>quod</span> <span class='ocrx_word' id='word_1_585' title='bbox 975 2711 1118 2757; x_wconf 77' lang='lat' dir='ltr'>vovisti,</span> <span class='ocrx_word' id='word_1_586' title='bbox 1145 2710 1264 2759; x_wconf 88' lang='lat' dir='ltr'>qualis</span> <span class='ocrx_word' id='word_1_587' title='bbox 1292 2712 1490 2748; x_wconf 84' lang='lat' dir='ltr'>mansisses</span> 
     </span>
     <span class='ocr_line' id='line_1_82' title="bbox 430 2763 1488 2810; baseline 0.002 -11"><span class='ocrx_word' id='word_1_588' title='bbox 430 2764 464 2800; x_wconf 90' lang='lat' dir='ltr'>si</span> <span class='ocrx_word' id='word_1_589' title='bbox 480 2763 572 2800; x_wconf 87' lang='lat' dir='ltr'>nihil</span> <span class='ocrx_word' id='word_1_590' title='bbox 597 2764 669 2800; x_wconf 88' lang='lat' dir='ltr'>tale</span> <span class='ocrx_word' id='word_1_591' title='bbox 687 2764 859 2800; x_wconf 79' lang='lat' dir='ltr'>vovisses.</span> <span class='ocrx_word' id='word_1_592' title='bbox 888 2763 1024 2800; x_wconf 75' lang='lat' dir='ltr'>.Minor</span> <span class='ocrx_word' id='word_1_593' title='bbox 1041 2763 1140 2800; x_wconf 92' lang='lat' dir='ltr'>enim</span> <span class='ocrx_word' id='word_1_594' title='bbox 1169 2769 1256 2800; x_wconf 90' lang='lat' dir='ltr'>tunc</span> <span class='ocrx_word' id='word_1_595' title='bbox 1282 2775 1389 2810; x_wconf 89' lang='lat' dir='ltr'>esses,</span> <span class='ocrx_word' id='word_1_596' title='bbox 1413 2776 1488 2801; x_wconf 91' lang='lat' dir='ltr'>non</span> 
     </span>
     <span class='ocr_line' id='line_1_83' title="bbox 426 2816 1490 2864; baseline 0.002 -12"><span class='ocrx_word' id='word_1_597' title='bbox 426 2816 545 2864; x_wconf 86' lang='lat' dir='ltr'>peior.</span> <span class='ocrx_word' id='word_1_598' title='bbox 588 2816 709 2853; x_wconf 90' lang='lat' dir='ltr'>Modo</span> <span class='ocrx_word' id='word_1_599' title='bbox 737 2822 878 2861; x_wconf 87' lang='lat' dir='ltr'>autem,</span> <span class='ocrx_word' id='word_1_600' title='bbox 908 2821 1027 2862; x_wconf 90' lang='lat' dir='ltr'>tanto,</span> <span class='ocrx_word' id='word_1_601' title='bbox 1056 2817 1157 2864; x_wconf 88' lang='lat' dir='ltr'>quod</span> <span class='ocrx_word' id='word_1_602' title='bbox 1183 2817 1288 2862; x_wconf 85' lang='lat' dir='ltr'>absit,</span> <span class='ocrx_word' id='word_1_603' title='bbox 1317 2817 1490 2854; x_wconf 87' lang='lat' dir='ltr'>miserior</span> 
     </span>
     <span class='ocr_line' id='line_1_84' title="bbox 430 2869 1488 2919; baseline 0.001 -13"><span class='ocrx_word' id='word_1_604' title='bbox 430 2870 463 2906; x_wconf 88' lang='lat' dir='ltr'>si</span> <span class='ocrx_word' id='word_1_605' title='bbox 478 2869 601 2917; x_wconf 89' lang='lat' dir='ltr'>fidem</span> <span class='ocrx_word' id='word_1_606' title='bbox 628 2871 710 2906; x_wconf 89' lang='lat' dir='ltr'>Deo</span> <span class='ocrx_word' id='word_1_607' title='bbox 734 2869 926 2919; x_wconf 86' lang='lat' dir='ltr'>fregeris,</span> <span class='ocrx_word' id='word_1_608' title='bbox 955 2875 1094 2917; x_wconf 87' lang='lat' dir='ltr'>quanto</span> <span class='ocrx_word' id='word_1_609' title='bbox 1123 2870 1266 2906; x_wconf 83' lang='lat' dir='ltr'>beatior</span> <span class='ocrx_word' id='word_1_610' title='bbox 1292 2870 1325 2906; x_wconf 87' lang='lat' dir='ltr'>si</span> <span class='ocrx_word' id='word_1_611' title='bbox 1344 2871 1488 2918; x_wconf 85' lang='lat' dir='ltr'>persol-</span> 
     </span>
     <span class='ocr_line' id='line_1_85' title="bbox 431 2922 1310 2970; baseline 0.001 -12"><span class='ocrx_word' id='word_1_612' title='bbox 431 2922 539 2959; x_wconf 89' lang='lat' dir='ltr'>veris.</span> <span class='ocrx_word' id='word_1_613' title='bbox 569 2923 671 2970; x_wconf 89' lang='lat' dir='ltr'>Ergo</span> <span class='ocrx_word' id='word_1_614' title='bbox 701 2934 778 2959; x_wconf 91' lang='lat' dir='ltr'>non</span> <span class='ocrx_word' id='word_1_615' title='bbox 807 2922 956 2970; x_wconf 91' lang='lat' dir='ltr'>expedit</span> <span class='ocrx_word' id='word_1_616' title='bbox 984 2922 1125 2970; x_wconf 87' lang='lat' dir='ltr'>aliquid</span> <span class='ocrx_word' id='word_1_617' title='bbox 1152 2934 1310 2959; x_wconf 89' lang='lat' dir='ltr'>vovere.</span> 
     </span>
    </p>

    <p class='ocr_par' dir='ltr' id='par_1_23' title="bbox 431 2975 1489 3222">
     <span class='ocr_line' id='line_1_86' title="bbox 487 2975 1485 3023; baseline 0.002 -12"><span class='ocrx_word' id='word_1_618' title='bbox 487 2976 521 3011; x_wconf 89' lang='lat'>3.</span> <span class='ocrx_word' id='word_1_619' title='bbox 544 2975 777 3022; x_wconf 77' lang='lat' dir='ltr'>PRAETEREA,</span> <span class='ocrx_word' id='word_1_620' title='bbox 806 2975 1012 3023; x_wconf 92' lang='lat' dir='ltr'>Apostolus</span> <span class='ocrx_word' id='word_1_621' title='bbox 1041 2975 1139 3022; x_wconf 93' lang='lat' dir='ltr'>dicit,</span> <span class='ocrx_word' id='word_1_622' title='bbox 1170 2977 1183 3012; x_wconf 95' lang='lat' dir='ltr'>I</span> <span class='ocrx_word' id='word_1_623' title='bbox 1212 2976 1264 3012; x_wconf 88' lang='lat' dir='ltr'>ad</span> <span class='ocrx_word' id='word_1_624' title='bbox 1285 2976 1371 3012; x_wconf 89' lang='lat' dir='ltr'>Cor.</span> <span class='ocrx_word' id='word_1_625' title='bbox 1393 2988 1428 3013; x_wconf 90' lang='lat' dir='ltr'>1v</span> <span class='ocrx_word' id='word_1_626' title='bbox 1446 2976 1485 3013; x_wconf 74' lang='grc' dir='ltr'>*ε</span> 
     </span>
     <span class='ocr_line' id='line_1_87' title="bbox 431 3026 1487 3078; baseline 0.003 -15"><span class='ocrx_word' id='word_1_627' title='bbox 431 3026 643 3064; x_wconf 87' lang='lat' dir='ltr'>Imitatores</span> <span class='ocrx_word' id='word_1_628' title='bbox 657 3028 731 3064; x_wconf 91' lang='lat' dir='ltr'>mei</span> <span class='ocrx_word' id='word_1_629' title='bbox 749 3033 871 3073; x_wconf 88' lang='lat' dir='ltr'>estote,</span> <span class='ocrx_word' id='word_1_630' title='bbox 891 3028 985 3064; x_wconf 88' lang='lat' dir='ltr'>sicut</span> <span class='ocrx_word' id='word_1_631' title='bbox 998 3034 1033 3064; x_wconf 91' lang='lat' dir='ltr'>et</span> <span class='ocrx_word' id='word_1_632' title='bbox 1045 3040 1116 3078; x_wconf 83' lang='lat' dir='ltr'>ego</span> <span class='ocrx_word' id='word_1_633' title='bbox 1137 3028 1282 3066; x_wconf 84' lang='lat' dir='ltr'>Christi.</span> <span class='ocrx_word' id='word_1_634' title='bbox 1314 3028 1391 3066; x_wconf 92' lang='lat' dir='ltr'>Sed</span> <span class='ocrx_word' id='word_1_635' title='bbox 1409 3041 1487 3066; x_wconf 91' lang='lat' dir='ltr'>non</span> 
     </span>
     <span class='ocr_line' id='line_1_88' title="bbox 432 3079 1489 3131; baseline 0.002 -15"><span class='ocrx_word' id='word_1_636' title='bbox 432 3079 564 3127; x_wconf 89' lang='lat' dir='ltr'>legitur</span> <span class='ocrx_word' id='word_1_637' title='bbox 582 3092 707 3128; x_wconf 90' lang='lat' dir='ltr'>neque</span> <span class='ocrx_word' id='word_1_638' title='bbox 728 3080 919 3117; x_wconf 88' lang='lat' dir='ltr'>Christum</span> <span class='ocrx_word' id='word_1_639' title='bbox 948 3080 1088 3128; x_wconf 90' lang='lat' dir='ltr'>aliquid</span> <span class='ocrx_word' id='word_1_640' title='bbox 1107 3081 1273 3128; x_wconf 88' lang='lat' dir='ltr'>vovisse,</span> <span class='ocrx_word' id='word_1_641' title='bbox 1295 3094 1365 3118; x_wconf 89' lang='lat' dir='ltr'>nec</span> <span class='ocrx_word' id='word_1_642' title='bbox 1384 3083 1489 3131; x_wconf 92' lang='lat' dir='ltr'>Apo-</span> 
     </span>
     <span class='ocr_line' id='line_1_89' title="bbox 432 3132 1488 3183; baseline 0.003 -15"><span class='ocrx_word' id='word_1_643' title='bbox 432 3133 559 3169; x_wconf 91' lang='lat' dir='ltr'>stolos.</span> <span class='ocrx_word' id='word_1_644' title='bbox 599 3133 700 3180; x_wconf 91' lang='lat' dir='ltr'>Ergo</span> <span class='ocrx_word' id='word_1_645' title='bbox 727 3132 877 3169; x_wconf 90' lang='lat' dir='ltr'>videtur</span> <span class='ocrx_word' id='word_1_646' title='bbox 904 3133 1008 3182; x_wconf 91' lang='lat' dir='ltr'>quod</span> <span class='ocrx_word' id='word_1_647' title='bbox 1037 3145 1116 3170; x_wconf 90' lang='lat' dir='ltr'>non</span> <span class='ocrx_word' id='word_1_648' title='bbox 1144 3134 1319 3182; x_wconf 89' lang='lat' dir='ltr'>expediat</span> <span class='ocrx_word' id='word_1_649' title='bbox 1347 3134 1488 3183; x_wconf 89' lang='lat' dir='ltr'>aliquid</span> 
     </span>
     <span class='ocr_line' id='line_1_90' title="bbox 431 3197 586 3222; baseline 0 0"><span class='ocrx_word' id='word_1_650' title='bbox 431 3197 586 3222; x_wconf 90' lang='lat' dir='ltr'>vovere.</span> 
     </span>
    </p>

    <p class='ocr_par' dir='ltr' id='par_1_24' title="bbox 432 3237 1490 3328">
     <span class='ocr_line' id='line_1_91' title="bbox 486 3237 1490 3287; baseline 0.002 -13"><span class='ocrx_word' id='word_1_651' title='bbox 486 3239 559 3275; x_wconf 86' lang='lat' dir='ltr'>SED</span> <span class='ocrx_word' id='word_1_652' title='bbox 580 3249 725 3275; x_wconf 79' lang='lat' dir='ltr'>CONTRA</span> <span class='ocrx_word' id='word_1_653' title='bbox 748 3249 813 3274; x_wconf 83' lang='lat' dir='ltr'>1-:sT</span> <span class='ocrx_word' id='word_1_654' title='bbox 832 3238 936 3287; x_wconf 92' lang='lat' dir='ltr'>quod</span> <span class='ocrx_word' id='word_1_655' title='bbox 961 3237 1094 3275; x_wconf 89' lang='lat' dir='ltr'>dicitur</span> <span class='ocrx_word' id='word_1_656' title='bbox 1122 3238 1159 3274; x_wconf 92' lang='lat' dir='ltr'>in</span> <span class='ocrx_word' id='word_1_657' title='bbox 1188 3239 1325 3275; x_wconf 85' lang='lat' dir='ltr'>Psalm.</span> <span class='ocrx_word' id='word_1_658' title='bbox 1341 3238 1383 3275; x_wconf 74' lang='grc' dir='ltr'>*τ</span> <span class='ocrx_word' id='word_1_659' title='bbox 1419 3240 1490 3276; x_wconf 88' lang='lat' dir='ltr'>Vo-</span> 
     </span>
     <span class='ocr_line' id='line_1_92' title="bbox 432 3291 1202 3328; baseline 0 -1"><span class='ocrx_word' id='word_1_660' title='bbox 432 3297 512 3327; x_wconf 88' lang='lat' dir='ltr'>vete</span> <span class='ocrx_word' id='word_1_661' title='bbox 539 3296 575 3327; x_wconf 90' lang='lat' dir='ltr'>et</span> <span class='ocrx_word' id='word_1_662' title='bbox 599 3291 739 3328; x_wconf 90' lang='lat' dir='ltr'>reddite</span> <span class='ocrx_word' id='word_1_663' title='bbox 765 3291 930 3328; x_wconf 88' lang='lat' dir='ltr'>Domino</span> <span class='ocrx_word' id='word_1_664' title='bbox 958 3291 1040 3327; x_wconf 92' lang='lat' dir='ltr'>Deo</span> <span class='ocrx_word' id='word_1_665' title='bbox 1068 3297 1202 3328; x_wconf 90' lang='lat' dir='ltr'>vestro.</span> 
     </span>
    </p>

    <p class='ocr_par' dir='ltr' id='par_1_25' title="bbox 433 3343 1488 3498">
     <span class='ocr_line' id='line_1_93' title="bbox 488 3343 1488 3392; baseline 0.001 -12"><span class='ocrx_word' id='word_1_666' title='bbox 488 3345 710 3381; x_wconf 63' lang='lat' dir='ltr'>Responnao</span> <span class='ocrx_word' id='word_1_667' title='bbox 738 3355 921 3381; x_wconf 78' lang='lat' dir='ltr'>mCENDUM</span> <span class='ocrx_word' id='word_1_668' title='bbox 949 3343 1066 3391; x_wconf 92' lang='lat' dir='ltr'>quod,</span> <span class='ocrx_word' id='word_1_669' title='bbox 1096 3343 1190 3380; x_wconf 92' lang='lat' dir='ltr'>sicut</span> <span class='ocrx_word' id='word_1_670' title='bbox 1218 3343 1361 3381; x_wconf 90' lang='lat' dir='ltr'>dictum</span> <span class='ocrx_word' id='word_1_671' title='bbox 1387 3351 1443 3381; x_wconf 89' lang='lat' dir='ltr'>est</span> <span class='ocrx_word' id='word_1_672' title='bbox 1456 3343 1488 3392; x_wconf 84' lang='lat'>*,</span> 
     </span>
     <span class='ocr_line' id='line_1_94' title="bbox 433 3396 1488 3445; baseline 0 -12"><span class='ocrx_word' id='word_1_673' title='bbox 433 3404 568 3434; x_wconf 91' lang='lat' dir='ltr'>votum</span> <span class='ocrx_word' id='word_1_674' title='bbox 598 3405 653 3433; x_wconf 91' lang='lat' dir='ltr'>est</span> <span class='ocrx_word' id='word_1_675' title='bbox 679 3396 881 3445; x_wconf 90' lang='lat' dir='ltr'>promissio</span> <span class='ocrx_word' id='word_1_676' title='bbox 910 3397 995 3434; x_wconf 93' lang='lat' dir='ltr'>Deo</span> <span class='ocrx_word' id='word_1_677' title='bbox 1025 3396 1132 3434; x_wconf 87' lang='lat' dir='ltr'>facta.</span> <span class='ocrx_word' id='word_1_678' title='bbox 1161 3396 1247 3433; x_wconf 91' lang='lat' dir='ltr'>Alia</span> <span class='ocrx_word' id='word_1_679' title='bbox 1274 3404 1402 3434; x_wconf 90' lang='lat' dir='ltr'>autem</span> <span class='ocrx_word' id='word_1_680' title='bbox 1431 3409 1488 3438; x_wconf 85' lang='lat' dir='ltr'>ra-</span> 
     </span>
     <span class='ocr_line' id='line_1_95' title="bbox 434 3449 1488 3498; baseline 0.001 -13"><span class='ocrx_word' id='word_1_681' title='bbox 434 3449 536 3486; x_wconf 92' lang='lat' dir='ltr'>tione</span> <span class='ocrx_word' id='word_1_682' title='bbox 564 3449 792 3497; x_wconf 90' lang='lat' dir='ltr'>promittitur</span> <span class='ocrx_word' id='word_1_683' title='bbox 820 3449 959 3498; x_wconf 87' lang='lat' dir='ltr'>aliquid</span> <span class='ocrx_word' id='word_1_684' title='bbox 987 3449 1150 3497; x_wconf 90' lang='lat' dir='ltr'>homini,</span> <span class='ocrx_word' id='word_1_685' title='bbox 1180 3457 1217 3486; x_wconf 93' lang='lat' dir='ltr'>et</span> <span class='ocrx_word' id='word_1_686' title='bbox 1244 3449 1315 3486; x_wconf 85' lang='lat' dir='ltr'>alia</span> <span class='ocrx_word' id='word_1_687' title='bbox 1344 3450 1488 3486; x_wconf 87' lang='lat' dir='ltr'>ratione</span> 
     </span>
    </p>
   </div>
   <div class='ocr_carea' id='block_1_20' title="bbox 434 3501 1489 3551">
    <p class='ocr_par' dir='ltr' id='par_1_26' title="bbox 434 3501 1489 3551">
     <span class='ocr_line' id='line_1_96' title="bbox 434 3501 1489 3551; baseline 0.001 -13"><span class='ocrx_word' id='word_1_688' title='bbox 434 3502 530 3538; x_wconf 92' lang='lat' dir='ltr'>Deo.</span> <span class='ocrx_word' id='word_1_689' title='bbox 552 3501 709 3538; x_wconf 89' lang='lat' dir='ltr'>Homini</span> <span class='ocrx_word' id='word_1_690' title='bbox 730 3502 885 3550; x_wconf 88' lang='lat' dir='ltr'>quidem</span> <span class='ocrx_word' id='word_1_691' title='bbox 905 3502 1160 3550; x_wconf 88' lang='lat' dir='ltr'>promittimus</span> <span class='ocrx_word' id='word_1_692' title='bbox 1177 3501 1315 3551; x_wconf 88' lang='lat' dir='ltr'>aliquid</span> <span class='ocrx_word' id='word_1_693' title='bbox 1334 3510 1489 3551; x_wconf 91' lang='lat' dir='ltr'>propter</span> 
     </span>
    </p>
   </div>
   <div class='ocr_carea' id='block_1_21' title="bbox 443 1934 463 1966">
    <p class='ocr_par' dir='ltr' id='par_1_27' title="bbox 443 1934 463 1966">
     <span class='ocr_line' id='line_1_97' title="bbox 443 1934 463 1966; baseline 0 2278"><span class='ocrx_word' id='word_1_694' title='bbox 443 1934 463 1966; x_wconf 95' lang='lat' dir='ltr'> </span> 
     </span>
    </p>
   </div>
   <div class='ocr_carea' id='block_1_22' title="bbox 1516 1914 1519 3132">
    <p class='ocr_par' dir='ltr' id='par_1_28' title="bbox 1516 1914 1519 3132">
     <span class='ocr_line' id='line_1_98' title="bbox 1516 1914 1519 3132; baseline 0 0"><span class='ocrx_word' id='word_1_695' title='bbox 1516 1914 1519 3132; x_wconf 95' lang='lat' dir='ltr'> </span> 
     </span>
    </p>
   </div>
   <div class='ocr_carea' id='block_1_23' title="bbox 1544 1915 2607 2017">
    <p class='ocr_par' dir='ltr' id='par_1_29' title="bbox 1544 1915 2607 2017">
     <span class='ocr_line' id='line_1_99' title="bbox 1544 1915 2607 1966; baseline 0.002 -14"><span class='ocrx_word' id='word_1_696' title='bbox 1544 1915 1625 1952; x_wconf 90' lang='lat' dir='ltr'>eius</span> <span class='ocrx_word' id='word_1_697' title='bbox 1652 1915 1871 1962; x_wconf 89' lang='lat' dir='ltr'>utilitatem,</span> <span class='ocrx_word' id='word_1_698' title='bbox 1907 1916 1966 1952; x_wconf 91' lang='lat' dir='ltr'>cui</span> <span class='ocrx_word' id='word_1_699' title='bbox 1995 1915 2083 1952; x_wconf 91' lang='lat' dir='ltr'>utile</span> <span class='ocrx_word' id='word_1_700' title='bbox 2112 1923 2169 1952; x_wconf 90' lang='lat' dir='ltr'>est</span> <span class='ocrx_word' id='word_1_701' title='bbox 2197 1923 2233 1952; x_wconf 93' lang='lat' dir='ltr'>et</span> <span class='ocrx_word' id='word_1_702' title='bbox 2261 1917 2365 1964; x_wconf 90' lang='lat' dir='ltr'>quod</span> <span class='ocrx_word' id='word_1_703' title='bbox 2403 1916 2438 1952; x_wconf 90' lang='lat' dir='ltr'>ei</span> <span class='ocrx_word' id='word_1_704' title='bbox 2466 1916 2607 1966; x_wconf 83' lang='lat' dir='ltr'>aliquid</span> 
     </span>
     <span class='ocr_line' id='line_1_100' title="bbox 1544 1968 2607 2017; baseline 0.002 -12"><span class='ocrx_word' id='word_1_705' title='bbox 1544 1968 1802 2015; x_wconf 86' lang='lat' dir='ltr'>exhibeamus,</span> <span class='ocrx_word' id='word_1_706' title='bbox 1833 1976 1869 2005; x_wconf 92' lang='lat' dir='ltr'>et</span> <span class='ocrx_word' id='word_1_707' title='bbox 1897 1969 2002 2017; x_wconf 89' lang='lat' dir='ltr'>quod</span> <span class='ocrx_word' id='word_1_708' title='bbox 2027 1980 2116 2006; x_wconf 91' lang='lat' dir='ltr'>eum</span> <span class='ocrx_word' id='word_1_709' title='bbox 2147 1969 2194 2005; x_wconf 88' lang='lat' dir='ltr'>de</span> <span class='ocrx_word' id='word_1_710' title='bbox 2222 1968 2347 2006; x_wconf 84' lang='lat' dir='ltr'>futura</span> <span class='ocrx_word' id='word_1_711' title='bbox 2377 1968 2607 2007; x_wconf 80' lang='lat' dir='ltr'>exhibitione</span> 
     </span>
    </p>
   </div>
   <div class='ocr_carea' id='block_1_24' title="bbox 1528 2021 2605 2071">
    <p class='ocr_par' dir='ltr' id='par_1_30' title="bbox 1528 2021 2605 2071">
     <span class='ocr_line' id='line_1_101' title="bbox 1528 2021 2605 2071; baseline 0.002 -13"><span class='ocrx_word' id='word_1_712' title='bbox 1528 2021 1647 2070; x_wconf 74' lang='lat' dir='ltr'>¹prius</span> <span class='ocrx_word' id='word_1_713' title='bbox 1676 2021 1940 2058; x_wconf 88' lang='lat' dir='ltr'>certificemus.</span> <span class='ocrx_word' id='word_1_714' title='bbox 1972 2022 2049 2059; x_wconf 91' lang='lat' dir='ltr'>Sed</span> <span class='ocrx_word' id='word_1_715' title='bbox 2076 2021 2374 2071; x_wconf 89' lang='lat' dir='ltr'>promissionem</span> <span class='ocrx_word' id='word_1_716' title='bbox 2403 2023 2488 2060; x_wconf 91' lang='lat' dir='ltr'>Deo</span> <span class='ocrx_word' id='word_1_717' title='bbox 2518 2022 2605 2061; x_wconf 79' lang='lat' dir='ltr'>faci-</span> 
     </span>
    </p>
   </div>
   <div class='ocr_carea' id='block_1_25' title="bbox 1531 2074 2609 3552">
    <p class='ocr_par' dir='ltr' id='par_1_31' title="bbox 1531 2074 2609 2760">
     <span class='ocr_line' id='line_1_102' title="bbox 1544 2074 2608 2125; baseline 0.002 -14"><span class='ocrx_word' id='word_1_718' title='bbox 1544 2087 1631 2111; x_wconf 90' lang='lat' dir='ltr'>mus</span> <span class='ocrx_word' id='word_1_719' title='bbox 1668 2087 1746 2112; x_wconf 92' lang='lat' dir='ltr'>non</span> <span class='ocrx_word' id='word_1_720' title='bbox 1783 2082 1939 2123; x_wconf 89' lang='lat' dir='ltr'>propter</span> <span class='ocrx_word' id='word_1_721' title='bbox 1976 2075 2056 2112; x_wconf 90' lang='lat' dir='ltr'>eius</span> <span class='ocrx_word' id='word_1_722' title='bbox 2093 2075 2309 2123; x_wconf 88' lang='lat' dir='ltr'>utilitatem,</span> <span class='ocrx_word' id='word_1_723' title='bbox 2347 2074 2416 2112; x_wconf 91' lang='lat' dir='ltr'>sed</span> <span class='ocrx_word' id='word_1_724' title='bbox 2452 2083 2608 2125; x_wconf 85' lang='lat' dir='ltr'>propter</span> 
     </span>
     <span class='ocr_line' id='line_1_103' title="bbox 1544 2127 2609 2177; baseline 0.002 -13"><span class='ocrx_word' id='word_1_725' title='bbox 1544 2135 1726 2165; x_wconf 91' lang='lat' dir='ltr'>nostram.</span> <span class='ocrx_word' id='word_1_726' title='bbox 1770 2128 1881 2165; x_wconf 91' lang='lat' dir='ltr'>Unde</span> <span class='ocrx_word' id='word_1_727' title='bbox 1910 2127 2143 2176; x_wconf 88' lang='lat' dir='ltr'>Augustinus</span> <span class='ocrx_word' id='word_1_728' title='bbox 2177 2127 2279 2175; x_wconf 93' lang='lat' dir='ltr'>dicit,</span> <span class='ocrx_word' id='word_1_729' title='bbox 2309 2127 2348 2165; x_wconf 87' lang='lat' dir='ltr'>in</span> <span class='ocrx_word' id='word_1_730' title='bbox 2374 2128 2568 2177; x_wconf 86' lang='lat' dir='ltr'>praedicta</span> <span class='ocrx_word' id='word_1_731' title='bbox 2587 2128 2609 2151; x_wconf 68' lang='lat'>⁸³</span> 
     </span>
     <span class='ocr_line' id='line_1_104' title="bbox 1545 2180 2609 2232; baseline 0.002 -15"><span class='ocrx_word' id='word_1_732' title='bbox 1545 2180 1723 2230; x_wconf 88' lang='lat' dir='ltr'>epistola:</span> <span class='ocrx_word' id='word_1_733' title='bbox 1759 2181 1956 2231; x_wconf 80' lang='lat' dir='ltr'>Benignus</span> <span class='ocrx_word' id='word_1_734' title='bbox 1983 2186 2140 2218; x_wconf 87' lang='lat' dir='ltr'>exactor</span> <span class='ocrx_word' id='word_1_735' title='bbox 2170 2187 2243 2227; x_wconf 88' lang='lat' dir='ltr'>est,</span> <span class='ocrx_word' id='word_1_736' title='bbox 2273 2193 2347 2218; x_wconf 86' lang='lat' dir='ltr'>non</span> <span class='ocrx_word' id='word_1_737' title='bbox 2385 2193 2546 2232; x_wconf 82' lang='lat' dir='ltr'>egenus:</span> <span class='ocrx_word' id='word_1_738' title='bbox 2572 2187 2609 2219; x_wconf 85' lang='lat' dir='ltr'>et</span> 
     </span>
     <span class='ocr_line' id='line_1_105' title="bbox 1544 2234 2609 2282; baseline 0.003 -12"><span class='ocrx_word' id='word_1_739' title='bbox 1544 2235 1610 2282; x_wconf 86' lang='lat' dir='ltr'>qui</span> <span class='ocrx_word' id='word_1_740' title='bbox 1645 2246 1720 2271; x_wconf 89' lang='lat' dir='ltr'>non</span> <span class='ocrx_word' id='word_1_741' title='bbox 1757 2240 1902 2271; x_wconf 80' lang='lat' dir='ltr'>crescat</span> <span class='ocrx_word' id='word_1_742' title='bbox 1926 2246 1976 2271; x_wconf 92' lang='lat' dir='ltr'>ex</span> <span class='ocrx_word' id='word_1_743' title='bbox 2008 2234 2178 2280; x_wconf 86' lang='lat' dir='ltr'>redditis,</span> <span class='ocrx_word' id='word_1_744' title='bbox 2206 2234 2273 2271; x_wconf 86' lang='lat' dir='ltr'>sed</span> <span class='ocrx_word' id='word_1_745' title='bbox 2307 2234 2345 2272; x_wconf 88' lang='lat' dir='ltr'>in</span> <span class='ocrx_word' id='word_1_746' title='bbox 2373 2245 2414 2271; x_wconf 92' lang='lat' dir='ltr'>se</span> <span class='ocrx_word' id='word_1_747' title='bbox 2440 2246 2609 2273; x_wconf 88' lang='lat' dir='ltr'>crescere</span> 
     </span>
     <span class='ocr_line' id='line_1_106' title="bbox 1531 2286 2606 2336; baseline 0.002 -12"><span class='ocrx_word' id='word_1_748' title='bbox 1531 2287 1662 2335; x_wconf 86' lang='lat' dir='ltr'>faciat</span> <span class='ocrx_word' id='word_1_749' title='bbox 1691 2286 1907 2324; x_wconf 86' lang='lat' dir='ltr'>redditores.</span> <span class='ocrx_word' id='word_1_750' title='bbox 1951 2288 2000 2324; x_wconf 92' lang='lat' dir='ltr'>Et</span> <span class='ocrx_word' id='word_1_751' title='bbox 2028 2287 2122 2325; x_wconf 91' lang='lat' dir='ltr'>sicut</span> <span class='ocrx_word' id='word_1_752' title='bbox 2149 2287 2188 2324; x_wconf 92' lang='lat' dir='ltr'>id</span> <span class='ocrx_word' id='word_1_753' title='bbox 2216 2287 2323 2336; x_wconf 92' lang='lat' dir='ltr'>quod</span> <span class='ocrx_word' id='word_1_754' title='bbox 2351 2286 2488 2325; x_wconf 89' lang='lat' dir='ltr'>damus</span> <span class='ocrx_word' id='word_1_755' title='bbox 2519 2289 2606 2326; x_wconf 91' lang='lat' dir='ltr'>Deo</span> 
     </span>
     <span class='ocr_line' id='line_1_107' title="bbox 1545 2340 2608 2389; baseline 0.001 -12"><span class='ocrx_word' id='word_1_756' title='bbox 1545 2353 1623 2377; x_wconf 91' lang='lat' dir='ltr'>non</span> <span class='ocrx_word' id='word_1_757' title='bbox 1652 2348 1707 2376; x_wconf 87' lang='lat' dir='ltr'>est</span> <span class='ocrx_word' id='word_1_758' title='bbox 1726 2340 1760 2377; x_wconf 91' lang='lat' dir='ltr'>ei</span> <span class='ocrx_word' id='word_1_759' title='bbox 1778 2340 1879 2387; x_wconf 90' lang='lat' dir='ltr'>utile,</span> <span class='ocrx_word' id='word_1_760' title='bbox 1910 2340 1978 2378; x_wconf 92' lang='lat' dir='ltr'>sed</span> <span class='ocrx_word' id='word_1_761' title='bbox 2006 2341 2128 2387; x_wconf 91' lang='lat' dir='ltr'>nobis,</span> <span class='ocrx_word' id='word_1_762' title='bbox 2153 2340 2241 2389; x_wconf 90' lang='lat' dir='ltr'>quia</span> <span class='ocrx_word' id='word_1_763' title='bbox 2268 2340 2370 2389; x_wconf 84' lang='lat' dir='ltr'>quod</span> <span class='ocrx_word' id='word_1_764' title='bbox 2386 2341 2423 2377; x_wconf 87' lang='lat' dir='ltr'>ei</span> <span class='ocrx_word' id='word_1_765' title='bbox 2440 2340 2608 2379; x_wconf 84' lang='lat' dir='ltr'>redditur</span> 
     </span>
     <span class='ocr_line' id='line_1_108' title="bbox 1545 2393 2608 2441; baseline 0.002 -11"><span class='ocrx_word' id='word_1_766' title='bbox 1545 2394 1713 2430; x_wconf 88' lang='lat' dir='ltr'>reddenti</span> <span class='ocrx_word' id='word_1_767' title='bbox 1738 2394 1898 2439; x_wconf 89' lang='lat' dir='ltr'>additur,</span> <span class='ocrx_word' id='word_1_768' title='bbox 1927 2401 1974 2429; x_wconf 83' lang='grc'><strong>111.</strong></span> <span class='ocrx_word' id='word_1_769' title='bbox 1996 2393 2230 2441; x_wconf 88' lang='lat' dir='ltr'>Augustinus</span> <span class='ocrx_word' id='word_1_770' title='bbox 2258 2393 2399 2430; x_wconf 92' lang='lat' dir='ltr'>ibidem</span> <span class='ocrx_word' id='word_1_771' title='bbox 2425 2394 2528 2440; x_wconf 80' lang='lat' dir='ltr'>dicit3</span> <span class='ocrx_word' id='word_1_772' title='bbox 2556 2393 2608 2432; x_wconf 81' lang='lat' dir='ltr'>ita</span> 
     </span>
     <span class='ocr_line' id='line_1_109' title="bbox 1545 2446 2606 2495; baseline 0.002 -13"><span class='ocrx_word' id='word_1_773' title='bbox 1545 2446 1658 2482; x_wconf 90' lang='lat' dir='ltr'>etiam</span> <span class='ocrx_word' id='word_1_774' title='bbox 1687 2446 1890 2494; x_wconf 89' lang='lat' dir='ltr'>promissio</span> <span class='ocrx_word' id='word_1_775' title='bbox 1911 2458 1988 2494; x_wconf 90' lang='lat' dir='ltr'>qua</span> <span class='ocrx_word' id='word_1_776' title='bbox 2017 2447 2102 2483; x_wconf 92' lang='lat' dir='ltr'>Deo</span> <span class='ocrx_word' id='word_1_777' title='bbox 2131 2446 2273 2495; x_wconf 91' lang='lat' dir='ltr'>aliquid</span> <span class='ocrx_word' id='word_1_778' title='bbox 2300 2458 2505 2494; x_wconf 87' lang='lat' dir='ltr'>vovemus,</span> <span class='ocrx_word' id='word_1_779' title='bbox 2526 2458 2606 2484; x_wconf 89' lang='lat' dir='ltr'>non</span> 
     </span>
     <span class='ocr_line' id='line_1_110' title="bbox 1546 2498 2604 2548; baseline 0.002 -13"><span class='ocrx_word' id='word_1_780' title='bbox 1546 2498 1644 2536; x_wconf 92' lang='lat' dir='ltr'>cedit</span> <span class='ocrx_word' id='word_1_781' title='bbox 1678 2499 1715 2535; x_wconf 91' lang='lat' dir='ltr'>in</span> <span class='ocrx_word' id='word_1_782' title='bbox 1745 2499 1824 2536; x_wconf 92' lang='lat' dir='ltr'>eius</span> <span class='ocrx_word' id='word_1_783' title='bbox 1856 2499 2076 2546; x_wconf 87' lang='lat' dir='ltr'>utilitatem,</span> <span class='ocrx_word' id='word_1_784' title='bbox 2106 2499 2169 2548; x_wconf 90' lang='lat' dir='ltr'>qui</span> <span class='ocrx_word' id='word_1_785' title='bbox 2207 2511 2229 2536; x_wconf 90' lang='lat' dir='ltr'>a</span> <span class='ocrx_word' id='word_1_786' title='bbox 2258 2498 2368 2536; x_wconf 91' lang='lat' dir='ltr'>nobis</span> <span class='ocrx_word' id='word_1_787' title='bbox 2407 2499 2604 2537; x_wconf 83' lang='lat' dir='ltr'>certificari</span> 
     </span>
     <span class='ocr_line' id='line_1_111' title="bbox 1545 2551 2606 2602; baseline 0.003 -14"><span class='ocrx_word' id='word_1_788' title='bbox 1545 2564 1623 2588; x_wconf 91' lang='lat' dir='ltr'>non</span> <span class='ocrx_word' id='word_1_789' title='bbox 1651 2551 1811 2599; x_wconf 90' lang='lat' dir='ltr'>indiget;</span> <span class='ocrx_word' id='word_1_790' title='bbox 1840 2551 1908 2589; x_wconf 91' lang='lat' dir='ltr'>secl</span> <span class='ocrx_word' id='word_1_791' title='bbox 1937 2551 1986 2589; x_wconf 88' lang='lat' dir='ltr'>ad</span> <span class='ocrx_word' id='word_1_792' title='bbox 2013 2552 2210 2589; x_wconf 91' lang='lat' dir='ltr'>utilitatem</span> <span class='ocrx_word' id='word_1_793' title='bbox 2238 2559 2420 2599; x_wconf 89' lang='lat' dir='ltr'>nostram,</span> <span class='ocrx_word' id='word_1_794' title='bbox 2447 2552 2606 2602; x_wconf 89' lang='lat' dir='ltr'>inquan-</span> 
     </span>
     <span class='ocr_line' id='line_1_112' title="bbox 1544 2605 2605 2644; baseline 0.002 -3"><span class='ocrx_word' id='word_1_795' title='bbox 1544 2613 1625 2641; x_wconf 91' lang='lat' dir='ltr'>tum</span> <span class='ocrx_word' id='word_1_796' title='bbox 1660 2606 1844 2642; x_wconf 91' lang='lat' dir='ltr'>vovendo</span> <span class='ocrx_word' id='word_1_797' title='bbox 1876 2605 2113 2642; x_wconf 87' lang='lat' dir='ltr'>voluntatem</span> <span class='ocrx_word' id='word_1_798' title='bbox 2152 2612 2321 2642; x_wconf 87' lang='lat' dir='ltr'>nostram</span> <span class='ocrx_word' id='word_1_799' title='bbox 2360 2605 2605 2644; x_wconf 87' lang='lat' dir='ltr'>immobiliter</span> 
     </span>
     <span class='ocr_line' id='line_1_113' title="bbox 1543 2657 2606 2707; baseline 0.002 -13"><span class='ocrx_word' id='word_1_800' title='bbox 1543 2658 1743 2694; x_wconf 91' lang='lat' dir='ltr'>firmamus</span> <span class='ocrx_word' id='word_1_801' title='bbox 1772 2658 1820 2694; x_wconf 89' lang='lat' dir='ltr'>ad</span> <span class='ocrx_word' id='word_1_802' title='bbox 1840 2657 1877 2695; x_wconf 92' lang='lat' dir='ltr'>id</span> <span class='ocrx_word' id='word_1_803' title='bbox 1897 2658 2003 2706; x_wconf 92' lang='lat' dir='ltr'>quod</span> <span class='ocrx_word' id='word_1_804' title='bbox 2023 2658 2175 2707; x_wconf 89' lang='lat' dir='ltr'>expedit</span> <span class='ocrx_word' id='word_1_805' title='bbox 2201 2658 2336 2694; x_wconf 87' lang='lat' dir='ltr'>facere.</span> <span class='ocrx_word' id='word_1_806' title='bbox 2368 2659 2416 2694; x_wconf 93' lang='lat' dir='ltr'>Et</span> <span class='ocrx_word' id='word_1_807' title='bbox 2435 2658 2524 2695; x_wconf 90' lang='lat' dir='ltr'>ideo</span> <span class='ocrx_word' id='word_1_808' title='bbox 2544 2670 2606 2697; x_wconf 85' lang='lat' dir='ltr'>ex·</span> 
     </span>
     <span class='ocr_line' id='line_1_114' title="bbox 1543 2710 1968 2760; baseline 0 -13"><span class='ocrx_word' id='word_1_809' title='bbox 1543 2710 1702 2760; x_wconf 91' lang='lat' dir='ltr'>pediens</span> <span class='ocrx_word' id='word_1_810' title='bbox 1731 2718 1786 2747; x_wconf 90' lang='lat' dir='ltr'>est</span> <span class='ocrx_word' id='word_1_811' title='bbox 1812 2722 1968 2748; x_wconf 90' lang='lat' dir='ltr'>vovere.</span> 
     </span>
    </p>

    <p class='ocr_par' dir='ltr' id='par_1_32' title="bbox 1542 2763 2605 3183">
     <span class='ocr_line' id='line_1_115' title="bbox 1597 2763 2604 2813; baseline 0.002 -13"><span class='ocrx_word' id='word_1_812' title='bbox 1597 2766 1655 2800; x_wconf 80' lang='lat' dir='ltr'>An</span> <span class='ocrx_word' id='word_1_813' title='bbox 1676 2775 1812 2801; x_wconf 72' lang='lat' dir='ltr'>ptumum</span> <span class='ocrx_word' id='word_1_814' title='bbox 1830 2775 1929 2800; x_wconf 84' lang='lat' dir='ltr'>ERGO</span> <span class='ocrx_word' id='word_1_815' title='bbox 1947 2775 2132 2801; x_wconf 75' lang='grc' dir='ltr'><strong>111οΕΝοοΜ</strong></span> <span class='ocrx_word' id='word_1_816' title='bbox 2151 2763 2257 2812; x_wconf 89' lang='lat' dir='ltr'>quod</span> <span class='ocrx_word' id='word_1_817' title='bbox 2281 2763 2376 2800; x_wconf 90' lang='lat' dir='ltr'>sicut</span> <span class='ocrx_word' id='word_1_818' title='bbox 2393 2775 2472 2801; x_wconf 91' lang='lat' dir='ltr'>non</span> <span class='ocrx_word' id='word_1_819' title='bbox 2489 2775 2604 2813; x_wconf 83' lang='lat' dir='ltr'>posse</span> 
     </span>
     <span class='ocr_line' id='line_1_116' title="bbox 1542 2815 2605 2865; baseline 0.002 -12"><span class='ocrx_word' id='word_1_820' title='bbox 1542 2829 1701 2865; x_wconf 91' lang='lat' dir='ltr'>peccare</span> <span class='ocrx_word' id='word_1_821' title='bbox 1740 2829 1818 2854; x_wconf 91' lang='lat' dir='ltr'>non</span> <span class='ocrx_word' id='word_1_822' title='bbox 1847 2816 2021 2854; x_wconf 88' lang='lat' dir='ltr'>diminuit</span> <span class='ocrx_word' id='word_1_823' title='bbox 2047 2816 2280 2864; x_wconf 89' lang='lat' dir='ltr'>libertatem,</span> <span class='ocrx_word' id='word_1_824' title='bbox 2309 2815 2360 2854; x_wconf 83' lang='lat' dir='ltr'>ita</span> <span class='ocrx_word' id='word_1_825' title='bbox 2394 2816 2507 2854; x_wconf 84' lang='lat' dir='ltr'>etiam</span> <span class='ocrx_word' id='word_1_826' title='bbox 2538 2829 2605 2855; x_wconf 88' lang='lat' dir='ltr'>ne-</span> 
     </span>
     <span class='ocr_line' id='line_1_117' title="bbox 1544 2869 2604 2908; baseline 0.002 -2"><span class='ocrx_word' id='word_1_827' title='bbox 1544 2869 1696 2907; x_wconf 91' lang='lat' dir='ltr'>cessitas</span> <span class='ocrx_word' id='word_1_828' title='bbox 1733 2870 1906 2906; x_wconf 89' lang='lat' dir='ltr'>firmatae</span> <span class='ocrx_word' id='word_1_829' title='bbox 1934 2869 2139 2906; x_wconf 88' lang='lat' dir='ltr'>voluntatis</span> <span class='ocrx_word' id='word_1_830' title='bbox 2176 2869 2215 2907; x_wconf 94' lang='lat' dir='ltr'>in</span> <span class='ocrx_word' id='word_1_831' title='bbox 2250 2869 2397 2907; x_wconf 90' lang='lat' dir='ltr'>bonum</span> <span class='ocrx_word' id='word_1_832' title='bbox 2435 2882 2515 2907; x_wconf 90' lang='lat' dir='ltr'>non</span> <span class='ocrx_word' id='word_1_833' title='bbox 2549 2869 2604 2908; x_wconf 86' lang='lat' dir='ltr'>di-</span> 
     </span>
     <span class='ocr_line' id='line_1_118' title="bbox 1543 2922 2602 2972; baseline 0.001 -13"><span class='ocrx_word' id='word_1_834' title='bbox 1543 2923 1678 2960; x_wconf 91' lang='lat' dir='ltr'>minuit</span> <span class='ocrx_word' id='word_1_835' title='bbox 1706 2922 1936 2959; x_wconf 89' lang='lat' dir='ltr'>libertatem:</span> <span class='ocrx_word' id='word_1_836' title='bbox 1964 2929 2006 2959; x_wconf 91' lang='lat' dir='ltr'>ut</span> <span class='ocrx_word' id='word_1_837' title='bbox 2033 2930 2136 2972; x_wconf 91' lang='lat' dir='ltr'>patet</span> <span class='ocrx_word' id='word_1_838' title='bbox 2162 2922 2202 2960; x_wconf 92' lang='lat' dir='ltr'>in</span> <span class='ocrx_word' id='word_1_839' title='bbox 2229 2923 2313 2959; x_wconf 87' lang='lat' dir='ltr'>Deo</span> <span class='ocrx_word' id='word_1_840' title='bbox 2343 2929 2379 2959; x_wconf 89' lang='lat' dir='ltr'>et</span> <span class='ocrx_word' id='word_1_841' title='bbox 2406 2922 2446 2960; x_wconf 90' lang='lat' dir='ltr'>in</span> <span class='ocrx_word' id='word_1_842' title='bbox 2470 2922 2602 2960; x_wconf 81' lang='lat' dir='ltr'>beatis.</span> 
     </span>
     <span class='ocr_line' id='line_1_119' title="bbox 1543 2974 2604 3024; baseline 0.002 -12"><span class='ocrx_word' id='word_1_843' title='bbox 1543 2976 1592 3013; x_wconf 91' lang='lat' dir='ltr'>Et</span> <span class='ocrx_word' id='word_1_844' title='bbox 1619 2975 1700 3013; x_wconf 89' lang='lat' dir='ltr'>talis</span> <span class='ocrx_word' id='word_1_845' title='bbox 1730 2983 1785 3012; x_wconf 90' lang='lat' dir='ltr'>est</span> <span class='ocrx_word' id='word_1_846' title='bbox 1813 2975 2016 3013; x_wconf 88' lang='lat' dir='ltr'>necessitas</span> <span class='ocrx_word' id='word_1_847' title='bbox 2043 2975 2142 3022; x_wconf 91' lang='lat' dir='ltr'>voti,</span> <span class='ocrx_word' id='word_1_848' title='bbox 2173 2974 2456 3013; x_wconf 90' lang='lat' dir='ltr'>similitudinem</span> <span class='ocrx_word' id='word_1_849' title='bbox 2483 2987 2604 3024; x_wconf 80' lang='lat' dir='ltr'>quan·</span> 
     </span>
     <span class='ocr_line' id='line_1_120' title="bbox 1544 3028 2603 3067; baseline 0.002 -2"><span class='ocrx_word' id='word_1_850' title='bbox 1544 3028 1633 3066; x_wconf 91' lang='lat' dir='ltr'>dam</span> <span class='ocrx_word' id='word_1_851' title='bbox 1661 3029 1807 3066; x_wconf 88' lang='lat' dir='ltr'>habens</span> <span class='ocrx_word' id='word_1_852' title='bbox 1828 3040 1915 3065; x_wconf 92' lang='lat' dir='ltr'>cum</span> <span class='ocrx_word' id='word_1_853' title='bbox 1940 3028 2232 3066; x_wconf 91' lang='lat' dir='ltr'>confirmatione</span> <span class='ocrx_word' id='word_1_854' title='bbox 2251 3029 2462 3065; x_wconf 87' lang='lat' dir='ltr'>beatorum.</span> <span class='ocrx_word' id='word_1_855' title='bbox 2491 3028 2603 3067; x_wconf 82' lang='lat' dir='ltr'>Unde</span> 
     </span>
     <span class='ocr_line' id='line_1_121' title="bbox 1543 3081 2604 3131; baseline 0.001 -13"><span class='ocrx_word' id='word_1_856' title='bbox 1543 3081 1774 3130; x_wconf 88' lang='lat' dir='ltr'>Augustinus</span> <span class='ocrx_word' id='word_1_857' title='bbox 1797 3081 1836 3118; x_wconf 91' lang='lat' dir='ltr'>in</span> <span class='ocrx_word' id='word_1_858' title='bbox 1865 3082 2001 3118; x_wconf 90' lang='lat' dir='ltr'>eadem</span> <span class='ocrx_word' id='word_1_859' title='bbox 2031 3081 2189 3130; x_wconf 88' lang='lat' dir='ltr'>epistola</span> <span class='ocrx_word' id='word_1_860' title='bbox 2210 3081 2230 3103; x_wconf 74' lang='lat'>&#39;¹‘</span> <span class='ocrx_word' id='word_1_861' title='bbox 2259 3081 2347 3118; x_wconf 92' lang='lat' dir='ltr'>dicit</span> <span class='ocrx_word' id='word_1_862' title='bbox 2375 3082 2482 3130; x_wconf 94' lang='lat' dir='ltr'>quod</span> <span class='ocrx_word' id='word_1_863' title='bbox 2497 3081 2604 3131; x_wconf 68' lang='lat' dir='ltr'>felix</span> 
     </span>
     <span class='ocr_line' id='line_1_122' title="bbox 1543 3133 2418 3183; baseline 0.001 -13"><span class='ocrx_word' id='word_1_864' title='bbox 1543 3135 1738 3171; x_wconf 88' lang='lat' dir='ltr'>necessitas</span> <span class='ocrx_word' id='word_1_865' title='bbox 1764 3139 1817 3171; x_wconf 89' lang='lat' dir='ltr'>est</span> <span class='ocrx_word' id='word_1_866' title='bbox 1843 3145 1940 3182; x_wconf 83' lang='lat' dir='ltr'>quae</span> <span class='ocrx_word' id='word_1_867' title='bbox 1968 3135 2005 3171; x_wconf 87' lang='lat' dir='ltr'>in</span> <span class='ocrx_word' id='word_1_868' title='bbox 2033 3133 2192 3171; x_wconf 89' lang='lat' dir='ltr'>meliora</span> <span class='ocrx_word' id='word_1_869' title='bbox 2220 3133 2418 3183; x_wconf 86' lang='lat' dir='ltr'>compellit.</span> 
     </span>
    </p>

    <p class='ocr_par' dir='ltr' id='par_1_33' title="bbox 1542 3186 2607 3552">
     <span class='ocr_line' id='line_1_123' title="bbox 1595 3186 2603 3237; baseline 0.001 -14"><span class='ocrx_word' id='word_1_870' title='bbox 1595 3189 1654 3223; x_wconf 82' lang='lat' dir='ltr'>Ab</span> <span class='ocrx_word' id='word_1_871' title='bbox 1674 3198 1863 3223; x_wconf 77' lang='lat' dir='ltr'>SECUNDUM</span> <span class='ocrx_word' id='word_1_872' title='bbox 1883 3198 2067 3224; x_wconf 66' lang='grc' dir='ltr'><strong>111οΕ111)οΜ</strong></span> <span class='ocrx_word' id='word_1_873' title='bbox 2087 3187 2191 3235; x_wconf 89' lang='lat' dir='ltr'>quod</span> <span class='ocrx_word' id='word_1_874' title='bbox 2210 3187 2367 3235; x_wconf 85' lang='lat' dir='ltr'>quando</span> <span class='ocrx_word' id='word_1_875' title='bbox 2390 3186 2603 3237; x_wconf 86' lang='lat' dir='ltr'>periculum</span> 
     </span>
     <span class='ocr_line' id='line_1_124' title="bbox 1543 3239 2603 3287; baseline 0.001 -12"><span class='ocrx_word' id='word_1_876' title='bbox 1543 3239 1708 3276; x_wconf 86' lang='lat' dir='ltr'>nascitur</span> <span class='ocrx_word' id='word_1_877' title='bbox 1725 3251 1771 3275; x_wconf 92' lang='lat' dir='ltr'>ex</span> <span class='ocrx_word' id='word_1_878' title='bbox 1798 3239 1880 3287; x_wconf 89' lang='lat' dir='ltr'>ipso</span> <span class='ocrx_word' id='word_1_879' title='bbox 1900 3240 2011 3286; x_wconf 83' lang='lat' dir='ltr'>facto,</span> <span class='ocrx_word' id='word_1_880' title='bbox 2035 3247 2125 3276; x_wconf 90' lang='lat' dir='ltr'>tunc</span> <span class='ocrx_word' id='word_1_881' title='bbox 2153 3239 2244 3277; x_wconf 92' lang='lat' dir='ltr'>illud</span> <span class='ocrx_word' id='word_1_882' title='bbox 2272 3241 2414 3277; x_wconf 79' lang='lat' dir='ltr'>factum</span> <span class='ocrx_word' id='word_1_883' title='bbox 2439 3250 2516 3276; x_wconf 90' lang='lat' dir='ltr'>non</span> <span class='ocrx_word' id='word_1_884' title='bbox 2547 3247 2603 3276; x_wconf 90' lang='lat' dir='ltr'>est</span> 
     </span>
     <span class='ocr_line' id='line_1_125' title="bbox 1544 3291 2601 3342; baseline 0 -14"><span class='ocrx_word' id='word_1_885' title='bbox 1544 3291 1767 3340; x_wconf 88' lang='lat' dir='ltr'>expediens:</span> <span class='ocrx_word' id='word_1_886' title='bbox 1804 3299 1896 3340; x_wconf 89' lang='lat' dir='ltr'>puta</span> <span class='ocrx_word' id='word_1_887' title='bbox 1923 3292 2028 3340; x_wconf 90' lang='lat' dir='ltr'>quod</span> <span class='ocrx_word' id='word_1_888' title='bbox 2066 3292 2199 3342; x_wconf 87' lang='lat' dir='ltr'>aliquis</span> <span class='ocrx_word' id='word_1_889' title='bbox 2232 3304 2301 3342; x_wconf 92' lang='lat' dir='ltr'>per</span> <span class='ocrx_word' id='word_1_890' title='bbox 2336 3299 2494 3342; x_wconf 85' lang='lat' dir='ltr'>pontem</span> <span class='ocrx_word' id='word_1_891' title='bbox 2529 3291 2601 3329; x_wconf 85' lang='lat' dir='ltr'>rui-</span> 
     </span>
     <span class='ocr_line' id='line_1_126' title="bbox 1543 3343 2601 3395; baseline 0 -14"><span class='ocrx_word' id='word_1_892' title='bbox 1543 3357 1681 3382; x_wconf 90' lang='lat' dir='ltr'>nosum</span> <span class='ocrx_word' id='word_1_893' title='bbox 1716 3352 1880 3382; x_wconf 86' lang='lat' dir='ltr'>transeat</span> <span class='ocrx_word' id='word_1_894' title='bbox 1906 3344 2081 3382; x_wconf 89' lang='lat' dir='ltr'>fluvium.</span> <span class='ocrx_word' id='word_1_895' title='bbox 2121 3346 2198 3383; x_wconf 90' lang='lat' dir='ltr'>Sed</span> <span class='ocrx_word' id='word_1_896' title='bbox 2233 3345 2264 3383; x_wconf 91' lang='lat' dir='ltr'>si</span> <span class='ocrx_word' id='word_1_897' title='bbox 2290 3345 2502 3395; x_wconf 88' lang='lat' dir='ltr'>periculum</span> <span class='ocrx_word' id='word_1_898' title='bbox 2530 3343 2601 3382; x_wconf 91' lang='lat' dir='ltr'>im-</span> 
     </span>
     <span class='ocr_line' id='line_1_127' title="bbox 1543 3397 2598 3446; baseline 0 -12"><span class='ocrx_word' id='word_1_899' title='bbox 1543 3397 1684 3435; x_wconf 90' lang='lat' dir='ltr'>mineat</span> <span class='ocrx_word' id='word_1_900' title='bbox 1712 3409 1756 3434; x_wconf 94' lang='lat' dir='ltr'>ex</span> <span class='ocrx_word' id='word_1_901' title='bbox 1783 3398 1859 3435; x_wconf 92' lang='lat' dir='ltr'>hoc</span> <span class='ocrx_word' id='word_1_902' title='bbox 1887 3398 1991 3446; x_wconf 92' lang='lat' dir='ltr'>quod</span> <span class='ocrx_word' id='word_1_903' title='bbox 2019 3398 2139 3436; x_wconf 90' lang='lat' dir='ltr'>homo</span> <span class='ocrx_word' id='word_1_904' title='bbox 2166 3397 2293 3436; x_wconf 88' lang='lat' dir='ltr'>deficit</span> <span class='ocrx_word' id='word_1_905' title='bbox 2321 3398 2368 3434; x_wconf 90' lang='lat' dir='ltr'>ab</span> <span class='ocrx_word' id='word_1_906' title='bbox 2396 3397 2458 3435; x_wconf 88' lang='lat' dir='ltr'>illo</span> <span class='ocrx_word' id='word_1_907' title='bbox 2487 3397 2598 3444; x_wconf 84' lang='lat' dir='ltr'>facto,</span> 
     </span>
     <span class='ocr_line' id='line_1_128' title="bbox 1542 3450 2600 3499; baseline -0.001 -12"><span class='ocrx_word' id='word_1_908' title='bbox 1542 3462 1620 3487; x_wconf 90' lang='lat' dir='ltr'>non</span> <span class='ocrx_word' id='word_1_909' title='bbox 1654 3450 1787 3487; x_wconf 89' lang='lat' dir='ltr'>desinit</span> <span class='ocrx_word' id='word_1_910' title='bbox 1821 3458 1977 3499; x_wconf 91' lang='lat' dir='ltr'>propter</span> <span class='ocrx_word' id='word_1_911' title='bbox 2012 3451 2088 3488; x_wconf 92' lang='lat' dir='ltr'>hoc</span> <span class='ocrx_word' id='word_1_912' title='bbox 2122 3463 2205 3488; x_wconf 89' lang='lat' dir='ltr'>esse</span> <span class='ocrx_word' id='word_1_913' title='bbox 2239 3450 2465 3499; x_wconf 85' lang='lat' dir='ltr'>expediens:</span> <span class='ocrx_word' id='word_1_914' title='bbox 2505 3450 2600 3487; x_wconf 89' lang='lat' dir='ltr'>sicut</span> 
     </span>
     <span class='ocr_line' id='line_1_129' title="bbox 1542 3502 2607 3552; baseline 0 -12"><span class='ocrx_word' id='word_1_915' title='bbox 1542 3503 1746 3552; x_wconf 85' lang='lat' dir='ltr'>expediens</span> <span class='ocrx_word' id='word_1_916' title='bbox 1781 3511 1836 3540; x_wconf 89' lang='lat' dir='ltr'>est</span> <span class='ocrx_word' id='word_1_917' title='bbox 1863 3503 2068 3541; x_wconf 88' lang='lat' dir='ltr'>ascendere</span> <span class='ocrx_word' id='word_1_918' title='bbox 2097 3515 2260 3552; x_wconf 90' lang='lat' dir='ltr'>equum,</span> <span class='ocrx_word' id='word_1_919' title='bbox 2289 3502 2467 3551; x_wconf 86' lang='lat' dir='ltr'>quamvis</span> <span class='ocrx_word' id='word_1_920' title='bbox 2503 3502 2607 3551; x_wconf 48' lang='lat' dir='ltr'>peri-⁷</span> 
     </span>
    </p>
   </div>
   <div class='ocr_carea' id='block_1_26' title="bbox 2634 2134 2750 2163">
    <p class='ocr_par' dir='ltr' id='par_1_34' title="bbox 2634 2134 2750 2163">
     <span class='ocr_line' id='line_1_130' title="bbox 2634 2134 2750 2163; baseline 0 -6"><span class='ocrx_word' id='word_1_921' title='bbox 2634 2134 2750 2163; x_wconf 54' lang='lat' dir='ltr'>&#39;Arga-</span> 
     </span>
    </p>
   </div>
   <div class='ocr_carea' id='block_1_27' title="bbox 2629 3088 2791 3117">
    <p class='ocr_par' dir='ltr' id='par_1_35' title="bbox 2629 3088 2791 3117">
     <span class='ocr_line' id='line_1_131' title="bbox 2629 3088 2791 3117; baseline 0 -6"><span class='ocrx_word' id='word_1_922' title='bbox 2629 3089 2641 3100; x_wconf 71' lang='lat'><strong>‘</strong></span> <span class='ocrx_word' id='word_1_923' title='bbox 2654 3088 2689 3111; x_wconf 69' lang='lat' dir='ltr'>Cf.</span> <span class='ocrx_word' id='word_1_924' title='bbox 2706 3095 2754 3117; x_wconf 72' lang='lat' dir='ltr'>urg.</span> <span class='ocrx_word' id='word_1_925' title='bbox 2769 3095 2791 3111; x_wconf 73' lang='lat' dir='ltr'>a.</span> 
     </span>
    </p>
   </div>
   <div class='ocr_carea' id='block_1_28' title="bbox 2846 3567 2860 4244">
    <p class='ocr_par' dir='ltr' id='par_1_36' title="bbox 2846 3567 2860 4244">
     <span class='ocr_line' id='line_1_132' title="bbox 2846 3567 2860 4244; baseline 0 0"><span class='ocrx_word' id='word_1_926' title='bbox 2846 3567 2860 4244; x_wconf 95' lang='lat' dir='ltr'> </span> 
     </span>
    </p>
   </div>
  </div>
 </body>
</html>
