<?xml version="1.0" encoding="UTF-8"?>
<!DOCTYPE html PUBLIC "-//W3C//DTD XHTML 1.0 Transitional//EN"
    "http://www.w3.org/TR/xhtml1/DTD/xhtml1-transitional.dtd">
<html xmlns="http://www.w3.org/1999/xhtml" xml:lang="en" lang="en">
 <head>
  <title>
</title>
<meta http-equiv="Content-Type" content="text/html;charset=utf-8" />
  <meta name='ocr-system' content='tesseract 3.04.00' />
  <meta name='ocr-capabilities' content='ocr_page ocr_carea ocr_par ocr_line ocrx_word'/>
</head>
<body>
  <div class='ocr_page' id='page_1' title='image "./operaomniaiussui09thom/operaomniaiussui09thom_0176.png"; bbox 0 0 2860 4244; ppageno 0'>
   <div class='ocr_carea' id='block_1_1' title="bbox 130 2228 338 2282">
    <p class='ocr_par' dir='ltr' id='par_1_1' title="bbox 130 2228 338 2282">
     <span class='ocr_line' id='line_1_1' title="bbox 133 2228 338 2256; baseline -0.01 -5"><span class='ocrx_word' id='word_1_1' title='bbox 133 2233 140 2239; x_wconf 93' lang='grc'><strong>”</strong></span> <span class='ocrx_word' id='word_1_2' title='bbox 154 2230 205 2251; x_wconf 78' lang='lat' dir='ltr'><strong>Art.</strong></span> <span class='ocrx_word' id='word_1_3' title='bbox 224 2228 338 2256; x_wconf 68' lang='lat' dir='ltr'><strong>praeced„</strong></span> 
     </span>
     <span class='ocr_line' id='line_1_2' title="bbox 130 2256 197 2282; baseline 0 -4"><span class='ocrx_word' id='word_1_4' title='bbox 130 2256 157 2278; x_wconf 83' lang='lat' dir='ltr'><strong>ad</strong></span> <span class='ocrx_word' id='word_1_5' title='bbox 174 2263 197 2282; x_wconf 78' lang='lat'><strong>4.</strong></span> 
     </span>
    </p>
   </div>
   <div class='ocr_carea' id='block_1_2' title="bbox 372 282 443 317">
    <p class='ocr_par' dir='ltr' id='par_1_2' title="bbox 372 282 443 317">
     <span class='ocr_line' id='line_1_3' title="bbox 372 282 443 317; baseline 0 0"><span class='ocrx_word' id='word_1_6' title='bbox 372 282 443 317; x_wconf 85' lang='lat'><strong>144</strong></span> 
     </span>
    </p>
   </div>
   <div class='ocr_carea' id='block_1_3' title="bbox 364 342 1454 1187">
    <p class='ocr_par' dir='ltr' id='par_1_3' title="bbox 364 342 1454 755">
     <span class='ocr_line' id='line_1_4' title="bbox 365 342 1426 388; baseline -0.008 -2"><span class='ocrx_word' id='word_1_7' title='bbox 365 350 571 386; x_wconf 85' lang='lat' dir='ltr'>formantes</span> <span class='ocrx_word' id='word_1_8' title='bbox 589 349 826 385; x_wconf 91' lang='lat' dir='ltr'><strong>voluntatem</strong></span> <span class='ocrx_word' id='word_1_9' title='bbox 846 358 955 382; x_wconf 91' lang='lat' dir='ltr'><strong>suam</strong></span> <span class='ocrx_word' id='word_1_10' title='bbox 976 345 1127 382; x_wconf 88' lang='lat' dir='ltr'><strong>divinae</strong></span> <span class='ocrx_word' id='word_1_11' title='bbox 1147 342 1305 379; x_wconf 90' lang='lat' dir='ltr'><strong>iustitiae</strong></span> <span class='ocrx_word' id='word_1_12' title='bbox 1326 342 1426 388; x_wconf 92' lang='lat' dir='ltr'><strong>(licet</strong></span> 
     </span>
     <span class='ocr_line' id='line_1_5' title="bbox 365 395 1425 448; baseline -0.008 -9"><span class='ocrx_word' id='word_1_13' title='bbox 365 401 587 439; x_wconf 87' lang='lat' dir='ltr'><strong>huiusmodi</strong></span> <span class='ocrx_word' id='word_1_14' title='bbox 606 406 621 429; x_wconf 76' lang='grc' dir='ltr'><strong>Υ</strong></span> <span class='ocrx_word' id='word_1_15' title='bbox 645 399 936 448; x_wconf 85' lang='lat' dir='ltr'><strong>imprecationes</strong></span> <span class='ocrx_word' id='word_1_16' title='bbox 955 397 1102 445; x_wconf 89' lang='lat' dir='ltr'><strong>possint</strong></span> <span class='ocrx_word' id='word_1_17' title='bbox 1122 395 1235 432; x_wconf 88' lang='lat' dir='ltr'><strong>etiarn</strong></span> <span class='ocrx_word' id='word_1_18' title='bbox 1254 407 1323 443; x_wconf 90' lang='lat' dir='ltr'><strong>per</strong></span> <span class='ocrx_word' id='word_1_19' title='bbox 1342 407 1425 431; x_wconf 89' lang='lat' dir='ltr'><strong>mo-</strong></span> 
     </span>
     <span class='ocr_line' id='line_1_6' title="bbox 367 449 1424 504; baseline -0.008 -12"><span class='ocrx_word' id='word_1_20' title='bbox 367 455 458 492; x_wconf 90' lang='lat' dir='ltr'><strong>dum</strong></span> <span class='ocrx_word' id='word_1_21' title='bbox 474 452 811 504; x_wconf 85' lang='lat' dir='ltr'><strong>praenuntiationis</strong></span> <span class='ocrx_word' id='word_1_22' title='bbox 832 449 1009 498; x_wconf 88' lang='lat' dir='ltr'><strong>intelligi).</strong></span> <span class='ocrx_word' id='word_1_23' title='bbox 1025 470 1049 477; x_wconf 91' lang='lat'>-</span> <span class='ocrx_word' id='word_1_24' title='bbox 1070 449 1315 496; x_wconf 88' lang='lat' dir='ltr'><strong>Quandoque</strong></span> <span class='ocrx_word' id='word_1_25' title='bbox 1330 459 1424 484; x_wconf 89' lang='lat' dir='ltr'><strong>vero</strong></span> 
     </span>
     <span class='ocr_line' id='line_1_7' title="bbox 367 501 1426 554; baseline -0.008 -10"><span class='ocrx_word' id='word_1_26' title='bbox 367 508 500 545; x_wconf 90' lang='lat' dir='ltr'><strong>dicitur</strong></span> <span class='ocrx_word' id='word_1_27' title='bbox 528 506 683 554; x_wconf 89' lang='lat' dir='ltr'><strong>aliquod</strong></span> <span class='ocrx_word' id='word_1_28' title='bbox 718 505 862 542; x_wconf 91' lang='lat' dir='ltr'><strong>malum</strong></span> <span class='ocrx_word' id='word_1_29' title='bbox 899 504 970 539; x_wconf 90' lang='lat' dir='ltr'><strong>sub</strong></span> <span class='ocrx_word' id='word_1_30' title='bbox 999 501 1144 539; x_wconf 86' lang='lat' dir='ltr'><strong>ratione</strong></span> <span class='ocrx_word' id='word_1_31' title='bbox 1176 501 1295 538; x_wconf 88' lang='lat' dir='ltr'><strong>utilis:</strong></span> <span class='ocrx_word' id='word_1_32' title='bbox 1334 508 1426 549; x_wconf 88' lang='lat' dir='ltr'><strong>puta</strong></span> 
     </span>
     <span class='ocr_line' id='line_1_8' title="bbox 366 553 1426 608; baseline -0.008 -11"><span class='ocrx_word' id='word_1_33' title='bbox 366 573 455 597; x_wconf 90' lang='lat' dir='ltr'><strong>cum</strong></span> <span class='ocrx_word' id='word_1_34' title='bbox 484 559 617 608; x_wconf 90' lang='lat' dir='ltr'><strong>aliquis</strong></span> <span class='ocrx_word' id='word_1_35' title='bbox 646 565 750 606; x_wconf 92' lang='lat' dir='ltr'><strong>optat</strong></span> <span class='ocrx_word' id='word_1_36' title='bbox 777 557 942 604; x_wconf 90' lang='lat' dir='ltr'><strong>aliquem</strong></span> <span class='ocrx_word' id='word_1_37' title='bbox 980 562 1221 604; x_wconf 86' lang='lat' dir='ltr'><strong>peccatorem</strong></span> <span class='ocrx_word' id='word_1_38' title='bbox 1254 553 1333 602; x_wconf 89' lang='lat' dir='ltr'><strong>pati</strong></span> <span class='ocrx_word' id='word_1_39' title='bbox 1361 553 1426 590; x_wconf 89' lang='lat' dir='ltr'><strong>ali-</strong></span> 
     </span>
     <span class='ocr_line' id='line_1_9' title="bbox 366 607 1454 662; baseline -0.006 -12"><span class='ocrx_word' id='word_1_40' title='bbox 366 625 481 662; x_wconf 86' lang='lat' dir='ltr'><strong>quam</strong></span> <span class='ocrx_word' id='word_1_41' title='bbox 511 610 797 659; x_wconf 84' lang='lat' dir='ltr'><strong>aegritudinem,</strong></span> <span class='ocrx_word' id='word_1_42' title='bbox 827 616 891 645; x_wconf 92' lang='lat' dir='ltr'><strong>aut</strong></span> <span class='ocrx_word' id='word_1_43' title='bbox 919 607 1073 656; x_wconf 85' lang='lat' dir='ltr'><strong>aliquod</strong></span> <span class='ocrx_word' id='word_1_44' title='bbox 1094 607 1424 656; x_wconf 89' lang='lat' dir='ltr'><strong>impedimentum,</strong></span> <span class='ocrx_word' id='word_1_45' title='bbox 1452 652 1454 662; x_wconf 22' lang='lat' dir='ltr'>k</span> 
     </span>
     <span class='ocr_line' id='line_1_10' title="bbox 364 660 1454 713; baseline -0.006 -11"><span class='ocrx_word' id='word_1_46' title='bbox 364 667 426 702; x_wconf 91' lang='lat' dir='ltr'><strong>vel</strong></span> <span class='ocrx_word' id='word_1_47' title='bbox 456 672 495 701; x_wconf 92' lang='lat' dir='ltr'><strong>ut</strong></span> <span class='ocrx_word' id='word_1_48' title='bbox 524 665 603 713; x_wconf 93' lang='lat' dir='ltr'><strong>ipse</strong></span> <span class='ocrx_word' id='word_1_49' title='bbox 641 662 777 700; x_wconf 86' lang='lat' dir='ltr'><strong>melior</strong></span> <span class='ocrx_word' id='word_1_50' title='bbox 805 661 1008 708; x_wconf 86' lang='lat' dir='ltr'><strong>efficiatur,</strong></span> <span class='ocrx_word' id='word_1_51' title='bbox 1038 661 1100 697; x_wconf 92' lang='lat' dir='ltr'><strong>vel</strong></span> <span class='ocrx_word' id='word_1_52' title='bbox 1129 668 1170 697; x_wconf 92' lang='lat' dir='ltr'><strong>ut</strong></span> <span class='ocrx_word' id='word_1_53' title='bbox 1208 660 1340 697; x_wconf 88' lang='lat' dir='ltr'><strong>saltem</strong></span> <span class='ocrx_word' id='word_1_54' title='bbox 1377 660 1424 696; x_wconf 93' lang='lat' dir='ltr'><strong>ab</strong></span> <span class='ocrx_word' id='word_1_55' title='bbox 1452 664 1454 703; x_wconf 59' lang='grc' dir='ltr'>ἶ</span> 
     </span>
     <span class='ocr_line' id='line_1_11' title="bbox 365 718 953 755; baseline -0.009 0"><span class='ocrx_word' id='word_1_56' title='bbox 365 718 527 755; x_wconf 89' lang='lat' dir='ltr'><strong>aliorum</strong></span> <span class='ocrx_word' id='word_1_57' title='bbox 557 723 791 753; x_wconf 89' lang='lat' dir='ltr'><strong>nocumento</strong></span> <span class='ocrx_word' id='word_1_58' title='bbox 822 722 953 751; x_wconf 89' lang='lat' dir='ltr'><strong>cesset.</strong></span> 
     </span>
    </p>

    <p class='ocr_par' dir='ltr' id='par_1_4' title="bbox 364 766 1454 912">
     <span class='ocr_line' id='line_1_12' title="bbox 418 766 1427 815; baseline -0.005 -9"><span class='ocrx_word' id='word_1_59' title='bbox 418 773 476 806; x_wconf 86' lang='lat' dir='ltr'><strong>AD</strong></span> <span class='ocrx_word' id='word_1_60' title='bbox 496 781 632 806; x_wconf 82' lang='lat' dir='ltr'>PRIMUM</span> <span class='ocrx_word' id='word_1_61' title='bbox 658 780 756 806; x_wconf 82' lang='lat' dir='ltr'>ERGO</span> <span class='ocrx_word' id='word_1_62' title='bbox 776 779 960 804; x_wconf 77' lang='lat' dir='ltr'>DICENDUM</span> <span class='ocrx_word' id='word_1_63' title='bbox 981 766 1087 815; x_wconf 91' lang='lat' dir='ltr'><strong>quod</strong></span> <span class='ocrx_word' id='word_1_64' title='bbox 1105 766 1314 814; x_wconf 91' lang='lat' dir='ltr'><strong>Apostolus</strong></span> <span class='ocrx_word' id='word_1_65' title='bbox 1339 778 1427 815; x_wconf 92' lang='lat' dir='ltr'><strong>pro-</strong></span> 
     </span>
     <span class='ocr_line' id='line_1_13' title="bbox 364 815 1454 870; baseline -0.005 -10"><span class='ocrx_word' id='word_1_66' title='bbox 364 823 468 860; x_wconf 88' lang='lat' dir='ltr'><strong>hibet</strong></span> <span class='ocrx_word' id='word_1_67' title='bbox 487 822 716 859; x_wconf 85' lang='lat' dir='ltr'><strong>maledicere</strong></span> <span class='ocrx_word' id='word_1_68' title='bbox 735 833 804 870; x_wconf 92' lang='lat' dir='ltr'><strong>per</strong></span> <span class='ocrx_word' id='word_1_69' title='bbox 820 833 861 857; x_wconf 90' lang='lat' dir='ltr'><strong>se</strong></span> <span class='ocrx_word' id='word_1_70' title='bbox 881 819 1088 868; x_wconf 91' lang='lat' dir='ltr'><strong>loquendo,</strong></span> <span class='ocrx_word' id='word_1_71' title='bbox 1110 831 1198 855; x_wconf 92' lang='lat' dir='ltr'><strong>cum</strong></span> <span class='ocrx_word' id='word_1_72' title='bbox 1219 819 1426 856; x_wconf 91' lang='lat' dir='ltr'><strong>intentione</strong></span> <span class='ocrx_word' id='word_1_73' title='bbox 1453 815 1454 822; x_wconf 71' lang='grc'>’</span> 
     </span>
     <span class='ocr_line' id='line_1_14' title="bbox 365 875 467 912; baseline -0.01 0"><span class='ocrx_word' id='word_1_74' title='bbox 365 875 467 912; x_wconf 92' lang='lat' dir='ltr'><strong>mali.</strong></span> 
     </span>
    </p>

    <p class='ocr_par' dir='ltr' id='par_1_5' title="bbox 418 925 1231 965">
     <span class='ocr_line' id='line_1_15' title="bbox 418 925 1231 965; baseline -0.004 -1"><span class='ocrx_word' id='word_1_75' title='bbox 418 929 466 965; x_wconf 91' lang='lat' dir='ltr'><strong>Et</strong></span> <span class='ocrx_word' id='word_1_76' title='bbox 495 927 663 964; x_wconf 89' lang='lat' dir='ltr'><strong>similiter</strong></span> <span class='ocrx_word' id='word_1_77' title='bbox 691 926 897 964; x_wconf 89' lang='lat' dir='ltr'><strong>dicendum</strong></span> <span class='ocrx_word' id='word_1_78' title='bbox 928 925 976 962; x_wconf 91' lang='lat' dir='ltr'><strong>ad</strong></span> <span class='ocrx_word' id='word_1_79' title='bbox 1005 925 1231 962; x_wconf 89' lang='lat' dir='ltr'><strong>secundum.</strong></span> 
     </span>
    </p>

    <p class='ocr_par' dir='ltr' id='par_1_6' title="bbox 364 978 1428 1187">
     <span class='ocr_line' id='line_1_16' title="bbox 417 978 1427 1027; baseline -0.001 -10"><span class='ocrx_word' id='word_1_80' title='bbox 417 983 475 1018; x_wconf 83' lang='lat' dir='ltr'><strong>An</strong></span> <span class='ocrx_word' id='word_1_81' title='bbox 490 992 650 1018; x_wconf 82' lang='lat' dir='ltr'><strong>TERTltJM</strong></span> <span class='ocrx_word' id='word_1_82' title='bbox 668 991 852 1017; x_wconf 72' lang='lat' dir='ltr'><strong>mcaNDuM</strong></span> <span class='ocrx_word' id='word_1_83' title='bbox 873 979 977 1027; x_wconf 89' lang='lat' dir='ltr'><strong>quod</strong></span> <span class='ocrx_word' id='word_1_84' title='bbox 998 986 1130 1027; x_wconf 90' lang='lat' dir='ltr'><strong>optare</strong></span> <span class='ocrx_word' id='word_1_85' title='bbox 1151 978 1261 1015; x_wconf 87' lang='lat' dir='ltr'><strong>alicui</strong></span> <span class='ocrx_word' id='word_1_86' title='bbox 1281 979 1427 1016; x_wconf 90' lang='lat' dir='ltr'><strong>malum</strong></span> 
     </span>
     <span class='ocr_line' id='line_1_17' title="bbox 365 1031 1426 1080; baseline -0.002 -9"><span class='ocrx_word' id='word_1_87' title='bbox 365 1035 435 1071; x_wconf 93' lang='lat' dir='ltr'><strong>sub</strong></span> <span class='ocrx_word' id='word_1_88' title='bbox 465 1033 610 1071; x_wconf 92' lang='lat' dir='ltr'><strong>ratione</strong></span> <span class='ocrx_word' id='word_1_89' title='bbox 645 1034 737 1070; x_wconf 91' lang='lat' dir='ltr'><strong>boni</strong></span> <span class='ocrx_word' id='word_1_90' title='bbox 773 1045 852 1070; x_wconf 92' lang='lat' dir='ltr'><strong>non</strong></span> <span class='ocrx_word' id='word_1_91' title='bbox 882 1032 1131 1069; x_wconf 87' lang='lat' dir='ltr'><strong>contrariatur</strong></span> <span class='ocrx_word' id='word_1_92' title='bbox 1158 1031 1311 1068; x_wconf 85' lang='lat' dir='ltr'><strong>affectui</strong></span> <span class='ocrx_word' id='word_1_93' title='bbox 1348 1044 1426 1080; x_wconf 94' lang='lat' dir='ltr'><strong>quo</strong></span> 
     </span>
     <span class='ocr_line' id='line_1_18' title="bbox 364 1085 1428 1136; baseline -0.002 -12"><span class='ocrx_word' id='word_1_94' title='bbox 364 1087 448 1136; x_wconf 90' lang='lat' dir='ltr'><strong>quis</strong></span> <span class='ocrx_word' id='word_1_95' title='bbox 477 1086 693 1136; x_wconf 86' lang='lat' dir='ltr'><strong>simpliciter</strong></span> <span class='ocrx_word' id='word_1_96' title='bbox 721 1086 831 1123; x_wconf 91' lang='lat' dir='ltr'><strong>alicui</strong></span> <span class='ocrx_word' id='word_1_97' title='bbox 860 1093 965 1135; x_wconf 89' lang='lat' dir='ltr'><strong>optat</strong></span> <span class='ocrx_word' id='word_1_98' title='bbox 1001 1086 1171 1132; x_wconf 92' lang='lat' dir='ltr'><strong>bonum,</strong></span> <span class='ocrx_word' id='word_1_99' title='bbox 1202 1085 1270 1122; x_wconf 90' lang='lat' dir='ltr'><strong>sed</strong></span> <span class='ocrx_word' id='word_1_100' title='bbox 1306 1085 1428 1133; x_wconf 90' lang='lat' dir='ltr'><strong>magis</strong></span> 
     </span>
     <span class='ocr_line' id='line_1_19' title="bbox 364 1139 1062 1187; baseline -0.003 -10"><span class='ocrx_word' id='word_1_101' title='bbox 364 1141 479 1177; x_wconf 91' lang='lat' dir='ltr'><strong>habet</strong></span> <span class='ocrx_word' id='word_1_102' title='bbox 508 1139 816 1176; x_wconf 88' lang='lat' dir='ltr'><strong>conformitatem</strong></span> <span class='ocrx_word' id='word_1_103' title='bbox 845 1140 895 1176; x_wconf 91' lang='lat' dir='ltr'><strong>ad</strong></span> <span class='ocrx_word' id='word_1_104' title='bbox 923 1139 1062 1187; x_wconf 90' lang='lat' dir='ltr'><strong>ipsum.</strong></span> 
     </span>
    </p>
   </div>
   <div class='ocr_carea' id='block_1_4' title="bbox 365 1253 1430 1323">
    <p class='ocr_par' dir='ltr' id='par_1_7' title="bbox 365 1253 1430 1323">
     <span class='ocr_line' id='line_1_20' title="bbox 416 1253 1430 1289; baseline -0.004 -8"><span class='ocrx_word' id='word_1_105' title='bbox 416 1256 443 1289; x_wconf 87' lang='grc' dir='ltr'><strong>γ)</strong></span> <span class='ocrx_word' id='word_1_106' title='bbox 463 1255 624 1280; x_wconf 83' lang='lat' dir='ltr'><strong>huiusmodi.</strong></span> <span class='ocrx_word' id='word_1_107' title='bbox 637 1268 655 1272; x_wconf 96' lang='lat'>—</span> <span class='ocrx_word' id='word_1_108' title='bbox 674 1255 723 1279; x_wconf 86' lang='lat' dir='ltr'><strong>hae</strong></span> <span class='ocrx_word' id='word_1_109' title='bbox 742 1254 770 1278; x_wconf 88' lang='grc' dir='ltr'><strong>Ρ.</strong></span> <span class='ocrx_word' id='word_1_110' title='bbox 781 1267 801 1273; x_wconf 87' lang='grc'><strong>-</strong></span> <span class='ocrx_word' id='word_1_111' title='bbox 818 1254 868 1278; x_wconf 89' lang='lat' dir='ltr'><strong>Pro</strong></span> <span class='ocrx_word' id='word_1_112' title='bbox 887 1253 1098 1285; x_wconf 76' lang='lat' dir='ltr'><strong>imprecationes,</strong></span> <span class='ocrx_word' id='word_1_113' title='bbox 1112 1253 1347 1285; x_wconf 78' lang='lat' dir='ltr'><strong>interpretationes</strong></span> <span class='ocrx_word' id='word_1_114' title='bbox 1362 1254 1430 1278; x_wconf 72' lang='grc' dir='ltr'><strong>ΑΒΕ</strong></span> 
     </span>
     <span class='ocr_line' id='line_1_21' title="bbox 365 1290 753 1323; baseline -0.005 -7"><span class='ocrx_word' id='word_1_115' title='bbox 365 1292 462 1323; x_wconf 84' lang='lat' dir='ltr'><strong>HLpK‚</strong></span> <span class='ocrx_word' id='word_1_116' title='bbox 482 1291 705 1322; x_wconf 80' lang='lat' dir='ltr'><strong>interpretatores</strong></span> <span class='ocrx_word' id='word_1_117' title='bbox 724 1290 753 1314; x_wconf 71' lang='lat' dir='ltr'><strong>F..</strong></span> 
     </span>
    </p>
   </div>
   <div class='ocr_carea' id='block_1_5' title="bbox 1450 344 1458 1317">
    <p class='ocr_par' dir='ltr' id='par_1_8' title="bbox 1450 344 1458 1317">
     <span class='ocr_line' id='line_1_22' title="bbox 1450 344 1458 1317; baseline 0 0"><span class='ocrx_word' id='word_1_118' title='bbox 1450 344 1458 1317; x_wconf 95' lang='lat' dir='ltr'><strong> </strong></span> 
     </span>
    </p>
   </div>
   <div class='ocr_carea' id='block_1_6' title="bbox 1129 1432 1449 1475">
    <p class='ocr_par' dir='ltr' id='par_1_9' title="bbox 1129 1432 1449 1475">
     <span class='ocr_line' id='line_1_23' title="bbox 1129 1432 1449 1475; baseline 0.003 -1"><span class='ocrx_word' id='word_1_119' title='bbox 1129 1432 1449 1475; x_wconf 89' lang='lat' dir='ltr'><strong>ARTICULUS</strong></span> 
     </span>
    </p>
   </div>
   <div class='ocr_carea' id='block_1_7' title="bbox 1038 262 1893 312">
    <p class='ocr_par' dir='ltr' id='par_1_10' title="bbox 1038 262 1893 312">
     <span class='ocr_line' id='line_1_24' title="bbox 1038 262 1893 312; baseline -0.006 -9"><span class='ocrx_word' id='word_1_120' title='bbox 1038 264 1304 312; x_wconf 82' lang='lat' dir='ltr'>QUAESTIO</span> <span class='ocrx_word' id='word_1_121' title='bbox 1334 264 1509 310; x_wconf 78' lang='lat' dir='ltr'><strong>Lxxw,</strong></span> <span class='ocrx_word' id='word_1_122' title='bbox 1537 262 1833 300; x_wconf 82' lang='lat' dir='ltr'><strong>ARTICULUS</strong></span> <span class='ocrx_word' id='word_1_123' title='bbox 1864 263 1893 298; x_wconf 91' lang='lat'><strong>11</strong></span> 
     </span>
    </p>
   </div>
   <div class='ocr_carea' id='block_1_8' title="bbox 1478 339 2542 547">
    <p class='ocr_par' dir='ltr' id='par_1_11' title="bbox 1478 339 2542 547">
     <span class='ocr_line' id='line_1_25' title="bbox 1531 339 2541 387; baseline -0.001 -9"><span class='ocrx_word' id='word_1_124' title='bbox 1531 343 1589 377; x_wconf 85' lang='lat' dir='ltr'><strong>AD</strong></span> <span class='ocrx_word' id='word_1_125' title='bbox 1610 353 1783 383; x_wconf 81' lang='lat' dir='ltr'><strong>QUARTUM</strong></span> <span class='ocrx_word' id='word_1_126' title='bbox 1808 352 1992 378; x_wconf 79' lang='lat' dir='ltr'><strong>DICENDUM</strong></span> <span class='ocrx_word' id='word_1_127' title='bbox 2013 340 2117 387; x_wconf 91' lang='lat' dir='ltr'><strong>quod</strong></span> <span class='ocrx_word' id='word_1_128' title='bbox 2143 340 2181 376; x_wconf 93' lang='lat' dir='ltr'><strong>in</strong></span> <span class='ocrx_word' id='word_1_129' title='bbox 2202 339 2355 376; x_wconf 90' lang='lat' dir='ltr'><strong>diabolo</strong></span> <span class='ocrx_word' id='word_1_130' title='bbox 2378 347 2432 376; x_wconf 90' lang='lat' dir='ltr'><strong>est</strong></span> <span class='ocrx_word' id='word_1_131' title='bbox 2453 353 2541 377; x_wconf 94' lang='lat' dir='ltr'><strong>con-</strong></span> 
     </span>
     <span class='ocr_line' id='line_1_26' title="bbox 1478 392 2542 441; baseline -0.001 -11"><span class='ocrx_word' id='word_1_132' title='bbox 1478 393 1644 430; x_wconf 90' lang='lat' dir='ltr'><strong>siderare</strong></span> <span class='ocrx_word' id='word_1_133' title='bbox 1665 402 1852 440; x_wconf 88' lang='lat' dir='ltr'><strong>naturam,</strong></span> <span class='ocrx_word' id='word_1_134' title='bbox 1875 400 1910 429; x_wconf 90' lang='lat' dir='ltr'><strong>et</strong></span> <span class='ocrx_word' id='word_1_135' title='bbox 1931 394 2094 441; x_wconf 89' lang='lat' dir='ltr'><strong>culpam.</strong></span> <span class='ocrx_word' id='word_1_136' title='bbox 2116 393 2263 429; x_wconf 90' lang='lat' dir='ltr'><strong>Natura</strong></span> <span class='ocrx_word' id='word_1_137' title='bbox 2283 392 2438 441; x_wconf 90' lang='lat' dir='ltr'><strong>quidem</strong></span> <span class='ocrx_word' id='word_1_138' title='bbox 2461 393 2542 429; x_wconf 87' lang='lat' dir='ltr'><strong>eius</strong></span> 
     </span>
     <span class='ocr_line' id='line_1_27' title="bbox 1479 445 2540 494; baseline -0.001 -11"><span class='ocrx_word' id='word_1_139' title='bbox 1479 446 1583 483; x_wconf 89' lang='lat' dir='ltr'><strong>bona</strong></span> <span class='ocrx_word' id='word_1_140' title='bbox 1613 454 1679 494; x_wconf 85' lang='lat' dir='ltr'><strong>est,</strong></span> <span class='ocrx_word' id='word_1_141' title='bbox 1710 454 1795 484; x_wconf 87' lang='lat' dir='ltr'><strong>eta</strong></span> <span class='ocrx_word' id='word_1_142' title='bbox 1823 447 1929 482; x_wconf 89' lang='lat' dir='ltr'><strong>Deo:</strong></span> <span class='ocrx_word' id='word_1_143' title='bbox 1973 457 2044 482; x_wconf 92' lang='lat' dir='ltr'><strong>nec</strong></span> <span class='ocrx_word' id='word_1_144' title='bbox 2074 457 2160 482; x_wconf 91' lang='lat' dir='ltr'><strong>eam</strong></span> <span class='ocrx_word' id='word_1_145' title='bbox 2189 445 2416 482; x_wconf 89' lang='lat' dir='ltr'><strong>maledicere</strong></span> <span class='ocrx_word' id='word_1_146' title='bbox 2444 445 2540 482; x_wconf 93' lang='lat' dir='ltr'><strong>licet.</strong></span> 
     </span>
     <span class='ocr_line' id='line_1_28' title="bbox 1479 497 2542 547; baseline 0 -12"><span class='ocrx_word' id='word_1_147' title='bbox 1479 499 1602 547; x_wconf 90' lang='lat' dir='ltr'><strong>Culpa</strong></span> <span class='ocrx_word' id='word_1_148' title='bbox 1639 505 1768 536; x_wconf 79' lang='lat' dir='ltr'><strong>autem</strong></span> <span class='ocrx_word' id='word_1_149' title='bbox 1797 499 1879 536; x_wconf 90' lang='lat' dir='ltr'><strong>eius</strong></span> <span class='ocrx_word' id='word_1_150' title='bbox 1912 506 1968 535; x_wconf 89' lang='lat' dir='ltr'><strong>est</strong></span> <span class='ocrx_word' id='word_1_151' title='bbox 2001 497 2285 535; x_wconf 88' lang='lat' dir='ltr'><strong>maledicenda:</strong></span> <span class='ocrx_word' id='word_1_152' title='bbox 2329 499 2542 535; x_wconf 89' lang='lat' dir='ltr'><strong>secundum</strong></span> 
     </span>
    </p>
   </div>
   <div class='ocr_carea' id='block_1_9' title="bbox 1479 550 2654 598">
    <p class='ocr_par' dir='ltr' id='par_1_12' title="bbox 1479 550 2654 598">
     <span class='ocr_line' id='line_1_29' title="bbox 1479 550 2654 598; baseline 0 -11"><span class='ocrx_word' id='word_1_153' title='bbox 1479 551 1571 587; x_wconf 93' lang='lat' dir='ltr'><strong>illud</strong></span> <span class='ocrx_word' id='word_1_154' title='bbox 1598 552 1668 588; x_wconf 89' lang='lat' dir='ltr'><strong>Iob</strong></span> <span class='ocrx_word' id='word_1_155' title='bbox 1687 564 1722 588; x_wconf 87' lang='lat'><strong>111</strong></span> <span class='ocrx_word' id='word_1_156' title='bbox 1741 552 1780 588; x_wconf 75' lang='grc' dir='ltr'><strong>*ε</strong></span> <span class='ocrx_word' id='word_1_157' title='bbox 1810 551 2046 588; x_wconf 85' lang='lat' dir='ltr'><strong>Maledicant</strong></span> <span class='ocrx_word' id='word_1_158' title='bbox 2073 551 2108 587; x_wconf 88' lang='lat' dir='ltr'><strong>ei</strong></span> <span class='ocrx_word' id='word_1_159' title='bbox 2130 551 2195 598; x_wconf 87' lang='lat' dir='ltr'><strong>qui</strong></span> <span class='ocrx_word' id='word_1_160' title='bbox 2213 550 2441 587; x_wconf 89' lang='lat' dir='ltr'><strong>maledicunt</strong></span> <span class='ocrx_word' id='word_1_161' title='bbox 2457 551 2540 587; x_wconf 87' lang='lat' dir='ltr'><strong>diei.</strong></span> <span class='ocrx_word' id='word_1_162' title='bbox 2570 561 2581 571; x_wconf 83' lang='lat'><strong>·</strong></span> <span class='ocrx_word' id='word_1_163' title='bbox 2618 566 2654 581; x_wconf 83' lang='lat' dir='ltr'><strong>es</strong></span> 
     </span>
    </p>
   </div>
   <div class='ocr_carea' id='block_1_10' title="bbox 1481 603 2545 705">
    <p class='ocr_par' dir='ltr' id='par_1_13' title="bbox 1481 603 2545 705">
     <span class='ocr_line' id='line_1_30' title="bbox 1481 603 2544 653; baseline 0 -13"><span class='ocrx_word' id='word_1_164' title='bbox 1481 604 1582 640; x_wconf 90' lang='lat' dir='ltr'><strong>Cum</strong></span> <span class='ocrx_word' id='word_1_165' title='bbox 1611 611 1740 641; x_wconf 85' lang='lat' dir='ltr'><strong>autem</strong></span> <span class='ocrx_word' id='word_1_166' title='bbox 1758 612 1938 653; x_wconf 90' lang='lat' dir='ltr'><strong>peccator</strong></span> <span class='ocrx_word' id='word_1_167' title='bbox 1957 603 2148 641; x_wconf 86' lang='lat' dir='ltr'><strong>maledicit</strong></span> <span class='ocrx_word' id='word_1_168' title='bbox 2168 603 2364 640; x_wconf 90' lang='lat' dir='ltr'><strong>diabolum</strong></span> <span class='ocrx_word' id='word_1_169' title='bbox 2388 611 2544 652; x_wconf 90' lang='lat' dir='ltr'><strong>propter</strong></span> 
     </span>
     <span class='ocr_line' id='line_1_31' title="bbox 1481 655 2545 705; baseline -0.001 -12"><span class='ocrx_word' id='word_1_170' title='bbox 1481 657 1654 704; x_wconf 89' lang='lat' dir='ltr'><strong>culpam,</strong></span> <span class='ocrx_word' id='word_1_171' title='bbox 1684 657 1852 705; x_wconf 91' lang='lat' dir='ltr'><strong>seipsum</strong></span> <span class='ocrx_word' id='word_1_172' title='bbox 1882 657 1991 693; x_wconf 90' lang='lat' dir='ltr'><strong>simili</strong></span> <span class='ocrx_word' id='word_1_173' title='bbox 2029 656 2172 693; x_wconf 91' lang='lat' dir='ltr'><strong>ratione</strong></span> <span class='ocrx_word' id='word_1_174' title='bbox 2210 656 2350 693; x_wconf 88' lang='lat' dir='ltr'><strong>iudicat</strong></span> <span class='ocrx_word' id='word_1_175' title='bbox 2387 655 2545 693; x_wconf 90' lang='lat' dir='ltr'><strong>maledi-</strong></span> 
     </span>
    </p>
   </div>
   <div class='ocr_carea' id='block_1_11' title="bbox 1452 707 2544 756">
    <p class='ocr_par' dir='ltr' id='par_1_14' title="bbox 1452 707 2544 756">
     <span class='ocr_line' id='line_1_32' title="bbox 1452 707 2544 756; baseline -0.003 -8"><span class='ocrx_word' id='word_1_176' title='bbox 1452 707 1454 748; x_wconf 61' lang='lat'><em>]</em></span> <span class='ocrx_word' id='word_1_177' title='bbox 1481 709 1606 746; x_wconf 90' lang='lat' dir='ltr'><strong>ctione</strong></span> <span class='ocrx_word' id='word_1_178' title='bbox 1635 709 1803 756; x_wconf 87' lang='lat' dir='ltr'><strong>dignum.</strong></span> <span class='ocrx_word' id='word_1_179' title='bbox 1843 710 1891 746; x_wconf 91' lang='lat' dir='ltr'><strong>Et</strong></span> <span class='ocrx_word' id='word_1_180' title='bbox 1919 709 2130 747; x_wconf 92' lang='lat' dir='ltr'><strong>secundum</strong></span> <span class='ocrx_word' id='word_1_181' title='bbox 2158 710 2233 746; x_wconf 92' lang='lat' dir='ltr'><strong>hoc</strong></span> <span class='ocrx_word' id='word_1_182' title='bbox 2262 709 2396 746; x_wconf 92' lang='lat' dir='ltr'><strong>dicitur</strong></span> <span class='ocrx_word' id='word_1_183' title='bbox 2428 709 2544 746; x_wconf 91' lang='lat' dir='ltr'><strong>male-</strong></span> 
     </span>
    </p>
   </div>
   <div class='ocr_carea' id='block_1_12' title="bbox 1480 761 2546 1181">
    <p class='ocr_par' dir='ltr' id='par_1_15' title="bbox 1481 761 2169 801">
     <span class='ocr_line' id='line_1_33' title="bbox 1481 761 2169 801; baseline 0.003 -2"><span class='ocrx_word' id='word_1_184' title='bbox 1481 762 1607 799; x_wconf 88' lang='lat' dir='ltr'><strong>dicere</strong></span> <span class='ocrx_word' id='word_1_185' title='bbox 1637 761 1806 798; x_wconf 90' lang='lat' dir='ltr'><strong>animam</strong></span> <span class='ocrx_word' id='word_1_186' title='bbox 1836 774 1958 799; x_wconf 88' lang='lat' dir='ltr'><strong>suam.</strong></span> <span class='ocrx_word' id='word_1_187' title='bbox 2167 799 2169 801; x_wconf 82' lang='lat'><strong>.</strong></span> 
     </span>
    </p>

    <p class='ocr_par' dir='ltr' id='par_1_16' title="bbox 1480 814 2546 1181">
     <span class='ocr_line' id='line_1_34' title="bbox 1533 814 2543 863; baseline 0 -12"><span class='ocrx_word' id='word_1_188' title='bbox 1533 817 1592 852; x_wconf 83' lang='grc' dir='ltr'><strong>Αι)</strong></span> <span class='ocrx_word' id='word_1_189' title='bbox 1613 825 1775 856; x_wconf 78' lang='lat' dir='ltr'><strong>QUINTUM</strong></span> <span class='ocrx_word' id='word_1_190' title='bbox 1803 825 1988 851; x_wconf 77' lang='lat' dir='ltr'><strong>mcENDUM</strong></span> <span class='ocrx_word' id='word_1_191' title='bbox 2017 816 2122 863; x_wconf 91' lang='lat' dir='ltr'><strong>quod</strong></span> <span class='ocrx_word' id='word_1_192' title='bbox 2151 814 2311 852; x_wconf 87' lang='lat' dir='ltr'><strong>affectus</strong></span> <span class='ocrx_word' id='word_1_193' title='bbox 2336 814 2543 863; x_wconf 90' lang='lat' dir='ltr'><strong>peccantis,</strong></span> 
     </span>
     <span class='ocr_line' id='line_1_35' title="bbox 1481 867 2545 916; baseline 0 -12"><span class='ocrx_word' id='word_1_194' title='bbox 1481 868 1550 904; x_wconf 91' lang='lat' dir='ltr'><strong>etsi</strong></span> <span class='ocrx_word' id='word_1_195' title='bbox 1577 867 1615 904; x_wconf 93' lang='lat' dir='ltr'><strong>in</strong></span> <span class='ocrx_word' id='word_1_196' title='bbox 1645 880 1685 903; x_wconf 89' lang='lat' dir='ltr'><strong>se</strong></span> <span class='ocrx_word' id='word_1_197' title='bbox 1709 879 1788 904; x_wconf 91' lang='lat' dir='ltr'><strong>non</strong></span> <span class='ocrx_word' id='word_1_198' title='bbox 1812 867 2001 914; x_wconf 90' lang='lat' dir='ltr'><strong>videatur,</strong></span> <span class='ocrx_word' id='word_1_199' title='bbox 2029 875 2155 916; x_wconf 89' lang='lat' dir='ltr'><strong>potest</strong></span> <span class='ocrx_word' id='word_1_200' title='bbox 2182 875 2311 905; x_wconf 90' lang='lat' dir='ltr'><strong>tamen</strong></span> <span class='ocrx_word' id='word_1_201' title='bbox 2336 867 2480 916; x_wconf 88' lang='lat' dir='ltr'><strong>percipi</strong></span> <span class='ocrx_word' id='word_1_202' title='bbox 2499 879 2545 904; x_wconf 87' lang='lat' dir='ltr'><strong>ex</strong></span> 
     </span>
     <span class='ocr_line' id='line_1_36' title="bbox 1481 920 2544 970; baseline 0.001 -13"><span class='ocrx_word' id='word_1_203' title='bbox 1481 921 1610 969; x_wconf 88' lang='lat' dir='ltr'><strong>aliquo</strong></span> <span class='ocrx_word' id='word_1_204' title='bbox 1640 920 1841 957; x_wconf 83' lang='lat' dir='ltr'><strong>manifesto</strong></span> <span class='ocrx_word' id='word_1_205' title='bbox 1870 927 2041 968; x_wconf 90' lang='lat' dir='ltr'><strong>peccato,</strong></span> <span class='ocrx_word' id='word_1_206' title='bbox 2070 931 2140 968; x_wconf 90' lang='lat' dir='ltr'><strong>pro</strong></span> <span class='ocrx_word' id='word_1_207' title='bbox 2160 933 2238 968; x_wconf 92' lang='lat' dir='ltr'><strong>quo</strong></span> <span class='ocrx_word' id='word_1_208' title='bbox 2266 933 2394 970; x_wconf 92' lang='lat' dir='ltr'><strong>poena</strong></span> <span class='ocrx_word' id='word_1_209' title='bbox 2415 928 2471 958; x_wconf 91' lang='lat' dir='ltr'><strong>est</strong></span> <span class='ocrx_word' id='word_1_210' title='bbox 2489 920 2544 958; x_wconf 92' lang='lat' dir='ltr'><strong>in-</strong></span> 
     </span>
     <span class='ocr_line' id='line_1_37' title="bbox 1480 973 2546 1022; baseline 0.001 -12"><span class='ocrx_word' id='word_1_211' title='bbox 1480 973 1659 1021; x_wconf 89' lang='lat' dir='ltr'><strong>fligenda.</strong></span> <span class='ocrx_word' id='word_1_212' title='bbox 1682 973 1862 1010; x_wconf 91' lang='lat' dir='ltr'><strong>Similiter</strong></span> <span class='ocrx_word' id='word_1_213' title='bbox 1877 973 2003 1018; x_wconf 90' lang='lat' dir='ltr'><strong>etiam,</strong></span> <span class='ocrx_word' id='word_1_214' title='bbox 2020 973 2196 1022; x_wconf 87' lang='lat' dir='ltr'><strong>quamvis</strong></span> <span class='ocrx_word' id='word_1_215' title='bbox 2216 973 2301 1010; x_wconf 92' lang='lat' dir='ltr'><strong>sciri</strong></span> <span class='ocrx_word' id='word_1_216' title='bbox 2321 986 2400 1011; x_wconf 91' lang='lat' dir='ltr'><strong>non</strong></span> <span class='ocrx_word' id='word_1_217' title='bbox 2426 973 2546 1022; x_wconf 89' lang='lat' dir='ltr'><strong>possit</strong></span> 
     </span>
     <span class='ocr_line' id='line_1_38' title="bbox 1481 1023 2545 1074; baseline 0 -11"><span class='ocrx_word' id='word_1_218' title='bbox 1481 1039 1598 1074; x_wconf 91' lang='lat' dir='ltr'><strong>quem</strong></span> <span class='ocrx_word' id='word_1_219' title='bbox 1637 1028 1743 1064; x_wconf 92' lang='lat' dir='ltr'><strong>Deus</strong></span> <span class='ocrx_word' id='word_1_220' title='bbox 1781 1026 1972 1063; x_wconf 89' lang='lat' dir='ltr'><strong>maledicit</strong></span> <span class='ocrx_word' id='word_1_221' title='bbox 1994 1023 2007 1047; x_wconf 80' lang='lat'>⁶</span> <span class='ocrx_word' id='word_1_222' title='bbox 2045 1026 2258 1063; x_wconf 89' lang='lat' dir='ltr'><strong>secundum</strong></span> <span class='ocrx_word' id='word_1_223' title='bbox 2296 1027 2452 1064; x_wconf 91' lang='lat' dir='ltr'><strong>finalem</strong></span> <span class='ocrx_word' id='word_1_224' title='bbox 2489 1039 2545 1064; x_wconf 90' lang='lat' dir='ltr'><strong>re-</strong></span> 
     </span>
     <span class='ocr_line' id='line_1_39' title="bbox 1481 1078 2546 1128; baseline -0.001 -11"><span class='ocrx_word' id='word_1_225' title='bbox 1481 1079 1769 1128; x_wconf 84' lang='lat' dir='ltr'><strong>probationem,</strong></span> <span class='ocrx_word' id='word_1_226' title='bbox 1806 1086 1931 1128; x_wconf 88' lang='lat' dir='ltr'><strong>potest</strong></span> <span class='ocrx_word' id='word_1_227' title='bbox 1958 1086 2088 1116; x_wconf 90' lang='lat' dir='ltr'><strong>tamen</strong></span> <span class='ocrx_word' id='word_1_228' title='bbox 2124 1078 2209 1115; x_wconf 91' lang='lat' dir='ltr'><strong>sciri</strong></span> <span class='ocrx_word' id='word_1_229' title='bbox 2237 1079 2322 1127; x_wconf 87' lang='lat' dir='ltr'><strong>quis</strong></span> <span class='ocrx_word' id='word_1_230' title='bbox 2350 1079 2396 1116; x_wconf 91' lang='lat' dir='ltr'><strong>sit</strong></span> <span class='ocrx_word' id='word_1_231' title='bbox 2430 1080 2546 1116; x_wconf 90' lang='lat' dir='ltr'><strong>male-</strong></span> 
     </span>
     <span class='ocr_line' id='line_1_40' title="bbox 1482 1132 2545 1181; baseline -0.001 -12"><span class='ocrx_word' id='word_1_232' title='bbox 1482 1132 1602 1170; x_wconf 89' lang='lat' dir='ltr'><strong>dictus</strong></span> <span class='ocrx_word' id='word_1_233' title='bbox 1622 1145 1644 1169; x_wconf 91' lang='lat' dir='ltr'><strong>a</strong></span> <span class='ocrx_word' id='word_1_234' title='bbox 1664 1134 1748 1169; x_wconf 93' lang='lat' dir='ltr'><strong>Deo</strong></span> <span class='ocrx_word' id='word_1_235' title='bbox 1769 1133 1981 1170; x_wconf 90' lang='lat' dir='ltr'><strong>secundum</strong></span> <span class='ocrx_word' id='word_1_236' title='bbox 2001 1139 2149 1169; x_wconf 91' lang='lat' dir='ltr'><strong>reatum</strong></span> <span class='ocrx_word' id='word_1_237' title='bbox 2168 1132 2378 1180; x_wconf 90' lang='lat' dir='ltr'><strong>praesentis</strong></span> <span class='ocrx_word' id='word_1_238' title='bbox 2399 1133 2545 1181; x_wconf 91' lang='lat' dir='ltr'><strong>culpae.</strong></span> 
     </span>
    </p>
   </div>
   <div class='ocr_carea' id='block_1_13' title="bbox 1537 1253 1984 1286">
    <p class='ocr_par' dir='ltr' id='par_1_17' title="bbox 1537 1253 1984 1286">
     <span class='ocr_line' id='line_1_41' title="bbox 1537 1253 1984 1286; baseline 0.002 -9"><span class='ocrx_word' id='word_1_239' title='bbox 1537 1253 1563 1286; x_wconf 80' lang='grc' dir='ltr'><strong>δ)</strong></span> <span class='ocrx_word' id='word_1_240' title='bbox 1583 1254 1750 1279; x_wconf 76' lang='lat' dir='ltr'><strong>maledicit·</strong></span> <span class='ocrx_word' id='word_1_241' title='bbox 1769 1254 1912 1279; x_wconf 83' lang='lat' dir='ltr'><strong>maledicat</strong></span> <span class='ocrx_word' id='word_1_242' title='bbox 1931 1253 1984 1278; x_wconf 87' lang='grc' dir='ltr'>ΡΙ).</span> 
     </span>
    </p>
   </div>
   <div class='ocr_carea' id='block_1_14' title="bbox 1366 1368 1571 1376">
    <p class='ocr_par' dir='ltr' id='par_1_18' title="bbox 1366 1368 1571 1376">
     <span class='ocr_line' id='line_1_42' title="bbox 1366 1368 1571 1376; baseline 0 2868"><span class='ocrx_word' id='word_1_243' title='bbox 1366 1368 1571 1376; x_wconf 95' lang='lat' dir='ltr'><strong> </strong></span> 
     </span>
    </p>
   </div>
   <div class='ocr_carea' id='block_1_15' title="bbox 1489 1433 1800 1485">
    <p class='ocr_par' dir='ltr' id='par_1_19' title="bbox 1489 1433 1800 1485">
     <span class='ocr_line' id='line_1_43' title="bbox 1489 1433 1800 1485; baseline 0 -10"><span class='ocrx_word' id='word_1_244' title='bbox 1489 1433 1800 1485; x_wconf 75' lang='grc' dir='ltr'>8ΕΟΠΝΒΠ5</span> 
     </span>
    </p>
   </div>
   <div class='ocr_carea' id='block_1_16' title="bbox 807 1525 2104 1559">
    <p class='ocr_par' dir='ltr' id='par_1_20' title="bbox 807 1525 2104 1559">
     <span class='ocr_line' id='line_1_44' title="bbox 807 1525 2104 1559; baseline -0.002 -1"><span class='ocrx_word' id='word_1_245' title='bbox 807 1527 963 1559; x_wconf 90' lang='lat' dir='ltr'>UTRUM</span> <span class='ocrx_word' id='word_1_246' title='bbox 987 1525 1147 1557; x_wconf 89' lang='lat' dir='ltr'>LICEAT</span> <span class='ocrx_word' id='word_1_247' title='bbox 1172 1525 1444 1557; x_wconf 86' lang='lat' dir='ltr'>CREATURAM</span> <span class='ocrx_word' id='word_1_248' title='bbox 1468 1525 1799 1558; x_wconf 84' lang='lat' dir='ltr'>IRRATIONALEM</span> <span class='ocrx_word' id='word_1_249' title='bbox 1823 1525 2104 1557; x_wconf 87' lang='lat' dir='ltr'><strong>MALEDICERE</strong></span> 
     </span>
    </p>
   </div>
   <div class='ocr_carea' id='block_1_17' title="bbox 1317 1605 1598 1638">
    <p class='ocr_par' dir='ltr' id='par_1_21' title="bbox 1317 1605 1598 1638">
     <span class='ocr_line' id='line_1_45' title="bbox 1317 1605 1598 1638; baseline 0 -8"><span class='ocrx_word' id='word_1_250' title='bbox 1317 1605 1391 1635; x_wconf 74' lang='lat' dir='ltr'><strong>Intra,</strong></span> <span class='ocrx_word' id='word_1_251' title='bbox 1411 1611 1458 1632; x_wconf 81' lang='lat' dir='ltr'><strong>art.</strong></span> <span class='ocrx_word' id='word_1_252' title='bbox 1476 1614 1502 1638; x_wconf 85' lang='lat'><strong>4,</strong></span> <span class='ocrx_word' id='word_1_253' title='bbox 1522 1607 1553 1630; x_wconf 86' lang='lat' dir='ltr'><strong>ad</strong></span> <span class='ocrx_word' id='word_1_254' title='bbox 1577 1614 1598 1631; x_wconf 90' lang='grc' dir='ltr'><strong>ι.</strong></span> 
     </span>
    </p>
   </div>
   <div class='ocr_carea' id='block_1_18' title="bbox 396 1685 1430 1735">
    <p class='ocr_par' dir='ltr' id='par_1_22' title="bbox 396 1685 1430 1735">
     <span class='ocr_line' id='line_1_46' title="bbox 396 1685 1430 1735; baseline -0.004 -10"><span class='ocrx_word' id='word_1_255' title='bbox 396 1704 406 1724; x_wconf 54' lang='grc' dir='ltr'>ι</span> <span class='ocrx_word' id='word_1_256' title='bbox 478 1708 548 1735; x_wconf 44' lang='lat' dir='ltr'><strong>sm.</strong></span> <span class='ocrx_word' id='word_1_257' title='bbox 576 1700 598 1725; x_wconf 82' lang='lat' dir='ltr'><strong>n</strong></span> <span class='ocrx_word' id='word_1_258' title='bbox 634 1698 827 1724; x_wconf 75' lang='lat' dir='ltr'>SECUNDUM</span> <span class='ocrx_word' id='word_1_259' title='bbox 855 1698 909 1724; x_wconf 79' lang='lat' dir='ltr'><strong>sm</strong></span> <span class='ocrx_word' id='word_1_260' title='bbox 947 1697 1178 1722; x_wconf 75' lang='lat' dir='ltr'><strong>paoeanrrua</strong></span> <span class='ocrx_word' id='word_1_261' title='bbox 1195 1685 1227 1722; x_wconf 62' lang='lat'><strong>²⁸.</strong></span> <span class='ocrx_word' id='word_1_262' title='bbox 1270 1685 1430 1722; x_wconf 89' lang='lat' dir='ltr'><strong>Videtur</strong></span> 
     </span>
    </p>
   </div>
   <div class='ocr_carea' id='block_1_19' title="bbox 380 1707 493 1786">
    <p class='ocr_par' dir='ltr' id='par_1_23' title="bbox 380 1707 493 1786">
     <span class='ocr_line' id='line_1_47' title="bbox 380 1707 493 1786; baseline 0 -52"><span class='ocrx_word' id='word_1_263' title='bbox 380 1707 493 1786; x_wconf 95' lang='lat' dir='ltr'><strong>  </strong></span> <span class='ocrx_word' id='word_1_264' title='bbox 406 1707 493 1734; x_wconf 95' lang='lat' dir='ltr'><strong> </strong></span> 
     </span>
    </p>
   </div>
   <div class='ocr_carea' id='block_1_20' title="bbox 493 1684 2548 1790">
    <p class='ocr_par' dir='ltr' id='par_1_24' title="bbox 493 1684 2548 1790">
     <span class='ocr_line' id='line_1_48' title="bbox 1455 1684 2548 1734; baseline -0.002 -12"><span class='ocrx_word' id='word_1_265' title='bbox 1455 1684 1457 1723; x_wconf 63' lang='grc' dir='ltr'>ἰ</span> <span class='ocrx_word' id='word_1_266' title='bbox 1483 1693 1612 1722; x_wconf 90' lang='lat' dir='ltr'><strong>autem</strong></span> <span class='ocrx_word' id='word_1_267' title='bbox 1641 1686 1690 1723; x_wconf 94' lang='lat' dir='ltr'><strong>ad</strong></span> <span class='ocrx_word' id='word_1_268' title='bbox 1717 1698 1803 1723; x_wconf 90' lang='lat' dir='ltr'><strong>eam</strong></span> <span class='ocrx_word' id='word_1_269' title='bbox 1832 1685 2098 1734; x_wconf 87' lang='lat' dir='ltr'><strong>multipliciter.</strong></span> <span class='ocrx_word' id='word_1_270' title='bbox 2128 1685 2215 1722; x_wconf 93' lang='lat' dir='ltr'><strong>Uno</strong></span> <span class='ocrx_word' id='word_1_271' title='bbox 2235 1684 2394 1733; x_wconf 90' lang='lat' dir='ltr'><strong>quidem</strong></span> <span class='ocrx_word' id='word_1_272' title='bbox 2413 1685 2548 1732; x_wconf 88' lang='lat' dir='ltr'><strong>modo,</strong></span> 
     </span>
     <span class='ocr_line' id='line_1_49' title="bbox 493 1720 2548 1790; baseline -0.002 -12"><span class='ocrx_word' id='word_1_273' title='bbox 493 1720 550 1785; x_wconf 47' lang='lat' dir='ltr'><strong>{J</strong></span> <span class='ocrx_word' id='word_1_274' title='bbox 576 1741 681 1790; x_wconf 92' lang='lat' dir='ltr'><strong>quod</strong></span> <span class='ocrx_word' id='word_1_275' title='bbox 706 1753 784 1777; x_wconf 93' lang='lat' dir='ltr'><strong>non</strong></span> <span class='ocrx_word' id='word_1_276' title='bbox 803 1740 913 1777; x_wconf 89' lang='lat' dir='ltr'><strong>liceat</strong></span> <span class='ocrx_word' id='word_1_277' title='bbox 932 1747 1146 1776; x_wconf 90' lang='lat' dir='ltr'><strong>creaturam</strong></span> <span class='ocrx_word' id='word_1_278' title='bbox 1172 1738 1430 1775; x_wconf 88' lang='lat' dir='ltr'><strong>irrationalem</strong></span> <span class='ocrx_word' id='word_1_279' title='bbox 1481 1751 1551 1788; x_wconf 90' lang='lat' dir='ltr'><strong>per</strong></span> <span class='ocrx_word' id='word_1_280' title='bbox 1580 1739 1742 1776; x_wconf 87' lang='lat' dir='ltr'><strong>modum</strong></span> <span class='ocrx_word' id='word_1_281' title='bbox 1772 1739 2056 1776; x_wconf 86' lang='lat' dir='ltr'><strong>subventionis:</strong></span> <span class='ocrx_word' id='word_1_282' title='bbox 2084 1738 2312 1787; x_wconf 88' lang='lat' dir='ltr'><strong>inquantum</strong></span> <span class='ocrx_word' id='word_1_283' title='bbox 2341 1737 2483 1774; x_wconf 90' lang='lat' dir='ltr'><strong>scilicet</strong></span> <span class='ocrx_word' id='word_1_284' title='bbox 2501 1749 2548 1774; x_wconf 87' lang='lat' dir='ltr'><strong>ex</strong></span> 
     </span>
    </p>
   </div>
   <div class='ocr_carea' id='block_1_21' title="bbox 380 1709 539 1803">
    <p class='ocr_par' dir='ltr' id='par_1_25' title="bbox 380 1709 539 1803">
     <span class='ocr_line' id='line_1_50' title="bbox 389 1709 539 1754; baseline -0.013 -5"><span class='ocrx_word' id='word_1_285' title='bbox 389 1709 459 1754; x_wconf 47' lang='lat' dir='ltr'><strong>553?ss</strong></span> <span class='ocrx_word' id='word_1_286' title='bbox 483 1731 486 1736; x_wconf 88' lang='grc'><strong>“</strong></span> <span class='ocrx_word' id='word_1_287' title='bbox 518 1735 539 1749; x_wconf 61' lang='lat'><strong>⁴.-</strong></span> 
     </span>
     <span class='ocr_line' id='line_1_51' title="bbox 396 1736 531 1800; baseline 0 -14"><span class='ocrx_word' id='word_1_288' title='bbox 396 1736 492 1800; x_wconf 51' lang='grc' dir='ltr'><strong>ψᾼ</strong></span> <span class='ocrx_word' id='word_1_289' title='bbox 524 1752 531 1756; x_wconf 74' lang='lat'><em>-</em></span> 
     </span>
     <span class='ocr_line' id='line_1_52' title="bbox 380 1783 433 1803; baseline -0.019 0"><span class='ocrx_word' id='word_1_290' title='bbox 380 1798 384 1803; x_wconf 86' lang='lat'><strong>.</strong></span> <span class='ocrx_word' id='word_1_291' title='bbox 412 1783 433 1802; x_wconf 56' lang='lat' dir='ltr'><strong>A!</strong></span> 
     </span>
    </p>
   </div>
   <div class='ocr_carea' id='block_1_22' title="bbox 363 1775 2555 3062">
    <p class='ocr_par' dir='ltr' id='par_1_26' title="bbox 363 1775 2555 3062">
     <span class='ocr_line' id='line_1_53' title="bbox 383 1775 2549 1842; baseline -0.002 -10"><span class='ocrx_word' id='word_1_292' title='bbox 383 1799 418 1842; x_wconf 52' lang='grc' dir='ltr'><strong>(γ</strong></span> <span class='ocrx_word' id='word_1_293' title='bbox 441 1775 817 1832; x_wconf 77' lang='lat' dir='ltr'><strong>v&#39;maledicere.</strong></span> <span class='ocrx_word' id='word_1_294' title='bbox 852 1792 1069 1830; x_wconf 82' lang='lat' dir='ltr'><strong>Maledictio</strong></span> <span class='ocrx_word' id='word_1_295' title='bbox 1096 1791 1198 1828; x_wconf 91' lang='lat' dir='ltr'><strong>enim</strong></span> <span class='ocrx_word' id='word_1_296' title='bbox 1225 1791 1431 1839; x_wconf 88' lang='lat' dir='ltr'><strong>praecipue</strong></span> <span class='ocrx_word' id='word_1_297' title='bbox 1483 1792 1663 1829; x_wconf 86' lang='lat' dir='ltr'><strong>creaturis</strong></span> <span class='ocrx_word' id='word_1_298' title='bbox 1678 1792 1955 1829; x_wconf 87' lang='lat' dir='ltr'><strong>irrationalibus</strong></span> <span class='ocrx_word' id='word_1_299' title='bbox 1970 1791 2192 1829; x_wconf 88' lang='lat' dir='ltr'><strong>subvenitur</strong></span> <span class='ocrx_word' id='word_1_300' title='bbox 2210 1792 2404 1828; x_wconf 87' lang='lat' dir='ltr'><strong>humanae</strong></span> <span class='ocrx_word' id='word_1_301' title='bbox 2418 1801 2549 1828; x_wconf 88' lang='lat' dir='ltr'><strong>neces-</strong></span> 
     </span>
     <span class='ocr_line' id='line_1_54' title="bbox 380 1824 2547 1900; baseline -0.001 -18"><span class='ocrx_word' id='word_1_302' title='bbox 380 1842 395 1854; x_wconf 67' lang='lat'><em>”</em></span> <span class='ocrx_word' id='word_1_303' title='bbox 418 1824 517 1880; x_wconf 52' lang='lat'><strong>(3⁴⁹)</strong></span> <span class='ocrx_word' id='word_1_304' title='bbox 532 1840 727 1885; x_wconf 90' lang='lat' dir='ltr'><strong>videtur</strong></span> <span class='ocrx_word' id='word_1_305' title='bbox 765 1859 846 1884; x_wconf 90' lang='lat' dir='ltr'><strong>esse</strong></span> <span class='ocrx_word' id='word_1_306' title='bbox 883 1846 982 1883; x_wconf 91' lang='lat' dir='ltr'><strong>licita</strong></span> <span class='ocrx_word' id='word_1_307' title='bbox 1019 1845 1245 1893; x_wconf 89' lang='lat' dir='ltr'><strong>inquantum</strong></span> <span class='ocrx_word' id='word_1_308' title='bbox 1277 1844 1432 1892; x_wconf 90' lang='lat' dir='ltr'><strong>respicit</strong></span> <span class='ocrx_word' id='word_1_309' title='bbox 1456 1882 1457 1900; x_wconf 17' lang='grc' dir='ltr'><strong>χ</strong></span> <span class='ocrx_word' id='word_1_310' title='bbox 1482 1844 1590 1882; x_wconf 80' lang='lat' dir='ltr'><strong>sirati.</strong></span> <span class='ocrx_word' id='word_1_311' title='bbox 1617 1845 1666 1881; x_wconf 90' lang='lat' dir='ltr'><strong>Et</strong></span> <span class='ocrx_word' id='word_1_312' title='bbox 1684 1845 1759 1882; x_wconf 92' lang='lat' dir='ltr'><strong>hoc</strong></span> <span class='ocrx_word' id='word_1_313' title='bbox 1778 1845 1896 1882; x_wconf 90' lang='lat' dir='ltr'><strong>modo</strong></span> <span class='ocrx_word' id='word_1_314' title='bbox 1916 1845 2107 1882; x_wconf 89' lang='lat' dir='ltr'><strong>Dominus</strong></span> <span class='ocrx_word' id='word_1_315' title='bbox 2126 1844 2274 1881; x_wconf 88' lang='lat' dir='ltr'><strong>homini</strong></span> <span class='ocrx_word' id='word_1_316' title='bbox 2293 1843 2385 1881; x_wconf 87' lang='lat' dir='ltr'><strong>dixit</strong></span> <span class='ocrx_word' id='word_1_317' title='bbox 2399 1849 2429 1890; x_wconf 73' lang='lat'><strong>²,</strong></span> <span class='ocrx_word' id='word_1_318' title='bbox 2453 1844 2547 1881; x_wconf 87' lang='lat' dir='ltr'><strong>Gen.</strong></span> 
     </span>
     <span class='ocr_line' id='line_1_55' title="bbox 364 1896 2549 1950; baseline -0.002 -13"><span class='ocrx_word' id='word_1_319' title='bbox 364 1912 543 1950; x_wconf 86' lang='lat' dir='ltr'><strong>poenam.</strong></span> <span class='ocrx_word' id='word_1_320' title='bbox 592 1900 671 1938; x_wconf 89' lang='lat' dir='ltr'><strong>Sed</strong></span> <span class='ocrx_word' id='word_1_321' title='bbox 699 1908 871 1937; x_wconf 90' lang='lat' dir='ltr'><strong>creatura</strong></span> <span class='ocrx_word' id='word_1_322' title='bbox 908 1897 1135 1936; x_wconf 89' lang='lat' dir='ltr'><strong>irrationalis</strong></span> <span class='ocrx_word' id='word_1_323' title='bbox 1172 1909 1251 1934; x_wconf 90' lang='lat' dir='ltr'><strong>non</strong></span> <span class='ocrx_word' id='word_1_324' title='bbox 1287 1905 1343 1934; x_wconf 89' lang='lat' dir='ltr'><strong>est</strong></span> <span class='ocrx_word' id='word_1_325' title='bbox 1370 1909 1432 1934; x_wconf 92' lang='lat' dir='ltr'><strong>su-</strong></span> <span class='ocrx_word' id='word_1_326' title='bbox 1456 1907 1457 1936; x_wconf 66' lang='lat' dir='ltr'><strong>l</strong></span> <span class='ocrx_word' id='word_1_327' title='bbox 1483 1910 1519 1935; x_wconf 89' lang='grc' dir='ltr'><strong>ιιι</strong></span> <span class='ocrx_word' id='word_1_328' title='bbox 1541 1899 1580 1935; x_wconf 71' lang='grc' dir='ltr'><strong>*ε</strong></span> <span class='ocrx_word' id='word_1_329' title='bbox 1609 1898 1817 1935; x_wconf 86' lang='lat' dir='ltr'><strong>Maledicta</strong></span> <span class='ocrx_word' id='word_1_330' title='bbox 1836 1903 1939 1934; x_wconf 89' lang='lat' dir='ltr'><strong>terra</strong></span> <span class='ocrx_word' id='word_1_331' title='bbox 1958 1898 1996 1934; x_wconf 89' lang='lat' dir='ltr'><strong>in</strong></span> <span class='ocrx_word' id='word_1_332' title='bbox 2016 1909 2130 1946; x_wconf 83' lang='lat' dir='ltr'><strong>opere</strong></span> <span class='ocrx_word' id='word_1_333' title='bbox 2147 1903 2231 1934; x_wconf 83' lang='lat' dir='ltr'><strong>tuo:</strong></span> <span class='ocrx_word' id='word_1_334' title='bbox 2258 1904 2301 1933; x_wconf 90' lang='lat' dir='ltr'><strong>ut</strong></span> <span class='ocrx_word' id='word_1_335' title='bbox 2319 1896 2461 1934; x_wconf 89' lang='lat' dir='ltr'><strong>scilicet</strong></span> <span class='ocrx_word' id='word_1_336' title='bbox 2478 1907 2549 1945; x_wconf 86' lang='lat' dir='ltr'><strong>per</strong></span> 
     </span>
     <span class='ocr_line' id='line_1_56' title="bbox 364 1949 2548 2002; baseline -0.003 -10"><span class='ocrx_word' id='word_1_337' title='bbox 364 1952 534 2002; x_wconf 89' lang='lat' dir='ltr'><strong>sceptiva</strong></span> <span class='ocrx_word' id='word_1_338' title='bbox 562 1966 632 1991; x_wconf 91' lang='lat' dir='ltr'><strong>nec</strong></span> <span class='ocrx_word' id='word_1_339' title='bbox 653 1954 786 2002; x_wconf 92' lang='lat' dir='ltr'><strong>culpae</strong></span> <span class='ocrx_word' id='word_1_340' title='bbox 815 1965 887 1990; x_wconf 92' lang='lat' dir='ltr'><strong>nec</strong></span> <span class='ocrx_word' id='word_1_341' title='bbox 913 1963 1075 2001; x_wconf 90' lang='lat' dir='ltr'><strong>poenae.</strong></span> <span class='ocrx_word' id='word_1_342' title='bbox 1106 1951 1209 1999; x_wconf 89' lang='lat' dir='ltr'><strong>Ergo</strong></span> <span class='ocrx_word' id='word_1_343' title='bbox 1239 1962 1326 1987; x_wconf 90' lang='lat' dir='ltr'><strong>eam</strong></span> <span class='ocrx_word' id='word_1_344' title='bbox 1350 1962 1431 1987; x_wconf 87' lang='lat' dir='ltr'><strong>ma—</strong></span> <span class='ocrx_word' id='word_1_345' title='bbox 1456 1949 1457 1956; x_wconf 73' lang='grc'>’</span> <span class='ocrx_word' id='word_1_346' title='bbox 1484 1951 1566 1988; x_wconf 86' lang='lat' dir='ltr'><strong>eius</strong></span> <span class='ocrx_word' id='word_1_347' title='bbox 1603 1951 1837 1988; x_wconf 85' lang='lat' dir='ltr'><strong>sterilitatem</strong></span> <span class='ocrx_word' id='word_1_348' title='bbox 1873 1951 1993 1988; x_wconf 90' lang='lat' dir='ltr'><strong>homo</strong></span> <span class='ocrx_word' id='word_1_349' title='bbox 2021 1950 2232 1999; x_wconf 87' lang='lat' dir='ltr'><strong>puniretur.</strong></span> <span class='ocrx_word' id='word_1_350' title='bbox 2274 1950 2324 1986; x_wconf 92' lang='lat' dir='ltr'><strong>Et</strong></span> <span class='ocrx_word' id='word_1_351' title='bbox 2354 1950 2406 1986; x_wconf 87' lang='lat' dir='ltr'><strong>ita</strong></span> <span class='ocrx_word' id='word_1_352' title='bbox 2434 1949 2548 1987; x_wconf 82' lang='lat' dir='ltr'><strong>etiam</strong></span> 
     </span>
     <span class='ocr_line' id='line_1_57' title="bbox 363 2002 2549 2053; baseline -0.003 -8"><span class='ocrx_word' id='word_1_353' title='bbox 363 2007 529 2045; x_wconf 88' lang='lat' dir='ltr'><strong>ledicere</strong></span> <span class='ocrx_word' id='word_1_354' title='bbox 558 2020 637 2044; x_wconf 90' lang='lat' dir='ltr'><strong>non</strong></span> <span class='ocrx_word' id='word_1_355' title='bbox 664 2006 759 2043; x_wconf 93' lang='lat' dir='ltr'><strong>licet.</strong></span> <span class='ocrx_word' id='word_1_356' title='bbox 1456 2003 1457 2006; x_wconf 69' lang='grc'>’</span> <span class='ocrx_word' id='word_1_357' title='bbox 1483 2004 1697 2052; x_wconf 88' lang='lat' dir='ltr'><strong>intelligitur</strong></span> <span class='ocrx_word' id='word_1_358' title='bbox 1730 2005 1833 2053; x_wconf 91' lang='lat' dir='ltr'><strong>quod</strong></span> <span class='ocrx_word' id='word_1_359' title='bbox 1862 2005 2024 2041; x_wconf 82' lang='lat' dir='ltr'><strong>habetur</strong></span> <span class='ocrx_word' id='word_1_360' title='bbox 2051 2004 2163 2040; x_wconf 88' lang='lat' dir='ltr'><strong>Deut.</strong></span> <span class='ocrx_word' id='word_1_361' title='bbox 2191 2014 2301 2039; x_wconf 81' lang='lat' dir='ltr'><strong>xxvln</strong></span> <span class='ocrx_word' id='word_1_362' title='bbox 2327 2002 2365 2039; x_wconf 74' lang='lat' dir='ltr'><strong>*z</strong></span> <span class='ocrx_word' id='word_1_363' title='bbox 2389 2002 2549 2040; x_wconf 81' lang='lat' dir='ltr'><strong>Benedi-</strong></span> 
     </span>
     <span class='ocr_line' id='line_1_58' title="bbox 419 2056 2549 2107; baseline -0.002 -10"><span class='ocrx_word' id='word_1_364' title='bbox 419 2072 454 2097; x_wconf 89' lang='lat'><strong>2.</strong></span> <span class='ocrx_word' id='word_1_365' title='bbox 469 2061 705 2107; x_wconf 72' lang='lat' dir='ltr'><strong>PRAETEREA,</strong></span> <span class='ocrx_word' id='word_1_366' title='bbox 724 2059 763 2096; x_wconf 90' lang='lat' dir='ltr'><strong>in</strong></span> <span class='ocrx_word' id='word_1_367' title='bbox 783 2066 954 2095; x_wconf 88' lang='lat' dir='ltr'><strong>creatura</strong></span> <span class='ocrx_word' id='word_1_368' title='bbox 982 2056 1187 2095; x_wconf 86' lang='lat' dir='ltr'><strong>irrationali</strong></span> <span class='ocrx_word' id='word_1_369' title='bbox 1207 2056 1298 2094; x_wconf 90' lang='lat' dir='ltr'><strong>nihil</strong></span> <span class='ocrx_word' id='word_1_370' title='bbox 1325 2056 1432 2094; x_wconf 88' lang='lat' dir='ltr'><strong>inve·</strong></span> <span class='ocrx_word' id='word_1_371' title='bbox 1456 2088 1458 2102; x_wconf 27' lang='grc' dir='ltr'><strong>ἱ</strong></span> <span class='ocrx_word' id='word_1_372' title='bbox 1483 2063 1543 2095; x_wconf 86' lang='lat' dir='ltr'><strong>cta</strong></span> <span class='ocrx_word' id='word_1_373' title='bbox 1570 2059 1710 2095; x_wconf 88' lang='lat' dir='ltr'><strong>horrea</strong></span> <span class='ocrx_word' id='word_1_374' title='bbox 1739 2063 1816 2103; x_wconf 87' lang='lat' dir='ltr'><strong>tua,</strong></span> <span class='ocrx_word' id='word_1_375' title='bbox 1841 2065 1878 2094; x_wconf 94' lang='lat' dir='ltr'><strong>et</strong></span> <span class='ocrx_word' id='word_1_376' title='bbox 1905 2057 2000 2094; x_wconf 84' lang='lat' dir='ltr'><strong>infra</strong></span> <span class='ocrx_word' id='word_1_377' title='bbox 2024 2056 2062 2093; x_wconf 74' lang='grc' dir='ltr'><strong>*ε</strong></span> <span class='ocrx_word' id='word_1_378' title='bbox 2091 2056 2342 2094; x_wconf 86' lang='lat' dir='ltr'><strong>Maledictum</strong></span> <span class='ocrx_word' id='word_1_379' title='bbox 2369 2056 2549 2092; x_wconf 84' lang='lat' dir='ltr'><strong>horreum</strong></span> 
     </span>
     <span class='ocr_line' id='line_1_59' title="bbox 365 2108 2548 2172; baseline -0.003 -21"><span class='ocrx_word' id='word_1_380' title='bbox 365 2113 465 2151; x_wconf 90' lang='lat' dir='ltr'><strong>nitur</strong></span> <span class='ocrx_word' id='word_1_381' title='bbox 492 2111 563 2150; x_wconf 89' lang='lat' dir='ltr'><strong>nisi</strong></span> <span class='ocrx_word' id='word_1_382' title='bbox 591 2121 737 2159; x_wconf 86' lang='lat' dir='ltr'><strong>natura,</strong></span> <span class='ocrx_word' id='word_1_383' title='bbox 758 2124 876 2160; x_wconf 90' lang='lat' dir='ltr'><strong>quam</strong></span> <span class='ocrx_word' id='word_1_384' title='bbox 904 2113 1009 2149; x_wconf 88' lang='lat' dir='ltr'><strong>Deus</strong></span> <span class='ocrx_word' id='word_1_385' title='bbox 1035 2109 1132 2147; x_wconf 80' lang='lat' dir='ltr'><strong>fecit.</strong></span> <span class='ocrx_word' id='word_1_386' title='bbox 1163 2111 1274 2146; x_wconf 91' lang='lat' dir='ltr'><strong>Hanc</strong></span> <span class='ocrx_word' id='word_1_387' title='bbox 1302 2117 1431 2146; x_wconf 88' lang='lat' dir='ltr'><strong>autem</strong></span> <span class='ocrx_word' id='word_1_388' title='bbox 1457 2134 1459 2172; x_wconf 27' lang='lat' dir='ltr'>k</span> <span class='ocrx_word' id='word_1_389' title='bbox 1482 2117 1600 2148; x_wconf 89' lang='lat' dir='ltr'><strong>tuum.</strong></span> <span class='ocrx_word' id='word_1_390' title='bbox 1623 2111 1687 2148; x_wconf 93' lang='lat' dir='ltr'><strong>Sic</strong></span> <span class='ocrx_word' id='word_1_391' title='bbox 1702 2111 1815 2148; x_wconf 90' lang='lat' dir='ltr'><strong>etiam</strong></span> <span class='ocrx_word' id='word_1_392' title='bbox 1831 2110 1959 2148; x_wconf 88' lang='lat' dir='ltr'><strong>David</strong></span> <span class='ocrx_word' id='word_1_393' title='bbox 1978 2109 2170 2147; x_wconf 86' lang='lat' dir='ltr'><strong>maledixit</strong></span> <span class='ocrx_word' id='word_1_394' title='bbox 2189 2116 2340 2146; x_wconf 89' lang='lat' dir='ltr'><strong>montes</strong></span> <span class='ocrx_word' id='word_1_395' title='bbox 2354 2109 2504 2146; x_wconf 89' lang='lat' dir='ltr'><strong>Gelboe</strong></span> <span class='ocrx_word' id='word_1_396' title='bbox 2515 2108 2548 2156; x_wconf 75' lang='lat'><strong>¹⁸,</strong></span> 
     </span>
     <span class='ocr_line' id='line_1_60' title="bbox 366 2161 2549 2213; baseline -0.002 -9"><span class='ocrx_word' id='word_1_397' title='bbox 366 2165 594 2205; x_wconf 88' lang='lat' dir='ltr'><strong>maledicere</strong></span> <span class='ocrx_word' id='word_1_398' title='bbox 614 2179 692 2203; x_wconf 91' lang='lat' dir='ltr'><strong>non</strong></span> <span class='ocrx_word' id='word_1_399' title='bbox 715 2166 814 2213; x_wconf 92' lang='lat' dir='ltr'><strong>licet,</strong></span> <span class='ocrx_word' id='word_1_400' title='bbox 845 2164 957 2202; x_wconf 89' lang='lat' dir='ltr'><strong>etiam</strong></span> <span class='ocrx_word' id='word_1_401' title='bbox 981 2164 1020 2201; x_wconf 91' lang='lat' dir='ltr'><strong>in</strong></span> <span class='ocrx_word' id='word_1_402' title='bbox 1039 2163 1206 2210; x_wconf 84' lang='lat' dir='ltr'><strong>diabolo,</strong></span> <span class='ocrx_word' id='word_1_403' title='bbox 1226 2170 1269 2200; x_wconf 90' lang='lat' dir='ltr'><strong>ut</strong></span> <span class='ocrx_word' id='word_1_404' title='bbox 1287 2163 1431 2200; x_wconf 91' lang='lat' dir='ltr'><strong>dictum</strong></span> <span class='ocrx_word' id='word_1_405' title='bbox 1457 2173 1459 2205; x_wconf 60' lang='lat' dir='ltr'><strong>l</strong></span> <span class='ocrx_word' id='word_1_406' title='bbox 1484 2166 1697 2202; x_wconf 90' lang='lat' dir='ltr'><strong>secundum</strong></span> <span class='ocrx_word' id='word_1_407' title='bbox 1722 2163 1896 2212; x_wconf 88' lang='lat' dir='ltr'><strong>Gregorii</strong></span> <span class='ocrx_word' id='word_1_408' title='bbox 1919 2163 2198 2212; x_wconf 87' lang='lat' dir='ltr'><strong>expositionem</strong></span> <span class='ocrx_word' id='word_1_409' title='bbox 2217 2162 2248 2199; x_wconf 72' lang='lat'><strong>³¹².</strong></span> <span class='ocrx_word' id='word_1_410' title='bbox 2269 2182 2293 2189; x_wconf 93' lang='lat'><em>-</em></span> <span class='ocrx_word' id='word_1_411' title='bbox 2321 2161 2408 2198; x_wconf 90' lang='lat' dir='ltr'><strong>Alio</strong></span> <span class='ocrx_word' id='word_1_412' title='bbox 2429 2162 2549 2200; x_wconf 83' lang='lat' dir='ltr'><strong>modo</strong></span> 
     </span>
     <span class='ocr_line' id='line_1_61' title="bbox 366 2214 2551 2278; baseline -0.003 -21"><span class='ocrx_word' id='word_1_413' title='bbox 366 2227 422 2258; x_wconf 89' lang='lat' dir='ltr'><strong>est</strong></span> <span class='ocrx_word' id='word_1_414' title='bbox 440 2219 471 2257; x_wconf 66' lang='lat'><strong>²¹³.</strong></span> <span class='ocrx_word' id='word_1_415' title='bbox 511 2219 613 2268; x_wconf 88' lang='lat' dir='ltr'><strong>Ergo</strong></span> <span class='ocrx_word' id='word_1_416' title='bbox 644 2226 857 2257; x_wconf 90' lang='lat' dir='ltr'><strong>creaturam</strong></span> <span class='ocrx_word' id='word_1_417' title='bbox 891 2217 1148 2255; x_wconf 89' lang='lat' dir='ltr'><strong>irrationalem</strong></span> <span class='ocrx_word' id='word_1_418' title='bbox 1178 2217 1282 2253; x_wconf 92' lang='lat' dir='ltr'><strong>nullo</strong></span> <span class='ocrx_word' id='word_1_419' title='bbox 1312 2215 1432 2253; x_wconf 90' lang='lat' dir='ltr'><strong>modo</strong></span> <span class='ocrx_word' id='word_1_420' title='bbox 1457 2214 1459 2278; x_wconf 68' lang='grc' dir='ltr'><strong>Ῑ</strong></span> <span class='ocrx_word' id='word_1_421' title='bbox 1485 2225 1656 2255; x_wconf 89' lang='lat' dir='ltr'><strong>creatura</strong></span> <span class='ocrx_word' id='word_1_422' title='bbox 1684 2217 1908 2254; x_wconf 88' lang='lat' dir='ltr'><strong>irrationalis</strong></span> <span class='ocrx_word' id='word_1_423' title='bbox 1937 2217 2133 2254; x_wconf 90' lang='lat' dir='ltr'><strong>ordinatur</strong></span> <span class='ocrx_word' id='word_1_424' title='bbox 2152 2216 2201 2253; x_wconf 88' lang='lat' dir='ltr'><strong>ad</strong></span> <span class='ocrx_word' id='word_1_425' title='bbox 2229 2215 2454 2252; x_wconf 86' lang='lat' dir='ltr'><strong>rationalem</strong></span> <span class='ocrx_word' id='word_1_426' title='bbox 2480 2226 2551 2264; x_wconf 80' lang='lat' dir='ltr'><strong>per</strong></span> 
     </span>
     <span class='ocr_line' id='line_1_62' title="bbox 366 2268 2553 2320; baseline -0.002 -10"><span class='ocrx_word' id='word_1_427' title='bbox 366 2274 452 2311; x_wconf 90' lang='lat' dir='ltr'><strong>licet</strong></span> <span class='ocrx_word' id='word_1_428' title='bbox 480 2273 720 2311; x_wconf 84' lang='lat' dir='ltr'><strong>maledicere.</strong></span> <span class='ocrx_word' id='word_1_429' title='bbox 1458 2302 1459 2313; x_wconf 65' lang='grc'>,</span> <span class='ocrx_word' id='word_1_430' title='bbox 1485 2271 1648 2309; x_wconf 89' lang='lat' dir='ltr'><strong>modum</strong></span> <span class='ocrx_word' id='word_1_431' title='bbox 1668 2270 1961 2320; x_wconf 87' lang='lat' dir='ltr'><strong>significationis.</strong></span> <span class='ocrx_word' id='word_1_432' title='bbox 1991 2271 2041 2307; x_wconf 91' lang='lat' dir='ltr'><strong>Et</strong></span> <span class='ocrx_word' id='word_1_433' title='bbox 2069 2269 2122 2307; x_wconf 88' lang='lat' dir='ltr'><strong>sic</strong></span> <span class='ocrx_word' id='word_1_434' title='bbox 2141 2269 2334 2307; x_wconf 88' lang='lat' dir='ltr'><strong>Dominus</strong></span> <span class='ocrx_word' id='word_1_435' title='bbox 2359 2268 2553 2307; x_wconf 84' lang='lat' dir='ltr'><strong>maledixit</strong></span> 
     </span>
     <span class='ocr_line' id='line_1_63' title="bbox 422 2321 2550 2382; baseline -0.002 -19"><span class='ocrx_word' id='word_1_436' title='bbox 422 2327 456 2363; x_wconf 89' lang='lat'><strong>3.</strong></span> <span class='ocrx_word' id='word_1_437' title='bbox 482 2326 717 2373; x_wconf 74' lang='lat' dir='ltr'><strong>PRAETEREA,</strong></span> <span class='ocrx_word' id='word_1_438' title='bbox 738 2332 911 2362; x_wconf 86' lang='lat' dir='ltr'><strong>creatura</strong></span> <span class='ocrx_word' id='word_1_439' title='bbox 938 2322 1162 2361; x_wconf 89' lang='lat' dir='ltr'><strong>irrationalis</strong></span> <span class='ocrx_word' id='word_1_440' title='bbox 1182 2329 1248 2359; x_wconf 92' lang='lat' dir='ltr'><strong>aut</strong></span> <span class='ocrx_word' id='word_1_441' title='bbox 1270 2329 1326 2359; x_wconf 91' lang='lat' dir='ltr'><strong>est</strong></span> <span class='ocrx_word' id='word_1_442' title='bbox 1348 2334 1434 2371; x_wconf 89' lang='lat' dir='ltr'><strong>per·</strong></span> <span class='ocrx_word' id='word_1_443' title='bbox 1458 2324 1460 2382; x_wconf 64' lang='lat' dir='ltr'>j</span> <span class='ocrx_word' id='word_1_444' title='bbox 1484 2325 1712 2370; x_wconf 88' lang='lat' dir='ltr'><strong>ficulneam,</strong></span> <span class='ocrx_word' id='word_1_445' title='bbox 1743 2324 1781 2360; x_wconf 92' lang='lat' dir='ltr'><strong>in</strong></span> <span class='ocrx_word' id='word_1_446' title='bbox 1811 2323 2127 2372; x_wconf 88' lang='lat' dir='ltr'><strong>significationem</strong></span> <span class='ocrx_word' id='word_1_447' title='bbox 2166 2322 2342 2359; x_wconf 87' lang='lat' dir='ltr'><strong>Iudaeae.</strong></span> <span class='ocrx_word' id='word_1_448' title='bbox 2362 2337 2388 2350; x_wconf 75' lang='lat'>-</span> <span class='ocrx_word' id='word_1_449' title='bbox 2417 2321 2550 2359; x_wconf 85' lang='lat' dir='ltr'><strong>Tertio</strong></span> 
     </span>
     <span class='ocr_line' id='line_1_64' title="bbox 366 2374 2551 2427; baseline -0.002 -11"><span class='ocrx_word' id='word_1_450' title='bbox 366 2391 549 2426; x_wconf 84' lang='lat' dir='ltr'><strong>manenS,</strong></span> <span class='ocrx_word' id='word_1_451' title='bbox 579 2379 676 2416; x_wconf 91' lang='lat' dir='ltr'><strong>sicut</strong></span> <span class='ocrx_word' id='word_1_452' title='bbox 704 2389 888 2427; x_wconf 81' lang='lat' dir='ltr'><strong>corpora3</strong></span> <span class='ocrx_word' id='word_1_453' title='bbox 927 2384 992 2414; x_wconf 92' lang='lat' dir='ltr'><strong>aut</strong></span> <span class='ocrx_word' id='word_1_454' title='bbox 1019 2384 1075 2414; x_wconf 89' lang='lat' dir='ltr'><strong>est</strong></span> <span class='ocrx_word' id='word_1_455' title='bbox 1101 2375 1309 2422; x_wconf 84' lang='lat' dir='ltr'><strong>transiens,</strong></span> <span class='ocrx_word' id='word_1_456' title='bbox 1338 2375 1434 2412; x_wconf 88' lang='lat' dir='ltr'><strong>sicut</strong></span> <span class='ocrx_word' id='word_1_457' title='bbox 1458 2385 1460 2419; x_wconf 62' lang='grc' dir='ltr'>ι</span> <span class='ocrx_word' id='word_1_458' title='bbox 1486 2378 1605 2415; x_wconf 87' lang='lat' dir='ltr'><strong>modo</strong></span> <span class='ocrx_word' id='word_1_459' title='bbox 1635 2377 1831 2415; x_wconf 85' lang='lat' dir='ltr'><strong>ordinatur</strong></span> <span class='ocrx_word' id='word_1_460' title='bbox 1859 2384 2031 2414; x_wconf 89' lang='lat' dir='ltr'><strong>creatura</strong></span> <span class='ocrx_word' id='word_1_461' title='bbox 2058 2375 2282 2413; x_wconf 89' lang='lat' dir='ltr'><strong>irrationalis</strong></span> <span class='ocrx_word' id='word_1_462' title='bbox 2311 2374 2361 2412; x_wconf 87' lang='lat' dir='ltr'><strong>ad</strong></span> <span class='ocrx_word' id='word_1_463' title='bbox 2387 2374 2551 2413; x_wconf 83' lang='lat' dir='ltr'><strong>rationa-</strong></span> 
     </span>
     <span class='ocr_line' id='line_1_65' title="bbox 367 2428 2555 2481; baseline -0.003 -11"><span class='ocrx_word' id='word_1_464' title='bbox 367 2441 554 2481; x_wconf 83' lang='lat' dir='ltr'><strong>tempora.</strong></span> <span class='ocrx_word' id='word_1_465' title='bbox 577 2432 653 2470; x_wconf 91' lang='lat' dir='ltr'><strong>Sed</strong></span> <span class='ocrx_word' id='word_1_466' title='bbox 670 2431 765 2469; x_wconf 92' lang='lat' dir='ltr'><strong>sicut</strong></span> <span class='ocrx_word' id='word_1_467' title='bbox 779 2430 986 2478; x_wconf 83' lang='lat' dir='ltr'><strong>Gregorius</strong></span> <span class='ocrx_word' id='word_1_468' title='bbox 1002 2429 1101 2476; x_wconf 88' lang='lat' dir='ltr'><strong>dicit,</strong></span> <span class='ocrx_word' id='word_1_469' title='bbox 1117 2429 1156 2466; x_wconf 92' lang='lat' dir='ltr'><strong>in</strong></span> <span class='ocrx_word' id='word_1_470' title='bbox 1172 2430 1223 2466; x_wconf 90' lang='lat' dir='ltr'><strong>IV</strong></span> <span class='ocrx_word' id='word_1_471' title='bbox 1241 2429 1386 2466; x_wconf 86' lang='lat' dir='ltr'><strong>Moral.</strong></span> <span class='ocrx_word' id='word_1_472' title='bbox 1400 2429 1432 2476; x_wconf 79' lang='lat'><strong>*,</strong></span> <span class='ocrx_word' id='word_1_473' title='bbox 1459 2437 1461 2474; x_wconf 65' lang='grc' dir='ltr'>ξ</span> <span class='ocrx_word' id='word_1_474' title='bbox 1485 2432 1560 2468; x_wconf 86' lang='lat' dir='ltr'><strong>lem</strong></span> <span class='ocrx_word' id='word_1_475' title='bbox 1581 2443 1651 2480; x_wconf 88' lang='lat' dir='ltr'><strong>per</strong></span> <span class='ocrx_word' id='word_1_476' title='bbox 1669 2432 1831 2468; x_wconf 87' lang='lat' dir='ltr'><strong>modum</strong></span> <span class='ocrx_word' id='word_1_477' title='bbox 1861 2429 2098 2476; x_wconf 88' lang='lat' dir='ltr'><strong>continentis,</strong></span> <span class='ocrx_word' id='word_1_478' title='bbox 2119 2429 2262 2466; x_wconf 85' lang='lat' dir='ltr'><strong>scilicet</strong></span> <span class='ocrx_word' id='word_1_479' title='bbox 2284 2428 2470 2476; x_wconf 86' lang='lat' dir='ltr'><strong>temporis</strong></span> <span class='ocrx_word' id='word_1_480' title='bbox 2487 2428 2555 2464; x_wconf 86' lang='lat' dir='ltr'><strong>ve}</strong></span> 
     </span>
     <span class='ocr_line' id='line_1_66' title="bbox 368 2477 2550 2528; baseline -0.003 -5"><span class='ocrx_word' id='word_1_481' title='bbox 368 2487 527 2523; x_wconf 86' lang='lat' dir='ltr'><strong>otiosum</strong></span> <span class='ocrx_word' id='word_1_482' title='bbox 547 2492 602 2523; x_wconf 81' lang='lat' dir='ltr'><strong>est</strong></span> <span class='ocrx_word' id='word_1_483' title='bbox 618 2485 841 2523; x_wconf 85' lang='lat' dir='ltr'><strong>maledicere</strong></span> <span class='ocrx_word' id='word_1_484' title='bbox 859 2496 934 2520; x_wconf 90' lang='lat' dir='ltr'><strong>non</strong></span> <span class='ocrx_word' id='word_1_485' title='bbox 953 2483 1142 2527; x_wconf 83' lang='lat' dir='ltr'><strong>existenti‚·</strong></span> <span class='ocrx_word' id='word_1_486' title='bbox 1154 2483 1328 2519; x_wconf 79' lang='lat' dir='ltr'><strong>vitiosum</strong></span> <span class='ocrx_word' id='word_1_487' title='bbox 1343 2493 1434 2518; x_wconf 78' lang='lat' dir='ltr'><strong>vero</strong></span> <span class='ocrx_word' id='word_1_488' title='bbox 1459 2477 1461 2494; x_wconf 65' lang='lat'><strong>¹</strong></span> <span class='ocrx_word' id='word_1_489' title='bbox 1485 2485 1570 2521; x_wconf 90' lang='lat' dir='ltr'><strong>loci.</strong></span> <span class='ocrx_word' id='word_1_490' title='bbox 1615 2485 1664 2520; x_wconf 90' lang='lat' dir='ltr'><strong>Et</strong></span> <span class='ocrx_word' id='word_1_491' title='bbox 1691 2483 1745 2520; x_wconf 91' lang='lat' dir='ltr'><strong>sic</strong></span> <span class='ocrx_word' id='word_1_492' title='bbox 1773 2482 1967 2520; x_wconf 87' lang='lat' dir='ltr'><strong>maledixit</strong></span> <span class='ocrx_word' id='word_1_493' title='bbox 2005 2482 2073 2519; x_wconf 94' lang='lat' dir='ltr'><strong>Iob</strong></span> <span class='ocrx_word' id='word_1_494' title='bbox 2103 2481 2177 2519; x_wconf 90' lang='lat' dir='ltr'><strong>diei</strong></span> <span class='ocrx_word' id='word_1_495' title='bbox 2206 2479 2409 2518; x_wconf 87' lang='lat' dir='ltr'><strong>nativitatis</strong></span> <span class='ocrx_word' id='word_1_496' title='bbox 2445 2488 2550 2528; x_wconf 78' lang='lat' dir='ltr'><strong>suae,</strong></span> 
     </span>
     <span class='ocr_line' id='line_1_67' title="bbox 368 2533 2552 2586; baseline -0.003 -10"><span class='ocrx_word' id='word_1_497' title='bbox 368 2540 402 2577; x_wconf 76' lang='lat' dir='ltr'><strong>si</strong></span> <span class='ocrx_word' id='word_1_498' title='bbox 427 2539 612 2576; x_wconf 84' lang='lat' dir='ltr'><strong>existeret.</strong></span> <span class='ocrx_word' id='word_1_499' title='bbox 658 2539 761 2586; x_wconf 85' lang='lat' dir='ltr'><strong>Ergo</strong></span> <span class='ocrx_word' id='word_1_500' title='bbox 799 2537 902 2574; x_wconf 91' lang='lat' dir='ltr'><strong>nullo</strong></span> <span class='ocrx_word' id='word_1_501' title='bbox 932 2536 1051 2574; x_wconf 90' lang='lat' dir='ltr'><strong>modo</strong></span> <span class='ocrx_word' id='word_1_502' title='bbox 1088 2535 1174 2572; x_wconf 90' lang='lat' dir='ltr'><strong>licet</strong></span> <span class='ocrx_word' id='word_1_503' title='bbox 1200 2535 1435 2574; x_wconf 69' lang='lat' dir='ltr'><strong>,maledicere</strong></span> <span class='ocrx_word' id='word_1_504' title='bbox 1486 2544 1644 2586; x_wconf 88' lang='lat' dir='ltr'><strong>propter</strong></span> <span class='ocrx_word' id='word_1_505' title='bbox 1663 2537 1814 2585; x_wconf 90' lang='lat' dir='ltr'><strong>culpam</strong></span> <span class='ocrx_word' id='word_1_506' title='bbox 1835 2535 2070 2583; x_wconf 86' lang='lat' dir='ltr'><strong>originalem,</strong></span> <span class='ocrx_word' id='word_1_507' title='bbox 2099 2546 2216 2582; x_wconf 89' lang='lat' dir='ltr'><strong>quam</strong></span> <span class='ocrx_word' id='word_1_508' title='bbox 2246 2533 2440 2571; x_wconf 83' lang='lat' dir='ltr'><strong>nascendo</strong></span> <span class='ocrx_word' id='word_1_509' title='bbox 2461 2545 2552 2570; x_wconf 88' lang='lat' dir='ltr'><strong>con-</strong></span> 
     </span>
     <span class='ocr_line' id='line_1_68' title="bbox 371 2587 2554 2638; baseline -0.003 -9"><span class='ocrx_word' id='word_1_510' title='bbox 371 2599 565 2630; x_wconf 87' lang='lat' dir='ltr'><strong>creaturae</strong></span> <span class='ocrx_word' id='word_1_511' title='bbox 594 2590 811 2629; x_wconf 90' lang='lat' dir='ltr'><strong>irrationali.</strong></span> <span class='ocrx_word' id='word_1_512' title='bbox 1461 2596 1462 2628; x_wconf 67' lang='lat' dir='ltr'><strong>l</strong></span> <span class='ocrx_word' id='word_1_513' title='bbox 1486 2590 1615 2636; x_wconf 70' lang='lat' dir='ltr'><strong>traxit,</strong></span> <span class='ocrx_word' id='word_1_514' title='bbox 1637 2597 1674 2626; x_wconf 91' lang='lat' dir='ltr'><strong>et</strong></span> <span class='ocrx_word' id='word_1_515' title='bbox 1701 2597 1856 2638; x_wconf 91' lang='lat' dir='ltr'><strong>propter</strong></span> <span class='ocrx_word' id='word_1_516' title='bbox 1876 2596 2078 2637; x_wconf 87' lang='lat' dir='ltr'><strong>sequentes</strong></span> <span class='ocrx_word' id='word_1_517' title='bbox 2102 2587 2362 2636; x_wconf 87' lang='lat' dir='ltr'><strong>poenalitates.</strong></span> <span class='ocrx_word' id='word_1_518' title='bbox 2394 2587 2443 2623; x_wconf 88' lang='lat' dir='ltr'><strong>Et</strong></span> <span class='ocrx_word' id='word_1_519' title='bbox 2465 2598 2554 2635; x_wconf 59' lang='lat' dir='ltr'><strong>pro-e</strong></span> 
     </span>
     <span class='ocr_line' id='line_1_69' title="bbox 425 2639 2552 2693; baseline -0.003 -10"><span class='ocrx_word' id='word_1_520' title='bbox 425 2646 501 2682; x_wconf 81' lang='lat' dir='ltr'><strong>SED</strong></span> <span class='ocrx_word' id='word_1_521' title='bbox 530 2656 677 2682; x_wconf 78' lang='lat' dir='ltr'>CONTRA</span> <span class='ocrx_word' id='word_1_522' title='bbox 704 2655 771 2681; x_wconf 84' lang='lat' dir='ltr'><strong>EST</strong></span> <span class='ocrx_word' id='word_1_523' title='bbox 799 2642 904 2692; x_wconf 90' lang='lat' dir='ltr'><strong>quod</strong></span> <span class='ocrx_word' id='word_1_524' title='bbox 941 2641 1133 2679; x_wconf 91' lang='lat' dir='ltr'><strong>Dominus</strong></span> <span class='ocrx_word' id='word_1_525' title='bbox 1171 2641 1365 2678; x_wconf 89' lang='lat' dir='ltr'><strong>maledixit</strong></span> <span class='ocrx_word' id='word_1_526' title='bbox 1392 2641 1436 2678; x_wconf 84' lang='lat' dir='ltr'><strong>fi·</strong></span> <span class='ocrx_word' id='word_1_527' title='bbox 1487 2652 1571 2693; x_wconf 90' lang='lat' dir='ltr'><strong>pter</strong></span> <span class='ocrx_word' id='word_1_528' title='bbox 1598 2644 1673 2680; x_wconf 95' lang='lat' dir='ltr'><strong>hoc</strong></span> <span class='ocrx_word' id='word_1_529' title='bbox 1694 2642 1806 2679; x_wconf 88' lang='lat' dir='ltr'><strong>etiam</strong></span> <span class='ocrx_word' id='word_1_530' title='bbox 1835 2649 1960 2690; x_wconf 90' lang='lat' dir='ltr'><strong>potest</strong></span> <span class='ocrx_word' id='word_1_531' title='bbox 1983 2641 2137 2689; x_wconf 89' lang='lat' dir='ltr'><strong>intelligi</strong></span> <span class='ocrx_word' id='word_1_532' title='bbox 2165 2640 2292 2678; x_wconf 87' lang='lat' dir='ltr'><strong>David</strong></span> <span class='ocrx_word' id='word_1_533' title='bbox 2312 2639 2552 2677; x_wconf 74' lang='lat' dir='ltr'><strong>maledixisse</strong></span> 
     </span>
     <span class='ocr_line' id='line_1_70' title="bbox 372 2692 2554 2745; baseline -0.001 -13"><span class='ocrx_word' id='word_1_534' title='bbox 372 2699 550 2745; x_wconf 85' lang='lat' dir='ltr'><strong>culneae,</strong></span> <span class='ocrx_word' id='word_1_535' title='bbox 580 2706 622 2735; x_wconf 92' lang='lat' dir='ltr'><strong>ut</strong></span> <span class='ocrx_word' id='word_1_536' title='bbox 647 2697 810 2735; x_wconf 83' lang='lat' dir='ltr'><strong>habetur</strong></span> <span class='ocrx_word' id='word_1_537' title='bbox 838 2696 972 2733; x_wconf 88' lang='lat' dir='ltr'><strong>Matth.</strong></span> <span class='ocrx_word' id='word_1_538' title='bbox 997 2707 1057 2731; x_wconf 76' lang='lat' dir='ltr'><strong>xxi</strong></span> <span class='ocrx_word' id='word_1_539' title='bbox 1076 2694 1116 2738; x_wconf 73' lang='grc' dir='ltr'><strong>*ς</strong></span> <span class='ocrx_word' id='word_1_540' title='bbox 1154 2701 1189 2730; x_wconf 90' lang='lat' dir='ltr'><strong>et</strong></span> <span class='ocrx_word' id='word_1_541' title='bbox 1228 2695 1294 2731; x_wconf 83' lang='lat' dir='ltr'><strong>Iob</strong></span> <span class='ocrx_word' id='word_1_542' title='bbox 1322 2694 1436 2731; x_wconf 89' lang='lat' dir='ltr'><strong>male·</strong></span> <span class='ocrx_word' id='word_1_543' title='bbox 1489 2697 1684 2734; x_wconf 88' lang='lat' dir='ltr'><strong>montibus</strong></span> <span class='ocrx_word' id='word_1_544' title='bbox 1713 2696 1878 2742; x_wconf 89' lang='lat' dir='ltr'><strong>Gelboe,</strong></span> <span class='ocrx_word' id='word_1_545' title='bbox 1907 2702 1949 2731; x_wconf 89' lang='lat' dir='ltr'><strong>ut</strong></span> <span class='ocrx_word' id='word_1_546' title='bbox 1975 2694 2108 2743; x_wconf 86' lang='lat' dir='ltr'><strong>legitur</strong></span> <span class='ocrx_word' id='word_1_547' title='bbox 2137 2694 2168 2730; x_wconf 86' lang='grc' dir='ltr'><strong>ΙΙ</strong></span> <span class='ocrx_word' id='word_1_548' title='bbox 2194 2695 2292 2743; x_wconf 82' lang='lat' dir='ltr'><strong>Reg.</strong></span> <span class='ocrx_word' id='word_1_549' title='bbox 2314 2705 2324 2730; x_wconf 93' lang='lat'>1</span> <span class='ocrx_word' id='word_1_550' title='bbox 2343 2692 2384 2729; x_wconf 77' lang='grc' dir='ltr'><strong>*τ</strong></span> <span class='ocrx_word' id='word_1_551' title='bbox 2414 2692 2554 2730; x_wconf 89' lang='lat' dir='ltr'><strong>scilicet</strong></span> 
     </span>
     <span class='ocr_line' id='line_1_71' title="bbox 372 2745 2552 2799; baseline -0.003 -11"><span class='ocrx_word' id='word_1_552' title='bbox 372 2751 468 2789; x_wconf 89' lang='lat' dir='ltr'><strong>dixit</strong></span> <span class='ocrx_word' id='word_1_553' title='bbox 494 2751 569 2788; x_wconf 83' lang='lat' dir='ltr'><strong>diei</strong></span> <span class='ocrx_word' id='word_1_554' title='bbox 593 2763 673 2797; x_wconf 81' lang='lat' dir='ltr'><strong>suo,</strong></span> <span class='ocrx_word' id='word_1_555' title='bbox 703 2758 744 2787; x_wconf 91' lang='lat' dir='ltr'><strong>ut</strong></span> <span class='ocrx_word' id='word_1_556' title='bbox 771 2749 933 2786; x_wconf 89' lang='lat' dir='ltr'><strong>habetur</strong></span> <span class='ocrx_word' id='word_1_557' title='bbox 959 2749 1030 2784; x_wconf 85' lang='lat' dir='ltr'><strong>Iob</strong></span> <span class='ocrx_word' id='word_1_558' title='bbox 1049 2759 1085 2784; x_wconf 89' lang='lat'><strong>111</strong></span> <span class='ocrx_word' id='word_1_559' title='bbox 1104 2747 1136 2784; x_wconf 70' lang='lat'><strong>²¹⁸.</strong></span> <span class='ocrx_word' id='word_1_560' title='bbox 1488 2757 1646 2799; x_wconf 90' lang='lat' dir='ltr'><strong>propter</strong></span> <span class='ocrx_word' id='word_1_561' title='bbox 1673 2748 1832 2786; x_wconf 87' lang='lat' dir='ltr'><strong>caedem</strong></span> <span class='ocrx_word' id='word_1_562' title='bbox 1869 2747 2003 2797; x_wconf 88' lang='lat' dir='ltr'><strong>populi</strong></span> <span class='ocrx_word' id='word_1_563' title='bbox 2030 2759 2130 2795; x_wconf 92' lang='lat' dir='ltr'><strong>quae</strong></span> <span class='ocrx_word' id='word_1_564' title='bbox 2167 2746 2206 2783; x_wconf 90' lang='lat' dir='ltr'><strong>in</strong></span> <span class='ocrx_word' id='word_1_565' title='bbox 2241 2746 2296 2783; x_wconf 90' lang='lat' dir='ltr'><strong>eis</strong></span> <span class='ocrx_word' id='word_1_566' title='bbox 2333 2745 2552 2794; x_wconf 80' lang='lat' dir='ltr'><strong>contigerat.</strong></span> 
     </span>
     <span class='ocr_line' id='line_1_72' title="bbox 426 2798 2554 2850; baseline -0.005 -8"><span class='ocrx_word' id='word_1_567' title='bbox 426 2806 651 2842; x_wconf 63' lang='lat' dir='ltr'><strong>Respoumzo</strong></span> <span class='ocrx_word' id='word_1_568' title='bbox 679 2813 865 2840; x_wconf 62' lang='lat' dir='ltr'><strong>menapum</strong></span> <span class='ocrx_word' id='word_1_569' title='bbox 894 2801 998 2850; x_wconf 91' lang='lat' dir='ltr'><strong>quod</strong></span> <span class='ocrx_word' id='word_1_570' title='bbox 1026 2800 1242 2838; x_wconf 90' lang='lat' dir='ltr'><strong>benedictio</strong></span> <span class='ocrx_word' id='word_1_571' title='bbox 1271 2800 1334 2837; x_wconf 88' lang='lat' dir='ltr'><strong>vel</strong></span> <span class='ocrx_word' id='word_1_572' title='bbox 1356 2811 1437 2836; x_wconf 83' lang='lat' dir='ltr'><strong>ma·</strong></span> <span class='ocrx_word' id='word_1_573' title='bbox 1462 2799 1464 2801; x_wconf 73' lang='grc'>’</span> <span class='ocrx_word' id='word_1_574' title='bbox 1543 2802 1773 2840; x_wconf 86' lang='lat' dir='ltr'><strong>Maledicere</strong></span> <span class='ocrx_word' id='word_1_575' title='bbox 1801 2809 1930 2838; x_wconf 88' lang='lat' dir='ltr'><strong>autem</strong></span> <span class='ocrx_word' id='word_1_576' title='bbox 1950 2801 2064 2838; x_wconf 91' lang='lat' dir='ltr'><strong>rebus</strong></span> <span class='ocrx_word' id='word_1_577' title='bbox 2086 2799 2366 2838; x_wconf 86' lang='lat' dir='ltr'><strong>irrationalibus</strong></span> <span class='ocrx_word' id='word_1_578' title='bbox 2393 2798 2554 2847; x_wconf 73' lang='lat' dir='ltr'><strong>inquan-</strong></span> 
     </span>
     <span class='ocr_line' id='line_1_73' title="bbox 372 2852 2554 2904; baseline -0.002 -9"><span class='ocrx_word' id='word_1_579' title='bbox 372 2858 522 2895; x_wconf 90' lang='lat' dir='ltr'><strong>ledictio</strong></span> <span class='ocrx_word' id='word_1_580' title='bbox 543 2858 591 2895; x_wconf 90' lang='lat' dir='ltr'><strong>ad</strong></span> <span class='ocrx_word' id='word_1_581' title='bbox 621 2857 723 2894; x_wconf 86' lang='lat' dir='ltr'><strong>illam</strong></span> <span class='ocrx_word' id='word_1_582' title='bbox 751 2868 831 2893; x_wconf 90' lang='lat' dir='ltr'><strong>rem</strong></span> <span class='ocrx_word' id='word_1_583' title='bbox 859 2854 1014 2904; x_wconf 90' lang='lat' dir='ltr'><strong>proprie</strong></span> <span class='ocrx_word' id='word_1_584' title='bbox 1041 2853 1203 2903; x_wconf 90' lang='lat' dir='ltr'><strong>pertinet</strong></span> <span class='ocrx_word' id='word_1_585' title='bbox 1229 2853 1288 2890; x_wconf 92' lang='lat' dir='ltr'><strong>cui</strong></span> <span class='ocrx_word' id='word_1_586' title='bbox 1313 2859 1439 2901; x_wconf 88' lang='lat' dir='ltr'><strong>potest</strong></span> <span class='ocrx_word' id='word_1_587' title='bbox 1463 2862 1464 2866; x_wconf 75' lang='grc'>’</span> <span class='ocrx_word' id='word_1_588' title='bbox 1489 2864 1571 2893; x_wconf 89' lang='lat' dir='ltr'><strong>tum</strong></span> <span class='ocrx_word' id='word_1_589' title='bbox 1600 2863 1687 2892; x_wconf 92' lang='lat' dir='ltr'><strong>sunt</strong></span> <span class='ocrx_word' id='word_1_590' title='bbox 1715 2861 1911 2892; x_wconf 87' lang='lat' dir='ltr'><strong>creaturae</strong></span> <span class='ocrx_word' id='word_1_591' title='bbox 1940 2854 2034 2900; x_wconf 91' lang='lat' dir='ltr'><strong>Dei,</strong></span> <span class='ocrx_word' id='word_1_592' title='bbox 2065 2861 2121 2891; x_wconf 91' lang='lat' dir='ltr'><strong>est</strong></span> <span class='ocrx_word' id='word_1_593' title='bbox 2147 2860 2348 2902; x_wconf 88' lang='lat' dir='ltr'><strong>peccatum</strong></span> <span class='ocrx_word' id='word_1_594' title='bbox 2378 2852 2554 2901; x_wconf 77' lang='lat' dir='ltr'><strong>blasphe-</strong></span> 
     </span>
     <span class='ocr_line' id='line_1_74' title="bbox 374 2905 2551 2959; baseline -0.006 -11"><span class='ocrx_word' id='word_1_595' title='bbox 374 2911 515 2959; x_wconf 86' lang='lat' dir='ltr'><strong>aliquid</strong></span> <span class='ocrx_word' id='word_1_596' title='bbox 534 2911 633 2948; x_wconf 89' lang='lat' dir='ltr'><strong>bene</strong></span> <span class='ocrx_word' id='word_1_597' title='bbox 648 2911 710 2947; x_wconf 91' lang='lat' dir='ltr'><strong>vel</strong></span> <span class='ocrx_word' id='word_1_598' title='bbox 730 2910 829 2946; x_wconf 88' lang='lat' dir='ltr'><strong>male</strong></span> <span class='ocrx_word' id='word_1_599' title='bbox 850 2908 1080 2956; x_wconf 88' lang='lat' dir='ltr'><strong>contingere,</strong></span> <span class='ocrx_word' id='word_1_600' title='bbox 1102 2906 1243 2944; x_wconf 88' lang='lat' dir='ltr'><strong>scilicet</strong></span> <span class='ocrx_word' id='word_1_601' title='bbox 1267 2905 1439 2943; x_wconf 90' lang='lat' dir='ltr'><strong>rationali</strong></span> <span class='ocrx_word' id='word_1_602' title='bbox 1464 2953 1465 2959; x_wconf 10' lang='grc' dir='ltr'>ἵ</span> <span class='ocrx_word' id='word_1_603' title='bbox 1488 2909 1636 2947; x_wconf 80' lang='lat' dir='ltr'><strong>miae.-</strong></span> <span class='ocrx_word' id='word_1_604' title='bbox 1653 2908 1886 2945; x_wconf 83' lang='lat' dir='ltr'><strong>Maledicere</strong></span> <span class='ocrx_word' id='word_1_605' title='bbox 1905 2915 2036 2945; x_wconf 80' lang='lat' dir='ltr'><strong>autem</strong></span> <span class='ocrx_word' id='word_1_606' title='bbox 2057 2907 2112 2944; x_wconf 77' lang='lat' dir='ltr'><strong>eis</strong></span> <span class='ocrx_word' id='word_1_607' title='bbox 2131 2906 2346 2944; x_wconf 83' lang='lat' dir='ltr'><strong>secundum</strong></span> <span class='ocrx_word' id='word_1_608' title='bbox 2367 2917 2407 2942; x_wconf 80' lang='lat' dir='ltr'><strong>se</strong></span> <span class='ocrx_word' id='word_1_609' title='bbox 2429 2905 2551 2943; x_wconf 69' lang='lat' dir='ltr'><strong>consi.</strong></span> 
     </span>
     <span class='ocr_line' id='line_1_75' title="bbox 375 2960 2555 3010; baseline -0.003 -8"><span class='ocrx_word' id='word_1_610' title='bbox 375 2971 580 3002; x_wconf 90' lang='lat' dir='ltr'><strong>creaturae.</strong></span> <span class='ocrx_word' id='word_1_611' title='bbox 611 2962 805 3001; x_wconf 88' lang='lat' dir='ltr'><strong>Creaturis</strong></span> <span class='ocrx_word' id='word_1_612' title='bbox 833 2969 961 2999; x_wconf 91' lang='lat' dir='ltr'><strong>autem</strong></span> <span class='ocrx_word' id='word_1_613' title='bbox 989 2960 1268 2998; x_wconf 88' lang='lat' dir='ltr'><strong>irrationalibus</strong></span> <span class='ocrx_word' id='word_1_614' title='bbox 1290 2960 1438 2996; x_wconf 89' lang='lat' dir='ltr'><strong>bonurn</strong></span> <span class='ocrx_word' id='word_1_615' title='bbox 1464 2964 1465 2998; x_wconf 62' lang='grc' dir='ltr'>ξ</span> <span class='ocrx_word' id='word_1_616' title='bbox 1492 2962 1640 3010; x_wconf 73' lang='lat' dir='ltr'><strong>demtis,</strong></span> <span class='ocrx_word' id='word_1_617' title='bbox 1658 2969 1713 2999; x_wconf 87' lang='lat' dir='ltr'><strong>est</strong></span> <span class='ocrx_word' id='word_1_618' title='bbox 1732 2962 1898 2999; x_wconf 85' lang='lat' dir='ltr'><strong>otiosum</strong></span> <span class='ocrx_word' id='word_1_619' title='bbox 1919 2968 1956 2998; x_wconf 90' lang='lat' dir='ltr'><strong>et</strong></span> <span class='ocrx_word' id='word_1_620' title='bbox 1974 2972 2142 2999; x_wconf 87' lang='lat' dir='ltr'><strong>vanum:</strong></span> <span class='ocrx_word' id='word_1_621' title='bbox 2169 2967 2205 2997; x_wconf 92' lang='lat' dir='ltr'><strong>et</strong></span> <span class='ocrx_word' id='word_1_622' title='bbox 2224 2972 2293 3009; x_wconf 90' lang='lat' dir='ltr'><strong>per</strong></span> <span class='ocrx_word' id='word_1_623' title='bbox 2312 2970 2555 3007; x_wconf 80' lang='lat' dir='ltr'><strong>consequens</strong></span> 
     </span>
     <span class='ocr_line' id='line_1_76' title="bbox 374 3012 1669 3062; baseline -0.005 -8"><span class='ocrx_word' id='word_1_624' title='bbox 374 3018 436 3054; x_wconf 91' lang='lat' dir='ltr'><strong>vel</strong></span> <span class='ocrx_word' id='word_1_625' title='bbox 465 3018 609 3054; x_wconf 89' lang='lat' dir='ltr'><strong>malurn</strong></span> <span class='ocrx_word' id='word_1_626' title='bbox 639 3016 773 3054; x_wconf 90' lang='lat' dir='ltr'><strong>dicitur</strong></span> <span class='ocrx_word' id='word_1_627' title='bbox 793 3014 1010 3062; x_wconf 88' lang='lat' dir='ltr'><strong>contingere</strong></span> <span class='ocrx_word' id='word_1_628' title='bbox 1038 3014 1076 3050; x_wconf 89' lang='lat' dir='ltr'><strong>in</strong></span> <span class='ocrx_word' id='word_1_629' title='bbox 1096 3013 1230 3050; x_wconf 91' lang='lat' dir='ltr'><strong>ordine</strong></span> <span class='ocrx_word' id='word_1_630' title='bbox 1259 3012 1307 3050; x_wconf 89' lang='lat' dir='ltr'><strong>ad</strong></span> <span class='ocrx_word' id='word_1_631' title='bbox 1337 3024 1439 3049; x_wconf 91' lang='lat' dir='ltr'><strong>crea·</strong></span> <span class='ocrx_word' id='word_1_632' title='bbox 1491 3016 1669 3053; x_wconf 83' lang='lat' dir='ltr'><strong>illicitum.</strong></span> 
     </span>
    </p>
   </div>
   <div class='ocr_carea' id='block_1_23' title="bbox 375 3065 2416 3117">
    <p class='ocr_par' dir='ltr' id='par_1_27' title="bbox 375 3065 2416 3117">
     <span class='ocr_line' id='line_1_77' title="bbox 375 3065 2416 3117; baseline -0.004 -10"><span class='ocrx_word' id='word_1_633' title='bbox 375 3079 499 3107; x_wconf 89' lang='lat' dir='ltr'><strong>turam</strong></span> <span class='ocrx_word' id='word_1_634' title='bbox 521 3070 757 3115; x_wconf 87' lang='lat' dir='ltr'><strong>rationalem,</strong></span> <span class='ocrx_word' id='word_1_635' title='bbox 777 3075 1064 3117; x_wconf 89' lang='lat' dir='ltr'><strong>propterquam</strong></span> <span class='ocrx_word' id='word_1_636' title='bbox 1084 3074 1183 3104; x_wconf 90' lang='lat' dir='ltr'><strong>sunt.</strong></span> <span class='ocrx_word' id='word_1_637' title='bbox 1203 3065 1440 3103; x_wconf 90' lang='lat' dir='ltr'><strong>Ordinantur</strong></span> <span class='ocrx_word' id='word_1_638' title='bbox 1465 3088 1466 3092; x_wconf 61' lang='lat'><em>=</em></span> <span class='ocrx_word' id='word_1_639' title='bbox 1544 3069 1594 3105; x_wconf 87' lang='lat' dir='ltr'><strong>Et</strong></span> <span class='ocrx_word' id='word_1_640' title='bbox 1620 3080 1689 3117; x_wconf 81' lang='lat' dir='ltr'><strong>per</strong></span> <span class='ocrx_word' id='word_1_641' title='bbox 1716 3069 1791 3104; x_wconf 87' lang='lat' dir='ltr'><strong>hoc</strong></span> <span class='ocrx_word' id='word_1_642' title='bbox 1818 3074 1922 3116; x_wconf 84' lang='lat' dir='ltr'><strong>patet</strong></span> <span class='ocrx_word' id='word_1_643' title='bbox 1950 3066 2150 3115; x_wconf 83' lang='lat' dir='ltr'><strong>responsio</strong></span> <span class='ocrx_word' id='word_1_644' title='bbox 2179 3065 2227 3103; x_wconf 85' lang='lat' dir='ltr'><strong>ad</strong></span> <span class='ocrx_word' id='word_1_645' title='bbox 2257 3065 2416 3103; x_wconf 80' lang='lat' dir='ltr'><strong>obiecta.</strong></span> 
     </span>
    </p>
   </div>
   <div class='ocr_carea' id='block_1_24' title="bbox 380 1786 418 1890">
    <p class='ocr_par' dir='ltr' id='par_1_28' title="bbox 380 1786 418 1890">
     <span class='ocr_line' id='line_1_78' title="bbox 380 1786 418 1890; baseline 0 0"><span class='ocrx_word' id='word_1_646' title='bbox 380 1786 418 1890; x_wconf 95' lang='lat' dir='ltr'><strong>  </strong></span> 
     </span>
    </p>
   </div>
   <div class='ocr_carea' id='block_1_25' title="bbox 431 3187 987 3221">
    <p class='ocr_par' dir='ltr' id='par_1_29' title="bbox 431 3187 987 3221">
     <span class='ocr_line' id='line_1_79' title="bbox 431 3187 987 3221; baseline -0.005 -7"><span class='ocrx_word' id='word_1_647' title='bbox 431 3193 458 3221; x_wconf 73' lang='grc' dir='ltr'><strong>α)</strong></span> <span class='ocrx_word' id='word_1_648' title='bbox 478 3190 560 3214; x_wconf 74' lang='lat' dir='ltr'><strong>dixit.</strong></span> <span class='ocrx_word' id='word_1_649' title='bbox 573 3203 591 3207; x_wconf 96' lang='lat'><em>-</em></span> <span class='ocrx_word' id='word_1_650' title='bbox 610 3188 754 3213; x_wconf 68' lang='lat' dir='ltr'><strong>maledixit</strong></span> <span class='ocrx_word' id='word_1_651' title='bbox 772 3188 805 3219; x_wconf 82' lang='lat' dir='ltr'><strong>H,</strong></span> <span class='ocrx_word' id='word_1_652' title='bbox 825 3187 891 3212; x_wconf 74' lang='lat' dir='ltr'><strong>dicit</strong></span> <span class='ocrx_word' id='word_1_653' title='bbox 908 3187 987 3212; x_wconf 73' lang='lat' dir='ltr'><strong>Poe.</strong></span> 
     </span>
    </p>
   </div>
   <div class='ocr_carea' id='block_1_26' title="bbox 2574 1904 2712 1932">
    <p class='ocr_par' dir='ltr' id='par_1_30' title="bbox 2574 1904 2712 1932">
     <span class='ocr_line' id='line_1_80' title="bbox 2574 1904 2712 1932; baseline -0.007 -6"><span class='ocrx_word' id='word_1_654' title='bbox 2574 1906 2585 1917; x_wconf 75' lang='lat'>⁸</span> <span class='ocrx_word' id='word_1_655' title='bbox 2599 1904 2668 1927; x_wconf 68' lang='lat' dir='ltr'><strong>Vero.</strong></span> <span class='ocrx_word' id='word_1_656' title='bbox 2683 1910 2712 1932; x_wconf 87' lang='lat'><strong>¹7·</strong></span> 
     </span>
    </p>
   </div>
   <div class='ocr_carea' id='block_1_27' title="bbox 2575 2009 2703 2036">
    <p class='ocr_par' dir='ltr' id='par_1_31' title="bbox 2575 2009 2703 2036">
     <span class='ocr_line' id='line_1_81' title="bbox 2575 2009 2703 2036; baseline 0 -5"><span class='ocrx_word' id='word_1_657' title='bbox 2575 2009 2668 2031; x_wconf 68' lang='lat' dir='ltr'><strong>’Vere¹</strong></span> <span class='ocrx_word' id='word_1_658' title='bbox 2683 2014 2703 2036; x_wconf 82' lang='lat'><strong>5.</strong></span> 
     </span>
    </p>
   </div>
   <div class='ocr_carea' id='block_1_28' title="bbox 2577 2064 2715 2092">
    <p class='ocr_par' dir='ltr' id='par_1_32' title="bbox 2577 2064 2715 2092">
     <span class='ocr_line' id='line_1_82' title="bbox 2577 2064 2715 2092; baseline -0.007 -6"><span class='ocrx_word' id='word_1_659' title='bbox 2577 2067 2585 2076; x_wconf 85' lang='lat'><strong>·</strong></span> <span class='ocrx_word' id='word_1_660' title='bbox 2599 2064 2668 2088; x_wconf 65' lang='lat' dir='ltr'><strong>Van.</strong></span> <span class='ocrx_word' id='word_1_661' title='bbox 2683 2070 2715 2092; x_wconf 87' lang='lat'><strong>17.</strong></span> 
     </span>
    </p>
   </div>
   <div class='ocr_carea' id='block_1_29' title="bbox 2576 2111 2788 2162">
    <p class='ocr_par' dir='ltr' id='par_1_33' title="bbox 2576 2111 2788 2162">
     <span class='ocr_line' id='line_1_83' title="bbox 2577 2111 2788 2141; baseline -0.009 -7"><span class='ocrx_word' id='word_1_662' title='bbox 2577 2115 2586 2123; x_wconf 86' lang='lat'><strong>·</strong></span> <span class='ocrx_word' id='word_1_663' title='bbox 2596 2112 2618 2135; x_wconf 90' lang='lat'><strong>11</strong></span> <span class='ocrx_word' id='word_1_664' title='bbox 2631 2111 2698 2141; x_wconf 65' lang='lat' dir='ltr'><strong>neg„</strong></span> <span class='ocrx_word' id='word_1_665' title='bbox 2707 2117 2759 2139; x_wconf 72' lang='lat' dir='ltr'><strong>cap.</strong></span> <span class='ocrx_word' id='word_1_666' title='bbox 2771 2117 2788 2136; x_wconf 78' lang='grc' dir='ltr'><strong>ι,</strong></span> 
     </span>
     <span class='ocr_line' id='line_1_84' title="bbox 2576 2144 2681 2162; baseline -0.01 0"><span class='ocrx_word' id='word_1_667' title='bbox 2576 2145 2636 2162; x_wconf 78' lang='lat' dir='ltr'><strong>ven.</strong></span> <span class='ocrx_word' id='word_1_668' title='bbox 2650 2144 2681 2161; x_wconf 66' lang='grc' dir='ltr'><strong>ει.</strong></span> 
     </span>
    </p>
   </div>
   <div class='ocr_carea' id='block_1_30' title="bbox 2576 2168 2787 2224">
    <p class='ocr_par' dir='ltr' id='par_1_34' title="bbox 2576 2168 2787 2224">
     <span class='ocr_line' id='line_1_85' title="bbox 2576 2168 2787 2196; baseline -0.014 -4"><span class='ocrx_word' id='word_1_669' title='bbox 2576 2170 2588 2181; x_wconf 89' lang='grc'><em>·</em></span> <span class='ocrx_word' id='word_1_670' title='bbox 2597 2169 2685 2192; x_wconf 73' lang='lat' dir='ltr'><strong>uorat.</strong></span> <span class='ocrx_word' id='word_1_671' title='bbox 2695 2169 2736 2191; x_wconf 69' lang='lat' dir='ltr'><strong>nb.</strong></span> <span class='ocrx_word' id='word_1_672' title='bbox 2744 2168 2787 2196; x_wconf 75' lang='lat' dir='ltr'><strong>iv,</strong></span> 
     </span>
     <span class='ocr_line' id='line_1_86' title="bbox 2576 2201 2678 2224; baseline -0.01 -5"><span class='ocrx_word' id='word_1_673' title='bbox 2576 2202 2628 2224; x_wconf 72' lang='lat' dir='ltr'><strong>cap.</strong></span> <span class='ocrx_word' id='word_1_674' title='bbox 2642 2201 2678 2218; x_wconf 82' lang='lat' dir='ltr'><strong>m.</strong></span> 
     </span>
    </p>
   </div>
   <div class='ocr_carea' id='block_1_31' title="bbox 2579 2697 2752 2724">
    <p class='ocr_par' dir='ltr' id='par_1_35' title="bbox 2579 2697 2752 2724">
     <span class='ocr_line' id='line_1_87' title="bbox 2579 2697 2752 2724; baseline -0.012 -4"><span class='ocrx_word' id='word_1_675' title='bbox 2579 2699 2590 2710; x_wconf 79' lang='lat'><strong>¹·</strong></span> <span class='ocrx_word' id='word_1_676' title='bbox 2604 2697 2658 2720; x_wconf 85' lang='lat' dir='ltr'><strong>vid.</strong></span> <span class='ocrx_word' id='word_1_677' title='bbox 2674 2702 2752 2724; x_wconf 69' lang='lat' dir='ltr'><strong>num.</strong></span> 
     </span>
    </p>
   </div>
  </div>
 </body>
</html>
