2860 4244
139 461 149 471 ⁸
159 460 215 482 Can.
226 460 336 481 Praesul.

138 1093 147 1102 ⁸
164 1092 227 1113 Vers.
243 1092 266 1113 6.

137 1197 146 1205 ⁸
161 1195 228 1217 Vers.
243 1201 271 1223 ¹5-

137 1354 219 1381 ⁸Cap.
235 1359 307 1380 111‚n.
323 1359 346 1379 1;

137 1387 210 1429 eth'hv
212 1386 275 1428 11κ’.οῐῑ1.
277 1370 346 1433 11¹18x1'l

136 2145 192 2167 ⁸Ca
211 2150 253 2170 .1,
270 2151 292 2167 ῃ.
307 2150 327 2166 2.

135 2172 189 2193 S.T
208 2172 315 2193 .lect.11.

232 2208 248 2233 γ

135 2467 145 2477 ⁸
162 2466 227 2488 Vers.
243 2472 272 2487 12.

137 2574 147 2583 ⁸
162 2572 227 2593 Vers.
244 2577 275 2598 ¹7.

137 2625 147 2633 ⁸
156 2623 234 2644 Tract.
250 2622 348 2644 XXXVI

139 2650 162 2671 in
172 2650 238 2671 Ioan.

138 2946 147 2955 ⁸
162 2944 228 2966 Vers.
244 2950 265 2966 2.

137 3157 147 3167 ⁸
162 3156 186 3177 ln
202 3161 308 3183 corpore.

385 218 455 252 118

380 294 545 331 duorum
573 295 635 331 vel
654 295 767 331 trium
795 293 1055 330 testimonium
1084 293 1122 329 in
1142 292 1268 340 aliquo
1298 291 1438 328 discor-

380 347 453 383 dat.
484 348 585 394 Ergo
616 359 693 383 non
722 354 777 383 est
805 346 938 382 efficax
977 346 1024 381 ad
1052 345 1252 381 veritatem
1280 343 1318 379 in
1346 344 1440 380 iudi-

380 400 437 435 cio
467 400 717 447 probandam.

434 453 467 488 3.
490 453 723 497 PRAETEREA,
745 452 789 496 II,
811 462 873 498 qu.
896 461 931 485 iv
949 449 980 494 ³¹⁶,
1003 449 1155 485 dicitur:
1184 449 1347 485 Praesul
1365 461 1439 485 non

379 505 576 540 damnetur
596 504 666 540 nisi
680 504 716 539 in
736 502 972 550 septuaginta
991 502 1135 538 duobus
1155 502 1313 538 testibus.
1329 502 1440 538 Pres-

379 558 487 605 byter
514 562 637 592 autem
663 555 873 591 Cardinalis
899 555 971 590 nisi
997 555 1250 603 quadraginta
1279 560 1440 602 quatuor

378 610 525 645 testibus
554 621 627 644 non
656 609 875 655 deponatur.
912 608 1106 643 Diaconus
1139 607 1351 643 Cardinalis
1380 619 1441 643 ur-

378 663 432 697 bis
459 662 606 697 Romae
635 661 706 696 nisi
732 661 769 696 in
797 661 933 709 uiginti
959 666 1040 696 octo
1069 661 1217 696 testibus
1249 671 1323 696 non
1353 671 1439 696 con-

377 714 623 750 demnabitur.
651 713 919 758 Subdiaconus,
944 713 1152 761 acolythus,
1177 713 1375 758 exorcista,
1391 713 1440 749 le-

377 772 467 811 ctor,
488 767 673 811 ostiarius,
694 766 766 802 nisi
793 766 830 802 in
857 771 996 814 septem
1024 766 1172 802 testibus
1201 777 1274 802 non
1309 766 1441 802 conde-

376 819 576 855 mnabitur.
609 818 685 855 Sed
714 818 834 866 magis
863 827 919 855 est
954 818 1212 866 periculosum
1239 826 1439 867 peccatum

378 871 456 907 eius
476 871 540 919 qui
569 872 608 908 in
627 870 763 908 maiori
792 871 970 919 dignitate
995 871 1218 908 constitutus
1248 879 1315 918 est,
1337 878 1372 907 et
1391 871 1441 908 ita

376 923 503 960 minus
533 932 588 960 est
607 924 860 962 tolerandum.
890 925 992 972 Ergo
1022 937 1093 962 nec
1112 925 1152 961 in
1171 923 1331 961 aliorum
1352 936 1440 961 con-

377 977 622 1014 demnatione
660 977 800 1014 sufficit
837 978 1002 1015 duorum
1030 978 1094 1014 vel
1125 977 1238 1014 trium
1273 976 1441 1013 testimo-

376 1029 494 1066 nium.

430 1083 504 1119 SED
533 1093 679 1119 CONTRA
708 1093 774 1119 EST
802 1082 906 1130 quod
941 1082 1075 1119 dicitur
1102 1083 1214 1119 Deut.
1234 1094 1306 1119 xvn
1324 1082 1365 1118 *τ
1393 1083 1440 1118 In

376 1147 442 1171 ore
469 1136 630 1172 duorum
660 1135 719 1171 vel
745 1136 858 1172 trium
886 1136 1030 1172 testium
1044 1135 1185 1184 peribit
1210 1135 1276 1183 qui
1302 1135 1440 1180 interfi-

376 1188 511 1232 cietur;
539 1196 576 1224 et
602 1188 708 1234 infra,
737 1200 798 1225 X1x
816 1188 851 1225 *z
880 1189 927 1224 In
956 1201 1022 1225 ore
1049 1189 1211 1224 duorum
1239 1188 1299 1224 vel
1326 1188 1440 1224 trium

375 1241 519 1278 testium
546 1241 658 1277 stabit
683 1253 795 1277 omne
821 1242 990 1277 verbum.

429 1295 654 1330 REspommo
678 1304 861 1330 mcENDuM
890 1293 1006 1341 quod,
1027 1293 1239 1329 secundum
1269 1292 1440 1328 Philoso-

374 1348 507 1395 phum,
524 1347 562 1383 in
578 1348 591 1382 I
606 1347 726 1383 Ethic.
742 1346 773 1392 ²¹²,
790 1346 969 1382 certitudo
985 1357 1059 1382 non
1079 1350 1135 1381 est
1144 1345 1314 1381 similiter
1328 1356 1440 1393 quae-

374 1400 491 1436 renda
518 1400 555 1436 in
585 1399 690 1435 omni
714 1399 885 1435 materia.
921 1399 963 1435 In
993 1398 1138 1435 actibus
1175 1397 1276 1434 enirn
1304 1399 1439 1434 huma-

374 1452 444 1499 nis,
466 1464 580 1500 super
599 1451 739 1499 quibus
768 1451 1045 1489 constituuntur
1063 1450 1203 1488 iudicia
1231 1459 1268 1487 et
1287 1450 1440 1499 exigun-

374 1513 434 1542 tur
461 1504 698 1551 testimonia,
728 1517 806 1541 non
838 1512 964 1553 potest
991 1504 1124 1541 haberi
1161 1503 1345 1540 certitudo
1375 1505 1439 1541 de-

374 1558 643 1595 monstrativa:
674 1569 720 1594 eo
749 1558 852 1606 quod
882 1565 970 1594 sunt
998 1557 1097 1594 circa
1126 1556 1382 1604 contingentia
1404 1564 1440 1593 et

373 1611 581 1648 variabilia.
621 1611 670 1647 Et
697 1610 784 1647 ideo
822 1610 960 1647 sufficit
996 1609 1204 1659 probabilis
1233 1609 1438 1657 certitudo,

376 1676 474 1712 quae
503 1671 544 1700 ut
573 1664 611 1700 in
639 1663 810 1712 pluribus
842 1663 1043 1700 veritatem
1072 1662 1244 1710 attingat,
1271 1663 1339 1699 etsi
1360 1668 1377 1684 α
1401 1663 1439 1699 in

374 1717 618 1767 paucioribus
638 1729 660 1752 a
679 1716 835 1753 veritate
865 1716 1027 1754 deficiat.
1050 1716 1118 1752 Est
1146 1723 1272 1752 autem
1301 1716 1439 1764 proba-

375 1771 448 1808 bile
468 1770 573 1818 quod
593 1769 713 1816 magis
740 1769 940 1806 veritatem
963 1768 1153 1805 contineat
1179 1768 1321 1805 dictum
1342 1770 1438 1805 mul-

375 1832 500 1860 torum
529 1834 645 1871 quam
683 1822 826 1858 dictum
863 1821 988 1858 unius.
1019 1822 1068 1858 Et
1095 1821 1203 1867 ideo,
1236 1833 1323 1858 cum
1353 1833 1438 1858 reus

375 1877 420 1914 sit
439 1888 537 1913 unus
557 1875 621 1924 qui
650 1882 772 1922 negat,
794 1875 861 1911 sed
882 1874 990 1911 multi
1011 1881 1125 1911 testes
1145 1882 1317 1911 asserunt
1335 1874 1437 1911 idem

375 1942 464 1966 cum
493 1936 640 1974 actore,
672 1927 940 1964 rationabiliter
977 1927 1186 1964 institutum
1221 1934 1295 1973 est,
1326 1926 1406 1964 iure
1425 1926 1440 1957 β

376 1983 505 2021 divino
536 1989 572 2018 et
598 1982 781 2028 humano,
802 1981 908 2029 quod
936 1980 1036 2018 dicto
1065 1979 1216 2016 testium
1244 1986 1372 2017 stetur.

429 2035 566 2072 Omnis
586 2042 714 2071 autem
743 2034 946 2071 multitudo
974 2033 1013 2070 in
1040 2033 1158 2070 tribus
1188 2034 1439 2081 comprehen-

376 2088 485 2133 ditur,
515 2087 654 2124 scilicet
680 2086 880 2135 principio,
908 2086 1036 2123 medio
1067 2093 1103 2122 et
1125 2086 1219 2122 fine:
1250 2085 1352 2122 unde
1382 2098 1438 2122 se-

337 2141 545 2178 ·cundum
565 2140 856 2188 Philosophum,
876 2139 913 2176 in
945 2141 957 2175 Ι
978 2139 1024 2175 de
1047 2139 1159 2175 Coelo
1177 2138 1208 2185 ³²,
1237 2150 1349 2175 omne
1371 2144 1406 2175 et
1423 2143 1438 2166 Ὺ

374 2200 490 2231 totum
519 2206 555 2230 m
585 2193 701 2229 tribus
714 2193 903 2241 ponimus.
933 2191 1138 2228 Ternarius
1163 2191 1319 2240 quidem
1349 2204 1438 2228 con-

375 2247 536 2284 stituitur
564 2246 825 2292 asserentium,
847 2258 935 2282 cum
961 2245 1036 2282 duo
1067 2252 1179 2280 testes
1207 2244 1440 2281 conveniunt

376 2312 463 2336 cum
493 2306 630 2336 actore.
662 2300 710 2335 Et
738 2299 826 2336 ideo
848 2298 1048 2347 requiritur
1068 2297 1236 2334 binarius
1264 2297 1436 2334 testium:

374 2354 448 2398 vel,
477 2353 526 2389 ad
553 2352 738 2388 maiorem
769 2351 1052 2397 certitudinem,
1081 2358 1123 2387 ut
1156 2350 1201 2386 sit
1232 2350 1436 2398 ternarius,

376 2406 438 2454 qui
460 2413 515 2442 est
535 2404 734 2441 multitudo
755 2404 932 2452 perfecta,
953 2403 989 2439 in
1014 2403 1104 2451 ipsis
1127 2403 1296 2439 testibus.
1326 2403 1437 2440 Unde

376 2466 412 2495 et
438 2457 561 2495 Eccle.
584 2469 619 2494 1v
640 2457 660 2478 ’¹‘
689 2456 842 2493 dicitur:
871 2456 1077 2493 Funiculus
1114 2455 1251 2503 triplex
1284 2456 1438 2504 dffficile

376 2511 574 2559 rumpitur.
612 2509 844 2557 Augustinus
877 2517 1023 2554 autem,
1059 2520 1173 2556 super
1200 2508 1291 2545 illud
1331 2510 1435 2545 Ioan.

375 2576 436 2601 vm
455 2564 485 2610 ²⁸,
506 2565 683 2600 Duorum
710 2563 906 2599 hominum
934 2561 1184 2598 testimonium
1211 2572 1344 2598 verum
1372 2567 1435 2608 est,

377 2617 462 2654 dicit
479 2617 500 2638 ’¹‘
519 2617 622 2665 quod
651 2616 688 2652 in
717 2616 788 2652 hoc
806 2621 860 2652 est
881 2615 1044 2651 Trinitas
1069 2614 1273 2650 secundum
1301 2620 1437 2662 myste-

377 2671 475 2707 rium
509 2669 782 2714 commendata,
804 2669 840 2704 in
870 2679 945 2716 qua
979 2673 1033 2704 est
1058 2672 1242 2715 perpetua
1267 2667 1438 2714 firmitas

375 2722 550 2760 veritatis.

429 2778 488 2812 AD
517 2786 652 2812 PmMUM
687 2785 785 2811 ERGO
823 2784 1007 2810 DICENDUM
1036 2772 1159 2821 quod,
1189 2779 1438 2820 quantacum-

377 2842 451 2877 que
493 2827 695 2864 multitudo
738 2826 889 2863 testium
937 2825 1274 2872 determinaretur,
1308 2833 1438 2873 posset

377 2881 609 2930 quandoque
628 2879 887 2917 testimonium
917 2891 997 2915 esse
1017 2878 1211 2926 iniquum:
1242 2890 1330 2914 cum
1350 2878 1438 2915 scri-

376 2942 484 2983 ptum
510 2934 555 2970 sit
581 2934 705 2970 Exod.
734 2944 819 2969 xxm
839 2931 877 2968 *z
907 2932 971 2969 Ne
996 2932 1166 2979 sequaris
1203 2932 1351 2967 turbam
1388 2931 1440 2968 ad

366 2987 590 3036 faciendum
618 2986 772 3022 malum.
804 2986 887 3021 Nec
914 2992 1063 3030 tamen,
1092 2984 1180 3032 quia
1208 2996 1286 3022 non
1313 2991 1438 3032 potest

376 3040 414 3076 in
443 3039 578 3076 talibus
606 3037 805 3075 infallibilis
835 3037 1018 3074 certitudo
1052 3037 1204 3083 haberi,
1234 3037 1347 3074 debet
1373 3049 1438 3074 ne-

377 3093 460 3141 gligi
481 3091 662 3129 certitudo
683 3103 779 3139 quae
808 3090 1051 3138 probabiliter
1070 3090 1201 3126 haberi
1228 3097 1352 3138 potest
1370 3102 1438 3138 per

378 3146 474 3182 duos
501 3146 564 3182 vel
592 3151 665 3180 tres
693 3150 817 3189 testes,
838 3150 879 3179 ut
906 3142 1050 3180 dictum
1080 3149 1134 3179 est
1151 3142 1182 3178 ³¹².

431 3200 489 3235 An
518 3209 706 3235 SECUNDUM
726 3207 909 3233 memnon
938 3195 1042 3244 quod
1070 3194 1258 3232 discordia
1285 3195 1435 3231 testium

430 3364 457 3394 α)
476 3363 533 3388 etsi.
545 3377 564 3382 -
582 3366 608 3388 et
626 3363 664 3388 sic
682 3363 710 3387 P.

430 3397 454 3430 β)
475 3399 540 3423 iure.
553 3412 571 3417 -
590 3398 622 3422 de
641 3398 698 3423 iure
716 3399 744 3422 Ρ.

428 3434 454 3465 γ)
474 3437 536 3458 et.-
554 3433 616 3458 Om.
636 3434 663 3458 Ρ.

429 3467 453 3499 δ’)
467 3469 561 3502 sactis.
574 3482 594 3488 -
613 3469 673 3493 Om.
694 3468 722 3492 Ρ.

1060 215 1325 262 QUAESTIO
1356 216 1479 261 LXX,
1512 216 1804 253 ARTICULUS
1835 217 1865 251 II

1493 291 1531 327 in
1551 292 1738 339 aliquibus
1758 291 2027 341 principalibus
2052 290 2350 338 circumstantiis,
2371 303 2469 339 quae
2488 304 2555 329 va-

1494 343 1590 380 riant
1609 345 1855 381 substantiam
1883 344 1980 390 facti,
2001 351 2092 392 puta
2112 343 2150 379 in
2178 350 2351 391 tempore
2378 345 2441 380 vel
2468 345 2553 381 loco
2593 367 2595 369 -

1492 397 1555 432 vel
1583 396 1621 432 in
1657 397 1829 445 personis
1867 397 1914 433 de
1953 396 2090 444 quibus
2126 395 2380 444 principaliter
2414 397 2554 444 agitur,

1494 449 1614 485 aufert
1650 449 1860 486 efficaciam
1898 448 2122 485 testimonii:
2152 448 2241 497 quia
2274 448 2303 484 si
2340 449 2556 486 discordant

1494 503 1531 537 in
1560 501 1707 548 talibus,
1728 502 1905 539 videntur
1933 502 2139 549 singulares
2169 513 2250 537 esse
2285 501 2324 538 in
2352 501 2428 538 suis
2456 502 2555 538 testi-

1494 553 1643 599 moniis,
1667 562 1703 590 et
1728 555 1774 590 de
1795 554 1951 591 diversis
1971 554 2076 590 factis
2096 552 2109 575 δ
2133 553 2259 603 loqui;
2287 561 2379 602 puta
2407 554 2437 591 si
2456 566 2555 591 unus

1496 606 1594 642 dicat
1612 607 1688 642 hoc
1706 607 1847 643 factum
1878 619 1959 643 esse
1978 607 2040 643 tali
2064 614 2236 655 tempore
2261 607 2323 643 vel
2343 607 2440 654 loco,
2461 607 2556 643 alius

1495 659 1567 695 alio
1596 665 1769 707 tempore
1797 660 1859 695 vel
1887 661 1994 706 loco,
2023 671 2102 696 non
2128 659 2306 696 videntur
2334 659 2380 696 de
2416 660 2555 696 eodem

1495 712 1592 748 facto
1622 711 1737 760 loqui.
1768 712 1859 748 Non
1886 719 2015 748 tamen
2034 717 2046 733 ι
2074 712 2353 760 praeiudicatur
2389 712 2556 749 testimo-

1495 764 1558 801 nio
1588 763 1618 800 si
1645 776 1744 800 unus
1773 763 1872 800 dicat
1900 776 1939 800 se
1968 776 2047 800 non
2075 765 2281 811 recordari,
2312 772 2349 801 et
2375 765 2471 802 alius
2499 776 2556 802 as-

1495 824 1594 854 serat
1621 816 1912 854 determinatum
1942 823 2094 865 tempus
2121 818 2184 854 vel
2211 818 2350 854 locum.

1549 871 1598 906 Et
1625 870 1655 908 si
1683 870 1721 906 in
1753 869 1888 906 talibus
1918 868 2076 906 omnino
2114 869 2412 907 discordaverint
2444 877 2556 908 testes

1496 922 1632 960 actoris
1661 931 1696 959 et
1724 922 1789 969 rei,
1811 921 1841 958 si
1870 921 1943 958 sint
1975 922 2155 969 aequales
2191 934 2352 960 numero
2383 930 2418 959 et
2444 935 2555 972 pares

1497 976 1688 1024 dignitate,
1709 982 1825 1012 statur
1843 987 1913 1023 pro
1941 986 2024 1011 reo:
2054 974 2144 1022 quia
2167 974 2310 1012 facilior
2333 975 2446 1012 debet
2473 988 2555 1013 esse

1495 1029 1609 1066 iudex
1629 1029 1679 1066 ad
1698 1028 1979 1065 absolvendum
1995 1039 2111 1075 quarn
2132 1027 2181 1064 ad
2198 1028 2554 1074 condemnandum

1496 1082 1566 1118 nisi
1593 1082 1688 1118 forte
1716 1081 1753 1118 in
1783 1080 1905 1118 causis
1929 1080 2213 1127 favorabilibus,
2235 1080 2331 1117 sicut
2359 1089 2414 1117 est
2443 1092 2556 1118 causa

1494 1134 1674 1171 libertatis
1703 1141 1739 1170 et
1766 1133 1998 1171 huiusmodi.
2019 1155 2043 1161 -
2065 1133 2104 1170 Si
2124 1145 2218 1170 vero
2242 1140 2355 1170 testes
2385 1133 2555 1170 eiusdem

1495 1187 1610 1236 partis
1631 1186 1884 1233 dissenserint,
1905 1186 2019 1224 debet
2037 1186 2150 1223 iudex
2170 1198 2214 1223 ex
2234 1193 2343 1223 motu
2367 1186 2422 1223 sui
2441 1186 2556 1224 animi

1494 1240 1688 1298 percipere
1718 1239 1778 1276 cui
1804 1239 1901 1288 parti
1929 1239 1974 1275 sit
1997 1239 2198 1276 standum:
2226 1240 2289 1276 vel
2317 1251 2362 1282 ex
2390 1251 2554 1277 numero

1494 1293 1658 1338 testium,
1684 1293 1747 1328 vel
1775 1304 1820 1328 ex
1854 1291 2032 1339 dignitate
2061 1304 2208 1338 eorum,
2237 1293 2299 1329 vel
2329 1303 2372 1328 ex
2405 1293 2555 1330 favora-

1493 1344 1633 1381 bilitate
1663 1356 1815 1391 causae,
1844 1345 1906 1393 vel
1941 1355 1985 1380 ex
2018 1344 2236 1381 conditione
2264 1345 2403 1392 negotii
2437 1353 2474 1381 et
2502 1345 2556 1382 di-

1494 1405 1652 1434 ctorum.

1546 1451 1669 1488 Multo
1699 1456 1827 1486 autem
1855 1449 1976 1497 magis
2004 1434 2264 1486 testimonium
2292 1449 2405 1487 unius
2437 1450 2556 1499 repel-

1492 1504 1578 1541 litur
1606 1503 1636 1541 si
1664 1502 1735 1539 sibi
1763 1502 1833 1551 ipsi
1862 1502 2040 1540 dissideat
2064 1501 2076 1526 ῑ
2103 1502 2353 1550 interrogatus
2391 1502 2438 1540 de
2470 1502 2557 1541 visu

1493 1564 1530 1593 et
1557 1556 1722 1593 scientia.
1752 1557 1843 1592 Non
1875 1563 2004 1592 autem
2037 1555 2067 1591 si
2101 1555 2280 1593 dissideat
2306 1555 2557 1603 interrogatus

1494 1610 1541 1647 de
1571 1609 1749 1658 opinione
1779 1616 1815 1645 et
1842 1609 1964 1645 fama:
1995 1608 2083 1656 quia
2107 1615 2231 1657 potest
2259 1609 2471 1646 secundum
2501 1609 2556 1646 di·-

1491 1675 1603 1699 versa
1631 1662 1714 1699 visa
1743 1669 1779 1698 et
1807 1661 1934 1699 audita
1964 1661 2221 1699 diversimode
2247 1667 2376 1699 motus
2405 1673 2487 1698 esse
2507 1662 2556 1700 ad

1494 1714 1818 1763 respondendum.

1547 1768 1587 1805 Si
1613 1780 1708 1804 vero
1746 1766 1792 1804 sit
1824 1766 2013 1804 discordia
2049 1746 2254 1804 testimonii
2289 1766 2328 1804 in
2365 1766 2554 1815 aliquibus

1493 1819 1783 1858 circumstantiis
1811 1831 1890 1856 non
1918 1818 2191 1868 pertinentibus
2219 1819 2269 1856 ad
2306 1820 2555 1859 substantiam

1493 1874 1590 1920 facti,
1615 1881 1707 1922 puta
1735 1873 1764 1909 si
1793 1880 1945 1920 tempus
1981 1872 2092 1909 fuerit
2118 1873 2337 1909 nubilosum
2363 1873 2428 1909 vel
2455 1882 2555 1910 sere-

1494 1939 1600 1974 num,
1620 1927 1683 1964 vel
1712 1926 1742 1962 si
1772 1925 1911 1963 domus
1939 1925 2050 1971 fuerit
2075 1924 2175 1973 picta
2197 1931 2261 1962 aut
2288 1936 2379 1979 non,
2400 1932 2464 1962 aut
2491 1924 2556 1963 ah-

1494 1980 1583 2040 quid
1609 1978 1862 2025 huiusmodi,
1880 1977 1962 2015 talis
1991 1968 2180 2015 discordia
2207 1990 2286 2015 non
2321 1976 2556 2027 praeiudicat

1492 2033 1730 2070 testimonio:
1755 2031 1844 2080 quia
1861 2031 2040 2068 homines
2058 2043 2138 2068 non
2157 2039 2440 2069 consueverunt
2457 2030 2556 2069 circa

1492 2086 1580 2123 talia
1607 2086 1771 2122 multum
1800 2084 2006 2131 sollicitari,
2036 2084 2138 2121 unde
2175 2084 2335 2122 facilen
2365 2084 2555 2123 memoria

1494 2140 1703 2176 elabuntur.
1735 2138 1959 2184 Quinimmo
1989 2136 2113 2184 aliqua
2137 2136 2325 2174 discordia
2353 2137 2391 2174 in
2418 2137 2554 2174 talibus

1492 2192 1580 2229 facit
1614 2191 1874 2228 testimonium
1914 2189 2147 2235 credibilius,
2176 2197 2217 2226 ut
2255 2190 2554 2239 Chrysostomus

1494 2245 1591 2291 dicit,
1611 2256 1724 2293 super
1741 2242 1878 2280 Matth.
1899 2243 1934 2280 *z
1965 2242 2052 2292 quia
2072 2242 2103 2280 si
2130 2242 2168 2279 in
2192 2242 2369 2280 omnibus
2397 2254 2591 2280 concor-⁸

1493 2298 1637 2345 darent,
1657 2297 1771 2334 etiam
1799 2297 1836 2333 in
1865 2295 2043 2342 minimis,
2064 2295 2284 2334 viderentur
2303 2307 2347 2333 ex
2376 2295 2553 2335 condicto

1493 2351 1659 2388 eundem
1687 2360 1906 2386 sermonem
1937 2349 2117 2397 proferre.
2156 2349 2275 2395 Quod
2300 2355 2431 2386 tamen
2466 2361 2554 2398 pru·

1492 2404 1638 2441 dentiae
1667 2402 1800 2439 iudicis
1829 2401 2050 2450 relinquitur
2077 2401 2383 2438 discernendum.

1544 2458 1603 2492 An
1631 2467 1791 2492 TERTmM
1819 2466 2003 2492 mCENDUM
2031 2454 2136 2502 quod
2160 2453 2254 2491 illud
2281 2454 2410 2491 locum
2438 2454 2554 2491 habet

1491 2508 1701 2558 specialiter
1729 2507 1767 2545 in
1795 2506 1994 2555 episcopis,
2020 2506 2261 2555 presbyteris,
2291 2506 2515 2544 diaconibus
2532 2511 2552 2534 η

1492 2569 1528 2599 et
1547 2561 1689 2598 clericis
1713 2560 1906 2597 Ecclesiae
1925 2561 2138 2606 Romanae,
2158 2566 2314 2608 propter
2333 2559 2413 2597 eius
2434 2559 2551 2608 digni-

1490 2622 1619 2652 tatem.
1641 2615 1689 2651 Et
1708 2614 1783 2650 hoc
1800 2612 1932 2662 triplici
1951 2613 2108 2650 ratione.
2132 2612 2261 2649 Primo
2280 2612 2448 2660 quidem,
2465 2612 2554 2661 quia

1491 2668 1530 2704 in
1559 2679 1604 2703 ea
1631 2667 1723 2703 tales
1745 2665 1885 2702 institui
1914 2665 2054 2702 debent
2071 2677 2238 2713 quorum
2267 2665 2449 2702 sanctitati
2466 2666 2552 2714 plus

1493 2720 1667 2757 credatur
1694 2731 1810 2768 quam
1839 2718 1966 2756 multis
1994 2718 2162 2755 testibus.
2192 2738 2216 2746 -
2242 2718 2434 2766 Secundo,
2464 2718 2553 2767 quia

1491 2773 1669 2810 homines
1689 2770 1753 2821 qui
1781 2772 1924 2808 habent
1951 2771 1997 2808 de
2018 2770 2096 2808 aliis
2115 2770 2294 2818 iudicare,
2319 2783 2445 2820 saepe,
2465 2783 2554 2820 pro-

1491 2834 1575 2875 pter
1602 2825 1792 2871 iustitiam,
1818 2824 1958 2861 multos
1987 2823 2226 2861 adversarios
2259 2824 2412 2861 habent.
2441 2822 2553 2862 Unde

1493 2891 1571 2916 non
1601 2885 1655 2915 est
1682 2877 1823 2926 passim
1853 2877 2087 2915 credendum
2116 2877 2272 2914 testibus
2305 2884 2436 2913 contra
2465 2889 2551 2924 eos,

1492 2932 1562 2969 nisi
1594 2943 1733 2978 magna
1764 2930 1963 2968 multitudo
2003 2930 2216 2967 conveniat.
2246 2950 2270 2958 -
2291 2930 2435 2976 Tertio,
2464 2929 2553 2978 quia

1493 2997 1538 3022 ex
1566 2983 1886 3021 condemnatione
1913 2983 2067 3019 alicuius
2088 2994 2222 3019 eorum
2251 2982 2496 3030 derogaretur
2513 2981 2552 3019 in

1493 3037 1671 3086 opinione
1709 3036 1910 3073 hominum
1949 3035 2116 3083 dignitati
2152 3035 2248 3072 illius
2285 3035 2479 3072 Ecclesiae
2515 3042 2552 3072 et

1492 3089 1713 3128 auctoritati.
1744 3089 1861 3136 Quod
1881 3096 1936 3125 est
1953 3088 2201 3137 periculosius
2221 3100 2339 3136 quam
2367 3088 2406 3125 in
2431 3099 2476 3124 ea
2495 3094 2550 3124 to-

1491 3144 1610 3180 lerare
1631 3142 1796 3190 aliquem
1816 3149 2070 3190 peccatorem,
2092 3141 2162 3178 nisi
2181 3138 2194 3162 θ
2221 3141 2335 3178 valde
2354 3140 2549 3190 publicum

1492 3204 1528 3232 et
1555 3195 1808 3241 manifestum,
1830 3195 1878 3231 de
1897 3207 1973 3243 quo
2003 3206 2117 3241 grave
2139 3194 2360 3231 scandalum
2380 3193 2548 3230 oriretur.

1546 3362 1566 3393 ε)
1586 3361 1647 3386 Non
1668 3365 1795 3386 tamen.—
1818 3361 1851 3385 Ut
1869 3368 1927 3386 cum
1947 3361 2114 3392 ABEFlpr,
2133 3359 2195 3386 Nisi
2212 3367 2271 3386 cum
2289 3360 2320 3384 L.

1545 3397 1570 3428 ζ)
1589 3396 1727 3422 dissideat.
1740 3410 1759 3415 —
1777 3396 1874 3428 aliquis
1893 3396 2022 3421 dissideat
2039 3396 2087 3422 Pa.

1543 3434 1569 3463 η)
1590 3432 1754 3457 diaconibus.
1767 3444 1786 3450 —
1804 3431 1924 3457 diaconis
1942 3431 1989 3456 Pa.

1542 3465 1566 3499 θ)
1587 3467 1677 3492 m'si.-
1694 3467 1730 3492 sit
1749 3467 1845 3491 addunt
1864 3467 1910 3492 Pa.

2604 2253 2692 2276 uomit.
2706 2252 2725 2275 1.
