2860 4244
18 1014 23 1020 ,
58 994 69 1005 ·
83 990 132 1018 Qu.
146 996 208 1013 xcxv.

52 3033 77 3049 ἰ*
91 3035 150 3059 Ord.
169 3036 264 3059 flieron.

986 280 1252 326 QUAEST1o
1283 281 1420 328 xcul,
1450 281 1746 318 ART1CULUS
1777 283 1789 317 1

2405 281 2474 317 301

746 502 1154 581 QUAESTIO
1192 505 2042 561 NONAGESIMATERTIA

649 623 733 663 DE
766 623 1246 664 SUPERSTITIONE
1278 625 1542 664 INDEBITI
1577 625 1817 666 CULTUS
1851 626 1993 666 VERI
2027 627 2129 666 DEI

1131 739 1165 764 IN

382 843 488 868 amna
509 831 828 869 considerandum
854 839 909 868 est
935 832 982 869 de
1007 832 1204 881 speciebus
1233 845 1362 880 super-

10 888 13 903 *
58 885 270 934 ssssffflssssfflf
299 842 542 924 Dstitionis
561 884 591 921 ²²².
627 885 675 921 Et
709 885 846 934 primo,
888 885 935 922 de
969 885 1234 934 superstitione
1257 885 1360 922 inde-

13 934 16 941 ’
299 937 365 975 biti
401 939 521 975 cultus
550 937 631 974 veri
660 939 753 984 Dei;
793 938 983 985 secundo,
1019 938 1065 974 de
1095 938 1360 987 superstitione

296 990 528 1029 idololatriae
548 990 587 1037 *;
626 991 756 1038 tertio,
787 992 833 1028 de
866 991 1128 1039 superstitione
1162 990 1361 1028 divinatio-

58 1027 70 1037 ·
109 1031 124 1047 ῃ
147 1031 191 1047 ¹⁶⁷
296 1055 389 1082 num
406 1043 442 1090 *ς
462 1052 609 1093 quarto,
630 1046 676 1082 de
697 1044 960 1092 superstitione
981 1043 1292 1080 observationum
1306 1043 1357 1080 **.

11 1055 16 1078 j
47 1050 80 1065 “··
118 1040 216 1074 mxcv-1.

1195 739 1289 764 DUOS
1315 738 1518 764 ARTICULOS
1546 739 1661 764 DIVISA

1419 832 1527 869 Circa
1556 834 1721 880 primum
1753 843 1984 882 quaeruntur
2013 835 2101 872 duo.

1468 884 1620 921 Primo:
1659 894 1784 923 utrum
1820 886 1856 923 in
1892 889 1992 924 cultu
2025 888 2096 924 Dei
2124 888 2206 925 veri
2241 889 2360 937 possit
2393 901 2474 926 esse

1522 938 1663 986 aliquid
1690 939 1958 987 perniciosum.

1469 991 1664 1027 Secundo:
1695 999 1822 1028 utrum
1850 993 1969 1040 possit
1996 993 2046 1030 ibi
2072 1006 2153 1030 esse
2176 994 2316 1042 aliquid
2346 1007 2475 1043 super-

1520 1044 1656 1080 fluum.

1109 1177 1427 1220 ARTICULUS
1458 1178 1662 1220 PRIMUS

669 1289 826 1319 UTRUM
851 1288 894 1318 IN
919 1288 1066 1320 CULTU
1090 1289 1190 1319 VERI
1215 1289 1286 1319 DEI
1310 1289 1457 1320 POSSIT
1481 1288 1580 1319 ESSE
1605 1290 1783 1326 ALIQUID
1807 1290 2098 1322 PERNICIOSUM

1212 1385 1235 1409 1²
1255 1384 1312 1415 11¹⁶,
1331 1393 1376 1418 qu.
1395 1393 1449 1415 cxix,
1470 1390 1515 1409 art.
1535 1393 1560 1417 4.

329 1502 337 1516 Ὗ
384 1508 393 1518 ’,

329 1520 478 1590 *11Jgr‘'÷‚⁴-

446 1580 468 1603 l!
492 1592 497 1597 -.

54 1601 266 1654 Jffiaeaq-
316 1585 433 1638 far,
455 1600 477 1635 6
507 1596 596 1646 quid
614 1596 884 1646 perniciosum.
907 1597 1054 1634 Dicitur
1069 1597 1171 1634 enim
1192 1598 1356 1635 Ioel11*:
1384 1619 1386 1626 ·

110 1670 117 1678 ·
155 1644 171 1677 -’
227 1643 234 1651 ’
260 1645 267 1656 ’
302 1642 449 1684 ‘Affi'ff'
466 1640 641 1688 Omnis
654 1650 1124 1699 quicumqueinvocaverit
1135 1662 1271 1687 nomen
1282 1651 1358 1687 Do-

294 1703 399 1750 mini,
413 1703 541 1741 salvus
555 1703 635 1755 erit.
657 1703 734 1740 Sed
753 1704 985 1752 quicumque
1007 1703 1095 1740 colit
1113 1705 1242 1740 Deum
1263 1716 1358 1752 quo-

293 1768 460 1805 cumque
488 1756 620 1803 modo,
650 1756 805 1794 invocat
824 1769 967 1794 nomen
987 1756 1079 1794 eius.
1110 1758 1212 1806 Ergo
1233 1757 1358 1794 omnis

293 1810 414 1847 cultus
434 1809 505 1846 Dei
525 1810 670 1847 confert
690 1811 848 1847 salutem
867 1816 895 1847 α.
925 1811 1063 1847 Nullus
1085 1823 1172 1858 ergo
1194 1818 1249 1847 est
1273 1823 1358 1860 per-

293 1863 471 1901 niciosus.

292 1954 300 1956 .
347 1928 382 1954 2.
404 1916 637 1963 ΡΚΑΕΤΕΒΕΑ,
659 1915 763 1953 idem
781 1917 887 1954 Deus
903 1924 958 1953 est
977 1917 1043 1964 qui
1059 1916 1192 1953 colitur
1211 1929 1233 1953 a
1253 1916 1357 1953 iustis

292 1981 534 2019 quacumque
567 1969 702 2007 mundi
730 1977 862 2007 aetate.
907 1970 984 2007 Sed
1018 1978 1105 2007 ante
1141 1970 1263 2018 legem
1294 1970 1357 2006 da·
1383 1983 1385 2016 g

291 2030 381 2070 tam,
397 2022 494 2070 iusti,
514 2022 659 2072 absque
677 2031 836 2072 peccato
856 2023 1017 2070 mortali,
1035 2023 1210 2060 colebant
1228 2024 1355 2060 Deum

292 2076 618 2127 qualitercumque
648 2076 700 2112 eis
718 2076 914 2125 placebat:
939 2077 1041 2113 unde
1072 2084 1108 2113 et
1135 2077 1249 2113 Iacob
1269 2089 1356 2126 pro-

26 2159 38 2175 ,„
291 2129 376 2180 prio
404 2137 500 2167 voto
529 2141 569 2166 se
599 2128 782 2178 obligavit
808 2131 856 2167 ad
886 2129 1090 2179 specialem
1121 2130 1285 2177 cultum,
1314 2137 1356 2167 ut

23 2183 67 2226 :1¹³
78 2183 145 2207 vm·
159 2190 189 2207 ²⁰
203 2190 255 2214 Ἥ·
291 2183 455 2221 habetur
487 2182 580 2220 Gen.
600 2194 709 2221 xxvm
729 2183 760 2220 ²¹⁸.
799 2184 902 2231 Ergo
933 2182 1046 2220 etiam
1074 2183 1193 2220 modo
1231 2183 1356 2220 nullus

32 2232 34 2234 ’
291 2236 365 2274 Dei
393 2237 516 2274 cultus
545 2242 602 2276 est
627 2236 875 2284 perniciosus

431 1518 444 1528 s
478 1510 483 1519 s
506 1503 529 1528 D
559 1502 697 1528 PRIMUM
725 1502 778 1528 Slc
798 1502 1038 1528 moelem-run.
1065 1491 1226 1528 Videtur
1253 1491 1359 1539 quod
1384 1513 1386 1541 2

506 1544 544 1581 in
573 1545 675 1581 cultu
702 1543 785 1580 veri
813 1544 885 1581 Dei
922 1557 999 1581 non
1027 1544 1147 1592 possit
1180 1556 1261 1580 esse
1295 1544 1359 1581 ali·
1384 1583 1386 1595 Ι

349 2290 383 2326 3.
412 2289 654 2335 PRAETEREA,
689 2289 780 2326 nihil
814 2289 1071 2337 perniciosum
1110 2289 1146 2325 in
1186 2289 1383 2325 Ecclesia*

27 2376 34 2383 ,
293 2341 509 2380 sustinetur.
540 2341 708 2379 Sustinet
735 2350 863 2379 autem
901 2342 1072 2378 Ecclesia
1110 2342 1281 2379 diversos
1310 2342 1356 2378 ri-

27 2442 30 2443 ?
54 2403 264 2452 ‘malit-¹⁸¹1,
291 2403 352 2433 tus
381 2394 532 2433 colendi
551 2395 702 2432 Deum:
731 2395 834 2432 unde
855 2395 1061 2443 Gregorius
1090 2394 1254 2432 scribit*
1277 2397 1354 2431 Au-

25 2430 264 2509 ξῖέΐὶῗίᾗιῖἓξ
290 2447 443 2497 gustino
477 2447 672 2497 Episcopo
715 2450 951 2496 Anglorurn,
985 2448 1214 2497 proponenti
1251 2450 1352 2496 quod

34 2500 137 2540 'rou-’³-
291 2509 379 2539 sunt
407 2501 580 2539 diversae
611 2502 857 2538 ecclesiarum
888 2501 1182 2538 consuetudines
1210 2501 1248 2537 in
1268 2502 1356 2538 mis-

27 2559 30 2560 ’
291 2567 420 2592 sarum
451 2554 725 2591 celebratione:
754 2556 866 2601 Mihi,
887 2555 1020 2602 inquit,
1037 2555 1163 2602 placet
1190 2560 1248 2600 ut,
1278 2556 1356 2592 sive

150 2612 165 2647 β
291 2608 330 2645 in
354 2608 545 2645 Romanis'
565 2608 644 2644 sive
669 2607 706 2643 in
740 2608 951 2645 Galliarum
976 2606 990 2637 β
1022 2609 1100 2645 sive
1128 2609 1164 2644 in
1194 2608 1358 2657 qualibet

292 2661 446 2698 ecclesia
482 2660 625 2709 aliquid
658 2661 831 2698 invenisti
856 2661 958 2710 quod
986 2661 1074 2709 plus
1112 2662 1357 2710 omnipotenti

1413 1491 1567 1527 trarium
1596 1491 1754 1528 veritati.
1787 1492 1892 1529 Sicut
1920 1501 2046 1530 autem
2077 1494 2307 1542 significatur
2335 1496 2473 1545 aliquid

1411 1545 1545 1590 verbo,
1566 1544 1616 1581 ita
1645 1544 1758 1581 etiam
1788 1545 2018 1593 significatur
2045 1548 2184 1595 aliquid
2222 1548 2341 1585 facto:
2371 1558 2407 1586 et
2434 1550 2473 1587 in

1412 1597 1474 1633 tali
1494 1597 1764 1644 significatione
1794 1598 1880 1635 facti
1909 1599 2076 1637 consistit
2096 1601 2256 1638 exterior
2284 1602 2473 1650 religionis

1413 1651 1545 1697 cultus,
1566 1658 1608 1686 ut
1637 1662 1682 1687 ex
1711 1652 1934 1699 supradictis
1953 1652 1973 1674 ’¹‘
2000 1660 2114 1701 patet.
2150 1655 2199 1691 Et
2226 1654 2313 1691 ideo
2348 1656 2377 1691 si
2405 1668 2474 1704 per
2500 1661 2693 1688 ‘Qu-uum

1412 1704 1555 1740 cultum
1594 1703 1820 1741 exteriorem
1859 1705 1999 1754 aliquid
2038 1707 2174 1743 falsum
2216 1707 2471 1756 significetur,

1412 1756 1479 1793 erit
1508 1757 1628 1793 cultus
1655 1757 1902 1806 perniciosus.

1466 1810 1551 1846 Hoc
1580 1818 1708 1847 autem
1739 1811 1919 1859 contingit
1947 1812 2155 1860 dupliciter.
2194 1813 2281 1849 Uno
2315 1813 2472 1861 quidem

1412 1863 1543 1909 modo,
1566 1875 1610 1900 ex
1638 1871 1745 1912 parte
1774 1865 1828 1902 rei
1856 1864 2098 1912 significatae,
2121 1878 2142 1902 a
2171 1877 2245 1914 qua
2282 1866 2473 1904 discordat

1411 1916 1634 1964 significatio
1660 1918 1791 1954 cultus.
1821 1919 1870 1955 Et
1898 1918 1971 1954 hoc
1992 1920 2123 1966 modo,
2145 1926 2317 1967 tempore
2347 1932 2472 1957 novae

1411 1970 1514 2017 legis,
1534 1970 1695 2018 peractis
1726 1970 1800 2007 iam
1830 1971 1967 2008 Christi
1994 1972 2195 2020 mysteriis,
2215 1973 2471 2020 perniciosum

1412 2030 1467 2059 est
1494 2025 1547 2059 uti
1577 2023 1827 2060 caeremoniis
1855 2025 1992 2061 veteris
2029 2025 2138 2072 legis,
2170 2025 2306 2074 quibus
2336 2027 2472 2064 Christi

1411 2075 1592 2125 mysteria
1634 2076 1943 2124 significabantur
1976 2082 1991 2104 Υ
2033 2078 2177 2115 futura:
2220 2078 2316 2115 sicut
2358 2080 2470 2117 etiam

1410 2129 1668 2178 perniciosum
1711 2138 1810 2167 esset
1851 2130 1879 2167 si
1927 2130 2011 2179 quis
2053 2132 2174 2169 verbo
2227 2133 2471 2170 confiteretur

1411 2183 1603 2220 Christum
1634 2195 1716 2219 esse
1744 2196 1944 2231 passurum
1965 2182 1990 2220 δ.

1462 2236 1548 2272 Alio
1578 2236 1698 2273 modo
1728 2244 1853 2284 potest
1885 2237 2101 2284 contingere
2130 2237 2267 2274 falsitas
2304 2238 2343 2274 in
2371 2246 2470 2276 exte-

1411 2288 1498 2325 riori
1529 2290 1629 2326 cultu
1668 2301 1713 2325 ex
1741 2297 1847 2338 parte
1886 2290 2064 2327 colentis:
2095 2299 2130 2327 et
2157 2291 2233 2327 hoc
2268 2292 2470 2341 praecipue

1410 2342 1447 2378 in
1477 2343 1576 2379 cultu
1608 2343 1825 2390 communi,
1855 2343 1920 2391 qui
1949 2355 2017 2392 per
2052 2343 2244 2381 ministros
2274 2345 2472 2382 exhibetur

1409 2395 1447 2431 in
1474 2408 1640 2444 persona
1659 2400 1671 2416 ε
1699 2396 1812 2433 totius
1842 2397 2046 2433 Ecclesiae.
2092 2397 2196 2433 Sicut
2224 2397 2326 2434 enim
2363 2399 2470 2435 falsa-

1410 2448 1486 2484 rius
1515 2457 1613 2485 esset
1641 2448 1706 2496 qui
1735 2450 1862 2498 aliqua
1888 2458 2122 2498 proponeret
2150 2462 2195 2487 ex
2222 2458 2328 2499 parte
2357 2451 2470 2489 alicu·

1382 2500 1383 2505 ’
1409 2501 1466 2538 ius
1495 2514 1594 2550 quae
1614 2515 1692 2538 non
1722 2510 1848 2539 essent
1875 2503 1909 2539 ei
1933 2503 2150 2549 commissa,
2173 2503 2223 2540 ita
2250 2503 2385 2540 vitium
2406 2505 2471 2541 fal-

291 2715 374 2751 Deo
397 2713 517 2763 possit
544 2714 717 2762 placere,
749 2714 902 2751 sollicite
930 2714 1059 2763 eligas.
1090 2715 1192 2762 Ergo
1231 2716 1355 2751 nullus
1381 2711 1383 2742 ἓ

293 2768 433 2804 modus
463 2767 611 2804 colendi
640 2768 767 2803 Deum
798 2775 854 2803 est
880 2767 1129 2815 perniciosus.

38 2851 42 2862 ς
347 2821 422 2857 SED
434 2831 579 2856 CONTRA
589 2831 655 2856 EST
665 2819 770 2867 quod
781 2820 1014 2867 Augustinus
1030 2820 1128 2866 dicit,
1141 2820 1180 2856 in
1197 2820 1355 2868 epistola

35 2866 264 2926 ΉὛᾷᾰῧίῇ»
292 2873 343 2910 ad
359 2873 521 2909 Iiieron.
537 2871 569 2919 ³¹⁸,
590 2879 627 2908 et
645 2872 807 2909 habetur
821 2873 859 2909 in
876 2873 1012 2910 Glossa
1031 2872 1083 2919 ³3¹⁸,
1104 2873 1227 2909 Galat.
1245 2885 1267 2908 11
1282 2872 1354 2919 W,

22 2902 264 2981 πῗῗῑξξπθόςεξῖ
292 2926 399 2974 quod
426 2925 558 2973 legalia
587 2926 789 2962 observata
816 2933 904 2974 post
931 2925 1130 2962 veritatem
1159 2925 1356 2973 Evangelii

28 2961 264 3039 „ffiflfss-fflfi
293 2979 537 3026 divulgatam,
559 2985 645 3014 sunt
674 2978 878 3015 mortifera.
909 2979 959 3015 Et
985 2986 1115 3014 tamen
1143 2978 1277 3025 legalia
1305 2978 1354 3015 ad

27 3029 33 3037 ³
97 3025 104 3031 ⁸
141 3025 148 3032 ¹
293 3033 437 3069 cultum
466 3031 537 3068 Dei
566 3030 767 3079 pertinent.
799 3031 901 3079 Ergo
930 3030 968 3067 in
999 3032 1100 3068 cultu
1128 3031 1201 3068 Dei
1229 3037 1355 3079 potest

293 3097 376 3134 esse
405 3084 546 3133 aliquid
574 3084 823 3121 mortiferum.

25 3063 38 3091 ’ς
50 3061 166 3096 J’Vm.
178 3069 211 3091 ¹4·

346 3139 572 3175 Respommo
610 3149 795 3187 mcENDUM
831 3136 956 3186 quod,
991 3136 1086 3174 sicut
1121 3136 1353 3185 Augustinus
1380 3162 1382 3177 1

54 3189 263 3249 Jeme-⁰?
293 3191 392 3238 dicit,
423 3191 461 3228 in
487 3189 584 3227 libro
613 3196 744 3227 contra
772 3190 1018 3228 Mendacium
1038 3189 1077 3237 ⁵¹⁶,
1108 3190 1353 3228 mendacium
1380 3182 1382 3217 ἕ

19 3249 27 3261 ⁷³
55 3250 104 3269 nv·

292 3244 458 3283 maxime
486 3243 744 3292 perniciosum
784 3251 839 3281 est
875 3243 979 3293 quod
1014 3243 1058 3280 fit
1085 3242 1124 3282 in
1161 3243 1218 3281 his
1255 3256 1353 3292 quae

293 3297 340 3335 ad
371 3296 623 3334 Christianam
654 3295 875 3344 religionem
903 3295 1099 3344 pertinent.
1131 3296 1198 3333 Est
1227 3304 1352 3333 autem

293 3350 538 3388 mendacium
569 3361 656 3386 cum
685 3349 820 3398 aliquis
857 3349 1018 3386 exterius
1047 3349 1232 3399 significat
1265 3362 1354 3386 con-

345 3483 374 3515 α)
392 3482 514 3508 salutem.
527 3495 547 3502 —
564 3481 602 3506 ad
620 3481 731 3507 :alutem
750 3481 778 3505 P.

347 3515 371 3550 β)
394 3517 553 3542 Galliarum.
573 3531 592 3536 —
619 3516 750 3541 Gallicum
775 3515 824 3548 pK,
853 3515 962 3541 Gallicis
986 3516 1036 3548 sK,
1058 3517 1138 3541 Galia
1162 3516 1180 3546 1,
1203 3517 1351 3541 Galliarum

288 3553 621 3621 parssfusigffi‘sicabantur.
632 3601 651 3607 —
662 3587 856 3621 figurabantur
875 3586 942 3610 PLa.

1410 2554 1524 2591 sitatis
1545 2555 1698 2591 incurrit
1726 2556 1790 2603 qui
1821 2568 1863 2592 ex
1893 2564 2000 2604 parte
2021 2556 2216 2593 Ecclesiae
2245 2557 2388 2594 cultum
2410 2570 2470 2594 ex-

1409 2608 1514 2644 hibet
1541 2609 1626 2645 Deo
1657 2617 1786 2645 contra
1815 2609 1976 2646 modum
2017 2609 2144 2646 divina
2173 2610 2393 2647 auctoritate
2422 2612 2470 2648 ab

1410 2661 1580 2698 Ecclesia
1609 2661 1854 2699 constitutum
1893 2670 1929 2699 et
1955 2663 1993 2699 in
2022 2663 2192 2699 Ecclesia
2230 2671 2468 2701 consuetum.

1410 2715 1520 2751 Unde
1549 2714 1776 2751 Ambrosius
1795 2715 1815 2736 ’Β
1844 2714 1949 2752 dicit:
1978 2716 2165 2764 Indignus
2192 2722 2246 2752 est
2272 2717 2337 2764 qui
2362 2717 2471 2753 aliter

1381 2769 1382 2794 l
1410 2767 1572 2804 celebrat
1607 2769 1828 2815 mysterium
1866 2780 1980 2815 quam
2014 2769 2180 2805 Christus
2217 2769 2376 2806 tradidit.
2421 2771 2470 2806 Et

1409 2828 1564 2870 propter
1592 2820 1667 2856 hoc
1701 2821 1814 2856 etiam
1845 2821 1981 2857 Glossa
1999 2821 2019 2842 '¹‘
2050 2821 2152 2869 dicit,
2188 2821 2326 2858 Coloss.
2356 2834 2378 2858 11
2407 2821 2467 2869 *²⁸⁷

1410 2873 1516 2921 quod
1554 2873 1768 2920 superstitio
1799 2881 1853 2909 est
1887 2874 2035 2921 quando
2064 2874 2255 2910 traditioni
2280 2876 2470 2911 humanae

1409 2937 1544 2962 nomen
1574 2925 1766 2975 religionis
1793 2926 2013 2974 applicatur.

1463 2981 1521 3014 AD
1551 2990 1686 3015 PRIMUM
1724 2990 1821 3015 ERGO
1859 2991 2041 3016 DICENDUM
2081 2979 2206 3027 quod,
2246 2992 2333 3016 cum
2363 2981 2468 3017 Deus

1409 3031 1455 3067 sit
1481 3030 1631 3077 veritas,
1662 3031 1711 3067 illi
1740 3031 1921 3068 invocant
1949 3033 2077 3068 Deum
2115 3031 2179 3079 qui
2208 3032 2245 3069 in
2274 3033 2405 3081 spiritu
2435 3039 2470 3069 et

1407 3084 1562 3122 veritate
1583 3096 1670 3120 eum
1700 3085 1839 3128 colunt,
1860 3092 1901 3121 ut
1921 3084 2055 3122 dicitur
2074 3086 2178 3122 Ioan.
2200 3097 2235 3122 1v
2253 3085 2284 3121 ⁹¹⁶.
2315 3087 2363 3122 Et
2381 3085 2467 3123 ideo

1409 3138 1529 3174 cultus
1549 3137 1746 3174 continens
1776 3137 1973 3175 falsitatem
1998 3149 2076 3175 non
2104 3138 2266 3186 pertinet
2284 3139 2436 3187 proprie
2456 3138 2468 3162 ζ

1409 3190 1458 3227 ad
1485 3190 1558 3226 Dei
1586 3189 1871 3228 invocationem
1903 3203 2000 3239 quae
2030 3191 2160 3230 salvat.

1462 3245 1521 3280 AD
1540 3255 1732 3280 SECUNDUM
1755 3255 1940 3282 mcssNDuM
1960 3244 2064 3292 quod
2084 3252 2169 3281 ante
2193 3251 2343 3292 tempus
2363 3244 2466 3291 legis,

1410 3295 1497 3333 iusti
1525 3308 1594 3345 per
1621 3296 1841 3334 interiorem
1865 3297 2082 3335 instinctum
2109 3297 2392 3335 instruebantur
2420 3297 2467 3335 de

1381 3349 1528 3387 ‘modo
1573 3350 1723 3387 colendi
1763 3351 1916 3397 Deum,
1949 3362 2048 3398 quos
2089 3349 2150 3387 alii
2198 3350 2465 3398 sequebantur.

1460 3480 1484 3513 ὃ)
1505 3482 1609 3507 verbo...
1625 3489 1779 3513 passurum.
1793 3495 1812 3501 -
1830 3489 1909 3506 non...
1922 3488 2032 3513 passum
2048 3481 2094 3510 Pa,
2115 3488 2194 3507 non...
2209 3487 2353 3513 passurum
2370 3481 2415 3506 sF.

1460 3517 1481 3548 ε)
1502 3517 1528 3541 in
1542 3524 1671 3548 persona.
1683 3532 1700 3536 -
1720 3517 1781 3542 Om.
1800 3517 1873 3541 ABF.

1458 3551 1483 3584 ζ)
1500 3552 1620 3584 proprie.
1634 3566 1652 3571 —
1671 3553 1733 3577 Om.
1752 3553 1786 3577 H.

2501 1693 2522 1715 7.

2695 1665 2716 1684 t.

2499 2726 2509 2735 ⁸
2524 2724 2608 2746 Glossa
2625 2724 2708 2745 Lomb.

2512 2751 2541 2772 ub

2498 2807 2569 2825 ment.

2498 2829 2554 2851 Cor.
2559 2847 2567 2857 ,

2497 2862 2556 2877 vers.
2581 2862 2608 2884 ²7
2614 2873 2619 2882 ‚

2496 2882 2687 2930 pfss‘mssmbros'

2597 2803 2619 2824 in
2644 2804 2653 2824 1

2592 2836 2642 2857 cap.
2652 2856 2656 2860 Ι
2669 2836 2692 2851 ιι
2703 2846 2708 2853 .

2651 2860 2709 2877 mter

2495 2936 2518 2947 ¹⁴·
2532 2924 2605 2957 Verss
2615 2941 2647 2963 23.

2497 3091 2506 3099 ·
2524 3089 2587 3111 Vei-s.

2603 3095 2639 3115 24.

2590 3138 2604 3167 t

2499 2758 2509 2772 s
2566 2757 2629 2772 nom.
2651 2752 2708 2771 Am—

2498 2777 2578 2804 bros.,
2596 2783 2623 2798 ex
2638 2777 2709 2798 Com-

2677 2803 2711 2824 ad
