2860 4244
148 267 155 275 ⁸
163 265 198 286 Ad
207 270 257 296 cap.
267 269 354 290 v,vers.

146 292 354 338 {bsufiommenn

242 352 259 378 Υ

152 632 160 639 ·
168 630 202 651 De
212 629 269 667 Vera
280 628 356 675 Relldig.

149 655 300 707 54³rptf1‘1'311i‘1‘,
307 661 357 707 0de

150 715 165 733 1,
181 714 234 731 xvii.
250 712 311 728 xvm.

151 1106 158 1113 ⁸
176 1103 200 1124 D.
217 1103 280 1124 1006.

151 1132 171 1141 n·
197 1130 217 1150 [a
241 1129 294 1155 ΗΒΕ,
317 1135 357 1156 (ῃ).

150 1162 223 1178 ικκκῐ,
239 1159 279 1177 art.
296 1161 312 1177 ι.

155 2576 163 2583 ·
170 2575 206 2595 Cf.
213 2575 311 2596 Ariston
320 2574 366 2595 Me-

154 2601 246 2628 taphys.
273 2600 313 2622 lib.
336 2601 345 2621 1
358 2617 363 2626 ,

155 2633 363 2675 ἓᾶἴρῗὴιῖἼέἑῃῆιιῖ

256 2689 267 2705 t

156 3152 167 3162 ⁴
178 3151 242 3173 Vers.
257 3158 294 3180 30.

380 194 459 230 414
1048 178 1312 224 QUAEsTlo
1343 177 1478 225 Cv111,
1507 177 1802 214 ARTICULUS
1832 177 1882 213 lv

439 260 470 296 5.
493 261 724 304 PRAETEREA,
745 256 967 294 Ambrosius
988 255 1086 302 dicit,
1106 266 1218 303 super
1236 255 1380 290 Lucam
1402 254 1433 300 *,
1463 254 1465 297 ξ
1490 254 1649 289 habetur
1678 254 1709 289 II
1737 255 1834 302 Reg.
1867 253 1930 290 ult.
1974 253 2064 290 Sive
2097 253 2210 290 etiam
2246 266 2314 302 per
2346 254 2547 303 aliqualem

384 311 487 360 quod
507 311 678 348 navicula
704 311 740 346 in
761 322 834 357 qua
853 314 935 345 erat
951 308 1076 353 Iudas,
1097 308 1268 343 turbatur
1285 311 1314 342 Y:
1340 306 1436 342 unde
1463 300 1465 365 i
1492 317 1722 342 consensum
1751 317 1818 342 seu
1847 305 2202 342 dissimulationem:
2233 306 2328 343 sicut
2351 307 2465 344 etiam
2493 308 2548 345 in-

384 370 419 400 et
443 365 593 408 Petrus,
622 363 686 411 qui
711 368 792 398 erat
806 363 948 408 firmus
976 360 1114 396 meritis
1139 359 1235 403 suis,
1267 358 1437 394 turbatur
1464 376 1465 395 ι
1491 359 1641 394 terdum
1670 358 1762 394 boni
1790 358 1903 394 simul
1938 358 2146 406 puniuntur
2172 359 2429 407 temporaliter
2462 372 2549 397 cum

384 416 523 453 alienis.
555 416 630 451 Sed
660 416 790 450 Petrus
810 426 887 450 non
905 413 1059 449 volebat
1077 418 1276 460 peccatum
1306 411 1432 446 Iudae.
1464 404 1612 463 i‘nialiS,
1641 409 1730 457 quia
1759 422 1893 447 eorum
1921 418 2076 459 peccata
2100 423 2178 447 non
2206 411 2488 459 redarguerunt,
2508 420 2549 449 ut

385 470 485 515 Ergo
515 467 743 515 quandoque
772 465 1045 502 involuntarius
1073 464 1236 513 punitur.
1464 482 1465 510 3
1491 462 1722 509 Augustinus
1757 463 1859 510 dicit,
1889 463 1927 499 in
1956 465 1969 499 Ι
1999 464 2044 500 de
2076 464 2156 501 Civ.
2193 464 2268 500 Dei
2283 464 2314 500 ³¹⁶.
2344 484 2368 492 -
2397 465 2546 512 Tertio,
2575 476 2585 487 ·

439 521 511 556 SED
536 531 680 556 CONTRA
703 530 768 555 EST
795 518 899 566 quod
927 529 1052 565 poena
1080 517 1238 554 debetur
1265 523 1433 564 peccato.
1464 520 1465 558 l
1491 515 1539 551 ad
1560 515 1911 553 commendandum
1929 516 2111 553 unitatem
2132 517 2324 553 humanae
2347 517 2546 565 societatis,

386 572 462 609 Sed
497 584 611 608 omne
646 579 844 619 peccatum
880 577 935 606 est
962 569 1240 615 voluntarium,
1275 576 1316 604 ut
1352 568 1438 605 dicit
1464 562 1465 612 i
1492 579 1536 603 ex
1565 579 1640 615 qua
1675 579 1774 604 unus
1811 569 1924 605 debet
1960 581 2030 617 pro
2058 569 2132 606 alio
2168 569 2347 606 sollicitus
2385 581 2467 607 esse
2490 582 2548 607 ·ne

384 624 612 671 Augustinus
630 623 660 659 ³⁸.
691 624 791 671 Ergo
821 623 857 659 in
887 624 988 659 solos
1007 621 1242 659 voluntarios
1262 628 1317 657 est
1337 633 1438 657 exer·
1463 615 1466 660 i
1490 628 1641 668 peccet:
1671 628 1708 656 et
1735 620 1784 657 ad
1813 621 2098 659 detestationem
2125 621 2281 670 peccati,
2303 622 2396 659 dum
2423 634 2550 671 poena

386 676 505 713 cenda
532 675 709 713 vindicta.
1464 691 1465 715 ς
1491 673 1602 709 unius
1636 673 1823 710 redundat
1855 673 1893 710 in
1921 686 2074 722 omnes,
2111 675 2219 722 quasi
2251 687 2387 712 omnes
2424 682 2550 712 essent

438 730 662 765 Respomffio
681 740 863 765 DICENDUM
882 727 988 775 quod
1015 739 1141 775 poena
1168 733 1292 775 potest
1317 726 1436 774 dupli·
1464 722 1465 770 j
1492 737 1611 762 unum
1648 736 1804 774 corpus,
1838 734 1879 762 ut
1909 727 2141 774 Augustinus
2179 727 2266 764 dicit
2303 727 2349 765 de
2386 735 2544 777 peccato

386 781 474 817 citer
493 781 731 818 considerari.
761 781 848 817 Uno
869 780 999 826 modo,
1021 779 1229 817 secundum
1250 778 1435 815 rationem
1464 821 1465 825 Ἰ
1491 778 1618 814 Achar
1637 777 1668 814 ²³⁶.

385 845 544 882 poenae.
583 835 631 870 Et
658 833 868 870 secundum
897 834 991 879 hoc,
1021 845 1145 881 poena
1174 844 1252 868 non
1281 831 1439 868 debetur
1546 830 1663 877 Quod
1691 837 1819 867 autem
1847 830 2038 868 Dominus
2066 831 2167 870 dicit:
2204 832 2362 869 Visitans
2393 838 2550 881 peccata

385 885 453 922 nisi
482 894 659 934 peccato:
689 885 777 934 quia
797 898 863 934 per
891 898 1057 934 poenam
1078 893 1272 933 reparatur
1300 896 1438 932 aequa·
1464 896 1466 911 ³
1487 889 1688 932 parentum
1718 883 1754 919 in
1772 883 1897 931 filios,
1928 884 1965 920 in
1994 884 2139 921 tertiam
2168 890 2204 920 et
2229 891 2404 933 quartam
2437 897 2550 935 gene-

385 938 466 975 litas
495 938 666 984 iustitiae,
686 938 910 987 inquantum
940 939 997 975 ille
1027 938 1091 986 qui
1110 936 1306 986 peccando
1327 936 1437 973 nimis
1465 978 1467 991 k
1493 937 1687 982 rationem,
1717 936 1836 983 magis
1855 936 2005 973 videtur
2033 937 2082 974 ad
2101 937 2401 975 misericordiam
2431 950 2549 986 quam

385 999 534 1027 secutus
555 999 610 1028 est
629 1004 738 1028 suam
757 993 1004 1038 voluntatem,
1021 990 1160 1039 aliquid
1181 997 1310 1027 contra
1330 1002 1437 1026 suam
1465 994 1467 1008 ¹
1493 990 1541 1026 ad
1570 989 1807 1025 severitatem
1838 990 2044 1037 pertinere:
2083 991 2174 1028 dum
2203 1002 2281 1027 non
2316 990 2440 1027 statim
2467 991 2550 1029 vin-

383 1045 618 1081 voluntatem
645 1044 792 1092 patitur.
834 1044 944 1082 Unde
979 1056 1066 1081 cum
1095 1055 1210 1080 omne
1239 1050 1439 1091 peccatum
1465 1070 1468 1088 4
1494 1042 1631 1079 dictam
1662 1041 1826 1089 adhibet,
1847 1042 1915 1078 sed
1943 1049 2114 1091 expectat
2141 1042 2180 1079 in
2198 1051 2406 1092 posterum,
2426 1050 2468 1080 ut
2484 1044 2548 1080 vel

386 1096 431 1132 sit
458 1097 735 1144 voluntarium,
767 1097 879 1134 etiam
917 1096 1093 1144 originale
1117 1096 1155 1142 ²¹⁶,
1185 1103 1226 1132 ut
1259 1107 1373 1143 supra
1399 1094 1440 1116 *²¹⁸
1494 1095 1627 1131 saltem
1654 1094 1795 1143 posteri
1823 1094 2070 1143 corrigantur;
2100 1095 2179 1142 sed,
2201 1103 2392 1133 crescente
2411 1096 2551 1133 malitia

386 1149 557 1186 habiturn
594 1158 667 1195 est;
707 1162 944 1197 consequens
983 1157 1038 1186 est
1075 1149 1180 1196 quod
1213 1148 1336 1183 nullus
1372 1160 1441 1196 pu·
1466 1171 1467 1174 =
1492 1147 1747 1195 posteriorum
1767 1146 1790 1194 ζ,
1820 1148 1928 1195 quasi
1948 1160 2102 1187 necesse
2123 1155 2178 1185 est
2197 1149 2381 1186 ultionem
2409 1149 2548 1186 inferri.

2600 475 2657 504 cnp.
2672 481 2704 498 tx.

2530 801 2533 803 ,
2576 780 2587 791 ·
2601 778 2699 806 Quaen.
2716 784 2789 806 uper

2578 806 2653 832 Iosue,
2667 811 2707 833 qu.
2722 810 2771 826 vm.

2673 1152 2690 1183 t

386 1202 485 1238 nitur
512 1202 586 1238 hoc
615 1202 732 1239 modo
762 1202 831 1239 nisi
851 1214 919 1251 pro
950 1213 995 1238 eo
1023 1201 1128 1250 quod
1146 1200 1359 1238 voluntarie
1388 1200 1439 1236 fa·
1546 1201 1605 1235 AD
1634 1211 1823 1236 SECUNDUM
1851 1212 2035 1238 mci-:noum
2063 1201 2180 1250 quod,
2202 1202 2297 1238 sicut
2318 1202 2551 1249 Augustinus
2603 1212 2605 1214 ·

388 1262 490 1291 ctum
520 1263 585 1291 est.
1466 1261 1468 1273 ⁴
1495 1252 1582 1289 dicit
1600 1251 1631 1299 ³⁸,
1661 1251 1842 1289 iudicium
1862 1253 2075 1291 humanum
2095 1254 2208 1291 debet
2225 1254 2359 1292 imitari
2378 1254 2551 1292 divinum

438 1306 523 1343 Alio
544 1307 662 1343 modo
682 1314 805 1355 potest
825 1305 1053 1343 considerari
1071 1317 1198 1354 poena
1217 1305 1440 1353 inquantum
1467 1319 1468 1322 ¹
1494 1304 1675 1342 iudicium
1702 1304 1740 1341 in
1768 1305 1973 1342 manifestis
2011 1307 2082 1343 Dei
2115 1306 2280 1355 iudiciis,
2309 1307 2448 1355 quibus
2481 1308 2550 1344 ho-

387 1367 441 1396 est
469 1360 668 1405 medicina,
698 1371 776 1396 non
802 1360 925 1395 solum
955 1358 1124 1395 sanativa
1160 1358 1304 1406 peccati
1331 1369 1438 1406 prae·
1495 1357 1617 1394 mines
1641 1357 1876 1406 spiritualiter
1908 1358 2062 1396 damnat
2080 1371 2150 1407 pro
2170 1359 2326 1408 proprio
2345 1367 2502 1408 peccato
2520 1360 2552 1398 ²¹².

386 1411 501 1458 teriti,
531 1412 597 1448 sed
626 1412 737 1448 etiarn
766 1411 1046 1460 praeservativa
1074 1423 1096 1448 a
1123 1418 1279 1460 peccato
1316 1410 1441 1447 futuro
1496 1411 1654 1447 Occulta
1680 1423 1774 1447 vero
1794 1410 1867 1447 Dei
1886 1411 2034 1459 iudicia,
2055 1411 2194 1459 quibus
2213 1413 2471 1461 temporaliter
2490 1413 2554 1450 ali-

388 1471 423 1500 et
440 1462 453 1485 δ
482 1465 698 1513 promotiva
726 1465 763 1501 in
784 1465 937 1513 aliquod
965 1465 1123 1501 bonum.
1154 1465 1202 1500 Et
1230 1463 1441 1500 secundum
1496 1475 1593 1512 quos
1620 1464 1728 1512 punit
1755 1464 1898 1511 absque
1928 1465 2056 1514 culpa,
2086 1477 2164 1502 non
2192 1473 2317 1513 potest
2338 1466 2553 1503 humanum

386 1517 471 1563 hoe,
501 1517 634 1565 aliquis
672 1517 860 1554 interdum
895 1518 1049 1566 punitur
1082 1517 1161 1553 sine
1200 1517 1327 1565 culpa:
1364 1528 1443 1552 non
1495 1516 1676 1553 iudicium
1706 1516 1860 1553 imitari:
1899 1517 1988 1564 quia
2025 1518 2144 1554 homo
2182 1530 2260 1555 non
2292 1525 2418 1567 potest
2449 1531 2555 1556 com-

387 1577 515 1606 tamen
535 1570 614 1606 sine
634 1582 758 1607 causa.
788 1592 811 1599 —
842 1570 1047 1607 Sciendum
1066 1577 1195 1606 tamen
1215 1569 1319 1617 quod
1348 1581 1442 1605 nun·
1495 1569 1731 1617 prehendere
1759 1569 1897 1605 horum
1926 1570 2153 1607 iudiciorum
2181 1571 2364 1619 rationes,
2392 1579 2435 1608 ut
2462 1572 2555 1609 sciat

388 1634 504 1670 quam
524 1622 712 1660 medicina
732 1623 914 1660 subtrahit
928 1623 1051 1659 maius
1066 1623 1211 1659 bonum
1231 1630 1273 1659 ut
1286 1634 1442 1670 promo-
1497 1622 1587 1669 quid
1617 1621 1790 1670 expediat
1817 1622 2032 1671 unicuique.
2069 1624 2117 1660 Et
2145 1623 2232 1660 ideo
2268 1636 2466 1673 nunquam
2494 1637 2551 1662 se-

387 1683 475 1711 veat
503 1675 628 1712 minus
647 1676 803 1723 bonum,
825 1676 919 1713 sicut
947 1675 1135 1713 medicina
1159 1675 1318 1712 carnalis
1346 1686 1440 1711 nun·
1468 1723 1469 1726 Ἰ
1497 1674 1667 1711 cundum
1692 1675 1905 1711 humanum
1930 1675 2110 1713 iudicium
2131 1676 2264 1725 aliquis
2288 1676 2401 1714 debet
2429 1677 2555 1726 puniri

389 1739 504 1775 quam
532 1736 660 1765 caecat
687 1730 840 1766 oculum
859 1737 899 1765 ut
922 1736 1027 1765 sanet
1055 1729 1293 1765 calcaneum:
1323 1739 1442 1774 quan-
1496 1727 1576 1764 sine
1605 1727 1715 1775 culpa
1742 1739 1868 1776 poena
1895 1727 2041 1776 flagelli,
2065 1736 2106 1766 ut
2134 1729 2337 1776 occidatur,
2357 1731 2420 1767 vel
2443 1731 2555 1767 muti-

389 1780 514 1829 doque
549 1789 678 1818 tamen
715 1782 823 1818 infert
861 1788 1133 1818 nocumentum
1161 1781 1199 1817 in
1231 1780 1443 1817 minoribus
1468 1777 1469 1781 ’
1495 1781 1602 1826 letur,
1622 1781 1684 1816 vel
1709 1781 1943 1818 verberetur.

387 1841 428 1869 ut
457 1833 675 1871 melioribus
712 1834 890 1871 auxilium
922 1841 1096 1882 praestet.
1137 1834 1185 1870 Et
1218 1833 1306 1882 quia
1340 1833 1442 1869 bona
1468 1876 1469 1879 Ἰ
1549 1833 1679 1869 Poena
1707 1841 1835 1869 autem
1857 1833 1984 1870 damni
2012 1834 2164 1882 punitur
2191 1834 2336 1883 aliquis,
2357 1835 2470 1872 etiam
2499 1847 2556 1872 se-

389 1885 592 1934 spiritualia
621 1894 707 1923 sunt
734 1887 900 1923 maxima
928 1887 1042 1933 bona,
1064 1887 1165 1923 bona
1194 1893 1320 1922 autem
1349 1893 1443 1922 tem·
1499 1885 1666 1922 cundum
1695 1886 1906 1922 humanum
1939 1885 2136 1934 iudicium,
2167 1887 2278 1924 etiam
2315 1887 2394 1925 sine
2424 1889 2553 1937 culpa:

387 1939 530 1986 poralia
568 1947 653 1976 sunt
686 1940 862 1983 minima;
902 1939 988 1976 ideo
1024 1939 1254 1987 quandoque
1289 1938 1443 1987 punitur
1498 1939 1565 1975 sed
1584 1951 1663 1975 non
1682 1939 1762 1975 sine
1783 1951 1908 1975 causa.
1930 1940 1978 1976 Et
1996 1940 2071 1976 hoc
2090 1940 2290 1990 tripliciter.
2314 1941 2402 1978 Uno
2422 1941 2554 1988 modo,

388 1991 520 2040 aliquis
548 1992 585 2029 in
613 1992 884 2040 temporalibus
912 1992 1021 2028 bonis
1049 1992 1193 2040 absque
1229 1992 1350 2039 culpa,
1381 2003 1444 2028 cu·
1469 2013 1470 2023 ³
1498 2003 1544 2028 ex
1571 1992 1645 2028 hoc
1673 1993 1777 2039 quod
1810 1991 1944 2041 aliquis
1971 1992 2120 2041 ineptus
2157 1993 2344 2041 redditur,
2374 1994 2454 2031 sine
2487 2006 2556 2031 sua

388 2043 552 2082 iusmodi
581 2053 666 2082 sunt
692 2046 818 2094 plures
847 2057 994 2093 poenae
1027 2043 1233 2093 praesentis
1259 2044 1360 2081 vitae
1390 2044 1443 2081 di·
1470 2092 1471 2095 Ἰ
1499 2045 1619 2092 culpa,
1648 2045 1698 2081 ad
1726 2045 1879 2092 aliquod
1908 2045 2055 2082 bonum
2081 2046 2302 2083 habendum
2329 2048 2391 2084 vel
2425 2059 2557 2084 conse-

387 2097 526 2134 vinitus
563 2097 725 2135 inflictae
759 2099 807 2135 ad
835 2097 1136 2134 humiliationem
1164 2098 1226 2134 vel
1252 2096 1444 2146 probatio·
1470 2101 1471 2125 ἲ
1498 2097 1716 2145 quendum:
1747 2097 1842 2134 sicut
1860 2105 2015 2147 propter
2032 2098 2168 2135 vitium
2198 2099 2324 2148 leprae
2348 2100 2480 2148 aliquis
2499 2113 2556 2137 re-

390 2162 497 2186 nem:
527 2163 605 2187 non
634 2158 760 2187 autem
790 2151 943 2199 punitur
971 2150 1102 2198 aliquis
1123 2151 1159 2186 in
1189 2149 1442 2198 spiritualibus
1469 2163 1471 2200 ς
1497 2157 1675 2186 movetur
1694 2151 1741 2187 ab
1771 2150 2094 2188 administratione
2123 2151 2315 2200 ecclesiae,
2337 2159 2372 2189 et
2398 2161 2555 2202 propter

388 2202 498 2239 bonis
513 2203 592 2239 sine
608 2204 760 2252 propria
781 2205 900 2252 culpa,
919 2216 1041 2252 neque
1062 2203 1100 2240 in
1120 2203 1305 2252 praesenti
1320 2214 1444 2250 neque
1470 2202 1471 2212 ¹
1499 2203 1703 2250 bigamiam
1724 2204 1784 2239 vel
1805 2203 1986 2241 iudicium
2015 2204 2207 2252 sanguinis
2236 2205 2369 2254 aliquis
2398 2206 2557 2256 impedi-

388 2255 426 2292 in
454 2256 599 2301 futur0;
629 2257 716 2304 quia
744 2256 794 2293 ibi
822 2269 969 2305 poenae
999 2268 1075 2293 non
1106 2264 1192 2292 sunt
1220 2255 1444 2302 medicinae,
1470 2277 1471 2285 κ
1498 2263 1558 2292 tur
1586 2268 1607 2292 a
1636 2255 1749 2292 sacris
1770 2256 1977 2293 ordinibus.
2008 2278 2031 2284 -
2061 2257 2261 2304 Secundo,
2291 2258 2380 2307 quia
2409 2260 2556 2296 bonum

389 2308 457 2344 sed
486 2317 768 2357 consequuntur
796 2309 1022 2358 spiritualem
1054 2308 1349 2345 damnationem.
1470 2319 1471 2331 ³
1498 2308 1536 2344 in
1565 2321 1640 2357 quo
1671 2308 1936 2346 damnificatur
1964 2322 2041 2346 non
2075 2317 2130 2346 est
2162 2310 2359 2359 proprium
2388 2312 2556 2360 bonum,

442 2362 500 2397 Ab
534 2373 670 2398 PRIMUM
702 2373 799 2398 ERGO
836 2373 1019 2398 DICENDUM
1054 2362 1159 2408 quod
1195 2373 1293 2397 unus
1325 2361 1444 2397 homo
1471 2376 1472 2411 3
1499 2361 1567 2397 sed
1588 2373 1810 2398 commune:
1840 2362 1935 2398 sicut
1954 2363 2059 2410 quod
2088 2363 2213 2411 aliqua
2237 2364 2394 2401 ecclesia
2420 2365 2559 2403 habeat

390 2425 516 2461 poena
550 2414 728 2462 spirituali
765 2426 961 2462 nunquam
999 2415 1151 2462 punitur
1183 2426 1252 2462 pro
1288 2421 1443 2462 peccato
1471 2427 1472 2456 l
1500 2414 1771 2463 episcopatum,
1801 2414 1962 2463 pertinet
1989 2415 2037 2452 ad
2066 2416 2211 2452 bonum
2245 2417 2357 2453 totius
2386 2417 2557 2464 civitatis,

391 2466 562 2502 alterius:
602 2467 690 2515 quia
721 2479 846 2515 poena
879 2466 1077 2515 spiritualis
1105 2467 1263 2515 pertinet
1291 2466 1339 2502 ad
1368 2465 1445 2502 ani—
1471 2474 1472 2517 ᾗ
1499 2478 1578 2502 non
1597 2475 1724 2503 autem
1745 2466 1793 2504 ad
1813 2468 1960 2504 bonum
1981 2468 2202 2505 clericorum
2222 2476 2381 2506 tantum.
2411 2492 2435 2499 -
2464 2471 2558 2508 Ter·

393 2531 515 2566 mam,
546 2520 756 2556 secundum
790 2531 905 2567 quam
940 2519 1094 2567 quilibet
1122 2527 1177 2555 est
1215 2519 1306 2555 liber
1332 2518 1392 2554 sui
1412 2517 1451 2554 *ae
1471 2550 1473 2557 Α
1499 2519 1563 2565 tio,
1584 2520 1673 2568 quia
1693 2521 1839 2556 bonum
1859 2522 1971 2557 unius
1990 2522 2180 2570 dependet
2199 2534 2244 2558 ex
2264 2523 2368 2559 bono
2388 2524 2555 2562 alterius:

392 2572 522 2608 Poena
559 2579 685 2608 autem
717 2571 917 2620 temporali
936 2577 948 2592 ⁸
977 2571 1208 2620 quandoque
1245 2583 1344 2607 unus
1377 2582 1446 2619 pu·
1471 2581 1473 2616 j
1500 2571 1596 2608 sicut
1628 2572 1667 2609 in
1705 2572 1859 2609 crimine
1896 2574 2019 2610 laesae
2053 2574 2257 2611 maiestatis
2294 2575 2393 2612 filius
2427 2577 2561 2614 amittit

392 2623 490 2660 nitur
516 2637 585 2672 pro
615 2632 770 2673 peccato
799 2625 959 2670 alterius,
980 2624 1113 2673 triplici
1132 2624 1286 2660 ratione.
1317 2623 1446 2660 Primo
1471 2629 1473 2672 ξ
1500 2625 1769 2661 haereditatem
1798 2637 1868 2673 pro
1896 2634 2053 2674 peccato
2080 2627 2244 2675 parentis
2265 2629 2295 2664 *.

392 2677 567 2724 quidem,
597 2678 684 2725 quia
718 2689 816 2714 unus
850 2678 969 2714 homo
1006 2677 1262 2726 temporaliter
1297 2684 1352 2712 est
1388 2688 1445 2712 res
1472 2683 1473 2699 ³
1554 2679 1612 2713 AD
1640 2689 1799 2714 TERTmM
1827 2690 2011 2716 memnon
2037 2680 2139 2728 quod
2168 2680 2317 2729 parvuli
2345 2680 2475 2719 divino
2504 2682 2559 2719 iu-

392 2730 552 2775 alterius,
575 2738 610 2767 et
629 2730 678 2767 ita
698 2729 734 2766 in
758 2741 924 2778 poenam
944 2730 1023 2766 eius
1044 2730 1156 2767 etiam
1177 2730 1256 2777 ipse
1276 2729 1446 2778 punitur:
1472 2745 1473 2768 1
1502 2729 1599 2766 dicio
1629 2730 1738 2767 simul
1766 2731 1971 2779 puniuntur
1997 2732 2254 2781 temporaliter
2282 2745 2370 2770 cum
2398 2736 2560 2783 parenti-

393 2782 488 2818 sieut
520 2782 585 2818 filii
622 2790 707 2819 sunt
743 2783 952 2819 secundum
988 2795 1125 2831 corpus
1159 2782 1349 2831 quaedam
1388 2794 1446 2818 res
1472 2788 1473 2811 ἰ
1501 2783 1584 2829 bus,
1605 2790 1685 2819 tum
1704 2783 1793 2831 quia
1822 2792 1908 2821 sunt
1927 2797 1985 2821 res
2013 2793 2227 2833 parentum,
2249 2794 2285 2823 et
2303 2786 2341 2823 in
2361 2787 2416 2824 eis
2445 2788 2560 2825 etiam

392 2835 517 2883 patris,
539 2843 574 2871 et
602 2835 700 2872 servi
729 2844 815 2872 sunt
833 2835 1022 2884 quaedam
1052 2848 1111 2872 res
1140 2835 1398 2872 dominorum.
1420 2855 1443 2862 —
1501 2843 1675 2884 parentes
1702 2836 1921 2884 puniuntur.
1952 2838 2054 2874 Turn
2085 2838 2198 2875 etiam
2219 2839 2307 2887 quia
2326 2840 2400 2877 hoc
2428 2841 2466 2878 in
2496 2833 2570 2878 eo·-

392 2887 474 2923 Alio
504 2888 634 2934 modo,
656 2889 879 2936 inquantum
898 2895 1095 2936 peccatum
1117 2888 1229 2925 unius
1258 2887 1447 2924 derivatur
1502 2900 1586 2925 rum
1616 2889 1762 2926 bonum
1792 2890 1908 2926 cedit:
1939 2902 2007 2937 ne,
2038 2891 2068 2927 si
2101 2899 2403 2940 reservarentur,
2434 2901 2559 2937 essent

393 2939 429 2975 in
458 2940 629 2977 alterum.
658 2941 728 2977 Vel
756 2953 824 2989 per
851 2941 1119 2977 imitationem:
1149 2940 1243 2977 sicut
1270 2940 1335 2977 filii
1365 2940 1446 2977 imi·
1501 2941 1707 2978 imitatores
1726 2950 1904 2990 paternae
1925 2943 2100 2990 malitiae,
2123 2952 2159 2981 et
2178 2944 2230 2981 sic
2249 2942 2440 2992 graviores
2468 2959 2560 2996 poe-

393 2999 517 3028 tantur
543 3000 697 3041 peccata
725 3001 935 3041 parentum,
958 3002 994 3030 et
1022 2994 1120 3030 servi
1140 3001 1295 3042 peccata
1323 2993 1443 3030 dorni-
1501 3006 1569 3031 nas
1603 3002 1846 3032 mererentur.
1884 3016 1909 3024 -
1947 2997 1989 3032 In
2026 2997 2134 3033 bruta
2166 3009 2260 3034 vero
2299 2998 2494 3044 animalia,
2525 3007 2561 3037 et

394 3057 552 3091 norum,
582 3054 622 3081 ut
660 3045 838 3082 audacius
874 3054 1042 3094 peccent.
1075 3047 1145 3083 Vel
1182 3059 1252 3095 per
1284 3047 1445 3083 modum
1501 3059 1761 3096 quascumque
1789 3048 1879 3084 alias
1907 3048 2138 3086 irrationales
2168 3058 2368 3098 creaturas,
2389 3051 2557 3090 vindicta

395 3097 531 3133 meriti:
561 3097 654 3134 sicut
681 3106 835 3146 peccata
870 3099 1105 3135 subditorum
1136 3107 1328 3135 merentur
1359 3111 1447 3147 pec·
1502 3108 1716 3147 exercetur,
1746 3100 1834 3148 quia
1865 3113 1934 3149 per
1970 3102 2043 3139 hoc
2072 3102 2280 3151 puniuntur
2313 3103 2362 3141 illi
2391 3116 2557 3152 quorum

395 3159 560 3186 catorem
597 3151 819 3199 praelatum,
840 3151 1051 3187 secundum
1081 3151 1169 3187 illud
1197 3152 1266 3188 Iob
1284 3163 1391 3188 xxxw
1409 3151 1445 3188 *ε
1502 3153 1598 3188 sunt.
1628 3153 1676 3189 Et
1695 3152 1830 3189 iterum
1851 3161 2005 3202 propter
2033 3155 2318 3193 detestationem
2337 3158 2492 3206 peccati.

397 3202 471 3243 Qui
497 3214 660 3252 regnare
673 3204 778 3251 facit
803 3204 990 3240 hominem
1018 3203 1273 3251 hypocritam„
1291 3210 1447 3252 propter
1554 3206 1612 3240 An
1628 3216 1800 3246 QUARTUM
1819 3217 2003 3243 D1CEND1JM
2023 3208 2128 3255 quod
2149 3208 2293 3245 coactio
2314 3210 2459 3247 timoris
2479 3222 2557 3247 non

387 3261 542 3301 peccata
565 3256 718 3303 populi,·
748 3256 851 3292 unde
879 3263 915 3292 et
942 3268 1012 3304 pro
1040 3263 1197 3304 peccato
1227 3256 1352 3292 David
1380 3269 1447 3305 po·
1501 3257 1586 3293 facit
1613 3257 1830 3306 simpliciter
1857 3258 2163 3307 involuntarium,
2189 3262 2256 3298 sed
2284 3262 2398 3300 habet
2424 3263 2558 3300 volun·
2587 3302 2597 3312 ι

394 3309 525 3355 pulum
554 3308 795 3355 numerantis,
817 3309 979 3357 populus
1000 3309 1112 3345 Israel
1140 3308 1292 3356 punitus
1321 3317 1387 3356 est,
1408 3317 1448 3346 ut
1500 3309 1637 3346 tarium
1666 3310 1837 3357 mixtum,
1867 3319 1907 3348 ut
1935 3325 2049 3361 supra
2067 3313 2088 3335 ²¹⁸
2116 3313 2287 3351 habitum
2315 3322 2381 3352 est.

446 3435 471 3467 γ)
492 3436 623 3460 turbatur.
635 3449 653 3454 —
671 3436 829 3460 turbabatur
842 3436 979 3466 PCDLsK;
1001 3437 1081 3460 altero
1092 3437 1149 3460 loco
1163 3437 1320 3461 turbabatur
1335 3438 1448 3462 PCDsK.
1557 3440 1579 3470 ε)
1599 3439 1747 3470 temporali.
1760 3453 1779 3458 -
1797 3441 1950 3472 temporalis
1970 3442 2066 3467 ABEF.

447 3468 470 3501 ὅ)
490 3473 554 3495 et.—
573 3471 612 3495 vel
631 3472 709 3495 etiam
731 3471 776 3495 Pa.
882 3497 886 3500 ,
1557 3473 1582 3505 ζ)
1597 3475 1786 3505 posteriorum.
1799 3488 1818 3494 -
1831 3479 2000 3507 posterorum
2021 3477 2120 3508 PHKL,
2136 3481 2273 3509 posterum
2288 3478 2318 3502 D.

2579 1261 2589 1272 ⁸
2603 1259 2663 1282 thid.

2579 1361 2590 1371 ⁸
2603 1359 2632 1382 D.
2647 1359 2701 1388 798.

2585 2632 2638 2655 ⁸1).
2653 2632 2698 2662 615.

2587 3331 2622 3350 art
2644 3301 2798 3350 {xum-avi.
