2860 4244
933 219 1199 265 QUAESTIO
1230 220 1386 268 vau,
1414 219 1709 257 ARTlcULUS
1739 220 1753 256 1
2381 231 2429 267 97

930 341 1263 374 Commentariis.
1285 342 1536 375 Cardinalis
1557 342 1759 375 Caietam'

266 438 313 502 In
336 428 469 459 articulo
492 428 597 468 primo
620 428 816 469 quaestionis
838 427 1217 468 sexagesimaesepfimae,
1243 428 1323 459 circa
1347 429 1349 454 ἶ

293 472 535 513 responsionem
550 473 590 502 ad
609 473 796 508 secundum,
813 472 946 503 dubium
961 471 1074 512 triplex
1089 472 1234 508 occurrit,
1250 482 1322 512 pro-
1348 467 1349 491 ³

263 523 332 557 pter
353 516 395 547 id.
413 516 502 557 quod
524 516 651 552 dicitur,
674 517 764 557 quod
792 517 858 547 Leo
879 517 969 556 Papa
996 516 1128 546 subiecit
1149 526 1184 547 se
1206 517 1323 547 iudicio

262 560 483 601 Imperatoris.
501 560 646 590 Primum
656 559 674 578 *
688 567 744 596 est,
761 569 826 600 qua
841 567 872 590 et
885 559 972 600 quali
984 566 1138 600 potestate
1151 560 1324 600 Imperator
1348 559 1350 568 '

262 604 400 635 iudicare
422 611 547 644 poterat
569 603 690 643 Papam
712 603 745 634 in
763 613 838 634 casu
861 603 978 643 posito,
1002 603 1118 635 scilicet
1141 614 1216 634 cum
1238 605 1323 644 Papa

263 657 296 678 se
318 647 404 678 illius
426 647 545 678 iudicio
568 647 710 678 subiecit.
741 646 782 678 Et
804 654 852 678 est
874 647 952 678 ratio
977 647 1064 678 dubii
1090 648 1166 688 quia
1188 655 1243 678 aut
1265 657 1322 678 au-

263 691 405 722 ctoritate
427 691 531 732 Papae
553 690 613 721 sibi
636 700 799 727 concessa,
823 698 878 722 aut
900 691 972 722 alia.
995 692 1069 722 Non
1093 692 1206 732 Papae.
1235 692 1323 722 Tum

263 735 338 776 quia
368 735 413 765 sic
439 744 508 765 non
533 735 662 766 haberet
682 734 748 765 vim
773 735 948 766 coactivam
977 736 1077 776 ipsius
1099 737 1217 776 Papae:
1249 745 1324 766 cum

263 788 359 810 nemo
383 785 515 818 cogatur
537 789 555 809 a
577 778 693 819 seipso.
717 779 806 810 Tum
828 780 904 820 quia
926 780 1012 820 Papa
1035 790 1101 811 non
1123 786 1230 820 potest
1251 780 1324 809 dare

263 829 453 863 potestatem
477 822 631 853 maiorem
655 833 727 858 sua,
753 833 788 854 ac
811 833 867 864 per
890 823 966 860 hoc,
990 834 1056 854 non
1079 830 1185 864 potest
1207 822 1324 854 consti-

262 874 351 898 tuere
365 867 506 908 aliquem
521 867 577 908 qui
597 867 636 898 sit
652 867 798 908 superior
812 868 911 909 Papa:
933 874 964 898 et
977 874 1207 908 consequenter
1220 866 1325 896 omnis

254 911 399 986 *iungens
414 910 602 942 auctoritate
613 921 631 941 a
642 911 728 952 Papa
743 918 879 952 accepta,
893 918 1034 942 remanet
1049 911 1194 942 subditus
1209 911 1324 950 Papae,

281 963 295 986 t
316 965 383 986 non
405 955 500 986 iudex
528 962 583 986 aut
605 955 750 996 superior
775 955 832 986 illo
861 955 897 986 fit
925 965 981 995 per
1002 956 1074 985 hoc.
1105 972 1127 978 -
1155 955 1230 984 Non
1253 953 1324 984 alia.

264 999 349 1037 Quia
370 1009 429 1030 nec
452 999 610 1030 ordinaria
633 999 850 1039 Imperatoris:
884 1008 959 1029 cum
981 999 1035 1029 illa
1061 998 1101 1029 sit
1128 997 1210 1028 infra
1236 1004 1325 1037 pote-

262 1051 377 1075 statem
399 1044 512 1084 Papae,
536 1053 594 1074 nec
615 1053 649 1074 se
671 1044 713 1073 ad
735 1043 908 1082 spiritualia
931 1043 1086 1073 extendat.
1109 1042 1175 1072 Nec
1198 1042 1326 1072 aliunde
1350 1047 1352 1064 ἰ

263 1088 384 1118 habita:
408 1088 484 1128 quia
507 1097 573 1118 non
596 1094 727 1128 apparet
748 1086 843 1117 unde.

320 1131 358 1163 11.
380 1131 565 1162 Secundum
581 1131 715 1161 dubium
730 1130 748 1149 *
766 1137 822 1166 est,
839 1140 879 1160 an
901 1130 987 1170 Papa
1003 1129 1103 1170 possit
1125 1139 1158 1159 se
1173 1129 1325 1160 subiicere
1350 1128 1351 1134 ¹

263 1175 296 1206 in
319 1175 470 1206 omnibus
493 1175 533 1205 ad
552 1184 585 1205 se
601 1173 814 1215 spectantibus
836 1173 956 1204 iudicio
973 1173 1105 1204 alicuius
1124 1180 1179 1204 aut
1202 1173 1325 1214 aliquo·
1350 1172 1352 1197 3

263 1228 349 1255 rum;
373 1229 414 1250 an
432 1218 465 1249 in
481 1218 640 1259 aliquibus
663 1225 798 1249 tantum.
823 1218 863 1248 Et
887 1224 933 1248 est
955 1218 1034 1248 ratio
1055 1217 1143 1248 dubii
1166 1217 1242 1258 quia
1257 1220 1325 1248 Au-

263 1270 332 1294 ctor
358 1263 410 1293 hic
431 1262 610 1294 indistincte
632 1262 708 1293 dicit
736 1262 825 1302 quod
847 1269 953 1302 potest
978 1272 1011 1292 se
1034 1261 1196 1293 subiicere.
1228 1261 1270 1292 Et
1291 1261 1325 1291 in

262 1307 413 1342 Decretis,
428 1301 467 1343 11,
483 1317 537 1347 qu.
553 1317 606 1343 vn,
626 1316 695 1347 cap.
710 1306 780 1337 Nos
793 1307 832 1343 si,
856 1307 922 1336 Leo
939 1306 991 1342 IV,
1012 1307 1050 1336 de
1066 1316 1132 1347 quo
1148 1313 1194 1336 est
1209 1315 1324 1341 sermo,

263 1350 391 1391 subiicit
409 1350 586 1388 sejudicio
617 1350 818 1391 Imperatoris
841 1349 874 1380 in
898 1349 1129 1386 criminalibus,
1153 1349 1270 1381 scilicet
1292 1349 1326 1379 in
1350 1368 1352 1382 =.

263 1392 395 1427 crimine
417 1394 597 1431 iniustitiae,
619 1402 650 1425 et
673 1393 889 1426 universaliter
903 1394 936 1425 in
953 1395 1103 1425 omnibus
1126 1403 1209 1435 quae
1225 1399 1328 1423 essent
1349 1383 1352 1422 Ι

263 1439 471 1471 discutienda.

319 1483 355 1514 In
370 1483 559 1524 oppositum
575 1489 682 1513 autem
696 1488 743 1512 est
761 1482 967 1522 quorundam
982 1482 1136 1513 sententia
1152 1481 1325 1512 dicentium
1350 1495 1352 1525 ς

231 1551 238 1563 ,
263 1527 506 1560 conclusionem
521 1537 544 1558 s.
561 1526 708 1557 Thomae
724 1525 757 1556 in
773 1526 816 1556 IV
831 1526 931 1562 Sem„
952 1525 1022 1557 dist.
1038 1537 1088 1556 x1x
1102 1526 1128 1562 *,
1153 1532 1184 1556 et
1206 1525 1327 1556 Alberti
1351 1533 1352 1562 j

230 1603 238 1611 ,
263 1571 372 1612 Magni
385 1571 414 1608 ⁸,
430 1578 462 1602 et
477 1581 502 1602 s.
513 1571 755 1602 Bonaventurae
765 1569 810 1606 ¹⁸¹*‚
821 1577 853 1601 et
867 1569 1014 1600 Richardi
1025 1571 1064 1600 de
1075 1569 1254 1601 Mediavilla
1264 1568 1326 1604 ***,

229 1656 237 1664 ι
263 1626 332 1648 esee
353 1616 443 1657 quod
473 1615 558 1655 Papa
586 1624 652 1645 non
675 1621 781 1654 potest
810 1624 843 1644 se
860 1613 1023 1648 ‚subiicere
1045 1614 1078 1644 in
1107 1613 1327 1655 personalibus

263 1670 320 1698 san
343 1659 558 1691 criminalibus
581 1658 675 1690 alicui
692 1658 731 1689 ,in
754 1657 825 1689 foro
847 1657 996 1689 iudiciali.

280 1701 281 1705 ’
318 1699 371 1736 m.
394 1702 541 1735 Tertium
565 1702 701 1734 dubium
716 1701 734 1721 *
757 1709 812 1739 est,
829 1712 868 1732 an
891 1702 978 1742 Papa
993 1701 1161 1733 subiiciens
1183 1711 1216 1732 se
1239 1701 1327 1732 alteri
1351 1724 1353 1745 ,ἦ

1376 429 1481 460 arbitri
1505 429 1621 460 habent
1635 428 1701 459 vim
1719 427 1892 460 coactivam
1915 435 2074 469 quantum
2095 429 2136 458 ad
2154 428 2187 459 id
2209 429 2298 469 quod
2321 439 2433 460 eorum

1376 473 1504 503 arbitrio
1528 473 1683 503 creditum
1706 479 1762 504 est.

1348 524 1350 556 ᾗ
1431 517 1470 547 V.
1490 517 1541 546 Ad
1556 517 1733 547 secundum
1748 517 1883 547 dubium
1893 516 1911 536 *
1926 515 2040 547 dicitur
2054 516 2143 557 quod
2159 523 2191 548 et
2203 517 2326 557 Papam
2341 527 2434 558 posse

1376 570 1409 590 se
1431 560 1584 590 subiicere
1606 560 1639 591 in
1662 560 1734 591 foro
1756 560 1895 592 iudiciali
1917 560 1951 590 in
1972 560 2175 601 quibusdam,
2191 570 2229 591 ex
2250 561 2310 592 hac
2325 569 2433 593 aucto-

1376 604 1464 634 rime
1487 603 1607 634 litterae
1630 611 1765 640 constat;
1789 612 1820 635 et
1842 614 1880 635 ex
1902 604 2035 644 allegato
2055 611 2141 636 textu
2159 604 2378 642 Decretorum,
2395 605 2433 642 11,

1376 657 1431 688 qu.
1447 657 1500 683 vn,
1523 648 1592 678 Nos
1613 649 1642 678 si
1665 649 1921 688 incompetenter,
1941 647 1996 678 ubi
2014 648 2100 689 Papa
2115 648 2280 680 manifeste
2295 649 2436 680 subdidit

1376 691 1494 722 iudicio
1518 692 1705 722 nuntiorum
1728 691 1928 732 Imperatoris
1950 701 1983 722 se
2011 692 2052 722 de
2076 692 2212 732 propriis
2240 693 2433 730 actionibus,

1377 745 1417 765 an
1439 735 1521 765 iuste
1543 735 1594 765 vel
1616 735 1732 766 iniuste
1748 743 1817 772 etc„
1841 743 1877 766 ut
1892 736 1974 766 clare
1992 742 2079 776 patet
2095 736 2149 767 ibi.
2173 736 2214 767 Et
2231 737 2353 777 Papam
2368 747 2434 768 non

1377 788 1471 819 posse
1495 779 1702 809 se·subiicere
1724 779 1758 809 in
1780 779 1852 810 foro
1875 779 2013 810 iudiciali
2036 780 2169 810 alicuius
2183 780 2302 811 iudicio
2317 782 2349 812 in
2365 782 2434 822 qui-

1349 874 1352 910 g
1377 876 1432 907 qu.
1449 877 1471 904 1,
1495 873 1550 897 art.
1569 867 1597 902 3,
1621 876 1675 907 qu.
1694 867 1768 903 ult.‚
1793 867 1833 897 ad
1851 868 1879 903 3,
1903 867 1958 898 ubi
1981 867 2069 898 dicit:
2092 867 2181 899 Sicut
2203 869 2314 900 nullus
2329 874 2436 910 potest

1379 911 1412 940 in
1435 911 1573 950 seipsum
1600 911 1790 941 sententiam
1819 911 1900 941 dare
1926 908 2281 950 excommunicationis,
2305 914 2350 944 ita
2377 923 2436 944 nec

1350 968 1351 992 1
1377 955 1473 985 alteri
1495 955 1691 984 committere
1712 964 1747 984 se
1769 956 2056 985 excommunicare.
2083 956 2125 986 Et
2147 955 2289 987 eiusdem
2312 963 2435 987 senten-

1350 1029 1352 1041 ἱ
1377 998 1438 1029 tiae
1469 1005 1515 1028 est
1545 998 1736 1034 Richardus‚
1759 998 1792 1028 in
1822 998 1961 1035 Quarto,
1991 999 2063 1029 dist.
2086 1009 2178 1035 xvm,
2202 1007 2259 1031 art.
2280 1002 2313 1036 5,
2337 1011 2391 1041 qu.
2407 1011 2434 1036 1,

1378 1043 1417 1072 ad
1435 1051 1469 1078 2;
1494 1049 1525 1073 et
1536 1043 1650 1073 Petrus
1674 1042 1714 1072 de
1729 1042 1857 1078 Palude,
1874 1042 1906 1072 in
1922 1042 2064 1073 eiusdem
2080 1043 2151 1074 dist.
2170 1054 2225 1084 qu.
2241 1054 2263 1074 11
2277 1044 2304 1074 *.
2330 1045 2435 1082 Quare

1350 1096 1352 1112 t
1378 1093 1485 1116 autem
1508 1086 1540 1116 in
1563 1086 1756 1127 quibusdam
1771 1086 1825 1122 sic,
1848 1086 1881 1116 in
1897 1086 2090 1126 quibusdam
2104 1096 2186 1123 non;
2211 1095 2243 1118 et
2264 1098 2346 1128 quae
2362 1096 2436 1119 sunt

1378 1130 1410 1160 in
1433 1130 1550 1171 quibus
1573 1136 1687 1170 potest,
1711 1140 1792 1170 quae
1809 1137 1916 1160 autem
1935 1130 1967 1160 in
1982 1131 2098 1171 quibus
2114 1141 2180 1160 non
2196 1138 2300 1171 potest
2315 1143 2347 1162 se
2363 1133 2436 1162 sub—

1377 1174 1479 1210 iicere,
1503 1174 1678 1204 videndum
1700 1181 1803 1204 restat.
1828 1174 1868 1204 Et
1887 1174 1912 1204 si
1932 1174 2095 1214 diligenter
2117 1183 2318 1215 perspectum
2333 1176 2435 1212 fuerit,

1350 1224 1352 1251 1
1378 1218 1541 1259 apparebit
1563 1218 1651 1259 quod
1666 1218 1699 1248 in
1715 1217 1864 1248 omnibus
1887 1228 1968 1258 quae
1991 1219 2076 1258 Papa
2099 1226 2203 1258 potest
2226 1230 2281 1260 per
2296 1220 2436 1261 seipsum

1350 1293 1351 1303 γ
1376 1263 1525 1299 iudicare,
1549 1269 1655 1302 potest
1676 1272 1709 1292 se
1726 1262 1813 1292 alteri
1829 1261 1995 1292 subiicere:
2022 1269 2052 1292 et
2071 1263 2159 1303 quod
2174 1263 2206 1293 in
2223 1264 2313 1294 nullo
2333 1272 2438 1304 potest

1350 1310 1352 1344 j.
1378 1317 1410 1338 se
1433 1307 1521 1338 alteri
1544 1307 1696 1337 subiicere
1719 1306 1808 1346 quod
1831 1316 1887 1346 per
1909 1306 2050 1346 seipsum
2072 1307 2210 1338 iudicare
2234 1318 2299 1338 non
2323 1315 2437 1348 potest.

1350 1347 1352 1365 ¹
1433 1350 1652 1382 Manifestatur
1677 1357 1783 1381 autem
1810 1351 1899 1391 quod
1922 1350 2074 1387 dicimus,
2094 1351 2214 1391 primo,
2242 1362 2278 1382 ex
2306 1352 2436 1383 ratione.

1377 1395 1463 1432 Quia
1478 1401 1602 1426 constat
1622 1394 1712 1435 quod
1731 1394 1840 1425 omnia
1855 1404 1937 1435 quae
1953 1395 2110 1434 pertinent
2124 1396 2164 1425 ad
2183 1402 2371 1436 potestatem
2390 1396 2438 1427 iu-

1350 1447 1352 1470 }
1377 1439 1567 1470 risdictionis
1590 1445 1726 1479 possunt
1747 1439 1834 1469 alteri
1858 1439 2028 1469 committi:
2061 1446 2091 1470 et
2113 1440 2153 1469 ad
2177 1439 2255 1470 nihil
2278 1447 2382 1480 potest
2405 1451 2437 1471 se

1350 1478 1352 1492 '
1378 1483 1544 1514 extendere
1560 1489 1699 1522 potestas
1715 1483 1856 1523 delegata
1872 1483 1961 1523 quod
1978 1493 2042 1513 non
2059 1484 2222 1514 claudatur
2234 1485 2293 1514 sub
2312 1484 2436 1515 obiecto

1378 1527 1542 1568 potestatis
1566 1526 1803 1557 committentis.
1825 1544 1846 1549 -
1869 1527 1990 1557 Deinde
2011 1537 2047 1557 ex
2066 1528 2278 1558 communiter
2296 1528 2438 1559 acciden-

1378 1571 1462 1602 tibus
1485 1578 1517 1602 et
1539 1570 1628 1601 dictis
1652 1571 1832 1601 doctorum.
1855 1571 1939 1600 Nam
1961 1581 1997 1601 ex
2013 1581 2052 1601 eo
2076 1572 2164 1612 quod
2186 1582 2252 1602 non
2276 1579 2382 1612 potest
2404 1582 2437 1602 se

1379 1615 1531 1646 subiicere
1554 1614 1648 1646 alicui
1670 1614 1704 1644 in
1726 1614 1834 1655 aliquo
1865 1615 1953 1654 quod
1980 1624 2046 1645 non
2069 1622 2174 1655 potest
2202 1625 2258 1656 per
2279 1616 2436 1656 seipsum,

1379 1659 1522 1700 sequitur
1551 1659 1640 1699 quod
1663 1669 1731 1689 non
1753 1658 1854 1698 possit
1876 1659 2073 1690 committere
2096 1659 2189 1690 alicui
2218 1659 2306 1700 quod
2329 1659 2436 1700 ipsum

1378 1703 1479 1745 possit
1495 1702 1779 1738 excommunicare,
1797 1702 1965 1743 deponere,
1982 1704 2173 1743 suspendere
2189 1710 2219 1734 et
2234 1703 2437 1736 huiusmodi:

1377 823 1522 858 busdam,
1547 829 1670 853 constat
1692 823 1787 853 etiam
1811 833 1846 854 ex
1869 826 2008 854 Auctore
2030 823 2063 854 in
2087 824 2130 854 IV
2145 824 2244 862 Sent„
2271 825 2343 856 dist.
2364 831 2439 864 xxx,

180 1786 186 1795 ¹
207 1784 237 1799 ‘x
259 1748 296 1785 jn
315 1747 392 1779 toro
414 1746 555 1780 iudiciali
577 1746 610 1777 in
633 1746 682 1777 his
704 1746 737 1777 in
760 1746 877 1787 quibus
907 1752 1013 1786 potest
1035 1756 1067 1776 se
1090 1746 1258 1782 subiicere,
1283 1746 1328 1776 sic
1351 1747 1353 1781 1
1379 1749 1456 1779 haec
1479 1757 1618 1788 namque
1641 1757 1706 1777 non
1730 1753 1836 1787 potest
1858 1756 1915 1787 per
1937 1746 2077 1788 seipsum
2101 1747 2211 1778 facere.
2235 1747 2282 1778 Ex
2305 1756 2344 1778 eo
2360 1757 2438 1778 vero

263 1799 299 1825 ae
318 1791 472 1824 subiicere
490 1790 684 1832 intelligatur
706 1797 743 1822 ut
764 1797 939 1832 spontanea
961 1801 979 1821 a
1003 1790 1158 1831 principio
1173 1790 1328 1821 subiectio
1351 1792 1353 1833 1
1379 1792 1469 1833 quod
1498 1802 1608 1823 causas
1637 1791 1718 1822 inter
1748 1791 1862 1821 Sedem
1891 1792 2111 1830 Apostolicarn
2141 1798 2172 1822 et
2201 1802 2438 1833 quemcumque

263 1843 401 1869 transeat
421 1837 455 1868 in
478 1835 706 1866 necessitatem.
736 1835 777 1866 Et
804 1842 851 1866 est
876 1834 955 1866 ratio
980 1835 1068 1866 dubii
1094 1834 1186 1876 quia,
1211 1834 1237 1865 si
1260 1845 1326 1866 non
1352 1850 1353 1897 1
1379 1837 1478 1868 alium
1502 1843 1607 1877 potest
1629 1845 1686 1875 per
1700 1835 1840 1875 seipsum
1856 1835 2004 1871 iudicare,
2024 1843 2128 1876 potest
2151 1836 2246 1866 etiam
2268 1846 2324 1876 per
2339 1837 2439 1867 alium

263 1881 374 1917 transit
402 1880 436 1913 in
465 1879 702 1916 necessitatem,
731 1880 788 1910 sed
814 1879 853 1911 sit
882 1889 1007 1920 semper
1032 1879 1065 1910 in
1090 1879 1232 1910 libertate
1259 1879 1327 1910 eius
1352 1900 1353 1927 ¹
1379 1881 1528 1912 iudicare.
1560 1881 1601 1911 Et
1624 1890 1731 1910 rursus
1755 1889 1792 1910 ex
1814 1889 1853 1910 eo
1883 1880 1972 1920 quod
1995 1889 2104 1910 causas
2126 1880 2258 1911 iniuriae
2286 1880 2367 1911 inter
2392 1891 2439 1911 se—

263 1935 372 1967 parere
395 1932 427 1956 et
449 1935 516 1956 non
538 1934 646 1965 parere
669 1923 838 1959 iudicanti,
863 1923 1006 1964 sequitur
1032 1924 1122 1964 quod
1145 1933 1211 1954 non
1234 1923 1328 1955 fuerit
1352 1930 1353 1956 l
1379 1926 1486 1966 ipsum
1511 1932 1541 1956 et
1563 1924 1643 1955 alios
1667 1930 1771 1965 potest
1793 1934 1849 1964 per
1863 1924 2003 1964 seipsum
2026 1924 2173 1960 iudicare,
2198 1931 2233 1955 ut
2255 1931 2341 1965 patet
2364 1935 2438 1956 cum

235 2004 239 2007 ,
263 1969 298 2001 in
319 1969 448 2000 veritate
470 1968 616 2000 subditus
639 1967 706 2008 ipse
729 1968 837 2008 quoad
861 1967 937 2003 hoc;
969 1974 999 1998 et
1026 1968 1114 2009 quod
1141 1967 1236 1998 iudex
1259 1978 1326 1998 non
1352 1964 1353 1997 ἕ
1379 1970 1450 2011 quis
1473 1969 1612 2010 appellat
1635 1969 1673 1998 ab
1693 1967 1810 1998 iniusto
1835 1967 1994 1998 evidenter
2015 1968 2197 2008 gravamine
2213 1969 2252 1999 ab
2267 1968 2339 2008 ipso
2354 1969 2438 2008 Papa

263 2013 359 2049 fuerit
379 2013 413 2044 in
428 2014 556 2044 veritate
579 2012 683 2048 iudex,
707 2018 819 2052 utpote
843 2022 908 2042 non
926 2012 1044 2042 habens
1060 2012 1126 2042 vim
1142 2012 1325 2049 coactivam,
1352 2017 1353 2052 ᾗ

200 2059 213 2083 ἶ
263 2067 357 2100 quae,
380 2063 416 2088 ut
436 2057 471 2088 in
493 2057 595 2088 littera
608 2056 627 2076 *
648 2063 743 2096 patet,
760 2063 807 2087 est
828 2056 1000 2087 necessaria
1022 2056 1128 2088 iudici.
1151 2074 1172 2079 -
1195 2055 1335 2088 SDvero-

263 2102 376 2135 transit
395 2102 430 2132 in
449 2101 677 2137 necessitatem,
701 2100 844 2142 sequitur
866 2101 955 2141 quod
978 2108 1118 2141 potestas
1133 2101 1236 2141 Papae
1259 2111 1326 2133 non

263 2147 304 2182 ait
326 2145 430 2178 maior
451 2152 607 2186 potestate
625 2145 710 2176 illius
725 2144 847 2175 iudicis.
871 2145 912 2176 Et
934 2152 1020 2176 tenet
1042 2145 1186 2186 sequela:
1209 2145 1286 2186 quia
1301 2146 1328 2177 si

264 2196 441 2223 remaneret
462 2197 602 2231 potestas
625 2189 728 2230 Papae
744 2189 846 2220 maior
859 2188 922 2225 illa,
947 2189 1028 2220 sicut
1050 2190 1128 2226 aliis,
1149 2196 1257 2230 posset
1279 2201 1326 2221 re-

263 2244 378 2266 vocare
399 2233 488 2265 illam
512 2241 543 2266 et
565 2233 715 2273 derogare
737 2233 793 2270 illi,
817 2233 898 2264 sicut
921 2233 988 2263 aliis
1011 2233 1212 2264 inferioribus
1234 2242 1326 2274 pote-

264 2279 406 2315 statibus,
429 2285 461 2309 et
483 2278 601 2319 eripere
620 2284 651 2308 et
667 2277 798 2308 liberare
817 2277 957 2317 seipsum
976 2277 1015 2308 ab
1033 2277 1102 2314 illa;
1126 2288 1162 2308 ac
1181 2288 1237 2318 per
1254 2278 1326 2315 hoc,

255 2332 331 2368 >non
354 2322 515 2354 transisset
536 2322 569 2353 in
593 2321 826 2358 necessitatem,
851 2322 905 2352 sed
928 2321 960 2352 in
984 2332 1041 2352 sua
1064 2329 1239 2353 remaneret
1267 2333 1327 2363 po·
1352 2332 1354 2368 ζ

263 2374 374 2400 testate
400 2376 509 2408 parere
531 2373 563 2398 et
585 2376 652 2397 non
674 2375 796 2406 parere,
821 2366 932 2396 tollere
955 2373 985 2397 et
1007 2376 1074 2397 non
1097 2367 1207 2397 tollere
1234 2374 1326 2407 pote-

264 2419 379 2447 statem
400 2411 488 2443 illam
511 2418 542 2442 et
564 2417 651 2450 gesta
673 2420 730 2450 per
750 2409 849 2440 illam.

271 2490 274 2492 ,
318 2455 374 2488 lv.
395 2455 449 2487 Ad
475 2454 616 2496 primum
647 2454 781 2485 dubium
798 2454 816 2473 *
839 2453 952 2484 dicitur
979 2454 1068 2494 quod
1091 2464 1166 2484 cum
1188 2461 1327 2494 potestas

263 2498 387 2541 iudici5‚
403 2506 440 2531 ut
454 2499 488 2530 in
501 2498 603 2531 littera
618 2498 636 2518 *
652 2498 775 2535 dicitur,
793 2498 832 2528 sit
855 2505 910 2528 aut
928 2497 1085 2528 ordinaria
1100 2505 1155 2529 aut
1169 2509 1225 2538 per
1241 2509 1326 2529 com-

342 2544 467 2580 ionem;
492 2549 523 2574 et
544 2543 576 2574 in
593 2543 761 2584 proposito
778 2549 900 2573 constet
922 2543 1011 2583 quod
1029 2542 1122 2573 iudex
1146 2552 1212 2572 non
1228 2543 1328 2583 possit

264 2587 422 2620 ordinaria
445 2594 600 2629 potestate
624 2587 762 2618 iudicare
783 2587 919 2627 Papam:
948 2596 1146 2627 consequens
1170 2593 1216 2617 est
1238 2588 1327 2627 quod

263 2639 403 2674 potestas
420 2632 480 2663 ista
502 2641 559 2672 per
573 2631 835 2662 commissionem
849 2637 896 2662 est
911 2638 1047 2671 accepta.
1070 2631 1112 2661 Et
1129 2631 1205 2671 quia
1220 2631 1327 2662 nullus
1352 2621 1354 2655 Ῑ

264 2677 343 2709 alter
364 2677 418 2708 dat
439 2676 521 2707 hanc
540 2683 731 2716 potestatem
747 2675 806 2706 nisi
824 2675 959 2715 ipsemet
971 2676 1058 2715 Papa
1072 2682 1187 2715 sponte
1202 2685 1234 2705 se
1250 2677 1326 2706 sub-

264 2721 384 2757 iiciens,
407 2720 550 2761 sequitur
572 2721 662 2761 quod
683 2726 823 2760 potestas
838 2719 897 2749 ista
920 2726 966 2750 est
988 2729 1044 2760 per
1067 2719 1328 2750 commissionem
1352 2722 1354 2769 1

266 2775 284 2796 a
305 2764 403 2805 Papa.
432 2764 474 2795 Et
495 2763 571 2806 quia
593 2765 679 2804 Papa
701 2774 767 2794 non
791 2769 896 2804 potest
918 2763 991 2794 dare
1014 2770 1205 2803 potestatem
1228 2763 1327 2794 maio·
1353 2774 1354 2804 ξ

266 2818 334 2840 rem
355 2817 428 2844 sua,
451 2814 488 2838 ut
511 2814 614 2848 patet;
637 2817 696 2838 nec
719 2806 885 2848 aequalem
909 2817 998 2843 suae,
1022 2807 1098 2848 quia
1121 2813 1248 2847 oportet
1269 2817 1328 2848 po·
1353 2814 1354 2825 ¹

266 2858 411 2884 testatem
441 2852 547 2882 datam
571 2861 589 2882 a
611 2851 697 2892 Papa
720 2851 897 2891 dependere
920 2851 958 2882 ab
981 2850 1053 2891 ipso
1081 2857 1117 2882 ut
1139 2850 1286 2882 effectum
1309 2862 1327 2882 a

266 2905 370 2933 causa,
387 2896 432 2927 ita
454 2897 544 2936 quod
567 2895 754 2936 oppositum
769 2895 911 2935 implicat
927 2895 1210 2926 contradictionem
1233 2893 1329 2936 (esset

266 2941 353 2972 enim
375 2950 394 2971 a
416 2940 517 2980 Papa,
542 2946 572 2971 et
595 2949 662 2970 non
685 2946 765 2970 esset
787 2950 805 2970 a
827 2939 928 2979 Papa,
954 2946 990 2970 ut
1012 2937 1127 2981 patet),
1152 2946 1183 2969 et
1205 2946 1329 2970 constat

267 2985 356 3027 quod
379 2990 519 3026 potestas
542 2984 722 3024 dependens
751 2984 788 3014 ab
812 2983 872 3014 alia
894 2989 1050 3023 potestate
1074 2989 1120 3013 est
1149 2983 1254 3013 minor
1275 2983 1328 3014 illa

268 3040 285 3060 a
304 3039 368 3070 qua
391 3027 561 3069 dependet:
586 3037 783 3069 consequens
800 3034 846 3058 est
868 3027 957 3068 quod
981 3033 1119 3067 potestas
1142 3027 1328 3058 huiusmodi
1354 3023 1356 3042 ³

266 3072 379 3105 iudicis
403 3078 434 3103 et
456 3079 503 3103 est
525 3082 542 3102 a
565 3072 715 3112 Papa,-et
737 3077 784 3102 est
806 3071 912 3102 minor
932 3078 1087 3112 potestate
1109 3071 1223 3111 Papae.

323 3117 374 3156 Ad
397 3122 566 3157 utramque
586 3123 694 3147 autem
709 3115 921 3147 obiectionem
935 3115 968 3146 in
986 3115 1189 3151 contrarium,
1213 3115 1330 3147 scilicet
1355 3114 1356 3149 J

268 3162 343 3203 quia
367 3167 550 3202 sequeretur
572 3161 662 3201 quod
680 3170 747 3191 non
765 3161 893 3190 haberet
907 3160 974 3190 vim
990 3160 1173 3196 coactivam,
1191 3166 1222 3190 et
1240 3160 1330 3200 quod

269 3216 334 3237 non
357 3212 438 3236 esset
461 3204 606 3244 superior
627 3204 694 3244 ipse
717 3204 824 3240 iudex,
849 3214 913 3234 una
936 3211 966 3235 et
989 3205 1099 3235 eadem
1122 3204 1330 3244 responsione
1355 3223 1357 3231 2

269 3250 382 3281 dicitur
404 3249 494 3290 quod
516 3248 594 3279 haec
617 3248 805 3289 contingunt
827 3248 1009 3288 dupliciter:
1041 3248 1158 3279 scilicet
1181 3248 1329 3289 simplici·
1355 3243 1357 3285 ξ

1378 2014 1436 2045 sibi
1455 2014 1561 2049 illato;
1587 2022 1784 2053 consequens
1800 2019 1846 2043 est
1869 2012 1956 2052 quod
1980 2013 2080 2052 possit
2102 2013 2134 2043 in
2158 2012 2224 2043 istis
2243 2013 2330 2043 alteri
2353 2022 2438 2043 corn-

1351 2061 1353 2088 ἒ
1379 2058 1535 2089 mittendo
1558 2056 1711 2088 iudicium
1735 2066 1768 2086 se
1791 2055 1950 2086 subiicere.

1434 2101 1673 2133 Advertendum
1691 2108 1797 2131 tamen
1821 2100 2030 2140 perspicacius
2051 2100 2114 2131 hoc
2132 2100 2166 2130 in
2190 2101 2263 2131 loco
2285 2107 2332 2131 est
2349 2101 2439 2141 quod

1351 2170 1353 2184 ,
1378 2147 1452 2187 quia
1476 2145 1603 2181 iustitia,
1628 2145 1718 2175 cuius
1742 2151 1828 2175 actus
1852 2151 1898 2174 est
1920 2144 2084 2181 iudicium,
2107 2154 2173 2174 non
2197 2151 2243 2175 est
2265 2144 2305 2175 ad
2321 2154 2364 2181 se,
2383 2145 2439 2179 sed

1351 2209 1353 2231 1
1379 2191 1418 2221 ad
1441 2190 1590 2226 alterum;
1613 2189 1695 2231 inter
1717 2189 1794 2219 haec
1817 2188 1882 2219 duo
1901 2198 2016 2228 genera
2034 2198 2202 2219 causarum
2223 2188 2300 2218 haec
2316 2195 2361 2219 est
2381 2187 2439 2218 dif-

1378 2232 1527 2270 ferentia,
1554 2233 1643 2275 quod
1670 2233 1702 2263 in
1730 2232 1832 2264 causis
1861 2242 1942 2274 quae
1969 2231 2134 2263 vertuntur
2162 2231 2242 2263 inter
2271 2231 2438 2262 Cameram

1352 2275 1353 2305 ἶ
1379 2278 1600 2319 Apostolicam
1624 2284 1654 2308 et
1677 2277 1772 2313 alios,
1795 2277 1880 2316 Papa
1907 2283 1953 2307 est
1980 2276 2075 2307 iudex
2101 2285 2213 2307 causae
2244 2285 2280 2305 ex
2303 2283 2439 2316 utroque

1380 2329 1530 2359 extremo,
1553 2319 1596 2353 ita
1619 2321 1708 2362 quod
1731 2321 1807 2360 ligat
1827 2321 1878 2351 vel
1901 2320 1996 2351 solvit
2014 2327 2183 2361 utramque
2197 2325 2334 2360 partem:
2359 2329 2440 2360 quo-

1380 2367 1466 2397 niam
1482 2366 1617 2398 Camera
1628 2365 1814 2405 Apostolica
1830 2371 1877 2396 est
1891 2365 1978 2396 velut
1993 2374 2057 2396 una
2072 2374 2144 2405 pars
2159 2363 2303 2395 distincta
2315 2374 2333 2394 a
2344 2365 2440 2404 Papa,

1379 2411 1460 2442 sicut
1480 2410 1575 2442 fiscus
1602 2409 1805 2450 distinguitur
1827 2419 1845 2440 a
1868 2408 2020 2449 principe.
2051 2409 2092 2440 Et
2114 2415 2282 2449 propterea
2304 2407 2330 2438 si
2354 2418 2440 2439 com-

1352 2453 1354 2480 Ι
1380 2455 1478 2486 mittit
1495 2454 1583 2485 alteri
1602 2454 1663 2485 tale
1678 2453 1843 2489 iudicium,
1861 2454 1973 2484 eodem
1991 2453 2090 2484 modo
2105 2452 2159 2484 fiet
2175 2451 2328 2483 sententia
2342 2452 2440 2483 utrin-

1352 2491 1354 2516 ἰ
1380 2510 1442 2541 que
1466 2499 1584 2530 habens
1607 2498 1700 2538 plene
1723 2497 1879 2528 rationem
1893 2497 2039 2528 iustitiae.
2065 2497 2099 2527 ln
2116 2497 2217 2527 causis
2232 2502 2340 2526 autem
2359 2506 2440 2537 quae

1379 2550 1545 2575 vertuntur
1565 2543 1648 2573 inter
1669 2551 1837 2582 personam
1861 2542 1964 2582 Papae
1984 2548 2015 2572 et
2033 2541 2121 2577 alios,
2142 2548 2219 2581 puta
2243 2540 2268 2569 si
2290 2541 2375 2580 Papa
2394 2550 2441 2570 ra-

1379 2588 1458 2629 puit,
1479 2586 1653 2622 infamavit,
1674 2586 1798 2622 occidit,
1822 2591 1853 2616 et
1875 2585 2077 2620 huiusmodi:
2101 2585 2186 2625 Papa
2209 2589 2256 2615 est
2277 2584 2380 2620 iudex,
2404 2594 2441 2614 ex

1379 2640 1467 2673 parte
1489 2641 1644 2672 personae
1660 2640 1752 2665 suae,
1775 2640 1841 2660 non
1865 2630 2041 2660 secundum
2064 2630 2192 2669 plenam
2214 2628 2371 2661 rationem
2394 2628 2441 2659 iu-

1352 2659 1354 2720 Ι
1380 2677 1490 2713 stitiae‚
1514 2676 1568 2706 sed
1591 2675 1760 2706 diminute:
1785 2674 1860 2714 quia
1882 2684 1948 2704 non
1974 2681 2079 2714 potest
2101 2674 2250 2704 damnare
2273 2682 2440 2713 personam

1380 2731 1472 2753 suam
1491 2719 1643 2760 punitive,
1659 2719 1713 2750 sed
1730 2717 1926 2749 emendative
1942 2718 1982 2748 ad
2000 2717 2229 2749 restituendum
2247 2718 2333 2748 laeso
2353 2717 2441 2757 quod

1381 2764 1440 2796 sibi
1462 2770 1595 2795 tenetur.
1620 2763 1661 2793 Et
1683 2762 1958 2803 quemadmodum
1981 2761 2042 2792 hoc
2061 2767 2166 2801 potest
2187 2769 2216 2791 et
2238 2761 2364 2791 deberet
2386 2770 2442 2800 per

1381 2809 1522 2849 seipsum
1540 2807 1687 2843 iudicare,
1710 2806 1752 2836 ita
1776 2813 1882 2846 potest
1902 2806 1934 2836 in
1953 2806 2015 2836 hoc
2038 2805 2164 2836 alterius
2180 2803 2297 2835 iudicio
2317 2813 2350 2834 se
2369 2804 2442 2834 sub—

1382 2852 1514 2884 mittere.
1547 2851 1590 2881 Et
1615 2851 1676 2880 hoc
1703 2857 1749 2881 est
1775 2851 1864 2890 quod
1890 2850 1923 2879 in
1950 2849 2035 2880 dicto
2058 2859 2127 2888 cap.
2145 2849 2215 2879 Nos
2236 2850 2265 2879 si
2287 2849 2441 2887 incompe-

1353 2891 1355 2952 ᾗ
1382 2901 1485 2927 tenter
1515 2896 1616 2934 Papa,
1641 2904 1673 2924 se
1704 2893 1919 2925 submittendo
1946 2893 2147 2933 Imperatori,
2177 2893 2265 2928 dicit,
2297 2892 2376 2922 dum
2400 2892 2443 2922 ait

1354 2958 1355 2983 l
1382 2940 1481 2982 quod,
1503 2940 1532 2970 si
1554 2940 1671 2969 iniuste
1686 2939 1823 2979 egimus,
1845 2942 1960 2968 cuncta
1976 2937 2122 2968 volumus
2145 2942 2250 2967 vestro
2270 2936 2442 2966 emendare

1354 2985 1356 3018 ἰ
1383 2984 1509 3015 iudicio.

1436 3028 1477 3058 Et
1500 3025 1676 3057 secundum
1691 3026 1764 3062 hoc,
1779 3025 1903 3056 videtur
1918 3024 2006 3055 nulla
2029 3034 2095 3055 esse
2112 3023 2281 3054 differentia
2298 3023 2378 3053 inter
2399 3022 2443 3052 di-

1354 3071 1356 3110 ]
1382 3079 1486 3103 centes
1499 3070 1588 3112 quod
1602 3071 1688 3110 Papa
1700 3075 1806 3110 potest
1821 3079 1853 3100 se
1869 3069 2053 3100 submittere
2069 3068 2156 3098 alteri
2172 3067 2205 3098 in
2218 3066 2441 3102 criminalibus,

1383 3123 1414 3147 et
1428 3121 1578 3156 negantes
1593 3114 1664 3145 hoc.
1682 3114 1856 3151 Quoniam,
1871 3119 1908 3144 ut
1922 3119 2009 3153 patet
2024 3122 2061 3143 ex
2073 3112 2172 3148 dictis,
2189 3118 2236 3142 est
2251 3111 2358 3152 aliquo
2374 3121 2442 3141 mo-

1384 3161 1425 3190 do
1440 3169 1562 3195 verum⁷
1587 3166 1617 3189 et
1632 3158 1740 3199 aliquo
1765 3158 1864 3188 modo
1888 3157 2019 3188 falsum:
2045 3164 2075 3187 et
2089 3163 2254 3196 propterea
2271 3162 2442 3195 utrumque

1384 3211 1559 3235 extremum
1574 3203 1607 3233 in
1619 3202 1726 3233 medio
1743 3202 1855 3233 salvari
1871 3208 1984 3242 potest.
1995 3219 2016 3224 —
2031 3201 2120 3231 Patet
2135 3200 2230 3231 etiam
2242 3199 2362 3230 nullam
2375 3208 2441 3228 esse

1384 3248 1636 3280 contrarietatem
1655 3247 1736 3277 inter
1752 3245 1928 3277 doctrinam
1949 3244 2096 3276 Auctoris
2112 3244 2162 3275 hic
2179 3252 2208 3275 et
2231 3243 2263 3273 in
2280 3243 2322 3274 IV
2338 3243 2442 3279 Sent.;

268 3300 324 3330 ter,
346 3293 396 3324 vel
419 3293 596 3324 secundum
611 3292 699 3333 quid.
723 3292 764 3323 Et
786 3293 875 3333 quod
890 3292 984 3330 iudex
1000 3292 1186 3323 huiusmodi
1201 3302 1267 3323 non
1285 3299 1331 3323 est
1356 3288 1357 3325 ξ
1383 3293 1438 3323 sed
1454 3300 1623 3332 utramque
1639 3300 1706 3322 esse
1721 3300 1827 3320 veram
1844 3290 1952 3331 quoad
1971 3289 2100 3324 diversa,
2126 3294 2161 3318 ut
2177 3287 2367 3318 declaratum
2385 3292 2440 3317 est.

269 3337 450 3379 simpliciter
467 3335 611 3377 superior
624 3336 721 3376 Papa,
745 3336 800 3366 sed
823 3342 870 3367 est
891 3337 1068 3367 secundum
1085 3336 1162 3377 quid
1186 3336 1330 3377 superior
1356 3371 1357 3374 Ἰ
1438 3337 1492 3367 vl.
1516 3337 1567 3367 Ad
1586 3335 1714 3366 tertium
1730 3334 1864 3365 dubium
1875 3334 1893 3353 *
1908 3333 2021 3364 dicitur
2035 3332 2124 3373 quod
2140 3330 2305 3362 necessitas
2320 3337 2366 3361 est
2384 3330 2441 3360 du—

269 3391 318 3419 eo,
343 3387 501 3422 quantum
524 3380 640 3411 scilicet
662 3380 703 3410 ad
725 3380 807 3411 hanc
830 3380 1028 3411 sententiam.
1056 3380 1098 3411 Et
1120 3380 1262 3411 similiter
1285 3380 1330 3411 di·
1356 3380 1357 3409 l
1383 3381 1469 3422 plex:
1493 3379 1639 3415 iustitiae,
1664 3386 1694 3410 et
1718 3378 1886 3419 potentiae.
1910 3378 1950 3408 Et
1968 3383 2098 3407 vocatur
2117 3375 2280 3406 necessitas
2296 3374 2440 3410 iustitiae,

270 3433 338 3457 ctus
360 3426 455 3456 iudex
482 3426 548 3455 no'n
571 3424 665 3455 habet
687 3424 753 3454 vim
777 3424 950 3455 coactivam
973 3424 1155 3464 simpliciter
1185 3432 1328 3465 respectu
1356 3412 1358 3451 ἶ
1384 3436 1447 3466 qua
1471 3435 1536 3455 non
1561 3430 1666 3464 potest
1689 3423 1776 3453 aliter
1798 3422 1863 3452 fieri
1887 3422 1953 3452 sine
1968 3420 2139 3451 violatione
2161 3419 2310 3450 iustitiae:
2336 3428 2440 3448 neces—

269 3470 381 3510 Papae,
405 3470 459 3500 sed
482 3469 576 3500 habet
599 3468 774 3499 coactivam
797 3468 973 3499 secundum
989 3468 1066 3509 quid
1089 3476 1232 3509 respectu
1249 3469 1330 3499 eius·
1356 3500 1358 3510 ,=
1384 3469 1457 3500 sitas
1473 3479 1548 3499 vero
1572 3467 1742 3508 potentiae,
1766 3476 1829 3506 qua
1853 3475 1918 3496 non
1942 3472 2047 3505 potest
2069 3464 2157 3495 aliter
2179 3463 2245 3494 fieri
2262 3473 2298 3493 ex
2318 3462 2439 3492 defectu

271 3514 360 3550 dem,
385 3520 541 3554 quantum
565 3512 681 3543 scilicet
704 3519 823 3553 spectat
844 3513 884 3542 ad
907 3512 988 3542 hanc
1011 3513 1215 3543 sententiam:
1250 3512 1331 3544 sicut
1356 3511 1358 3544 ἶ
1383 3512 1618 3544 iurisdictionis.
1643 3511 1674 3542 Si
1699 3512 1738 3541 de
1761 3510 1943 3540 necessitate
1966 3508 2101 3540 iustitiae
2126 3515 2172 3538 est
2193 3517 2308 3543 sermo,
2329 3506 2441 3536 dicitur

412 3574 521 3599 sunum
540 3573 641 3598 'razon
660 3573 693 3598 D.
705 3573 820 3598 Tamus
839 3573 870 3598 Τ.
884 3573 926 3597 VI.
2270 3568 2299 3592 13

2461 527 2470 537 ⁸
2485 526 2556 549 Num.
2571 533 2597 549 ιι.

2462 1055 2472 1065 ⁸
2487 1054 2562 1077 Cond.
2576 1055 2598 1077 8.

2469 3339 2477 3347 ⁸
2492 3337 2563 3359 Num.
2578 3343 2613 3359 ιη.
