2860 4244
1039 251 1305 298 QUAESTIO
1335 251 1437 297 mx,
1466 250 1763 287 ARTlCULUS
1794 250 1840 286 111

358 337 499 373 fortiter
536 335 683 383 agendo
726 333 858 381 aliquis
901 331 1114 368 manifestet
1155 328 1414 366 fortitudinem
1468 328 1549 365 sive
1578 328 1781 375 rectitudo,
1812 326 2029 364 communis
2062 334 2117 363 est
2145 327 2191 364 ad
2222 326 2430 375 quamlibet
2456 326 2530 363 vir-

357 401 472 438 quam
501 389 629 434 habet,
659 388 733 423 hoc
762 385 1003 433 consequitur
1030 390 1178 432 praeter
1207 381 1287 418 eius
1315 381 1415 430 prin·
1440 405 1443 425 z
1468 389 1599 418 tutem.
2427 409 2430 411 ,

358 442 517 490 cipalem
547 440 804 476 intentionem.
1441 439 1443 481 ἶ
1522 435 1581 470 An
1610 444 1783 475 QUARTUM
1812 444 1997 469 DmENDuM
2025 431 2131 479 quod
2159 431 2378 480 simplicitas
2396 431 2532 469 dicitur

411 498 468 530 Ao
496 504 654 529 TERTmM
687 501 869 527 chENDuM
906 488 1011 536 quod
1048 487 1187 524 veritas
1221 487 1322 523 vitae
1361 494 1417 523 est
1442 493 1444 529 ξ
1469 498 1538 535 per
1556 485 1774 534 oppositum
1791 485 2007 534 duplicitati,
2025 497 2101 533 qua
2119 484 2259 521 scilicet
2277 484 2411 533 aliquis
2430 484 2532 521 aliud

356 547 494 582 veritas
523 545 734 581 secundum
763 555 878 591 quarn
909 541 1048 590 aliquid
1077 548 1133 576 est
1159 552 1308 586 verum,
1339 551 1416 576 non
1443 536 1444 558 l
1469 540 1584 575 habet
1612 538 1650 575 in
1679 539 1805 586 corde,
1836 538 1938 575 aliud
1956 543 1973 559 ²
2002 537 2166 574 ostendit
2195 537 2367 574 exterius.
2403 537 2453 575 Et
2480 536 2533 573 sic
2657 544 2673 561 ²

357 598 494 635 veritas
523 597 734 633 secundum
756 607 873 643 quam
902 594 1036 643 aliquis
1068 593 1154 630 dicit
1173 605 1322 630 verum.
1352 592 1417 630 Di-
1444 632 1445 635 ,
1470 591 1689 640 simplicitas
1708 591 1757 628 ad
1776 591 1875 628 hanc
1888 591 2068 628 virtutem
2087 590 2259 639 pertinet.
2280 589 2386 627 Facit
2404 597 2532 626 autem

358 652 451 688 citur
479 657 605 686 autem
634 649 712 685 vita
739 660 841 693 vera,
864 647 958 684 sicut
987 647 1099 684 etiam
1126 645 1316 695 quaelibet
1343 646 1417 682 alia
1444 645 1445 699 l
1470 644 1719 682 intentionem
1740 651 1895 691 rectam,
1912 656 1991 681 non
2011 643 2167 691 quidem
2184 643 2335 689 directe,
2352 642 2441 691 quia
2459 643 2534 679 hoc

357 717 427 749 res,
451 715 494 739 ex
523 703 596 738 hoc
616 702 720 749 quod
751 700 894 748 attingit
918 712 1026 736 suam
1048 700 1216 747 regulam
1247 707 1282 735 et
1311 711 1417 735 men·
1444 701 1445 748 l
1470 697 1631 747 pertinet
1667 697 1715 734 ad
1751 709 1910 734 omnem
1949 697 2147 733 virtutem:
2191 697 2258 733 sed
2297 695 2533 732 excludendo

357 768 504 802 suram,
535 755 673 791 scilicet
711 754 878 790 divinam
909 754 1048 800 legem,
1077 764 1146 800 per
1183 752 1290 788 cuius
1328 764 1417 788 con·
1444 749 1445 763 ¹
1471 750 1742 800 duplicitatem,
1765 761 1840 799 qua
1860 750 1979 786 homo
2000 761 2122 787 unum
2146 748 2358 798 praetendit
2378 755 2413 785 et
2433 747 2535 786 aliud

357 808 583 845 formitatem
613 806 875 843 rectitudinem
905 806 1030 842 habet.
1065 806 1114 842 Et
1145 805 1227 841 talis
1255 805 1416 851 veritas,
1443 811 1445 852 ξ
1471 804 1642 840 intendit.

357 259 433 306 418

408 940 433 971 κ)
453 939 536 964 aliud.
549 953 566 958 —
585 943 609 963 et
628 939 704 963 aliud
723 939 861 964 PADELa.

1026 1019 1360 1051 Oommentaria
1382 1018 1636 1051 Gardinalis
1658 1017 1860 1050 Caietam

386 1109 404 1128 N
429 1099 560 1129 articulo
585 1099 726 1129 secundo
751 1098 892 1128 eiusdem
916 1097 1130 1138 quaestionis,
1154 1097 1186 1127 in
1211 1096 1417 1136 responsione
1444 1107 1445 1136 j
1528 1096 1590 1126 Ubi
1622 1095 1700 1125 scito
1732 1095 1821 1135 quod
1849 1094 1982 1124 intentio
2016 1100 2122 1133 potest
2149 1092 2217 1123 fieri
2246 1099 2330 1123 recta
2359 1092 2535 1133 dupliciter.

359 1111 425 1172 Iad
449 1149 608 1183 quartum,
634 1143 687 1172 ubi
713 1142 825 1173 dicitur
848 1143 937 1182 quod
960 1142 1147 1181 simplicitas
1160 1141 1251 1181 facit
1274 1142 1418 1171 intentio·
1444 1144 1445 1147 ’
1471 1140 1590 1175 Primo,
1615 1140 1647 1169 in
1663 1139 1720 1169 hac
1744 1139 1793 1168 vel
1816 1138 1870 1168 illa
1893 1138 2032 1168 materia.
2057 1138 2097 1167 Et
2120 1137 2164 1168 sic
2188 1144 2235 1167 est
2257 1137 2353 1167 huius
2376 1137 2426 1167 vel
2452 1136 2537 1167 illius

356 1197 427 1217 nem
452 1193 570 1218 rectam
597 1197 658 1217 non
683 1187 813 1224 directe,
831 1186 1072 1226 intelligendum
1090 1192 1136 1215 est
1152 1195 1217 1214 non
1242 1192 1277 1214 ut
1300 1184 1420 1214 directe
1445 1219 1446 1227 ἵ
1472 1184 1596 1214 virtutis
1628 1193 1721 1223 opuS.
1756 1183 1796 1212 Et
1820 1182 1863 1212 sic
1897 1182 2079 1222 simplicitas
2114 1181 2227 1212 dicitur
2258 1181 2357 1212 facere
2388 1180 2535 1211 intentio-

357 1231 558 1271 distinguitur
582 1239 691 1261 contra
715 1231 886 1267 indirecte;
909 1229 1172 1270 quandoquidem
1197 1228 1300 1258 omnis
1320 1227 1419 1258 virtus
1445 1229 1446 1248 l
1473 1237 1546 1257 nem
1578 1234 1695 1257 rectam
1726 1236 1782 1266 per
1816 1226 2031 1256 exclusionem
2067 1225 2258 1265 duplicitatis
2293 1226 2325 1255 in
2358 1224 2537 1265 significan-

356 1275 471 1305 directe
488 1277 691 1305 intentionem
708 1275 794 1316 facit
811 1279 941 1310 rectam,
960 1274 1040 1303 sicut
1056 1280 1086 1303 et
1107 1273 1288 1302 electionem
1308 1271 1339 1301 *z
1365 1271 1419 1301 sed
1473 1272 1526 1302 do.
1551 1289 1572 1294 —
1595 1270 1669 1301 Alio
1692 1271 1803 1306 modo,
1828 1270 1982 1301 absolute.
2016 1270 2056 1300 Et
2080 1270 2123 1300 sic
2151 1277 2212 1304 est,
2230 1270 2335 1300 omnis
2359 1269 2455 1299 simul
2477 1269 2538 1299 vir-

357 1327 393 1349 ut
412 1319 614 1358 distinguitur
637 1326 745 1349 contra
768 1318 969 1348 secundario.
1003 1316 1087 1354 Quia
1107 1316 1223 1346 scilicet
1246 1316 1346 1346 facere
1370 1316 1417 1345 in·
1472 1315 1548 1346 tutis
1573 1325 1674 1354 opus,
1700 1321 1730 1344 et
1753 1324 1818 1344 non
1843 1313 1976 1344 alicuius
2010 1314 2204 1353 particularis
2233 1313 2366 1344 virtutis.
2399 1314 2440 1344 Et
2463 1313 2538 1353 quia

356 1364 531 1394 tentionem
554 1369 670 1392 rectam
687 1372 751 1392 non
776 1369 822 1392 est
838 1371 920 1401 opus
945 1361 1111 1401 proprium
1129 1360 1346 1401 simplicitatiS‚
1364 1360 1418 1390 sed
1446 1385 1447 1394 ,
1473 1360 1552 1389 illud
1577 1359 1691 1389 directe
1708 1358 1822 1389 dicitur
1844 1364 1983 1398 spectare
1999 1358 2038 1387 ad
2063 1357 2203 1398 aliquam
2223 1358 2372 1388 virtutem
2395 1358 2434 1388 ad
2450 1357 2539 1398 quod

357 1417 527 1437 commune
552 1407 641 1437 omni
665 1406 785 1436 virtuti:
817 1416 852 1436 ac
874 1415 929 1445 per
953 1405 1024 1442 hoc,
1049 1415 1115 1435 non
1139 1411 1185 1434 est
1208 1414 1291 1444 opus
1316 1404 1419 1444 primo
1446 1396 1447 1417 ¹
1473 1403 1649 1434 secundum
1673 1402 1836 1442 propriam
1860 1402 2015 1432 rationem
2034 1401 2177 1433 instituta
2200 1409 2262 1439 est,
2286 1402 2358 1432 ideo
2382 1402 2415 1432 in
2438 1401 2540 1432 littera

357 1451 547 1481 conveniens
571 1450 779 1490 simplicitati,
805 1450 860 1480 sed
884 1449 1070 1480 secundario
1099 1449 1290 1479 conveniens
1317 1448 1359 1484 ei,
1384 1458 1421 1478 ex
1474 1448 1617 1478 absolute
1648 1454 1780 1487 negatur
1802 1447 1891 1487 quod
1922 1446 2104 1486 simplicitas
2129 1445 2242 1477 directe
2268 1445 2360 1477 faeiat
2390 1445 2539 1476 intentio-

357 1505 395 1525 eo
419 1496 508 1535 quod
532 1502 578 1525 est
601 1495 658 1524 sibi
683 1502 712 1525 et
737 1494 844 1525 ceteris
868 1493 1036 1524 virtutibus
1060 1503 1242 1524 commune.
1447 1521 1449 1524 ,
1475 1502 1549 1522 nem
1581 1498 1708 1522 rectam.

122 1283 129 1290 ·
143 1281 238 1302 Aristot.
252 1280 328 1301 Ethic.

121 1308 159 1328 lib.
176 1307 215 1332 VI,
227 1313 252 1327 ca
271 1322 276 1327 .
287 1312 328 1333 xri,

120 1341 142 1355 n.
158 1334 179 1356 6.
194 1333 215 1355 S.
227 1345 238 1348 -
249 1313 272 1354 ξ.
283 1332 329 1354 Th.

120 1362 169 1381 lect.
186 1366 207 1380 x.

1522 1578 1575 1585 m

1157 1646 1477 1689 Armenius
1510 1644 1739 1687 TERTIUS
2396 1687 2399 1691 ,

1036 1738 1191 1769 UTRUM
1214 1736 1398 1768 VERITAS
1423 1737 1488 1767 SIT
1511 1736 1618 1766 PARS
1642 1735 1858 1766 IUSTITIAE
2514 1735 2536 1741 “¹

1306 1816 1340 1840 1V
1361 1815 1455 1844 Ethic„
1476 1815 1533 1839 lect.
1552 1822 1593 1839 κν.

390 1914 408 1941 )1
444 1918 450 1932 ,
472 1918 529 1947 ξιλκ

395 1922 436 1950 2>
484 1943 485 1949 ἵ
570 1912 592 1936 D
612 1910 771 1935 TERTIUM
794 1909 847 1934 Sic
868 1908 1106 1933 PROCEDITUR.
1136 1895 1296 1932 Videtur
1315 1894 1421 1943 quod
1446 1894 1447 1941 ξ
1473 1894 1600 1942 ipsum
1629 1900 1727 1940 sunt,
1748 1900 1853 1929 unus‘
1874 1893 1995 1929 homo
2024 1891 2128 1929 alteri
2156 1891 2382 1930 manifestat.
2402 1913 2426 1921 -
2454 1893 2542 1936 Alio

383 1935 547 2010 '3524
569 1952 709 1989 veritas
738 1963 815 1987 non
849 1950 895 1986 sit
926 1962 1013 1998 pars
1048 1949 1219 1986 iustitiae.
1258 1947 1420 1984 Iustitiae
1446 1950 1448 1996 i
1476 1947 1607 1993 mod0‚
1632 1946 1860 1994 inquantum
1888 1945 2028 1982 iustitia
2050 1945 2317 1994 aequalitatem
2347 1946 2542 1995 quandam

374 1984 672 2064 'flyissq'sffemm
693 2003 890 2052 proprium
921 2015 1003 2040 esse
1028 2002 1181 2039 videtur
1209 2002 1313 2050 quod
1338 2000 1422 2037 red·
1447 2003 1449 2037 ἱ
1474 2000 1513 2037 in
1542 2000 1655 2036 rebus
1685 1998 1886 2036 constituit.
1917 1999 1966 2035 Et
1993 1999 2069 2035 hoc
2089 1998 2204 2036 etiarn
2233 1999 2320 2036 facit
2337 1999 2458 2036 virtus
2477 2005 2543 2036 ve-

414 2032 634 2094 ss'fflkcmt
669 2057 773 2093 alteri
802 2056 984 2093 debitum.
1025 2056 1102 2092 Sed
1132 2067 1176 2091 ex
1204 2056 1278 2092 hoc
1316 2054 1422 2102 quod

359 2109 493 2157 aliquis
516 2121 652 2147 verum
686 2110 789 2157 dicit,
818 2122 895 2146 non
933 2109 1086 2146 videtur
1119 2108 1223 2145 alteri
1253 2107 1423 2145 debitum

1476 2052 1610 2089 ritatis:
1649 2051 1838 2100 adaequat
1867 2051 1969 2088 enim
2007 2051 2113 2099 signa
2147 2052 2260 2089 rebus
2299 2051 2544 2101 existentibus

1477 2118 1574 2142 circa
1603 2117 1740 2154 ipsum.

126 2330 133 2336 ·
141 2327 187 2354 Qu.
194 2332 254 2350 Lvnt.
263 2329 333 2353 art.4.

128 2490 136 2498 ⁴
162 2487 218 2508 Vide
240 2487 334 2508 Praefat.

128 2518 200 2535 nostr.
216 2517 274 2534 tom.
284 2513 336 2534 vm

130 2539 338 2563 110m.VSummae

131 2566 337 2593 Theol.)‚fol.xxxn.

131 2647 140 2655 ”
155 2647 203 2666 Art.
222 2646 324 2673 praeced.
334 2662 339 2672 ,

360 2163 528 2210 reddere,
550 2163 645 2200 sicut
667 2164 710 2200 fit
738 2163 773 2200 in
804 2162 984 2199 omnibus
1012 2161 1230 2210 praemissis
1262 2160 1423 2198 iustitiae
1449 2161 1450 2166 ’

359 2216 539 2265 partibus.
570 2217 672 2264 Ergo
700 2216 839 2253 veritas
867 2228 946 2253 non
976 2223 1031 2251 est
1058 2214 1217 2251 iustitiae
1245 2226 1344 2262 pars.

415 2280 448 2305 2.
478 2270 713 2316 PRAETEREA‚
738 2269 877 2306 veritas
915 2267 1076 2317 pertinet
1103 2268 1151 2304 ad
1180 2267 1423 2304 intellectum.

361 2322 502 2358 Iustitia
531 2331 659 2359 autem
690 2331 745 2359 est
774 2322 810 2358 in
838 2322 1047 2368 voluntate,
1069 2329 1110 2357 ut
1138 2333 1253 2369 supra
1271 2319 1291 2341 ²¹⁴
1319 2319 1425 2356 habi·
1451 2342 1452 2354 ι

361 2382 442 2411 turn
471 2382 537 2411 est.
570 2377 670 2423 Ergo
699 2375 837 2412 veritas
867 2387 944 2411 non
975 2382 1030 2411 est
1057 2386 1144 2422 pars
1172 2373 1343 2410 iustitiae.

417 2428 450 2464 3.
481 2429 722 2474 PRAETEREA,
752 2428 884 2476 triplex
913 2427 1152 2474 distinguitur
1179 2427 1340 2472 veritas,
1371 2438 1428 2463 se-

364 2480 531 2517 cundum
562 2482 845 2530 Hieronymum
867 2482 904 2517 *z
935 2480 1075 2517 scilicet
1102 2480 1241 2516 veritas
1259 2480 1369 2525 vitae,
1392 2486 1428 2515 et

363 2534 498 2570 veritas
526 2535 704 2580 iustitiae,
735 2543 771 2571 et
798 2535 937 2571 veritas
964 2533 1169 2570 doctrinae.
1210 2533 1288 2569 Sed
1325 2532 1428 2568 nulla
1453 2535 1454 2540 ’

364 2586 518 2623 istarum
549 2595 604 2623 est
623 2600 710 2636 pars
731 2586 905 2624 iustitiae.
936 2587 1039 2623 Nam
1058 2585 1198 2622 veritas
1218 2585 1317 2622 vitae
1338 2597 1428 2621 con·
1454 2578 1455 2586 ¹

365 2639 455 2676 tinet
490 2639 527 2676 in
560 2653 600 2676 se
636 2652 794 2677 omnem
827 2640 1026 2686 virtutem,
1065 2646 1106 2675 ut
1145 2638 1290 2675 dictum
1324 2645 1379 2674 est
1395 2637 1427 2674 '¹‘.
1454 2625 1456 2646 ¹

365 2692 510 2729 Veritas
539 2701 667 2729 autem
696 2693 856 2730 iustitiae
893 2701 947 2730 est
976 2692 1079 2730 idem
1108 2691 1290 2728 iustitiae:
1326 2691 1429 2728 unde
1455 2701 1457 2733 ἰ

366 2757 444 2781 non
473 2753 528 2782 est
554 2758 641 2794 pars
671 2747 763 2783 eius.
792 2746 938 2783 Veritas
967 2754 1095 2782 autem
1126 2745 1321 2782 doctrinae
1346 2756 1429 2793 per-

1529 2158 1670 2195 Deficit
1689 2165 1816 2195 autem
1845 2170 1868 2194 a
1894 2157 2050 2206 propria
2073 2157 2216 2194 ratione
2245 2156 2405 2196 iustitiae
2425 2170 2544 2207 quan-

1477 2219 1558 2248 tum
1587 2211 1636 2248 ad
1665 2211 1852 2248 rationem
1882 2210 2009 2247 debiti.
2039 2210 2132 2248 Non
2165 2211 2267 2248 enim
2303 2211 2399 2248 haec
2425 2211 2544 2260 virtus

1450 2307 1452 2316 ,
1478 2264 1635 2302 attendit
1654 2264 1825 2301 debitum
1845 2264 1976 2311 legale,
1996 2264 2099 2313 quod
2120 2263 2277 2302 attendit
2295 2263 2452 2301 iustitia:
2477 2263 2545 2306 sed

1478 2318 1604 2367 potius
1625 2317 1795 2354 debiturn
1817 2317 1972 2364 morale,
1993 2317 2219 2366 inquantum
2248 2315 2388 2354 scilicet
2407 2329 2453 2354 ex
2474 2318 2547 2367 hog

1479 2378 1622 2408 nestate
1651 2383 1749 2407 unus
1777 2371 1895 2407 homo
1924 2370 2029 2407 alteri
2058 2370 2172 2407 debet
2198 2369 2365 2407 veritatis
2388 2370 2546 2408 manife-

1480 2424 1695 2460 stationem.
1720 2423 1832 2460 Unde
1852 2423 1992 2460 veritas
2012 2431 2067 2460 est
2081 2435 2169 2472 pars
2192 2423 2365 2474 iustitiae,
2385 2422 2546 2473 inquan-

1480 2485 1561 2513 tum
1578 2476 1788 2513 annectitur
1804 2476 1837 2512 ei
1853 2476 1948 2512 sicut
1961 2475 2081 2512 virtus
2101 2476 2324 2513 secundaria
2338 2475 2543 2525 principali.

1534 2532 1592 2566 An
1622 2541 1760 2566 PRIMUM
1779 2541 1877 2566 ERGO
1898 2541 2083 2566 DICENDUM
2103 2530 2207 2578 quod
2231 2528 2321 2578 quia
2347 2529 2469 2566 homo
2491 2537 2546 2567 est

1482 2582 1621 2619 animal
1650 2582 1802 2629 sociale,
1832 2582 2049 2619 naturaliter
2075 2594 2175 2619 unus
2203 2582 2322 2619 homo
2352 2581 2466 2619 debet
2495 2583 2545 2620 al-

1482 2635 1550 2672 teri
1585 2634 1623 2672 id
1658 2635 1737 2672 sine
1770 2647 1848 2683 quo
1882 2635 2043 2672 societas
2077 2635 2248 2672 humana
2283 2635 2504 2673 conservari
2530 2640 2547 2657 ²

1483 2701 1562 2725 non
1590 2695 1730 2736 posset.
1761 2688 1852 2725 Non
1883 2696 2009 2726 autem
2029 2695 2188 2737 possent
2210 2688 2387 2725 homines
2416 2688 2466 2726 ad
2493 2687 2547 2733 ine.

1456 2783 1457 2786 Ἴ
1482 2741 1609 2778 vicem
1639 2740 1845 2778 convivere
1874 2741 1943 2778 nisi
1962 2741 2033 2778 sibi
2053 2741 2218 2778 invicem
2241 2741 2448 2788 crederent,
2467 2748 2548 2779 tan-

366 2798 456 2834 tinet
484 2799 603 2846 magis
632 2799 680 2836 ad
707 2800 864 2836 virtutes
892 2799 1172 2836 intellectuales.
1203 2799 1305 2846 Ergo
1333 2797 1431 2834 veri·
1455 2798 1458 2839 ξ
1485 2806 1602 2843 quam
1632 2794 1701 2831 sibi
1732 2793 1894 2832 invicem
1927 2794 2127 2831 veritatem
2165 2794 2493 2832 manifestantibus
2518 2791 2545 2831 θ.
2668 2789 2703 2829 ῥ’

368 2858 422 2886 tas
451 2852 553 2887 nullo
581 2852 699 2888 modo
730 2860 784 2889 est
813 2865 900 2901 pars
929 2852 1101 2889 iustitiae.
1456 2871 1458 2894 2
1485 2849 1534 2884 Et
1562 2847 1648 2884 ideo
1677 2847 1796 2884 virtus
1814 2847 1982 2884 veritatis
2010 2847 2135 2896 aliquo
2164 2848 2284 2885 modo
2309 2847 2464 2885 attendit
2491 2859 2548 2885 ra-
2582 2855 2584 2858 ’

423 2903 496 2939 SED
511 2915 661 2940 CONTRA
680 2917 745 2941 EST
765 2906 869 2954 quod
889 2905 1038 2942 Tullius
1056 2905 1076 2927 '¹‘
1104 2904 1213 2953 ponit
1230 2904 1430 2941 veritatem
1457 2897 1459 2940 ἰ
1485 2901 1627 2938 tionem
1650 2900 1777 2937 debiti.
2516 2896 2518 2898 ’

371 2955 466 2991 inter
494 2964 618 3004 partes
647 2958 819 2995 iustitiae.
1457 2944 1459 3000 l
1538 2955 1597 2990 AD
1626 2965 1816 2991 SECUNDUM
1836 2965 2020 2990 DICENDUM
2049 2953 2152 3002 quod
2172 2953 2311 2990 veritas
2335 2952 2549 2991 secundum

135 2916 142 2923 ·
150 2914 341 2935 Delnvent.R}1e-

135 2942 181 2960 tor.
196 2940 234 2961 lib.
249 2940 277 2965 11,
293 2946 343 2967 cap.

136 2973 182 2987 111111

136 3014 291 3040 *Qu-mx-
426 3009 650 3045 REsponoEo
688 3022 872 3048 D1CENDUM
908 3011 1035 3059 quod,
1066 3010 1161 3047 sicut
1199 3022 1313 3058 supra
1332 3009 1352 3031 '¹‘
1380 3009 1432 3046 di-
1458 3006 1460 3027 ³
1487 3006 1590 3056 quod
1620 3013 1675 3043 est
1711 3005 1876 3054 cognita,
1915 3005 2077 3055 pertinet
2109 3005 2158 3043 ad
2191 3005 2432 3044 intellectum.
2472 3004 2550 3046 Sed

374 3060 475 3096 ctum
505 3068 570 3106 est,
593 3073 638 3097 ex
655 3062 729 3099 hoc
750 3063 873 3111 aliqua
892 3064 1011 3101 virtus
1040 3063 1201 3100 iustitiae
1222 3062 1433 3100 annectitur
1485 3060 1605 3096 homo
1625 3071 1694 3108 per
1711 3059 1907 3108 propriam
1926 3060 2174 3107 voluntatem,
2194 3071 2263 3108 per
2291 3071 2408 3109 quarn
2435 3058 2550 3097 utitur

374 3112 468 3149 sicut
496 3114 718 3151 secundaria
746 3116 955 3163 principali,
976 3117 1082 3165 quod
1109 3116 1247 3165 partim
1277 3116 1433 3164 quidem
1459 3112 1461 3140 ἶ
1489 3120 1524 3149 et
1552 3112 1742 3150 habitibus
1771 3119 1807 3149 et
1833 3112 2031 3160 membris,
2061 3112 2204 3161 profert
2233 3111 2418 3150 exteriora
2444 3111 2551 3160 signa

375 3178 462 3202 curn
491 3165 627 3202 iustitia
661 3168 858 3212 convenit,
888 3169 1022 3216 partim
1063 3177 1190 3205 autem
1230 3169 1357 3206 deficit
1385 3170 1433 3206 ab
1459 3147 1462 3218 Ι
1488 3166 1536 3203 ad
1563 3165 1763 3202 veritatem
1792 3164 2124 3203 manifestandam.
2154 3165 2203 3202 Et
2222 3165 2435 3202 secundum
2462 3165 2548 3212 hoc,

376 3218 454 3254 eius
483 3219 647 3267 perfecta
667 3220 823 3257 ratione.
852 3221 979 3257 Virtus
999 3229 1125 3258 autem
1149 3222 1316 3259 veritatis
1346 3235 1435 3259 con·
1460 3229 1462 3270 ᾗ
1488 3218 1739 3255 manifestatio
1767 3217 1935 3255 veritatis
1965 3225 2021 3255 est
2047 3226 2152 3255 actus
2180 3217 2397 3256 voluntatis.
2523 3260 2525 3266 ,

375 3271 477 3307 venit
505 3271 659 3319 quidem
689 3285 777 3310 cum
806 3273 943 3310 iustitia
971 3273 1008 3310 in
1039 3274 1200 3311 duobus.
1236 3275 1323 3312 Uno
1353 3276 1434 3323 qui·
1461 3280 1463 3324 ξ
1541 3273 1601 3308 AD
1620 3283 1781 3308 ‘rem-mm
1795 3282 1980 3308 mci-:NDUM
1999 3273 2106 3320 quod
2123 3271 2263 3308 veritas
2288 3271 2335 3308 de
2355 3282 2431 3320 qua
2449 3281 2551 3307 nunc

378 3323 465 3360 dem
494 3325 624 3371 modo,
645 3325 683 3361 in
703 3326 777 3362 hoc
796 3326 901 3374 quod
928 3333 983 3363 est
1003 3327 1051 3362 ad
1075 3327 1246 3364 alterum,
1276 3328 1435 3364 Manife-
1462 3325 1463 3370 l
1489 3324 1694 3372 loquimur,
1724 3323 1847 3361 differt
1871 3336 1893 3360 a
1911 3323 2068 3360 veritate
2096 3324 2197 3361 vitae
2222 3331 2263 3361 ut
2282 3323 2424 3361 dictum
2444 3329 2500 3359 est
2517 3321 2548 3358 *.
2578 3324 2748 3353 ‘Md-12⁶³·

143 3383 149 3389 ”
166 3382 216 3402 Art.

232 3381 350 3408 praeced-¹
378 3376 485 3412 statio
507 3377 621 3423 enirn,
643 3390 760 3425 quam
783 3378 943 3415 diximus
962 3379 982 3400 ’¹‘
1009 3391 1091 3415 esse
1112 3387 1237 3416 actum
1257 3381 1435 3428 veritatis,
1462 3374 1464 3418 ¹,
1542 3377 1690 3414 Veritas
1719 3384 1847 3413 autem
1877 3377 2035 3414 iustitiae
2065 3377 2199 3414 dicitur
2227 3376 2433 3426 dupliciter·
2462 3375 2550 3412 Uno

380 3437 434 3465 est
462 3429 509 3465 ad
539 3430 716 3467 alterum:
747 3431 970 3479 inquantum
991 3431 1130 3468 scilicet
1158 3444 1202 3468 ea
1222 3445 1318 3480 quae
1339 3434 1437 3471 circa
1463 3423 1464 3452 ¹
1491 3431 1624 3476 mOdO,
1646 3431 1859 3467 secundum
1889 3430 1993 3479 qUOd
2011 3429 2094 3478 ipsa
2122 3429 2259 3466 iustitia
2283 3436 2338 3466 est
2365 3427 2549 3465 reetitUdO

143 3407 171 3428 ad
186 3413 206 3428 2.

434 3550 460 3581 α)
479 3551 639 3575 conservari·
652 3564 670 3570 -·
687 3551 790 3575 servari
809 3552 878 3576 PDa·
1541 3557 1566 3590 β)
1587 3559 1827 3589 manifestantibus.
1840 3572 1858 3577 -
1877 3558 2078 3592 manifestantes
2095 3559 2127 3583 A.
