2860 4244
203 2838 213 2848 ⁴
230 2837 296 2858 Vers.
311 2842 328 2859 ι.

304 2952 320 2968 α

206 3213 214 3221 ·
230 3211 297 3232 Vers.
311 3217 335 3237 4.

206 3270 213 3277 ⁶
231 3269 296 3291 Vers.
312 3269 334 3291 8.

443 256 493 301 48
1125 250 1390 298 QUAESTIO
1421 250 1543 297 LXII,
1572 250 1868 287 ARTICULUS
1898 251 1947 286 III

442 333 524 364 tutio
547 332 613 362 fieri
637 333 737 362 debet.
762 349 782 354 -
806 332 852 362 De
872 331 1011 361 secundo
1028 340 1112 364 vero,
1138 330 1175 359 de
1199 339 1265 369 quo
1289 335 1335 358 est
1358 337 1503 367 praesens
1558 327 1713 357 rationem
1729 327 1803 358 iusti
1819 335 1947 367 propter
1963 327 2140 367 digniorem
2156 337 2325 367 personam
2347 328 2472 358 interim
2488 327 2622 358 manife-

444 377 593 412 dubium,
618 376 650 406 in
678 376 779 406 littera
809 375 922 405 dicitur
950 374 1038 414 quod
1064 380 1187 403 tenetur
1211 373 1250 401 ad
1273 371 1504 402 restitutionem
1557 377 1680 407 statam,
1696 371 1787 402 desiit
1809 371 1862 402 illa
1885 372 2062 412 praebenda
2081 371 2184 401 debita
2200 381 2266 402 esse
2283 371 2357 402 huic
2371 372 2461 412 quasi
2478 372 2619 412 propria:

443 420 592 460 aequalis.
616 420 657 450 Et
679 420 766 459 quod
790 419 942 457 intelligat
960 418 1060 448 littera
1084 426 1140 455 per
1155 426 1210 446 sua
1227 416 1320 445 verba
1344 416 1428 445 hunc
1445 422 1504 445 sta·
1557 425 1592 444 ac
1616 424 1671 454 per
1694 415 1756 445 hoc
1778 415 1862 446 licite
1885 417 1956 446 data
1975 415 2061 446 alteri
2086 422 2141 445 est.
2166 415 2238 445 Hoc
2254 421 2362 445 autem
2378 416 2516 446 ostendit
2531 416 2620 456 quod

443 472 522 500 tum,
546 463 662 494 scilicet
685 463 814 503 quando
839 461 1016 492 distributio
1042 460 1144 490 debita
1163 466 1209 490 est
1225 460 1347 490 decreta
1361 466 1503 499 respectu
1558 468 1623 488 non
1643 465 1717 489 sunt
1738 459 1823 489 idem
1847 459 2014 499 proprium
2037 466 2068 490 et
2090 459 2180 499 quasi
2200 459 2376 499 proprium,
2393 466 2424 490 et
2446 460 2536 500 quod
2555 469 2621 489 non

442 508 547 543 huius,
572 514 658 547 patet
681 517 717 536 ex
740 507 875 536 duobus.
901 506 1018 540 Primo,
1043 514 1080 534 ex
1104 504 1165 533 hoc
1188 504 1277 543 quod
1301 503 1383 539 dicit,
1408 503 1444 533 Si
1459 508 1505 533 est
1557 502 1673 533 habent
1697 503 1830 533 omnino
1854 504 1987 533 eandem
2010 503 2093 533 vim:
2123 503 2197 543 quia
2221 502 2388 543 proprium
2411 512 2477 533 non
2500 509 2548 533 est
2568 512 2620 533 va-

432 552 605 592 firmatum
629 551 714 591 quod
735 550 833 580 alicui
850 549 954 579 detur.
979 548 1136 583 Secundo,
1153 557 1190 578 ex
1205 547 1266 578 hoc
1283 548 1372 588 quod
1388 546 1503 582 subdit,
1556 546 1674 582 riabile,
1699 547 1788 587 quasi
1813 547 1980 587 proprium
2003 547 2107 577 adhuc
2123 547 2263 577 varietati
2280 546 2454 577 subiicitur.
2479 546 2540 577 Sed
2554 555 2621 576 non

442 596 486 625 Et
508 595 623 635 aliquis
640 598 795 634 procuret
817 593 902 632 quod
917 597 1093 622 revocetur.
1118 591 1150 622 Si
1167 591 1253 621 enim
1268 592 1467 631 loqueretur
1466 591 1504 621 de
1558 590 1696 620 ostendit
1718 590 1807 630 quin,
1830 597 1931 621 stante
1954 591 1986 621 in
2010 601 2069 621 suo
2094 591 2208 621 robore
2231 591 2321 631 quasi
2345 590 2491 631 proprio,
2515 589 2621 630 aequi-

443 638 661 669 distributione
678 637 854 667 executioni
871 637 1027 671 mandata,
1049 643 1119 666 ante
1135 642 1242 666 tamen
1259 635 1504 675 possessionem,
1556 634 1681 664 valeant
1703 634 1870 674 proprium
1901 641 1931 665 et
1954 635 2045 675 quasi
2074 635 2241 675 proprium
2264 635 2373 676 quoad
2396 635 2567 670 damnum,
2591 640 2622 664 et

443 693 507 713 non
533 682 646 712 diceret
667 682 700 721 ly
723 686 759 710 ut
781 680 895 710 detur:
926 680 1001 720 quia
1024 679 1088 709 iam
1113 679 1185 710 data
1209 686 1288 710 esset
1316 680 1503 719 praebenda.
1557 685 1787 718 consequenter
1809 679 1917 719 quoad
1939 678 2182 710 restitutionem.

441 727 507 756 Nec
531 726 685 755 diceretur
703 724 902 754 revocabilis:
928 724 1002 764 quia
1026 733 1063 753 ex
1078 733 1144 763 quo
1161 730 1208 754 est
1223 723 1399 754 executioni
1417 733 1504 753 man·
1529 751 1531 767 ἶ
1612 722 1711 752 XVII.
1735 722 1787 752 Ad
1802 730 1926 753 sextum
1942 730 2105 761 postremo
2121 723 2257 761 dubium
2271 722 2297 759 *,
2323 732 2362 752 an
2381 722 2459 752 haec
2478 721 2620 752 doctrina

443 770 523 805 data,
548 779 613 798 non
638 775 684 798 est
706 768 899 803 revocabilis,
924 768 977 798 sed
1001 767 1183 798 auferibilis.
1529 769 1531 782 ¹
1557 766 1665 796 locum
1693 766 1807 796 habeat
1828 766 1861 795 in
1885 766 2127 802 donationibus,
2155 767 2349 797 testamentis
2373 773 2405 796 et
2426 765 2551 806 legatis,
2575 774 2621 795 re-

498 813 588 843 Unde
612 813 651 842 ad
670 818 796 842 motum
813 812 948 842 dubium
971 811 1084 842 dicitur
1105 812 1194 852 quod
1218 813 1340 842 Auctor
1361 810 1504 851 loquitur
1530 821 1531 834 1
1557 810 1732 850 spondetur
1755 809 1888 840 breviter
1911 810 1999 850 quod
2028 810 2103 850 quia
2125 810 2303 841 liberalium
2333 810 2542 841 collationum
2563 819 2621 840 vo-

442 858 480 887 de
502 856 648 886 firmitate
671 855 856 895 impedibili‚
880 856 923 886 ita
946 863 982 886 ut
1005 865 1071 886 non
1088 855 1128 886 sit
1150 855 1254 886 adhuc
1278 855 1411 885 omnino
1435 865 1506 894 pro·
1555 855 1660 884 luntas
1685 853 1786 884 dantis
1810 860 1857 884 est
1875 853 1965 889 ratio,
1982 853 2068 884 iuxta
2082 855 2216 885 verbum
2232 854 2474 894 patrisfamilias,
2490 855 2541 884 An
2557 862 2620 884 non

440 900 545 941 prium
561 900 647 930 illius
670 909 728 941 pro
752 910 818 940 quo
842 899 1004 930 firmatum
1018 907 1065 930 est
1086 899 1292 930 beneficium:
1317 905 1402 939 patet
1417 909 1504 929 nam-
1557 899 1630 929 licet
1645 899 1721 928 mihi
1736 898 1821 938 quod
1836 898 1906 928 volo
1915 897 2033 938 facere
2047 897 2078 933 *;
2099 904 2130 928 et
2143 898 2292 929 voluntas
2307 898 2463 934 donantis,
2480 897 2621 929 testantis

440 954 503 985 que
526 945 614 984 quod
637 944 730 984 ponit
753 954 861 974 casum
885 943 918 974 in
942 954 1008 984 quo
1033 944 1072 974 de
1095 943 1178 974 facto
1203 943 1375 983 impeditus
1392 949 1438 973 est
1453 943 1504 973 ille
1556 949 1612 973 aut
1633 942 1775 982 legantis,
1800 941 1943 982 quandiu
1968 948 2015 972 est
2038 941 2258 977 ambulatoria,
2281 942 2314 972 in
2329 952 2387 972 sua
2402 948 2449 973 est
2471 941 2621 977 libertate,

440 988 578 1028 dignior,
603 994 634 1018 et
657 987 776 1018 factum
796 995 842 1018 est
866 994 900 1018 ut
923 988 980 1018 sibi
1003 998 1068 1018 non
1085 988 1177 1018 detur
1198 997 1255 1028 per
1270 987 1504 1018 revocationem
1556 987 1599 1017 ita
1622 987 1710 1027 quod
1734 986 1813 1016 nulli
1843 985 1917 1016 facit
1939 985 2089 1016 iniuriam
2119 985 2292 1016 auferendo
2324 986 2463 1026 legatum
2485 985 2621 1016 factum:

440 1039 572 1063 statutae
599 1031 837 1062 distributionis.
869 1032 909 1062 Et
938 1042 1012 1062 cum
1033 1031 1193 1062 obiicitur:
1218 1032 1302 1071 Ergo
1329 1031 1505 1071 impediens
1557 1041 1755 1071 consequens
1779 1037 1824 1060 est
1847 1030 1935 1070 quod
1959 1029 2078 1060 nullius
2093 1030 2143 1060 ius
2158 1029 2258 1060 violat
2279 1029 2335 1070 qui
2357 1029 2507 1069 legatum,
2531 1035 2623 1060 testa-

440 1086 506 1107 non
529 1082 654 1106 tenetur
676 1076 715 1106 ad
739 1075 879 1116 aequale,
897 1076 971 1116 quia
986 1075 1089 1106 adhuc
1105 1085 1171 1106 non
1187 1082 1253 1106 erat
1266 1082 1337 1106 actu
1354 1084 1466 1106 suum:
1483 1093 1504 1098 —
1530 1079 1532 1112 ὲ
1557 1082 1703 1105 mentum
1727 1081 1781 1105 aut
1803 1073 1923 1114 aliquid
1946 1073 2133 1104 huiusmodi
2156 1073 2299 1114 impedit,
2315 1074 2517 1113 procurando
2533 1082 2623 1103 revo-

441 1120 650 1160 respondetur
672 1120 761 1160 quod
784 1120 871 1160 paria
895 1126 969 1150 sunt
992 1130 1058 1150 esse
1089 1127 1160 1150 actu
1185 1129 1294 1150 meum
1326 1126 1356 1150 et
1379 1129 1445 1150 esse
1469 1129 1505 1149 ex
1530 1131 1532 1155 ξ
1557 1119 1629 1155 cari,
1646 1129 1712 1149 non
1731 1119 1838 1148 solum
1861 1125 1897 1148 ut
1920 1118 1978 1148 sibi
2001 1125 2056 1148 aut
2079 1117 2166 1148 alteri
2189 1117 2373 1153 benefaciat,
2397 1117 2452 1147 sed
2475 1116 2572 1147 etiam
2594 1117 2622 1146 si

441 1164 547 1194 debito
572 1164 733 1194 decretum
756 1171 792 1194 ut
815 1164 854 1194 sit
877 1174 996 1195 meum.
1022 1164 1133 1195 Statim
1149 1164 1235 1194 enim
1255 1170 1291 1194 ut
1313 1163 1504 1200 distributio,
1530 1161 1532 1193 ἒ
1557 1162 1665 1193 animo
1683 1162 1908 1193 damnificandi
1921 1172 1976 1192 eos
1988 1162 2105 1203 quibus
2118 1168 2206 1192 erant
2221 1162 2324 1192 danda
2339 1160 2525 1191 huiusmodi
2539 1161 2625 1191 bona

440 1208 557 1239 iustitia
581 1208 778 1239 distributiva
801 1208 956 1248 exigente,
982 1208 1104 1238 decreta
1135 1214 1181 1238 est
1203 1214 1238 1238 ut
1261 1207 1323 1237 hoc
1347 1207 1438 1238 detur
1460 1207 1506 1237 illi
1530 1196 1533 1242 i
1557 1206 1792 1237 revocationem
1816 1216 1928 1236 eorum
1952 1213 2100 1246 procuret
2123 1207 2161 1236 ab
2178 1215 2216 1236 eo
2233 1206 2289 1247 qui
2306 1205 2454 1236 donabat.
2478 1204 2519 1235 Et
2540 1203 2622 1235 ratio

441 1252 520 1292 parti
551 1258 581 1282 et
603 1252 684 1282 illud
702 1252 747 1282 illi
770 1251 856 1282 alteri
880 1252 977 1292 parti,
1009 1252 1182 1292 unicuique
1210 1251 1290 1291 parti
1319 1251 1449 1281 debetur
1473 1251 1505 1281 id
1531 1244 1532 1256 ’
1558 1257 1604 1281 est
1627 1250 1702 1290 quia
1726 1250 1880 1280 restitutio
1905 1256 1952 1280 est
1975 1257 2062 1280 actus
2081 1250 2232 1281 iustitiae:
2258 1257 2289 1281 et
2307 1249 2436 1290 quando
2453 1258 2490 1279 ex
2506 1248 2624 1278 damno

440 1296 599 1337 quod'est
622 1296 782 1326 decretum
807 1295 864 1325 sibi
895 1295 985 1336 quasi
1013 1295 1197 1336 proprium:
1230 1294 1375 1335 quamvis
1403 1304 1505 1334 usque
1531 1303 1532 1306 ¹
1557 1294 1645 1324 illato
1670 1294 1846 1334 consurgit,
1870 1294 2100 1334 praesupponit
2122 1293 2329 1324 violationem
2352 1293 2426 1324 iusti
2455 1302 2511 1324 seu
2534 1292 2622 1329 iuris,

441 1341 479 1371 ad
503 1340 722 1370 executionem
745 1339 860 1370 decreti
883 1349 948 1369 non
964 1339 1003 1369 sit
1026 1339 1104 1369 illud
1124 1348 1195 1369 vere
1219 1339 1396 1378 proprium.
1422 1338 1507 1375 Quia
1559 1339 1598 1368 ad
1621 1338 1710 1378 quod
1734 1338 1944 1377 reparandum
1958 1338 2114 1368 restitutio
2130 1337 2305 1368 ordinatur.
2331 1338 2365 1367 In
2389 1337 2557 1377 proposito
2571 1346 2626 1367 au-

440 1394 515 1424 ergo
540 1384 627 1424 paria
646 1391 721 1414 sunt
743 1383 911 1423 proprium
935 1389 965 1413 et
987 1383 1078 1423 quasi
1101 1382 1279 1422 proprium,
1295 1382 1368 1412 ideo
1385 1384 1507 1413 Auctor
1557 1389 1623 1412 tem
1646 1382 1765 1411 nullius
1788 1381 1838 1411 ius
1853 1381 2008 1412 violatur:
2033 1381 2108 1422 quia
2125 1381 2203 1411 nihil
2219 1388 2285 1412 erat
2302 1381 2445 1417 alicuius,
2460 1381 2624 1412 voluntate

440 1428 516 1458 dixit
539 1428 627 1468 quod
650 1434 774 1458 tenetur
793 1427 832 1457 ad
856 1426 1087 1457 restitutionem
1110 1426 1260 1467 aequalis.
1531 1432 1533 1437 ⁴
1558 1426 1662 1456 adhuc
1678 1426 1828 1456 existente
1844 1425 2063 1456 ambulatoria.
2081 1425 2215 1465 Signum
2233 1431 2340 1456 autem
2357 1425 2452 1455 huius
2473 1431 2521 1456 est
2534 1425 2625 1466 quod

495 1472 556 1502 Sed
580 1471 716 1502 occurrit
736 1481 802 1501 non
817 1471 993 1510 spernenda
1008 1471 1193 1510 speculatio.
1219 1470 1412 1509 Contingere
1435 1476 1506 1510 pot·
1532 1470 1533 1506 ξ
1558 1470 1584 1500 si
1607 1469 1675 1510 ipse
1704 1476 1834 1501 testator
1863 1479 1900 1499 ex
1923 1469 1999 1500 odio
2023 1475 2148 1500 revocet
2171 1475 2416 1505 testamentum,
2441 1468 2521 1499 nulli
2547 1468 2623 1499 feeit

439 1522 486 1546 est
509 1516 615 1556 quod,
639 1516 721 1546 iuste
748 1516 870 1546 decreta
895 1515 1116 1546 distributione
1143 1515 1255 1545 talium
1278 1513 1506 1545 beneficiorum
1532 1513 1533 1556 }
1558 1514 1718 1545 iniuriam.
1748 1514 1789 1544 Et
1812 1513 1838 1543 si
1860 1513 1928 1553 ipse
1951 1513 2007 1554 qui
2031 1520 2077 1544 est
2099 1513 2280 1553 principalis
2302 1522 2396 1544 causa
2417 1511 2626 1543 revocationis

439 1570 497 1600 pro
522 1560 575 1590 tali
600 1566 630 1590 et
653 1559 717 1596 tali,
741 1566 913 1599 antequam
937 1559 1114 1590 executioni
1130 1559 1299 1589 mandetur
1317 1558 1506 1595 distributio,
1532 1570 1534 1579 >
1558 1558 1636 1588 nulli
1661 1558 1734 1588 facit
1757 1557 1914 1593 iniuriam,
1939 1557 1991 1587 alii
2015 1557 2183 1588 excitantes
2198 1557 2306 1597 ipsum
2330 1563 2362 1588 et
2382 1556 2568 1587 inducentes
2583 1556 2624 1586 111

439 1611 569 1644 apparet
591 1603 671 1634 alius
695 1603 829 1644 dignior,
848 1603 898 1634 cui
922 1603 1100 1634 secundum
1114 1603 1270 1633 rationem
1294 1602 1507 1633 distributivae
1532 1611 1533 1615 ¹
1558 1603 1774 1633 revocandum
1805 1611 1870 1632 non
1894 1601 2051 1632 inducunt
2077 1602 2116 1632 ad
2139 1601 2321 1631 faciendum
2343 1601 2493 1631 iniuriam
2518 1599 2625 1631 alicui.

439 1648 575 1679 iustitiae
599 1648 730 1678 debetur
752 1648 842 1678 locus
866 1648 990 1687 primus
1012 1647 1044 1677 in
1067 1647 1351 1678 distributionibus.
1377 1646 1409 1677 Si
1425 1646 1507 1687 quis,
1532 1642 1533 1646 ¹
1558 1648 1605 1677 Ac
1628 1656 1685 1686 per
1703 1647 1774 1682 hoc,
1792 1656 1858 1676 non
1881 1652 2029 1676 tenentur
2046 1646 2086 1676 ad
2104 1646 2347 1684 restitutionem,
2371 1645 2427 1676 sed
2449 1645 2490 1675 ad
2512 1643 2625 1684 poeni-

440 1692 479 1723 ad
504 1692 740 1722 distributorem
764 1692 933 1730 accedens,
962 1698 1112 1732 procuret
1139 1698 1175 1722 ut
1198 1697 1324 1721 revocet
1350 1691 1507 1721 decretam
1532 1699 1534 1701 ’
1559 1690 1692 1721 tentiam
1715 1691 1753 1721 de
1776 1696 1906 1730 peccato
1930 1689 2007 1720 odii.

440 1736 695 1767 distributionem
719 1742 755 1766 ut
778 1736 869 1766 detur
882 1735 1019 1776 digniori
1043 1736 1232 1775 praebenda.
1256 1735 1314 1765 iste
1331 1744 1396 1764 non
1410 1735 1509 1764 violat
1532 1731 1534 1763 ἶ
1615 1735 1657 1764 Et
1679 1734 1705 1764 si
1728 1741 1836 1765 contra
1859 1734 1921 1764 hoc
1944 1733 2089 1764 afferatur
2111 1727 2243 1764 allatum
2266 1733 2449 1773 exemplum
2472 1733 2512 1763 de
2534 1740 2624 1773 prae-

439 1780 592 1811 iustitiam
615 1780 855 1816 distributivam,
877 1790 935 1811 nec
950 1786 1075 1810 tenetur
1090 1779 1129 1809 ad
1146 1778 1379 1810 restitutionem
1395 1778 1441 1808 illi
1457 1779 1508 1808 cui
1533 1808 1534 1820 ἶ
1559 1777 1678 1809 cisione
1700 1787 1854 1808 venarum
1869 1787 1970 1818 aquae
1983 1777 2011 1814 *‚
2035 1778 2124 1818 quod
2141 1777 2166 1807 si
2182 1777 2290 1807 animo
2306 1775 2530 1808 damnificandi
2545 1776 2625 1807 alius

440 1832 505 1856 erat
528 1825 688 1855 decretum
710 1823 910 1854 beneficium.
941 1825 982 1854 Et
1005 1830 1111 1854 tamen
1134 1822 1236 1853 aufert
1258 1822 1302 1852 illi
1331 1823 1420 1862 quod
1443 1829 1508 1853 erat
1533 1829 1534 1844 ³
1560 1822 1632 1863 quis
1648 1822 1822 1862 praecidit'
1813 1832 1847 1852 m
1862 1821 1993 1862 proprio
2010 1821 2112 1852 fundo
2123 1830 2219 1851 venas
2235 1831 2335 1862 aquae
2351 1830 2408 1862 per
2422 1830 2502 1862 quas
2515 1821 2551 1851 in
2565 1828 2625 1861 pu-

438 1869 483 1899 illi
508 1869 650 1899 debitum
673 1868 764 1918 quasi
788 1868 964 1908 proprium.
989 1868 1063 1898 Non
1088 1877 1162 1907 ergo
1186 1867 1274 1907 paria
1288 1873 1363 1897 sunt
1386 1866 1507 1897 auferre
1533 1876 1534 1900 I
1560 1874 1649 1897 teum
1665 1866 1735 1897 fluit
1749 1866 1886 1902 alterius,
1903 1872 2027 1896 tenetur
2051 1865 2091 1895 ad
2106 1865 2354 1901 restitutionem
2381 1865 2421 1895 ad
2443 1874 2542 1906 quam
2557 1874 2625 1896 non

440 1913 583 1943 debitum
607 1913 696 1953 quasi
713 1912 889 1952 proprium,
908 1919 939 1943 et
961 1911 1082 1942 auferre
1099 1910 1242 1941 debiturn
1263 1917 1299 1941 ut
1322 1911 1505 1951 proprium:
1533 1913 1535 1954 ξ
1559 1917 1684 1941 tenetur
1706 1910 1732 1940 si
1756 1921 1822 1941 non
1845 1909 1954 1940 animo
1979 1908 2200 1940 damnificandi
2223 1909 2339 1940 faceret
2359 1908 2456 1946 idem,
2480 1915 2518 1940 ut

439 1957 515 1998 quia
536 1963 659 1987 constat
681 1966 746 1987 non
763 1966 829 1986 esse
846 1956 1055 1987 auferendum
1079 1955 1246 1996 proprium
1262 1954 1453 1986 beneficium
1470 1956 1535 2006 abf
1561 1955 1683 1985 dictum
1706 1961 1767 1985 est:
1793 1963 1878 1994 ergo,
1901 1964 1919 1984 a
1942 1953 2047 1989 simili,
2070 1953 2126 1994 qui
2147 1952 2255 1983 animo
2278 1951 2502 1984 damnificandi
2523 1952 2626 1993 prozi-

441 2001 548 2041 aliquo
573 2008 608 2031 ut
631 2002 722 2031 detur
745 2001 891 2039 digniori.
1533 2008 1535 2022 1
1560 2009 1652 2030 mum
1675 2005 1826 2039 procurat
1845 1998 1983 2028 revocari
2007 2004 2242 2033 testamentum,
2255 2003 2380 2028 tenetur
2399 1997 2440 2028 de
2455 1997 2589 2028 damno·
2603 2013 2625 2021 -

496 2045 557 2075 Sed
580 2045 641 2075 hoc
657 2054 723 2074 non
739 2045 842 2075 obstat
865 2043 1119 2075 determinationi
1144 2042 1259 2074 factae:
1285 2043 1360 2084 quia
1377 2053 1425 2073 res
1441 2053 1508 2074 non
1533 2039 1535 2065 l
1560 2043 1820 2083 respondendum
1836 2049 1883 2073 est
1901 2042 1990 2082 quod
2005 2051 2071 2072 non
2087 2047 2134 2072 est
2153 2041 2265 2072 simile.
2291 2040 2399 2078 Quia‘
2390 2051 2423 2071 in
2439 2050 2514 2072 casu
2536 2049 2626 2081 prae·

2649 727 2658 737 ⁸
2671 726 2742 748 Num.
2763 733 2785 748 vt
2794 742 2801 753 ,
2815 727 2858 748 Se-

2648 896 2658 907 *
2669 896 2747 918 Manli.
2759 902 2809 924 σιρ.
2820 902 2858 923 xx.

2647 929 2706 944 ven.
2721 929 2748 951 ¹5·

2649 1777 2662 1790 ⁸
2674 1775 2747 1799 Nam.
2760 1782 2810 1799 xiv.

439 2090 472 2119 in
496 2090 610 2119 eodem
634 2095 716 2119 statu
740 2095 935 2128 permanent.
967 2087 1206 2118 Advertendum
1235 2094 1281 2118 est
1311 2087 1397 2117 enim
1420 2088 1509 2128 quod
1533 2068 1535 2117 i
1561 2087 1688 2118 cisionis
1712 2087 1851 2117 aufertur
1873 2086 2020 2127 proximo
2044 2095 2127 2126 aqua
2149 2085 2288 2126 propria,
2312 2085 2495 2125 dependens
2517 2091 2625 2116 tama·
2682 2083 2683 2086 ’

439 2133 581 2174 quandiu
599 2133 721 2163 decreta
737 2132 915 2163 distributio
932 2131 1042 2162 habuit
1065 2131 1222 2162 rationem
1237 2131 1321 2168 iusti,
1334 2131 1440 2172 portio
1456 2132 1508 2162 de·
1533 2157 1535 2186 4
1561 2142 1579 2162 a
1602 2131 1703 2162 fundo
1723 2131 1865 2162 alterius.
1890 2137 1921 2161 et
1943 2137 2109 2170 propterea
2133 2136 2260 2170 oportet
2274 2129 2469 2160 auferentem
2491 2138 2530 2160 ex
2550 2128 2627 2169 legi-

440 2185 522 2208 creta
545 2177 619 2207 huic
643 2184 708 2207 erat
731 2177 835 2207 debita
858 2176 948 2218 quasi
971 2175 1110 2216 propria.
1140 2176 1181 2206 Et
1208 2175 1350 2216 quandiu
1369 2175 1535 2207 -habebat
1559 2176 1638 2206 tima
1659 2185 1752 2206 causa
1767 2175 1898 2206 auferre.
1923 2174 1984 2205 Hic
1999 2183 2075 2205 vero
2091 2173 2170 2204 nihil
2189 2173 2356 2214 proprium
2373 2173 2526 2204 aufertur:
2549 2173 2627 2214 quia

440 2221 520 2252 hanc
541 2221 705 2257 rationem,
723 2231 788 2251 non
805 2227 929 2261 poterat
944 2220 1003 2250 nisi
1018 2220 1134 2251 iniuste
1150 2219 1265 2250 auferri
1281 2220 1319 2250 ab
1337 2228 1389 2256 eo;
1410 2226 1442 2250 et
1457 2230 1508 2250 ae·
1534 2221 1535 2231 ¹
1560 2219 1639 2250 nihil
1662 2219 1738 2250 iuris
1762 2219 1896 2250 habebat
1919 2228 1955 2249 ex
1979 2219 2141 2249 voluntate
2166 2218 2604 2248 ambulatoria.

440 2266 619 2306 quivalebat
635 2265 775 2305 proprio.
809 2266 869 2296 Sed
893 2265 998 2295 statim
1023 2271 1058 2295 ut
1075 2264 1254 2295 distributio
1279 2264 1370 2294 desiit
1394 2264 1508 2294 habere
1533 2241 1536 2295 i

715 2478 717 2482 y
1241 2425 1558 2483 ARTICULUS
1586 2423 1815 2466 TERTIUS

732 2520 889 2551 UTRUM
912 2518 1138 2550 SUFFlclAT
1162 2518 1437 2549 RESTITUERE
1461 2517 1651 2548 SIMPLUM
1675 2516 1798 2554 QUOD
1823 2516 1994 2547 INIUSTE
2017 2516 2228 2548 ABLATUM
2251 2516 2332 2548 EST

933 2597 956 2621 1⁸
976 2597 1032 2628 11¹⁶,
1052 2605 1096 2629 qu.
1117 2604 1157 2628 ον,
1178 2601 1225 2622 art.
1246 2603 1269 2627 2,
1289 2596 1321 2620 ad
1341 2604 1371 2629 93
1392 2596 1425 2620 IV
1445 2595 1528 2624 Sent„
1549 2596 1608 2620 dist.
1627 2603 1668 2625 xv,
1688 2603 1733 2627 qu.
1750 2602 1767 2626 1,
1788 2600 1835 2619 art.
1856 2594 1878 2624 5,
1899 2594 1949 2627 qu⁸
1970 2602 1992 2626 2,
2013 2595 2045 2619 ad
2067 2594 2089 2625 5,
2110 2593 2135 2619 6.

469 2699 662 2790 ν”ζικ
654 2743 733 2767 non
752 2729 922 2767 sufficiat
929 2729 1121 2766 restituere
1136 2728 1316 2788 simplum
1331 2728 1461 2776 quod
1452 2740 1507 2764 in·
1561 2727 1651 2764 dare
1676 2739 1755 2764 non
1776 2726 1900 2764 debet.
1932 2726 2008 2764 Sed
2032 2727 2145 2765 iudex
2163 2726 2258 2764 iuste
2279 2728 2400 2764 aufert
2423 2728 2471 2765 ab
2491 2740 2539 2767 eo
2558 2729 2625 2777 qui

460 2760 581 2840 'st'jr
595 2772 749 2820 iuste
778 2783 947 2820 ablatum
976 2789 1042 2819 est.
1079 2781 1225 2819 Dicitur
1250 2781 1351 2818 enim
1379 2781 1503 2818 Exod.
1559 2781 1702 2818 furatus
1732 2787 1786 2817 est
1813 2781 1898 2829 plus
1927 2792 2043 2829 quam
2071 2780 2215 2817 furatus
2244 2788 2315 2827 est,
2344 2793 2415 2829 pro
2445 2781 2622 2819 emenda.

499 2810 725 2873 ss'ffakxxu
741 2837 780 2872 *ε
811 2837 853 2872 Si
870 2836 951 2884 quis
967 2836 1128 2883 furatus
1143 2835 1270 2883 fuerit
1291 2835 1423 2871 bovem
1442 2840 1510 2871 aut
1560 2834 1664 2881 Ergo
1693 2833 1813 2869 homo
1837 2833 1952 2870 debet
1978 2833 2068 2870 illud
2097 2833 2258 2870 solvere.
2289 2834 2338 2870 Et
2364 2833 2415 2870 ita
2442 2844 2522 2871 non
2549 2834 2624 2872 suf·

442 2901 572 2935 ovem,
602 2895 636 2925 et
663 2889 840 2926 occiderit
864 2888 925 2925 vel
950 2888 1175 2934 vendiderit,
1206 2888 1369 2936 quinque
1395 2888 1507 2924 boves
1560 2886 1639 2923 ficit
1666 2886 1824 2923 reddere
1854 2885 2047 2935 simplum.

435 2954 510 2991 pro
532 2954 605 2978 uno
626 2943 719 2979 bove
740 2947 756 2963 α
785 2942 958 2987 restituet,
987 2947 1022 2978 et
1040 2946 1202 2990 quatuor
1221 2952 1308 2978 oves
1329 2952 1404 2988 pro
1430 2952 1506 2977 una
1615 2940 1689 2977 SED
1705 2950 1851 2976 CONTRA
1866 2951 1932 2976 EST
1946 2938 2035 2989 quia
2054 2938 2236 2976 restitutio
2255 2939 2400 2977 reducit
2418 2939 2469 2978 ad
2487 2951 2625 2990 aequa-

443 2994 522 3032 ονε.
554 2994 631 3031 Sed
659 2994 815 3042 quilibet
834 3002 982 3032 tenetur
1000 2994 1223 3031 mandatum
1245 2993 1396 3031 divinae
1415 2993 1506 3041 legis
1559 2993 1703 3030 litatem
1737 2991 1842 3041 quod
1870 2991 2115 3040 inaequaliter
2143 2991 2311 3029 ablatum
2339 3000 2406 3030 est.
2454 2992 2532 3030 Sed
2559 2990 2624 3033 ali-

443 3048 661 3084 observare.
693 3048 794 3095 Ergo
814 3047 872 3084 ille
892 3048 956 3095 qui
976 3047 1120 3084 furatur
1145 3054 1293 3084 tenetur
1312 3046 1506 3083 restituere
1561 3046 1645 3095 quis
1674 3045 1869 3082 reddendo
1893 3045 1998 3094 quod
2023 3044 2168 3094 accepit
2190 3045 2383 3094 simplum,
2408 3045 2553 3083 reducit
2574 3045 2624 3083 ad

443 3100 701 3149 quadruplum
729 3100 792 3136 vel
821 3099 1075 3148 quintuplum.
1562 3098 1839 3146 aequalitatem.
1887 3099 1988 3145 Ergo
2015 3098 2140 3134 solum
2167 3105 2317 3135 tenetur
2344 3105 2490 3136 tantum
2519 3097 2623 3136 resti-

498 3165 533 3191 2.
555 3153 788 3199 PRAETEREA,
810 3163 854 3189 ea
874 3163 970 3200 quae
992 3152 1130 3200 scripta
1153 3157 1249 3197 sunt,
1269 3151 1321 3187 ad
1338 3157 1505 3188 nostram
1560 3157 1666 3188 tuere
1695 3158 1880 3200 quantum
1909 3150 2063 3199 accepit.

653 2690 675 2714 D
699 2689 860 2714 TERTmM
883 2688 936 2713 s1c
959 2687 1199 2713 PROCED1T1JR.
1220 2675 1377 2713 Videtur
1401 2674 1506 2735 quod
1616 2675 1650 2711 3.
1671 2675 1906 2721 PRAETEREA,
1927 2673 2018 2711 nulli
2036 2681 2163 2722 potest
2189 2673 2284 2712 iuste
2304 2675 2442 2712 auferri
2461 2674 2500 2713 id
2519 2676 2626 2725 quod
2673 2677 2675 2680 ’
2704 2677 2706 2679 ’
2751 2667 2755 2679 ¹

443 3206 653 3243 doctrinam
681 3206 819 3254 scripta
846 3210 943 3251 sunt,
972 3211 1014 3241 ut
1043 3204 1176 3242 dicitur
1203 3203 1255 3241 ad
1279 3204 1391 3241 Rom.
1412 3216 1460 3240 xv
1473 3203 1504 3241 '¹‘.
1614 3205 1840 3240 RESPONm-:o
1869 3214 2054 3241 DICENDUM
2075 3203 2182 3252 quod
2211 3215 2298 3240 cum
2328 3203 2459 3252 aliquis
2483 3203 2622 3243 iniuste
2670 3201 2674 3205 ⁴

445 3259 522 3296 Sed
551 3260 643 3296 Luc.
663 3271 723 3295 xlx
742 3258 762 3280 '¹‘
789 3258 986 3299 Zachaeus
1016 3257 1104 3295 dicit
1131 3257 1180 3294 ad
1203 3256 1437 3294 Dominum:
1467 3257 1510 3294 Si
1561 3256 1696 3305 accipit
1722 3254 1738 3285 β
1775 3267 1856 3292 rem
1888 3255 2073 3303 alienam,
2113 3256 2190 3293 duo
2223 3264 2311 3294 sunt
2342 3256 2406 3294 ibi.
2445 3256 2622 3303 Quorum

444 3324 554 3361 quem
573 3312 809 3360 defraudavi,
830 3312 944 3348 reddo
964 3310 1228 3359 quadruplum.
1258 3310 1360 3357 Ergo
1385 3310 1505 3346 homo
1560 3321 1681 3346 unum
1710 3316 1766 3345 est
1788 3308 2036 3356 inaequalitas
2065 3321 2111 3345 ex
2138 3317 2246 3358 parte
2274 3309 2346 3346 rei:
2375 3321 2475 3358 quae
2501 3321 2623 3357 quan-

446 3365 560 3402 debet
596 3365 790 3402 restituere
827 3364 1116 3414 multiplicatum
1155 3363 1193 3400 id
1230 3362 1335 3412 quod
1371 3362 1506 3400 iniuste
1562 3362 1689 3410 doque
1711 3368 1766 3398 est
1784 3361 1862 3398 sine
1882 3361 2068 3409 iniustitia,
2090 3369 2131 3399 ut
2148 3369 2252 3412 patet
2270 3363 2308 3400 in
2327 3361 2479 3399 mutuis.
2504 3361 2622 3400 Aliud

445 3417 600 3467 aceepit.
1561 3423 1689 3452 autem
1719 3421 1774 3452 est
1802 3414 1999 3452 iniustitiae
2024 3415 2155 3464 culpa:
2186 3427 2285 3464 quae
2312 3421 2437 3464 potest
2465 3426 2548 3452 esse
2570 3422 2623 3452 et-

501 3542 527 3573 α)
547 3541 619 3566 bove.
629 3554 650 3560 -
668 3541 729 3565 Om.
749 3541 802 3565 ΡΙ).
1537 3539 1540 3558 ¹
1614 3539 1639 3571 β)
1652 3539 1758 3571 accipit.
1766 3553 1785 3558 -
1794 3539 1895 3571 accepit
1904 3538 2007 3564 PEGH.
2016 3538 2077 3564 -ἰὸὶ
2085 3546 2138 3564 om.
2149 3538 2168 3568 1.
2174 3538 2371 3564 consideranda
2382 3538 2442 3564 add.
2453 3538 2551 3563 PDGa.
