2860 4244
886 214 1152 261 QUAESTIO
1183 215 1425 262 LXXXVIII,
1453 216 1750 254 ARTICULUS
1779 217 1831 253 XI

2366 219 2439 256 265

277 300 399 330 zatur:
429 293 517 342 quia
535 293 567 330 si
585 305 664 330 non
683 300 741 330 est
757 293 791 329 ei
810 292 1054 330 essentialiter
1071 305 1230 339 annexa,
1243 301 1334 342 pot·
1359 303 1361 339 ξ
1386 295 1546 331 nentiae.
1577 295 1654 332 Sed
1673 294 1778 343 quod
1806 294 1845 331 in
1868 302 1962 331 voto
1991 294 2242 331 continentiae
2270 307 2340 343 per
2357 308 2442 344 pro-

278 353 335 382 est
353 356 513 383 manere
537 346 754 382 solemnitas
771 345 1072 382 consecrationis
1100 345 1180 382 sine
1205 346 1332 383 debito

278 398 552 448 continentiae3
591 398 696 448 quod
723 409 803 437 non
829 397 954 448 potest
986 397 1201 446 contingere
1230 398 1259 435 si
1289 399 1334 435 sit

1386 347 1592 384 sessionem
1620 347 1867 384 solemnizato
1891 359 1970 384 non
1991 347 2111 395 possit
2131 347 2349 396 dispensari,
2369 349 2443 385 hoc

1386 412 1464 436 non
1500 407 1555 437 est
1588 400 1813 449 inquantum
1843 407 1899 436 est
1935 407 2041 436 actus
2074 399 2266 447 eastitatis,
2295 400 2361 437 sed
2389 400 2442 438 in-

278 449 522 510 essepfialiter
549 456 759 497 annexum¹
779 451 814 501 ei
841 446 908 492 ad‘,
928 450 1031 500 quod
1066 459 1200 488 votum
1238 451 1333 488 sole·
1358 460 1361 507 j
1386 460 1570 500 quantum
1598 452 1727 501 incipit
1754 452 1803 490 ad
1831 452 1978 490 latriam
2004 453 2193 501 pertinere
2213 465 2283 501 per
2299 453 2444 502 profes-

277 511 476 545 mmzatur.
513 503 606 541 Non
633 511 689 541 est
715 511 842 541 autem
870 503 1115 541 essentialiter
1142 516 1333 541 annexum
1358 509 1361 566 Ι
1386 505 1534 542 sionem
1563 505 1763 552 religionis.

278 556 448 594 debitum
475 556 727 593 continentiae
746 555 870 592 ‘ordini
896 568 1017 602 sacro,
1037 556 1104 592 sed
1132 568 1176 592 ex
1196 564 1332 593 statuto

277 609 481 646 Ecclesiae.
501 608 613 646 Unde
625 608 777 651 videtur
790 607 895 655 quod
909 620 978 659 per
991 609 1200 645 Ecclesiam
1214 609 1334 657 possit

277 660 485 714 dispensari
517 661 557 698 in
583 668 677 698 voto
707 659 958 697 continentiae
987 661 1232 698 solemnizato
1264 673 1334 710 per

277 712 558 763 susceptionem
575 713 672 751 ‘sacri
691 712 846 755 ordinis.
867 735 890 741 -
918 713 988 751 Est
1015 722 1141 751 autem
1162 713 1332 751 debitum

277 764 528 813 continentiae
546 765 742 807 essentiale
762 765 873 803 statui
900 766 1102 814 religionis,
1129 778 1198 815 per
1217 778 1331 815 quem

274 819 396 856 homo
422 818 662 855 abrenuntiat
693 819 864 866 saeculo,
892 818 1054 856 totaliter
1079 819 1152 856 Dei
1179 818 1331 855 servitio

276 870 536 920 mancipatum
575 872 680 920 quod
707 882 785 908 non
818 878 944 920 potest
970 872 1081 908 simul
1117 877 1215 908 stare
1243 881 1331 907 cum

276 923 541 972 matrimonio,
570 923 608 960 in
636 934 714 973 quo
741 923 927 962 incumbit
962 923 1164 961 necessitas
1195 934 1332 971 procu-

275 975 417 1016 randae
438 975 571 1026 ,uxoris
592 983 628 1013 et
639 976 762 1026 prolis
781 984 819 1013 et
835 976 1012 1023 familiae,
1033 983 1069 1013 et
1087 987 1213 1013 rerum
1232 987 1332 1023 quae

276 1028 325 1069 ad
352 1027 428 1067 h'oc
454 1029 707 1078 requiruntur.
743 1029 854 1068 Unde
881 1029 1089 1077 Apostolus
1110 1027 1210 1074 dicit,
1241 1029 1255 1064 I
1283 1028 1335 1065 ad

277 1082 368 1120 Cor.
387 1093 440 1119 vu
457 1082 489 1129 ²¹²,
518 1081 623 1131 quod
649 1081 716 1130 qui
739 1087 794 1118 est
817 1093 904 1118 cum
932 1093 1065 1118 uxore·
1079 1080 1255 1117 sollicitus
1281 1086 1336 1117 est

275 1145 373 1184 quae
397 1140 487 1171 sunt
509 1134 650 1180 mundi,
675 1134 861 1183 quomodo
882 1133 1036 1182 placeat
1061 1133 1185 1179 uxori,
1214 1138 1250 1169 et
1280 1133 1333 1170 di-

275 1187 376 1237 ffisus
411 1191 474 1224 est.
509 1186 621 1224 Unde
649 1196 793 1223 nomen
821 1187 998 1223 monachi
1028 1187 1077 1223 ab
1106 1186 1245 1223 unitate
1273 1198 1333 1222 su-

275 1235 402 1286 ffiitur,
429 1251 499 1288 per
517 1238 738 1288 oppositum
761 1238 810 1276 ad
831 1238 1057 1276 divisionem
1084 1238 1330 1288 praedictam.

272 1293 326 1333 Et
348 1292 437 1330 ideo
474 1291 514 1329 in
539 1299 633 1330 voto
670 1291 919 1329 solemnizato
955 1304 1023 1340 per
1054 1291 1332 1340 professionem

272 1344 465 1393 religionis
491 1357 571 1382 non
597 1352 722 1393 potest
748 1357 818 1393 per
837 1345 1048 1382 Ecclesiam
1068 1344 1277 1394 dispensari
1294 1344 1332 1381 *t

248 1397 540 1453 ἡονῐμτῇιὰοιιθεῑϊ
554 1398 718 1446 assignat
745 1397 957 1445 decretalis,
985 1397 1074 1447 quia
1102 1397 1250 1434 castitas
1281 1402 1336 1433 est

275 1454 429 1488 annexa
455 1450 612 1500 regulae
638 1449 863 1487 monachali.

289 1507 292 1510 ’
328 1505 387 1544 An
406 1515 544 1541 ramum
563 1514 660 1540 saco
680 1514 864 1540 mensuum
882 1502 989 1550 quod
1008 1501 1183 1551 periculis
1207 1514 1332 1538 rerum

274 1556 532 1596 humanarum
570 1564 626 1594 est
652 1555 892 1593 obviandum
927 1567 996 1603 per
1033 1567 1092 1591 res
1124 1555 1333 1591 humanas:

275 1621 355 1648 non
374 1617 502 1646 autem
521 1621 590 1658 per
607 1609 683 1645 hoc
697 1608 803 1657 quod
821 1620 881 1645 res
897 1607 1048 1645 divinae
1066 1614 1335 1644 convertantur

273 1662 317 1700 in*
331 1673 445 1699 usum
475 1662 687 1698 humanum
706 1661 738 1698 *.
767 1660 932 1698 Professi
962 1667 1089 1697 autem
1112 1659 1334 1708 religionem

273 1714 416 1768 mortui
453 1721 542 1751 sunt
575 1713 722 1751 mundo
751 1721 788 1750 et
814 1713 955 1758 vivunt
981 1713 1078 1750 Deo.
1117 1713 1227 1750 Unde
1256 1724 1335 1749 non

274 1766 362 1808 sunt
379 1766 586 1805 revocandi
605 1767 655 1804 ad
672 1766 792 1804 vitam
817 1767 1029 1804 humanam
1050 1765 1251 1803 occasione
1271 1778 1334 1802 cu—

271 1820 501 1868 juscumque
530 1827 691 1857 eventus
709 1819 742 1856 ⁴¹.

327 1876 388 1911 Ar>
418 1884 608 1910 SECUNDUM
640 1883 824 1910 mcENDUM
853 1871 957 1921 quod
991 1871 1030 1908 in
1056 1879 1150 1908 voto
1186 1878 1335 1920 tempo-

273 1925 362 1965 mlis
381 1925 652 1963 ·continentiae
685 1925 894 1974 dispensari
930 1932 1073 1974 potest:
1111 1924 1206 1961 sicut
1234 1931 1271 1960 et
1298 1923 1336 1960 in

273 1983 367 2024 voto
402 1977 622 2028 temporalis
659 1977 840 2016 orationis
871 1978 933 2014 vel
969 1976 1189 2026 temporalis
1227 1975 1338 2013 absti-
1363 1973 1365 1980 ¹

325 2081 354 2131 'll
372 2097 611 2125 conservationem.
622 2110 643 2118 ·-
660 2097 833 2122 directionem
853 2097 882 2122 P.

325 2132 351 2167 θ)
368 2134 438 2159 sicut
455 2136 491 2159 et.
510 2147 531 2152 —
548 2133 618 2158 sicut
641 2140 688 2158 nec
712 2132 759 2162 Pa,
777 2132 802 2158 si
818 2132 855 2157 sit
879 2132 911 2163 G,
929 2132 978 2158 sed
995 2133 1029 2158 H.
1043 2146 1065 2152 -
1081 2132 1132 2156 Pro
1153 2139 1171 2156 a
1189 2134 1251 2156 voto
1276 2131 1334 2158 obe-
1360 2095 1364 2198 i

274 2169 399 2205 >vnijentz'ae,
417 2169 451 2194 ab
470 2169 533 2202 (om.
553 2168 593 2202 P.)
612 2167 777 2193 obedientiae
795 2171 856 2193 νοτο
875 2168 922 2193 Pa.

1438 559 1497 594 An
1516 569 1676 594 TER-rium
1703 569 1887 594 morannum
1909 557 2013 606 quod
2042 557 2148 593 cibus
2176 557 2316 594 directe
2345 558 2443 596 ordi-

1386 616 1496 646 natur
1515 609 1564 646 ad
1583 610 1910 647 conservationem
1927 615 1945 637 η
1964 621 2168 658 personae:
2199 618 2235 647 et
2252 610 2339 647 ideo
2360 611 2442 657 abs-

1385 662 1541 699 tinentia
1569 661 1641 698 cibi
1669 662 1807 699 directe
1835 669 1961 711 potest
1982 674 2140 710 vergere
2166 662 2205 700 in
2230 663 2442 712 periculum

1384 726 1584 763 personae.
1613 715 1724 752 Unde
1744 727 1789 751 ex
1806 715 1878 752 hac
1897 715 2038 752 ratione
2058 715 2188 763 recipit
2204 723 2340 753 votum
2359 717 2444 754 abs-

1384 767 1562 804 tinentiae
1591 767 1924 816 dispensationem.
1969 768 2044 804 Sed
2079 768 2198 804 coitus
2235 781 2315 806 non
2344 769 2444 806 ordi-

1386 826 1496 856 natur
1514 819 1652 856 directe
1672 819 1719 856 ad
1740 820 2069 857 conservationem
2088 833 2287 869 personae,
2309 822 2375 859 sed
2395 822 2443 860 ad

1386 872 1716 909 conservationem
1732 872 1882 920 speciei.
1902 873 2012 910 Unde
2023 885 2094 910 nec
2109 873 2246 910 directe
2256 875 2443 912 abstinen-

1384 925 1435 962 tia
1450 925 1570 962 coitus
1584 936 1653 973 per
1668 925 1936 962 continentiam
1950 925 2071 973 vergit
2084 926 2122 962 in
2136 926 2346 974 periculum
2361 940 2444 976 per-

1385 989 1515 1015 sonae.
1545 977 1622 1014 Sed
1649 977 1680 1013 si
1698 990 1766 1026 per
1793 977 1967 1014 accidens
1993 990 2036 1014 ex
2057 991 2102 1014 ea
2121 978 2274 1027 aliquod
2298 981 2443 1028 pericu—

1384 1031 1465 1068 lum
1487 1031 1687 1078 personale
1708 1029 1864 1076 accidat,
1879 1037 2004 1078 potest
2023 1031 2127 1067 aliter
2145 1031 2353 1069 subveniri:
2374 1033 2444 1069 sci-

1385 1083 1470 1120 licet
1484 1095 1553 1131 per
1571 1082 1850 1129 abstinentiam,
1864 1083 1927 1119 vel
1947 1082 2019 1118 alia
2038 1084 2247 1131 corporalia
2263 1085 2442 1122 remedia.

1439 1137 1498 1172 An
1527 1147 1699 1179 Quas-rum
1736 1146 1920 1172 DICENDUM
1949 1136 2053 1182 quod
2090 1135 2285 1183 religiosus
2313 1137 2376 1186 qui
2403 1139 2445 1174 fit

1388 1189 1602 1238 episcopus,
1632 1188 1727 1225 sicut
1754 1200 1832 1225 non
1859 1187 2068 1225 absolvitur
2090 1200 2112 1224 a
2130 1195 2223 1225 voto
2250 1190 2444 1227 continen-

1385 1242 1471 1289 tiae,
1501 1242 1551 1278 ita
1579 1253 1650 1278 nec
1669 1253 1690 1277 a
1707 1248 1802 1278 voto
1829 1240 2078 1290 paupertatis:
2107 1241 2196 1288 quia
2223 1242 2314 1279 nihil
2334 1243 2446 1279 debet

1386 1295 1529 1332 habere
1557 1302 1739 1342 tanquam
1768 1293 1978 1342 proprium,
2007 1293 2074 1330 sed
2094 1294 2190 1330 sicut
2209 1294 2446 1343 dispensator

1387 1347 1654 1385 communium
1682 1347 1875 1383 bonorum
1904 1346 2095 1383 ecclesiae.
2126 1346 2304 1384 Similiter
2332 1348 2444 1385 etiam

1387 1412 1465 1437 non
1494 1399 1702 1437 absolvitur
1724 1411 1747 1436 a
1764 1407 1858 1436 voto
1887 1398 2139 1446 obedientiae,
2168 1399 2236 1436 sed
2263 1412 2332 1449 per
2350 1401 2445 1437 acci-

1387 1453 1482 1490 dens
1510 1452 1667 1489 obedire
1693 1464 1772 1488 non
1790 1459 1949 1498 tenetur,
1969 1451 1999 1487 si
2019 1452 2255 1500 superiorem
2283 1465 2361 1490 non
2379 1454 2445 1490 ha-

1387 1506 1496 1543 beat:
1525 1505 1619 1542 sicut
1639 1512 1675 1541 et
1693 1502 1705 1525 θ
1735 1505 1853 1541 abbas
1878 1504 2107 1550 monasterii,
2127 1505 2192 1552 qui
2215 1513 2344 1543 tamen
2367 1518 2445 1543 non

1388 1566 1444 1595 est
1471 1570 1494 1594 a
1520 1565 1613 1594 voto
1642 1557 1880 1594 obedientiae
1909 1557 2116 1594 absolutus.

1440 1612 1676 1648 Auc‘romus
1702 1622 1797 1646 vero
1825 1609 2073 1646 Ecclesiastici
2108 1622 2206 1658 quae
2235 1610 2271 1647 in
2301 1619 2446 1648 contra-

1388 1663 1487 1700 rium
1515 1662 1690 1700 obiicitur
1707 1661 1739 1708 *‚
1768 1661 2007 1710 intelligenda
2028 1669 2082 1698 est
2101 1670 2284 1709 quantum
2305 1664 2353 1700 ad
2372 1665 2447 1700 hoc

1388 1716 1493 1766 quod
1521 1728 1592 1753 nec
1619 1715 1828 1752 fecunditas
1856 1715 2001 1762 carnis,
2029 1727 2100 1751 nec
2128 1715 2282 1764 aliquod
2312 1729 2446 1765 corpo-

1390 1769 1465 1806 rale
1486 1769 1632 1805 bonum
1648 1776 1702 1805 est
1718 1768 2018 1816 comparandum
2041 1768 2292 1804 continentiae
2307 1774 2327 1816 ‘,
2347 1781 2446 1817 quae

1389 1823 1486 1859 inter
1518 1823 1620 1859 bona
1655 1821 1804 1858 animae
1841 1827 2109 1869 computatur:
2138 1828 2181 1857 ut
2214 1822 2447 1868 Augustinus

1390 1875 1498 1920 dicit,
1528 1875 1566 1911 in
1594 1874 1689 1911 libro
1717 1875 1763 1911 de
1781 1875 1918 1910 Sancta
1950 1874 2172 1922 Virginitate
2190 1873 2220 1910 ²¹².
2259 1874 2372 1911 Unde
2400 1875 2447 1911 si-

1391 1935 1547 1977 gnanter
1575 1927 1724 1974 dicitur,
1753 1927 1904 1964 animae
1931 1926 2165 1963 continentis.-
2194 1938 2292 1974 non,
2323 1929 2447 1965 carnis

1391 1980 1619 2018 continentis.

1442 2095 1461 2127 ι)
1479 2094 1666 2120 continentiae.
1680 2107 1698 2113 -
1717 2094 1783 2119 bono
1801 2094 1980 2119 continentiae
2000 2093 2068 2118 PDa.

952 2245 1283 2278 Commenta-‚ria
1305 2243 1554 2277 caminatis
1578 2242 1778 2275 Caietam

272 2338 276 2339 ν
303 2329 325 2350 n
346 2318 481 2349 articulo
504 2317 674 2348 undecimo
696 2316 838 2347 eiusdem
862 2315 1056 2357 quaestionis
1084 2315 1331 2355 octogesimaeo-

272 2330 420 2398 lctavae,
436 2362 621 2392 declaranda
637 2367 683 2391 est
696 2360 799 2391 littera
814 2367 972 2401 quantum
988 2360 1028 2390 ad
1043 2360 1111 2390 tria.
1128 2360 1273 2390 Primum
1286 2365 1332 2389 est

272 2407 362 2448 quod
385 2406 496 2446 opinio
520 2406 579 2437 ista
602 2405 641 2435 de
671 2404 971 2444 indispensabilitate
998 2404 1065 2434 voti
1088 2404 1239 2434 solemnis
1262 2403 1332 2433 reli-

271 2450 378 2492 gionis
399 2460 466 2480 non
489 2457 536 2481 est
557 2448 706 2480 Auctoris
729 2447 883 2484 absolute,
900 2448 955 2478 sed
978 2457 1053 2478 cum
1072 2447 1195 2478 duabus
1217 2447 1331 2477 limita-

271 2494 413 2526 donibus
427 2503 510 2535 quae
524 2493 680 2524 habentur
693 2492 727 2522 in
742 2492 852 2523 littera.
875 2492 979 2522 Prima
998 2491 1145 2522 limitatio
1169 2498 1232 2522 est:
1257 2491 1332 2531 quia

272 2538 446 2576 decretam,
469 2538 573 2574 Extra,
591 2537 630 2567 de
652 2537 746 2567 Statu
768 2536 932 2574 Monach„
958 2545 1025 2576 cap.
1054 2535 1134 2566 Cum
1158 2535 1200 2566 ad
1223 2544 1331 2565 mona-

270 2583 418 2620 sterium,
443 2582 536 2612 sentit
566 2581 637 2611 hoc.
669 2580 800 2611 Inchoat
821 2580 908 2610 enim
935 2580 979 2610 sic
1009 2582 1147 2610 Auctor:
1171 2579 1235 2610 Sed
1257 2580 1331 2619 quia

270 2626 442 2658 decretalis
465 2626 596 2656 inducta
619 2634 770 2665 expresse
791 2624 868 2655 dicit
888 2624 973 2664 quod
995 2633 1053 2654 nec
1075 2623 1228 2654 Summus
1249 2623 1332 2653 Pon-

272 2670 357 2712 tifex
366 2675 474 2711 potest
496 2674 608 2700 contra
632 2669 807 2700 custodiam
825 2669 980 2699 castitatis
1003 2667 1157 2698 monacho
1173 2668 1331 2697 licentiam

271 2714 363 2752 dare,
380 2714 450 2745 ideo
473 2721 531 2744 etc.
557 2713 700 2744 Secunda
722 2711 869 2743 limitatio
893 2719 940 2742 est
961 2712 1051 2754 quod
1081 2711 1240 2751 opinative
1266 2713 1333 2741 Au-

273 2765 343 2790 ctor
364 2758 427 2789 hoc
449 2757 552 2788 sentit.
585 2757 678 2788 Unde
700 2756 805 2787 statim
836 2756 958 2786 subdit:
982 2756 1060 2787 Ideo
1089 2756 1185 2786 aliter
1207 2755 1334 2785 videtur

272 2802 452 2834 dicendum.
480 2802 538 2832 Est
560 2801 655 2840 igitur
677 2800 736 2831 ista
760 2809 826 2831 non
858 2800 1029 2836 sententia,
1054 2799 1108 2829 sed
1131 2798 1242 2839 opinio
1265 2800 1333 2828 Au-

273 2846 378 2882 ctoris,
401 2851 558 2886 quatenus
581 2854 618 2875 ex
641 2844 787 2875 decretali
809 2844 975 2884 dependet.
1005 2843 1047 2873 Et
1068 2843 1236 2883 quoniam.
1251 2842 1332 2872 eius-

274 2890 348 2920 dem
371 2895 418 2920 est
439 2888 634 2929 interpretari
657 2897 814 2918 canonem
836 2887 926 2918 cuius
950 2893 996 2917 est
1019 2886 1154 2917 condere
1175 2886 1282 2922 illum,
1307 2886 1332 2916 si

273 2937 396 2965 Auctor
417 2932 546 2963 vidisset
567 2932 739 2963 Summum
761 2930 948 2962 Pontificem
971 2931 1143 2961 declarasse
1170 2931 1259 2970 quod
1283 2930 1333 2960 de-

274 2977 397 3009 cretalis
412 2977 467 3007 illa
480 2976 665 3016 intelligitur
686 2980 791 3006 stante
805 2975 1008 3012 monachatu,
1025 2974 1137 3014 procul
1153 2973 1250 3004 dubio
1267 2983 1333 3004 non

274 3021 463 3061 suscepisset
476 3030 560 3051 onus
582 3020 678 3051 huius
701 3019 862 3060 opinionis
878 3019 918 3049 ad
941 3018 1159 3049 defensionem
1178 3018 1264 3048 illius
1280 3018 1332 3048 de-

274 3065 395 3097 cretalis
409 3074 476 3096 non
489 3065 718 3105 interpretatae.
742 3063 875 3094 Videtur
889 3069 997 3093 autem
1012 3062 1129 3102 pluries
1152 3072 1170 3092 a
1183 3062 1332 3093 Romano

274 3109 426 3141 Pontifice
448 3109 649 3149 interpretata
671 3107 832 3138 decretalis
859 3107 912 3137 illa
934 3113 972 3138 ut
994 3106 1147 3143 diximus,
1169 3106 1248 3136 dum
1271 3106 1332 3136 dis·

273 3153 418 3195 pensavit
447 3163 520 3184 cum
543 3151 653 3183 multis
682 3151 835 3192 religiosis
858 3158 894 3183 ut
921 3150 1140 3182 contraherent
1169 3149 1332 3180 matrimo-

274 3197 384 3228 nium:
408 3203 445 3228 ut
460 3197 498 3227 de
521 3205 593 3236 rege
616 3199 803 3236 Aragonum
817 3196 928 3226 Petrus
951 3196 990 3225 de
1012 3195 1140 3231 Palude,
1164 3194 1196 3224 in
1219 3204 1334 3224 xxxvm

145 3254 152 3266 ¹
204 3255 210 3262 ·
243 3255 250 3265 ν
274 3241 476 3273 distinctione
489 3240 508 3260 *
530 3240 652 3278 Quarti,
669 3239 777 3276 refert;
802 3246 833 3270 et
848 3240 887 3270 de
911 3238 1097 3270 Constantia
1119 3238 1183 3269 filia
1206 3237 1333 3278 Rogerii

274 3286 369 3326 Regis
385 3294 547 3326 uxoreque
562 3284 691 3315 Henrici
705 3284 760 3320 vl,
775 3293 858 3325 quae
881 3290 946 3314 erat
960 3282 1205 3314 sanctimonialis
1228 3282 1260 3312 in
1276 3282 1332 3312 Pa-

274 3339 390 3361 normo
407 3336 438 3360 et
455 3329 520 3360 iam
535 3328 814 3369 quinquagenaria,
830 3333 867 3358 ut
888 3327 1036 3359 historiae
1055 3327 1193 3362 tradunt,
1209 3326 1333 3366 dispen-

274 3381 340 3405 sata
359 3384 377 3404 a
391 3373 477 3414 Papa
493 3372 654 3404 Celestino
670 3371 722 3408 111,
739 3381 821 3412 quae
844 3372 953 3411 genuit
974 3381 1012 3402 ex
1034 3371 1088 3402 tali
1110 3370 1259 3410 coniugio
1275 3370 1333 3401 Fe-

241 3430 248 3437 ·
275 3418 416 3449 dericum
439 3417 509 3448 11*.

224 3456 247 3469 ”
330 3462 513 3493 Secundum
542 3467 588 3491 est
617 3459 705 3501 quod
728 3469 794 3490 non
821 3459 955 3490 intendit
983 3461 1104 3490 Auctor
1133 3458 1223 3499 quod
1253 3457 1334 3488 sicut

275 3505 468 3537 consecratio
492 3504 611 3535 ordinis
634 3503 787 3544 imprimit
813 3503 1022 3534 characterem
1050 3501 1266 3538 indelebilem,
1290 3501 1332 3532 ita

417 3567 526 3591 Sauum
544 3565 645 3590 Tanos..
664 3565 695 3589 D.
705 3564 819 3589 'raonis
838 3563 869 3588 Τ,
885 3563 928 3588 VI.

1383 2314 1561 2345 benedictio
1585 2312 1755 2353 spiritualis
1778 2323 1842 2353 qua
1865 2313 2041 2343 monachus
2065 2312 2258 2343 benedicitur
2285 2313 2447 2354 imprimat

1385 2357 1752 2399 aliquamespiritualem
1782 2357 1920 2387 formam
1949 2356 2150 2387 indelebilem
2179 2357 2212 2387 in
2242 2357 2399 2397 religioso.
2424 2375 2445 2381 -

1383 2403 1450 2433 Nec
1474 2402 1567 2432 etiam
1591 2401 1726 2433 intendit
1740 2401 1830 2441 quod
1845 2407 2016 2441 postquam
2031 2401 2214 2431 benedictus
2231 2408 2285 2437 est,
2303 2412 2367 2432 non
2384 2411 2444 2441 po-

1384 2453 1444 2477 test
1467 2446 1567 2476 facere
1595 2446 1680 2485 Papa
1709 2445 1799 2485 quod
1821 2454 1887 2475 non
1910 2444 2004 2475 fuerit
2033 2444 2226 2476 benedictus.
2257 2446 2329 2476 Hoc
2360 2445 2445 2476 enim

1385 2500 1443 2520 nec
1466 2490 1589 2520 divinae
1621 2489 1785 2519 subiicitur
1807 2488 1970 2528 potestati,
1995 2489 2081 2519 iuxta
2107 2489 2282 2528 Agathonis
2306 2489 2444 2526 dictum,

1385 2535 1427 2565 VI
1443 2534 1547 2565 Ethic.
1562 2533 1595 2563 *:
1620 2533 1696 2574 quia
1719 2539 1766 2564 est
1780 2532 1976 2573 impossibile
1992 2533 2080 2573 quod
2096 2532 2165 2569 fuit,
2182 2540 2353 2574 postquam
2373 2533 2442 2570 fuit,

1385 2588 1452 2609 non
1475 2577 1581 2608 fuisse.
1598 2595 1620 2600 -
1636 2577 1697 2608 Sed
1719 2576 1855 2607 intendit
1876 2577 1965 2617 quod
1980 2577 2060 2607 sicut
2083 2587 2130 2607 res
2153 2587 2235 2617 quae
2251 2577 2446 2608 benedicitur

1385 2629 1422 2653 ut
1445 2622 1484 2652 sit
1507 2631 1602 2658 sacra,
1626 2621 1768 2662 quandiu
1791 2621 1867 2651 vivit
1890 2631 1945 2651 seu
1969 2628 2016 2652 est
2037 2621 2069 2651 in
2093 2631 2159 2650 esse
2182 2631 2252 2657 suo,
2269 2628 2446 2661 perseverat

1386 2676 1488 2702 sacra,
1512 2672 1548 2696 ut
1571 2672 1656 2706 patet
1679 2666 1716 2695 de
1741 2665 1851 2701 calice,
1877 2664 2048 2705 corporali,
2072 2665 2279 2704 paramentis,
2304 2672 2378 2701 etc.;
2402 2665 2445 2695 ita

1386 2711 1485 2741 homo
1509 2709 1565 2750 qui
1588 2709 1782 2740 benedicitur
1796 2715 1833 2739 ut
1854 2708 1895 2738 sit
1915 2708 2090 2748 religiosus,
2107 2709 2249 2749 quandiu
2272 2709 2357 2745 vivit,
2375 2719 2444 2749 per-

1386 2760 1506 2785 severat
1527 2753 1704 2793 religiosus.
1727 2753 1768 2783 Et
1790 2753 1843 2789 sic,
1861 2752 1942 2782 sicut
1964 2762 2029 2782 non
2053 2758 2158 2792 potest
2173 2753 2312 2783 humana
2336 2759 2444 2783 aucto-

1385 2798 1474 2828 ritate
1495 2796 1563 2828 fieri
1588 2804 1623 2828 ut
1645 2797 1685 2827 sit
1706 2807 1755 2827 res
1770 2796 1824 2826 illa
1846 2805 1912 2826 non
1935 2805 2030 2832 sacra,
2047 2796 2089 2826 ita
2105 2806 2171 2826 non
2195 2802 2299 2836 potest
2320 2795 2386 2826 fieri
2409 2803 2444 2826 ut

1385 2842 1485 2872 homo
1508 2841 1566 2872 iste
1589 2841 1629 2872 sit
1651 2850 1717 2871 non
1740 2840 1914 2879 religiosus.
1939 2839 1998 2869 Iste
2022 2846 2068 2870 est
2091 2840 2203 2879 planus
2231 2850 2340 2870 sensus
2363 2840 2443 2870 litte-

1385 2895 1446 2922 rae,
1467 2885 1644 2915 secundum
1659 2894 1756 2925 quem
1779 2893 1846 2914 non
1869 2889 1996 2923 oportet
2010 2882 2127 2923 fingere
2150 2883 2290 2924 aliquam
2306 2883 2443 2914 formam

1385 2929 1586 2960 indelebilem
1608 2928 1640 2958 in
1663 2928 1831 2968 religioso,
1855 2927 1936 2958 sicut
1958 2927 2063 2958 necin
2086 2927 2277 2968 paramentis
2300 2928 2442 2961 sacerdo-

1385 2973 1501 3004 talibus
1526 2973 1557 3003 et
1579 2972 1648 3002 aliis
1670 2971 1865 3002 huiusmodi.

1440 3017 1586 3047 Tertium
1609 3023 1656 3046 est
1685 3016 1774 3056 quod
1797 3015 1868 3046 licet
1890 3014 2029 3045 Ecclesia
2058 3014 2158 3055 possit
2181 3015 2268 3046 aliter
2297 3015 2444 3045 solemni—

1385 3070 1455 3091 zare
1479 3067 1554 3091 vota
1576 3070 1675 3101 quam
1697 3069 1754 3100 per
1774 3069 1899 3090 sacrum
1921 3058 2066 3090 ordinem
2081 3065 2111 3089 et
2135 3058 2293 3098 religionis
2314 3066 2441 3095 statum,

1386 3104 1460 3146 quia
1483 3111 1590 3135 tamen
1613 3105 1651 3135 de
1674 3103 1757 3135 facto
1782 3113 1847 3134 non
1871 3103 1930 3134 nisi
1953 3102 2164 3133 mediantibus
2193 3102 2242 3132 his
2264 3109 2338 3133 vota
2361 3103 2442 3133 sole-

1385 3149 1516 3179 mnizari
1540 3148 1656 3185 statuit,
1681 3147 1754 3178 ideo
1775 3154 1889 3178 votum
1913 3147 2123 3178 continentiae
2146 3156 2202 3187 per
2224 3146 2301 3176 sacri
2324 3147 2442 3176 ordinis

1386 3193 1622 3233 susceptionem
1644 3191 1843 3222 solemnizari
1865 3191 1979 3222 dicitur
2001 3191 2040 3221 ad
2056 3191 2189 3230 gradum
2212 3190 2289 3220 sacri
2313 3190 2440 3226 ordinis,

1386 3243 1416 3268 et
1439 3236 1582 3267 similiter
1603 3242 1677 3267 vota
1700 3235 1859 3276 religionis
1887 3235 1927 3265 ad
1950 3241 2067 3266 statum
2089 3234 2264 3274 religionis,
2289 3240 2442 3274 tanquam

1385 3281 1456 3312 finis
1479 3287 1574 3322 atque
1601 3280 1681 3311 ratio
1711 3279 1979 3310 solemnizationis
2011 3278 2095 3308 illius
2118 3278 2157 3308 sit
2185 3278 2299 3317 gradus
2323 3278 2442 3308 ordinis

1387 3325 1474 3362 sacri,
1491 3331 1523 3356 et
1544 3325 1679 3356 istorum
1702 3330 1800 3355 status
1824 3322 1997 3363 religiosus.
2021 3322 2062 3352 Et
2083 3328 2248 3362 propterea
2270 3323 2391 3352 Auctor
2406 3332 2442 3352 ex

1387 3369 1583 3401 connexione
1603 3369 1642 3399 ad
1664 3367 1849 3398 huiusmodi
1867 3366 1945 3396 fines
1968 3365 2139 3406 dispensari
2155 3366 2204 3395 vel
2226 3375 2292 3395 non
2315 3365 2441 3405 dispen-

1387 3413 1446 3444 sari
1465 3423 1559 3454 posse
1582 3413 1710 3443 deducit
1723 3412 1756 3442 in
1779 3411 1879 3442 littera
1895 3416 2008 3440 votum
2031 3409 2173 3440 solemne
2189 3409 2407 3440 continentiae.
2421 3427 2441 3432 -

1387 3458 1474 3489 Haec
1498 3457 1605 3497 quoad
1629 3455 1857 3496 expositionem
1879 3454 2008 3484 litterae.

1443 3501 1480 3531 11.
1499 3500 1590 3532 Circa
1613 3500 1767 3531 rationem
1789 3499 1822 3529 in
1845 3498 1945 3529 littera
1960 3497 2113 3528 redditam
2136 3506 2232 3538 quare
2255 3503 2367 3528 votum
2388 3507 2440 3527 so-

2269 3557 2301 3589 34

2474 1675 2482 1684 ·
2497 1675 2552 1702 Arg.
2562 1674 2611 1696 Sed
2619 1676 2679 1696 cont.

2474 1882 2483 1890 ¹
2499 1881 2555 1908 Cap.
2570 1887 2620 1903 vm.

2472 2537 2530 2586 §.93¹
2543 2552 2553 2585 .“
2563 2537 2660 2586 {za-5³:⁵5
2669 2549 2681 2554 '
