2860 4244
191 605 199 614 ⁸
206 605 253 631 Qu.
261 608 372 631 xrnnnrt.
378 610 398 625 2.

257 1238 307 1258 .x1,
318 1238 340 1253 n.

275 1248 325 1280 1801.
337 1264 393 1279 xvn.

186 1286 209 1333 ‘s
206 1285 262 1332 ‘³1ss
273 1291 329 1333 ἶεὲἶ
343 1291 394 1333 2⁷:

186 1233 208 1280 ’5
206 1258 261 1306 CT
352 1238 394 1259 7·-
421 1228 632 1265 secundum
659 1228 948 1277 Philosophum,
978 1227 1016 1264 in
1034 1226 1069 1262 V
1086 1227 1205 1263 Ethic.
1227 1225 1266 1263 *ε
1296 1228 1399 1264 unde
1423 1228 1477 1264 iu—

185 1606 192 1615 ·
208 1604 235 1625 D.
252 1610 299 1626 1211.

184 1765 264 1792 ’Cap.
280 1772 312 1787 111.
324 1766 393 1787 -Α11-

184 1793 268 1818 gustin.

183 1819 235 1867 a;E
252 1820 289 1839 ist
300 1818 393 1845 XLvn

187 3224 196 3233 ⁸
205 3222 225 3244 O
244 3228 292 3244 use.
303 3222 395 3249 van,

188 3275 222 3296 <m
247 3249 395 3296 ’1111513

187 3291 248 3323 lnt'er
254 3301 316 3329 opp.
323 3301 346 3323 S.
367 3290 386 3322 'h

434 310 502 346 166

481 400 515 424 2.
528 388 757 433 PRAETEREA,
774 397 843 434 pro
860 385 962 420 nullo
980 382 1186 419 commodo
1201 379 1401 428 temporali
1417 380 1480 416 de-

427 442 489 477 bet
515 439 646 487 aliquis
675 438 778 474 alteri
798 447 1080 485 quamcumque
1101 433 1343 470 occasionem
1371 444 1480 480 prae-

427 495 515 529 bere
543 491 745 540 peccandi:

784 491 858 526 hoc
888 489 988 525 enirn
1025 487 1184 535 pertinet
1216 485 1263 522 ad
1293 484 1479 521 rationem
1534 485 1676 520 usuris:

1054 302 1319 351 QUAESTIO
1349 302 1559 348 LXXVIII,
1588 301 1884 338 ARTICULUS
1914 301 1964 337 lV

1589 381 1642 415 Ita
1663 379 1776 416 etiam
1797 379 1835 416 in
1850 378 2048 427 proposito
2066 378 2270 415 dicendum
2291 386 2345 415 est
2365 378 2469 427 quod
2489 380 2592 416 nullo

1534 432 1653 468 modo
1678 431 1762 468 licet
1782 432 1961 468 inducere
1991 431 2156 479 aliquem
2177 431 2226 467 ad
2246 432 2501 468 mutuandum
2522 434 2592 469 sub

1714 484 1800 521 licet
1827 492 1956 522 tamen
1993 484 2041 520 ab
2071 496 2117 520 eo
2148 484 2211 532 qui
2248 484 2323 520 hoc
2356 492 2510 543 paratus
2539 494 2594 522 est

427 545 591 582 scandali
625 543 754 589 activi,
786 542 889 589 quod
928 552 1080 588 semper
1108 547 1163 575 est
1189 546 1410 596 peccatum,
1439 546 1480 574 ut
1531 536 1656 573 facere
1685 544 1722 573 et
1748 549 1882 574 usuras
1912 544 2079 583 exercet,
2109 544 2285 573 mutuum
2317 537 2488 585 accipere
2522 540 2592 575 sub

426 609 538 645 supra
556 596 576 618 '¹‘
604 597 743 633 dictum
774 602 838 630 est.
883 593 959 629 Sed
994 593 1052 628 ille
1082 591 1145 640 qui
1182 590 1274 639 petit
1302 598 1478 627 mutuum

426 651 473 686 ab
493 649 661 686 usurario
684 659 857 695 expresse
878 646 941 682 dat
961 645 992 680 ei
1014 644 1256 681 occasionem
1282 644 1477 691 peccandi.
1505 688 1507 701 Ι

426 704 526 749 Ergo
555 713 624 749 pro
657 701 758 736 nullo
789 698 996 735 commodo
1034 697 1234 745 temporali
1267 704 1506 758 811011531111.4

480 755 512 790 3.
529 755 759 799 PRAETEREA,
776 764 852 788 non
872 751 996 788 minor
1011 749 1162 786 videtur
1177 761 1259 786 esse
1276 750 1478 787 necessitas
1504 764 1506 789 ¹,

426 806 655 854 quandoque
676 804 892 853 deponendi
912 803 1114 852 pecuniam
1140 814 1250 839 suam
1269 803 1372 851 apud
1391 817 1478 840 usu-

424 859 563 895 rarium
593 870 708 906 quam
746 865 922 894 mutuum
951 855 1160 904 accipiendi
1189 855 1236 892 ab
1265 855 1362 904 ipso,
1402 858 1475 894 Sed

424 912 615 959 deponere
633 910 836 959 pecuniam
863 910 963 958 apud
992 908 1206 945 usurarium
1227 908 1378 946 videtur
1397 922 1477 947 esse
1504 943 1505 953 ,

423 964 579 1000 0111111110
609 963 794 1000 111101111111;
831 962 926 999 510111
952 961 1120 998 illicitum
1159 969 1258 998 esset
1286 961 1477 1011 deponere

422 1017 589 1064 gladium
618 1017 719 1065 apud
756 1015 962 1061 furiosum,
992 1015 1053 1051 vel
1086 1013 1274 1062 virginem
1304 1016 1478 1053 commit-

421 1077 498 1106 tere
526 1069 739 1112 luxurioso‚
770 1081 837 1105 seu
866 1069 992 1105 cibum
1027 1068 1173 1115 guloso.
1217 1068 1318 1114 Ergo
1353 1081 1477 1118 neque
1504 1094 1505 1106 1

420 1122 562 1159 1101111111
592 1129 647 1158 851
674 1122 844 1170 accipere
872 1128 1049 1159 mutuum
1077 1121 1125 1157 ab
1154 1121 1338 1158 usurario.

476 1176 549 1212 SED
565 1186 720 1220 CONTRA,
739 1175 796 1211 ille
813 1175 877 1224 qui
896 1173 1069 1211 iniuriam
1089 1172 1226 1222 patitur
1240 1186 1318 1210 non
1333 1183 1477 1222 peccat,

421 1281 516 1318 stitia
544 1294 621 1318 non
647 1290 702 1319 est
726 1281 853 1318 media
880 1281 974 1318 inter
1002 1281 1078 1318 duo
1105 1279 1207 1326 vitia,
1230 1287 1270 1316 ut
1296 1279 1439 1318 ibidem
1459 1281 1479 1303 *

422 1334 566 1371 dicitur.
588 1334 664 1371 Sed
682 1334 874 1371 usurarius
888 1341 1021 1382 peccat
1039 1333 1262 1382 inquantum
1282 1333 1369 1369 facit
1383 1334 1478 1371 iniu-

420 1387 557 1424 stitiam
586 1387 780 1436 accipienti
809 1394 984 1424 mutuum
1015 1386 1084 1422 sub
1114 1385 1249 1422 usuris.
1280 1386 1382 1433 Ergo
1415 1387 1477 1424 ille

421 1441 485 1488 qui
515 1441 648 1489 accipit
676 1449 850 1478 mutuum
881 1441 951 1477 sub
979 1439 1102 1476 usuris
1131 1451 1210 1476 non
1237 1448 1406 1487 peccat..

473 1494 697 1531 RESPONDEO
725 1505 907 1532 DICENDUM
937 1493 1042 1542 quod
1071 1492 1250 1530 inducere
1276 1492 1475 1530 hominem

420 1545 468 1582 ad
496 1547 733 1594 peccandum
753 1547 854 1584 nullo
876 1546 994 1584 modo
1021 1545 1127 1593 licet,
1157 1545 1210 1582 uti
1237 1553 1366 1583 tamen
1389 1558 1477 1594 pec-

421 1606 503 1634 cato
541 1600 691 1637 alterius
729 1601 777 1637 ad
805 1602 953 1638 bonum
990 1599 1132 1636 licitum
1163 1605 1218 1635 est
1236 1599 1273 1634 *ε
1318 1599 1406 1648 quia
1443 1604 1478 1636 et

419 1652 524 1688 Deus
544 1654 659 1690 utitur
678 1653 858 1690 omnibus
878 1652 1041 1701 peccatis
1060 1652 1108 1690 ad
1135 1651 1289 1700 aliquod
1318 1653 1476 1698 bonum,

421 1717 465 1741 ex
494 1706 663 1754 quolibet
691 1706 793 1743 enim
822 1707 925 1743 malo
952 1705 1048 1743 elicit
1075 1704 1230 1754 aliquod
1258 1705 1418 1752 bonum,
1438 1713 1479 1742 ut

421 1757 554 1796 dicitur
572 1759 611 1796 in
629 1759 847 1796 Enchiridio
866 1759 897 1796 *.
922 1760 970 1796 Ε1
989 1758 1076 1796 ideo
1096 1757 1328 1806 Augustinus
1342 1758 1384 1780 *²*
1404 1759 1477 1795 Pu-

421 1810 579 1848 blicolae
618 1812 812 1860 quaerenti
846 1819 974 1849 utrum
1012 1811 1140 1848 liceret
1176 1811 1230 1847 uti
1265 1811 1476 1848 iuramento
1504 1821 1506 1827 ’

422 1864 501 1901 81115
530 1865 592 1913 qui
622 1878 690 1914 per
717 1866 830 1902 falsos
851 1865 944 1902 deos
971 1865 1080 1907 iurat,
1110 1865 1148 1901 in
1171 1876 1249 1912 quo
1279 1864 1477 1901 manifeste
1504 1885 1505 1888 =

419 1925 552 1966 peccat
590 1918 642 1955 eis
677 1918 927 1955 reverentiam
968 1917 1137 1955 divinam
1177 1916 1383 1964 adhibens,
1421 1930 1477 1954 re—

421 1970 574 2018 spondit
601 1971 704 2019 quod
729 1972 793 2019 qui
821 1971 934 2007 utitur
949 1971 1033 2018 fide
1057 1970 1153 2007 illius
1181 1970 1246 2018 qui
1265 1981 1338 2017 per
1353 1970 1478 2018 falsos

420 2024 506 2060 deos
534 2024 652 2069 iurat,
685 2036 758 2060 non
787 2024 838 2060 ad
863 2023 1006 2060 malum
1044 2023 1110 2060 sed
1136 2023 1187 2059 ad
1212 2023 1371 2069 bonum,
1401 2035 1476 2060 non
1504 2029 1505 2064 j

414 2082 570 2124 peccato
590 2077 687 2113 illius
711 2088 751 2113 se
767 2077 896 2121 sociat,
917 2088 989 2124 quo
1012 2087 1085 2124 per
1103 2076 1303 2113 daemonia
1327 2076 1477 2122 iuravit,
1504 2084 1505 2103 1

418 2130 484 2166 sed
494 2135 608 2177 pacto
629 2130 725 2166 hono
745 2129 834 2174 eius,
855 2141 928 2177 quo
935 2129 1058 2176 fidem
1077 2129 1251 2166 servavit.
1283 2128 1323 2165 Si
1348 2136 1476 2166 tamen
1504 2146 1505 2160 1

419 2182 614 2219 induceret
634 2194 722 2218 eum
743 2182 790 2219 ad
811 2182 1015 2219 iurandum
1043 2194 1112 2230 per
1131 2182 1244 2218 falsos
1264 2181 1370 2228 deos,
1390 2194 1478 2230 pec·
1503 2203 1505 2230 J

421 2243 532 2272 caret.

472 2347 498 2378 α)
523 2346 646 2370 habemus
669 2332 831 2371 thesaurum.
849 2360 867 2365 —
892 2347 1044 2371 thesaurum
1069 2347 1194 2372 habemus
1217 2347 1258 2371 ed.
1286 2354 1311 2377 a,
1337 2347 1476 2372 thesauros

421 2382 545 2407 habemus
565 2381 594 2406 Ρ.

474 2415 499 2449 β)
518 2416 644 2448 acceptio.
657 2430 675 2435 -
694 2417 800 2441 exactio
819 2417 851 2441 D.

1533 589 1675 636 usuris,
1703 598 1860 639 propter
1887 589 2043 650 aliquod
2080 589 2248 636 bonum,
2278 590 2384 637 quod
2414 597 2470 627 est
2505 592 2593 628 sub-

1532 642 1661 678 ventio
1691 654 1782 678 suae
1811 643 2042 680 necessitatis
2062 643 2125 679 vel
2154 642 2315 680 alterius.
2346 642 2451 679 Sicut
2479 643 2592 680 etiam

1531 695 1616 731 licet
1645 695 1678 731 ei
1707 695 1773 742 qui
1801 695 1930 733 incidit
1955 695 1995 732 in
2022 697 2187 733 latrones
2221 695 2462 733 manifestare
2491 696 2593 734 bona

1532 760 1631 795 quae
1655 748 1780 794 habet,
1802 760 1900 796 quae
1929 749 2093 786 latrones
2114 748 2322 798 diripiendo
2351 756 2523 798 peccant,
2543 749 2593 787 ad

1504 807 1506 809 '
1530 802 1606 838 hoc
1633 800 1738 849 quod
1767 813 1846 837 non
1874 801 2097 838 occidatur:
2123 802 2300 850 exemplo
2324 802 2466 839 decem
2492 802 2594 840 viro-

1532 866 1617 890 rum
1637 854 1702 901 qui
1724 853 1898 890 dixerunt
1925 853 1972 890 ad
1993 854 2170 902 Ismahel,
2197 855 2292 893 Noli
2314 856 2483 895 occidere
2507 867 2593 893 nos:

1531 907 1619 956 quia
1646 907 1826 943 habemus
1853 907 2069 943 thesaurum
2091 912 2107 928 α
2126 908 2164 944 in
2183 919 2295 957 agro,
2314 916 2356 945 ut
2375 908 2511 946 dicitur
2538 910 2592 946 Ie-

1504 970 1505 974 ’
1530 972 1623 997 18111.
1652 959 1760 996 XL1*.

1583 1015 1642 1050 Ao
1664 1024 1801 1049 ramum
1827 1023 1925 1048 ERGO
1952 1022 2137 1048 DICENDUM
2158 1013 2264 1060 quod
2287 1012 2348 1049 1118
2368 1014 2432 1061 qui
2457 1014 2595 1063 accipit

1529 1066 1734 1115 pecuniam
1755 1072 1890 1101 mutuo
1911 1065 1982 1101 sub
2001 1063 2124 1101 usuris
2145 1077 2224 1102 non
2244 1065 2430 1103 consentit
2447 1066 2486 1104 in
2503 1079 2593 1116 pec—

1531 1127 1657 1156 catum
1686 1118 1857 1164 usurarii,
1888 1117 1957 1154 sed
1976 1118 2090 1154 utitur
2110 1130 2168 1154 eo.
2199 1118 2283 1154 Nec.
2301 1119 2426 1167 placet
2453 1119 2489 1156 ei
2505 1132 2594 1157 usu-

1530 1184 1659 1209 rarum
1689 1171 1858 1220 acceptio
1880 1169 1906 1218 β,
1936 1170 2003 1208 sed
2031 1170 2236 1218 mutuatio,
2266 1183 2364 1220 quae
2394 1179 2450 1209 est
2478 1173 2592 1211 bona.

1584 1227 1643 1261 An
1681 1236 1871 1262 SECUNDUM
1908 1235 2093 1261 111οΕ111)οΜ
2128 1224 2235 1272 quod
2262 1223 2323 1262 ille
2359 1225 2425 1273 qui
2459 1226 2595 1275 accipit

1504 1278 1734 1336 {pecuniam
1772 1285 1908 1314 mutuo
1945 1277 2016 1314 sub
2054 1277 2177 1314 usuris
2214 1288 2293 1314 non
2323 1277 2386 1315 dat
2419 1279 2593 1318 usurario

1531 1330 1774 1368 occasionem
1795 1342 1929 1367 usuras
1949 1325 2169 1379 accipiendi,
2185 1329 2252 1367 sed
2271 1330 2492 1374 mutuandi:
2512 1331 2593 1382 ipse

1531 1391 1660 1421 autem
1688 1383 1881 1420 usurarius
1910 1382 2026 1420 sumit
2053 1382 2297 1420 occasionem
2332 1385 2519 1433 peccandi
2548 1398 2594 1424 ex

1531 1436 1671 1474 malitia
1692 1436 1816 1474 cordis
1842 1435 1911 1473 sui.
1942 1435 2054 1472 Unde
2073 1436 2297 1474 scandalum
2320 1438 2518 1486 passivum
2539 1446 2595 1476 est

1531 1503 1576 1528 ex
1603 1497 1711 1550 parte
1739 1501 1827 1526 sua:
1857 1500 1936 1526 non
1964 1496 2092 1525 autem
2125 1488 2294 1526 activum
2323 1502 2368 1527 ex
2394 1497 2500 1539 parte
2527 1503 2594 1541 pe-

1504 1573 1505 1577 ,
1530 1544 1641 1581 tentis
1678 1550 1866 1580 mutuum.
1910 1542 1994 1579 Nec
2021 1549 2152 1578 tamen
2178 1549 2336 1591 propter
2370 1543 2594 1587 huiusmodi

1531 1596 1755 1634 scandalum
1786 1596 1984 1644 passivum
2014 1595 2127 1632 debet
2155 1594 2250 1632 alius
2269 1600 2284 1623 'f
2312 1608 2336 1632 a
2364 1604 2500 1634 mutuo
2526 1609 2595 1646 pe-

1531 1650 1648 1687 tendo
1677 1649 1869 1694 desistere,
1895 1649 1925 1685 si
1945 1647 2130 1696 indigeat:
2159 1648 2249 1696 quia
2264 1649 2491 1690 ,huiusmodi
2507 1662 2594 1699 pas.-

1531 1705 1658 1740 sivum
1686 1703 1910 1740 scandalum
1930 1713 2009 1738 non
2027 1701 2205 1749 provenit
2230 1714 2274 1738 ex
2293 1702 2512 1741 infirmitate
2530 1704 2594 1744 viel

1531 1755 1754 1804 ignorantia,
1783 1755 1850 1791 sed
1880 1766 1925 1791 ex
1954 1754 2107 1791 malitia.
2181 1761 2185 1765 ’

1584 1811 1643 1846 Α1)
1658 1819 1818 1845 TERTIUM
1844 1819 2028 1845 meramnum
2049 1806 2154 1856 quod
2181 1806 2212 1844 si
2231 1807 2316 1856 quis
2339 1809 2595 1851 committeret

1533 1861 1736 1911 pecuniam
1764 1873 1875 1898 suam
1903 1860 2075 1898 usurario
2096 1872 2174 1897 non
2193 1860 2350 1898 habenti
2377 1861 2471 1901 alias
2488 1860 2593 1907 unde

1531 1927 1665 1952 usuras
1685 1921 1894 1959 exerceret;
1924 1914 1986 1950 vel
2007 1913 2080 1950 hac
2103 1913 2312 1950 intentione
2339 1915 2594 1958 committeret

1529 1976 1570 2005 ut
1602 1968 1690 2005 inde
1720 1966 1912 2015 copiosius
1940 1978 2009 2016 per
2035 1978 2192 2003 usuram
2220 1967 2449 2013 lucraretur3
2485 1967 2594 2009 daret

1529 2021 1730 2058 materiam
1749 2017 1964 2069 peccanti.
1995 2019 2106 2057 Unde
2127 2026 2163 2056 et
2181 2019 2262 2068 ipse
2284 2026 2383 2056 esset
2403 2020 2594 2070 particeps

1532 2075 1677 2123 culpae.
1708 2072 1748 2110 Si
1775 2080 1903 2110 autern
1933 2072 2067 2121 aliquis
2085 2077 2098 2093 ⁸
2126 2072 2300 2111 usurario
2320 2072 2411 2110 alias
2438 2073 2594 2122 habenti

1531 2127 1633 2164 unde
1652 2138 1787 2164 usuras
1808 2133 1992 2174 exerceat,
2012 2125 2217 2175 pecuniam
2245 2138 2356 2163 suam
2382 2126 2595 2165 committat

1531 2188 1573 2217 ut
1599 2180 1715 2217 tutius
1734 2187 1916 2226 servetur,
1946 2191 2024 2216 non
2043 2186 2187 2227 peccat,
2208 2179 2277 2216 sed
2302 2179 2418 2217 utitur
2435 2179 2594 2225 homine

1504 2274 1505 2277 Ἰ
1531 2240 1732 2282 peccatore
1761 2232 1810 2269 ad
1838 2233 1998 2269 bonum.

1583 2347 1609 2379 γ)
1629 2346 1738 2370 alius.-
1756 2345 1852 2377 aliquis
1873 2345 1903 2369 D.

1583 2380 1607 2413 ὃ)
1624 2381 1787 2413 peccantf.-
1768 2379 1933 2412 -peccandi
1952 2379 2124 2405 PDEGHKL.

1582 2417 1604 2448 ε)
1623 2417 1761 2449 aliquis.-—
1777 2416 1839 2441 Om.
1854 2416 1889 2446 C;
1908 2423 1955 2448 pro
1967 2415 2118 2447 pecuniam,
2132 2414 2230 2448 aliquis
2241 2415 2383 2446 pecuniam
2397 2415 2595 2443 Auem-mu.

1084 2485 1419 2519 Commentaria
1442 2486 1695 2520 Cardinalis
1717 2485 1922 2519 Caietam

449 2567 469 2587 N
485 2557 616 2587 articulo
633 2563 745 2597 quarto
766 2556 908 2586 eiusdem
927 2556 1122 2596 quaestionis
1142 2557 1477 2597 septuagesimaeocta-

423 2569 516 2636 Ivae,
541 2609 616 2631 nota
640 2600 801 2640 diligenter
824 2600 891 2631 tria.
923 2601 1040 2636 Primo,
1062 2601 1151 2641 quod
1177 2601 1251 2641 quia
1275 2601 1320 2632 uti
1347 2608 1476 2641 peccato

420 2645 545 2675 alterius
574 2645 612 2674 ad
637 2645 758 2674 bonum
782 2655 877 2675 suum
900 2645 949 2674 vel
973 2644 1101 2675 alterius
1130 2654 1196 2675 non
1220 2651 1266 2676 est
1292 2652 1476 2685 peccatum,

420 2689 491 2718 ideo
515 2689 540 2718 si
564 2689 634 2729 quis
658 2690 775 2729 absque
791 2689 984 2725 necessitate,
1006 2699 1063 2729 pro
1080 2689 1214 2720 utilitate
1233 2696 1339 2720 tamen
1356 2699 1413 2720 sua
1428 2690 1478 2719 vel

420 2732 564 2768 alterius,
590 2740 696 2763 utatur
718 2740 847 2772 peccato
871 2733 1014 2769 alterius,
1039 2743 1057 2763 a
1084 2740 1214 2773 peccato
1238 2733 1391 2764 immunis
1415 2740 1476 2764 est:

420 2786 494 2807 cum
509 2778 631 2807 bonum
646 2777 722 2807 utile
738 2778 902 2818 quoddam
918 2778 1041 2807 bonum
1061 2778 1111 2808 sit.
1135 2778 1176 2808 Et
1199 2777 1342 2808 similiter
1361 2778 1386 2807 si
1406 2778 1478 2818 quis

420 2827 547 2861 propter
570 2822 693 2851 bonum
709 2821 889 2852 delectabile
905 2828 1011 2852 utatur
1026 2821 1153 2852 alterius
1168 2829 1308 2862 peccato,
1333 2822 1478 2862 quamvis

419 2865 581 2896 venialiter
596 2872 703 2906 peccet
720 2866 743 2895 si
759 2865 942 2896 delectabile
961 2865 1082 2896 veniale
1099 2873 1154 2902 est,
1168 2876 1233 2896 non
1250 2873 1355 2896 tamen
1370 2873 1478 2906 peccat

421 2909 602 2940 mortaliter.
626 2910 666 2940 Et
689 2916 854 2949 propterea
878 2920 943 2940 non
967 2916 1094 2950 oportet
1116 2917 1256 2950 petentes
1273 2917 1424 2941 mutuum
1439 2911 1477 2940 ab

420 2953 561 2983 usurario
589 2960 697 2994 parato
724 2954 818 2984 nimis
835 2964 943 2994 urgere
970 2954 1003 2984 in
1030 2954 1256 2985 conscientiam
1279 2961 1398 2996 quanta
1423 2962 1478 2986 aut

421 2997 505 3037 quali
530 2998 710 3027 necessitate
734 2998 846 3028 ductus
870 2998 931 3029 hoc
955 2997 1098 3029 fecerint:
1126 2999 1280 3039 quoniam
1304 3005 1411 3029 actum
1439 3000 1477 3029 de

421 3050 533 3080 genere
556 3051 614 3071 suo
631 3051 696 3071 non
713 3042 835 3071 malum
859 3042 988 3077 faciunt,
1006 3052 1041 3073 ac
1057 3052 1112 3082 per
1131 3043 1203 3081 hoc,
1221 3043 1280 3072 nisi
1303 3053 1338 3072 ex
1360 3042 1422 3073 fine
1438 3043 1478 3074 sit

422 3084 564 3119 mortale,
582 3092 636 3115 aut
658 3085 783 3115 nullum
807 3093 861 3115 aut
876 3086 996 3116 veniale
1020 3093 1185 3125 peccatum
1210 3094 1270 3122 est;
1296 3087 1431 3123 nullum,
1453 3088 1478 3117 si

422 3138 458 3157 ex
474 3128 655 3158 necessitate
672 3135 726 3158 aut
741 3129 868 3168 pietate;
893 3129 1014 3159 veniale
1035 3137 1151 3166 autem,
1169 3131 1194 3160 si
1211 3130 1277 3160 sine
1300 3130 1478 3162 rationabili

423 3181 524 3207 causa,
537 3172 616 3202 sicut
632 3172 723 3202 ceteri
742 3179 828 3202 actus
842 3172 1067 3203 irrationabiles
1080 3181 1109 3203 et
1125 3174 1271 3204 damnosi
1285 3173 1344 3204 sibi
1358 3174 1444 3215 ipsis,
1459 3193 1478 3198 -

421 3216 486 3246 Nec
503 3216 605 3246 obstat
621 3216 708 3256 quod
726 3218 856 3251 Auctor,
877 3217 1098 3256 respondendo
1115 3217 1239 3247 Lectori
1255 3218 1440 3248 Florentino
1450 3218 1479 3254 *,

423 3259 531 3290 dixerit
554 3260 642 3300 quod
665 3267 793 3300 propter
809 3260 943 3290 maiores
967 3260 1196 3300 negotiationes
1213 3261 1398 3292 exercendas
1413 3271 1479 3292 non

389 3316 394 3323 ·
423 3310 586 3334 excusatur
603 3303 673 3344 quis
688 3314 705 3334 a
721 3311 850 3344 peccato
868 3304 994 3343 petendi
1011 3310 1160 3334 mutuum
1178 3305 1235 3334 sub
1253 3305 1365 3335 usuris.
1391 3305 1480 3342 Quo-

423 3347 508 3377 niam
532 3347 593 3378 hoc
615 3347 853 3387 intelligendum
871 3355 916 3378 est
939 3348 977 3378 de
996 3355 1124 3387 peccato
1140 3348 1264 3385 veniali,
1280 3349 1409 3389 quando
1426 3359 1479 3379 ne-

423 3391 608 3430 gotiationes
632 3392 766 3422 tendunt
788 3392 827 3421 ad
851 3391 925 3422 utile
949 3391 1043 3421 nimis
1059 3392 1238 3422 abundans:
1265 3403 1339 3422 nam
1363 3392 1388 3422 si
1411 3399 1477 3423 ten-

424 3435 531 3465 derent
555 3436 593 3465 ad
613 3435 688 3465 utile
707 3435 917 3466 necessarium
937 3435 1047 3466 domui
1064 3446 1148 3472 suae,
1170 3436 1295 3466 nullum
1314 3443 1479 3476 peccatum

425 3486 513 3509 esset.

480 3523 517 3553 II.
541 3522 705 3558 Secundo,
730 3523 819 3562 quod
842 3523 917 3563 quia
940 3523 1088 3554 inducere
1117 3524 1156 3553 ad
1180 3523 1376 3562 peccandum
1400 3524 1479 3554 nulli

424 3565 509 3601 licet;
535 3573 564 3596 et
587 3566 700 3606 petitor
723 3566 841 3607 aliquid
864 3567 942 3606 petit
965 3567 1003 3597 ad
1028 3567 1115 3607 quod
1139 3567 1253 3597 directe
1275 3567 1365 3597 illum
1386 3567 1479 3598 indu-

425 3609 478 3641 cit:
504 3609 576 3639 ideo
594 3617 718 3649 oportet
738 3618 865 3640 cautum
881 3621 946 3641 esse
966 3611 997 3640 in
1015 3610 1164 3641 omnibus
1181 3611 1317 3641 materiis
1334 3611 1477 3642 ubicum-

1529 2567 1591 2597 que
1615 2557 1717 2597 agitur
1744 2557 1782 2586 de
1806 2566 1867 2586 usu
1899 2555 2018 2596 peccati
2047 2554 2190 2590 alterius,
2215 2561 2269 2590 ut,
2292 2555 2458 2596 petendo„
2473 2555 2595 2597 aliquid

1527 2601 1651 2632 licitum
1668 2607 1802 2641 petatur.
1826 2600 1921 2631 Verbi
1937 2599 2046 2640 gratia,
2063 2598 2095 2628 in
2110 2598 2279 2638 proposito
2298 2599 2416 2639 petitur
2431 2606 2593 2637 mutuum,

1529 2655 1595 2675 non
1619 2645 1759 2685 acceptio
1784 2653 1916 2680 usurae;
1947 2644 1980 2673 in
2004 2651 2114 2683 treuga
2136 2643 2187 2673 vel
2209 2652 2287 2683 pace
2315 2653 2390 2674 cum
2412 2643 2594 2675 infidelibus

1529 2689 1646 2729 petitur
1669 2688 1801 2719 fidelitas
1824 2695 2002 2729 pactorum,
2028 2697 2094 2718 non
2118 2687 2224 2717 divina
2248 2687 2378 2724 iniuria;
2406 2687 2439 2718 in
2463 2688 2595 2719 manife-

1529 2733 1663 2764 statione
1686 2743 1793 2764 rerum
1816 2742 1947 2763 suarum
1970 2731 2146 2762 latronibus
2169 2731 2287 2772 petitur
2308 2731 2372 2762 vita
2394 2732 2539 2773 propria,
2564 2739 2596 2764 et

1529 2777 1573 2808 sic
1588 2778 1626 2808 de
1643 2777 1725 2807 aliis:
1750 2777 1792 2808 ita
1811 2777 1900 2818 quod
1917 2786 2042 2816 semper
2065 2782 2190 2816 petatur
2203 2775 2324 2816 aliquid
2347 2777 2437 2817 quod
2459 2776 2512 2807 ille
2536 2786 2595 2818 po·

1530 2829 1589 2853 test
1619 2821 1808 2857 concedere,
1833 2821 1858 2851 si
1881 2821 1968 2857 vult,
2001 2820 2068 2850 sine
2095 2826 2243 2860 peccato,
2269 2826 2304 2850 ut
2333 2827 2420 2861 patet
2446 2820 2481 2851 in
2503 2818 2595 2852 dictis

1529 2866 1691 2906 exemplis.
1715 2865 1755 2896 Et
1777 2871 1945 2906 propterea
1968 2871 2089 2905 petens,
2113 2864 2169 2905 qui
2193 2864 2308 2895 directe
2331 2864 2431 2896 tendit
2446 2865 2486 2895 ad
2501 2864 2594 2896 indu-

1530 2911 1668 2941 cendum
1697 2919 1771 2940 eum
1795 2919 1812 2939 a
1835 2919 1901 2950 quo
1933 2908 2012 2949 petit
2037 2909 2076 2939 ad
2105 2909 2347 2940 concedendum
2369 2908 2414 2939 illi
2437 2908 2594 2950 petitum,

1529 2964 1595 2985 non
1625 2954 1678 2985 dat
1701 2954 1729 2984 ei
1753 2953 1954 2984 occasionem
1983 2953 2151 2994 peccandi:
2177 2953 2231 2983 sed
2254 2953 2323 2994 ipse
2346 2963 2364 2983 3
2387 2962 2454 2994 quo
2476 2951 2596 2995 petitur

1530 2998 1663 3039 apponit
1692 3008 1728 3028 ex
1752 3008 1808 3028 sua
1832 2998 1915 3028 mala
1938 2997 2102 3028 voluntate
2131 2997 2214 3028 actui
2245 2998 2333 3028 bono
2364 2997 2464 3038 petito
2494 2997 2594 3040 alium

1530 3050 1636 3073 actum
1666 3052 1802 3082 pravum
1831 3052 1895 3072 non
1923 3041 2075 3082 petitum,
2104 3041 2206 3072 immo
2235 3041 2454 3082 displicentem
2480 3040 2508 3072 ei
2538 3041 2595 3083 qui

1530 3087 1617 3127 petit.
1643 3086 1675 3117 Si
1696 3096 1835 3127 namque
1859 3093 1977 3126 peteret
2000 3086 2072 3127 quis
2096 3086 2134 3116 ab
2151 3086 2259 3127 aliquo
2283 3092 2390 3116 actum
2413 3095 2512 3127 quem
2527 3095 2595 3117 non

1529 3137 1635 3170 potest
1658 3140 1798 3161 exercere
1822 3130 1888 3160 sine
1912 3136 2052 3170 peccato,
2076 3129 2190 3170 procul
2210 3130 2308 3160 dubio
2332 3130 2372 3160 ad
2396 3130 2595 3171 peccandum

1530 3184 1605 3205 eum
1628 3174 1799 3210 induceret,
1823 3173 1969 3214 quamvis
1992 3173 2243 3214 paratissimum:
2273 3184 2309 3205 30
2333 3184 2390 3214 per
2411 3174 2474 3206 hoc
2496 3173 2595 3215 parti-

1532 3228 1604 3257 ceps
1635 3217 1753 3258 peccati
1782 3224 1879 3253 esset,
1905 3217 2104 3248 consentiens
2131 3224 2261 3258 peccato
2293 3218 2431 3249 alterius.
2457 3218 2594 3249 Adverte

1532 3270 1606 3300 ergo
1630 3271 1754 3301 semper
1776 3261 1809 3291 in
1826 3261 1949 3292 casibus
1972 3267 2008 3292 ut
2031 3261 2187 3292 discernas
2204 3262 2229 3292 si
2246 3268 2333 3292 actus
2349 3262 2467 3302 petitus
2489 3267 2595 3302 potest

1531 3305 1569 3335 ab
1586 3315 1625 3335 eo
1649 3315 1666 3334 3
1690 3315 1756 3345 quo
1772 3305 1890 3345 petitur
1913 3305 1978 3335 sine
1994 3312 2124 3345 peccato
2144 3305 2227 3336 fieri:
2252 3306 2328 3346 quia
2343 3306 2421 3336 haec
2436 3305 2525 3336 radix
2547 3312 2595 3336 est

1531 3348 1607 3379 liciti
1629 3348 1679 3378 vel
1701 3348 1810 3385 illiciti,
1836 3359 1910 3379 cum
1934 3349 1971 3379 de
1996 3359 2055 3379 usu
2080 3349 2199 3389 peccati
2223 3350 2350 3381 alterius
2374 3349 2485 3390 agitur.

1587 3393 1638 3423 ΙΙΙ.
1662 3392 1783 3429 Tertio,
1808 3392 1896 3433 quod
1920 3403 1955 3423 ex
1978 3393 2124 3433 exemplo
2148 3393 2420 3425 manifestantium
2435 3394 2520 3424 bona
2536 3401 2594 3423 sua

1529 3436 1704 3467 latronibus
1727 3436 1778 3466 hic
1801 3437 1964 3476 exposito,
1989 3437 2085 3468 habes
2109 3438 2278 3479 quomodo
2301 3436 2595 3479 intelligi'possunt

1530 3487 1616 3519 gesta
1639 3481 1711 3516 Lot,
1738 3480 1816 3511 Gen.
1841 3491 1906 3521 cap.
1922 3491 1972 3511 x1x
1984 3481 2010 3518 *,
2035 3491 2110 3512 cum
2133 3481 2213 3512 filias
2236 3481 2380 3522 proprias
2405 3479 2519 3512 abusui
2534 3480 2593 3511 im·
2620 3491 2631 3501 ·

1531 3524 1659 3563 piorum
1675 3524 1790 3555 obtulit
1813 3532 1848 3555 ut
1871 3525 1999 3556 evitaret
2022 3525 2246 3557 sodomiticam
2261 3525 2428 3566 hospitum
2442 3523 2593 3555 iniuriam

1530 3568 1563 3598 in
1587 3568 1713 3607 propria
1734 3569 1842 3599 domo.
1869 3569 2153 3606 Quemadmodum
2169 3569 2214 3600 illi
2230 3569 2339 3599 decern
2354 3569 2412 3599 viri
2435 3568 2594 3610 petierunt

1503 3636 1504 3645 ἶ
1530 3622 1595 3642 11011
1620 3612 1737 3648 occidi,
1762 3613 1850 3653 quod
1875 3620 1997 3653 poterat
2021 3613 2086 3643 sine
2111 3620 2240 3653 peccato
2265 3612 2412 3649 concedi;
2438 3619 2468 3643 et
2491 3612 2592 3642 mani-

2620 964 2630 975 ·
2645 964 2711 987 ven.
2726 965 2749 987 8.

2647 3490 2713 3513 Ven-
2723 3498 2740 3518 4
2753 3496 2808 3519 nqq.
