2860 4244
50 834 209 903 swam.

41 923 62 936 ”·
178 925 183 927 “
234 916 375 965 ligioni.

207 648 211 651 s
253 657 255 661 ,
284 594 406 660 ἲν”,ᾼξθι
422 618 433 655 ⁴.

864 274 1130 321 QUAESTIO
1161 275 1337 322 LXXXI,
1366 275 1662 312 ARTICULUS
1690 274 1777 311 VIII

2334 275 2403 311 185

1013 383 1329 426 ARTICULUS
1359 383 1630 426 OCTAVUS

889 467 1044 498 UTRUM
1069 467 1244 498 REL1G10
1267 467 1334 498 sn-
1358 468 1464 498 IDEM
1487 467 1749 499 SANCTITATI

349 566 381 587 θ,

416 571 421 579 ι
447 559 470 584 n
490 558 662 584 ocrAvuM
681 558 735 584 sm
753 557 992 583 moelem-rua.
1008 545 1167 582 Videtur
1185 546 1290 594 quod

261 593 296 645 ἦ,

254 657 299 699 ,γ
315 670 371 703 νζ,
395 658 414 693 f,
447 653 548 690 enim
583 660 638 689 est
666 651 856 702 quaedam
891 651 1064 699 specialis
1091 651 1222 698 virtus,
1251 658 1292 687 ut

255 699 266 709 ⁶
292 682 387 733 ἐν
403 699 434 739 Χ
446 705 618 742 habiturn
648 712 704 742 est
721 705 752 741 ³¹⁸.
789 705 974 741 Sanctitas
1002 711 1129 741 autern
1158 703 1292 740 dicitur

237 770 318 795 esse
347 758 530 806 generalis
556 757 690 795 virtus:
722 764 777 794 est
804 757 906 795 enim
922 758 1076 805 faciens
1098 756 1231 806 fideles
1258 762 1295 792 et

234 816 424 849 servantes
461 822 506 847 ea
534 821 631 859 quae
657 811 710 848 ad
734 811 859 847 Deum
886 816 973 847 sunt
999 811 1112 856 iusta,
1147 816 1188 846 ut
1214 811 1292 846 An-

236 863 413 902 dronicus
440 863 529 901 dicit
549 864 580 900 ³⁸.
610 859 712 911 Ergo
741 864 916 902 sanctitas
935 876 1014 901 non
1039 871 1095 900 est
1113 862 1216 900 idem
1235 873 1292 898 re-

289 979 325 1007 2.
346 969 586 1016 PRAETEREA,
616 969 791 1007 sanctitas
825 968 1052 1006 munditiam
1086 968 1294 1015 importare

234 1021 405 1060 videtur:
444 1021 532 1060 dicit
560 1022 662 1059 enim
690 1022 914 1071 Dionysius,
943 1033 991 1069 xn
1020 1033 1102 1069 cap.
1131 1020 1176 1056 de
1202 1020 1292 1056 Diu.

234 1075 375 1122 Nom,
405 1076 511 1125 quod
545 1075 720 1113 sanctitas
757 1081 811 1114 est
842 1075 891 1112 ab
918 1074 1024 1111 omni
1058 1073 1292 1110 immunditia

235 1129 353 1167 libera
372 1134 408 1166 et
419 1129 590 1178 perfecta
609 1134 646 1165 et
661 1129 814 1165 omnino
834 1127 1076 1165 immaculata
1097 1127 1292 1164 munditia.

237 1181 426 1220 Munditia
439 1189 568 1220 autem
586 1181 752 1218 maxime
767 1181 917 1219 videtur
929 1180 1116 1230 pertinere
1136 1180 1185 1218 ad
1199 1187 1293 1217 tem-

235 1235 459 1285 perantiam,
481 1246 579 1283 quae
604 1234 854 1284 turpitudines
878 1234 1095 1283 corporales
1121 1234 1292 1271 excludit.

237 1288 338 1326 Cum
366 1287 476 1337 igitur
494 1285 624 1335 religio
645 1287 693 1325 ad
717 1287 895 1326 iustitiam
922 1287 1118 1338 pertineat,
1145 1287 1295 1325 videtur

236 1341 343 1393 quod
370 1340 546 1380 sanctitas
573 1353 653 1379 non
681 1340 727 1378 sit
753 1341 857 1380 idem
886 1341 1068 1390 religioni.

240 1394 586 1454 -QQA,
597 1407 644 1432 ea
671 1406 770 1443 quae
798 1394 1018 1433 dividuntur
1045 1406 1090 1431 ex
1118 1393 1294 1443 opposito

236 1458 317 1490 non
352 1456 439 1486 sunt
466 1448 581 1485 idem.
625 1448 704 1486 Sed
736 1449 775 1486 in
803 1448 971 1497 quadam
1010 1447 1295 1485 enumeratione

235 1501 401 1550 partium
429 1501 590 1539 iustitiae
618 1502 794 1540 sanctitas
830 1501 1084 1540 condividitur
1111 1501 1294 1549 religioni,

235 1560 279 1591 ut
305 1566 421 1604 supra
438 1554 459 1576 '⁸‘
484 1555 657 1592 habitum
685 1563 751 1593 est.
790 1556 892 1603 Ergo
921 1554 1096 1592 sanctitas
1131 1567 1209 1591 non
1238 1561 1295 1591 est

236 1606 340 1645 idem
367 1608 472 1658 quod
501 1607 640 1656 religio.

291 1661 367 1698 sno
382 1672 529 1699 coum
543 1672 610 1698 EST
623 1662 728 1710 quod
745 1661 879 1698 dicitur
894 1661 1008 1697 Luc.1
1023 1659 1058 1697 *z
1080 1661 1297 1697 Serviamus

237 1711 294 1750 illi
317 1714 355 1751 in
382 1715 576 1752 sanctitate
593 1720 630 1751 et
645 1715 794 1752 iustitia.
825 1714 902 1751 Sed
930 1713 1073 1752 servire
1100 1715 1186 1752 Deo
1211 1726 1296 1763 per-

134 1806 159 1827 ι
203 1781 212 1803 ³
236 1765 330 1804 tinet
348 1767 398 1805 ad
416 1767 650 1816 religionem,
670 1775 712 1804 ut
731 1780 845 1816 supra
863 1767 884 1790 *
901 1767 1074 1805 habitum
1094 1776 1161 1805 est.
1192 1768 1295 1815 Ergo

106 2491 112 2498 .
134 2490 169 2502 ψ,

108 2511 123 2529 Α
182 2519 193 2525 -,

238 1819 368 1869 religio
397 1827 453 1858 est
478 1822 581 1859 idem
609 1821 805 1859 sanctitati.

291 1874 518 1913 Responnso
559 1886 744 1912 DICENDUM
774 1873 879 1923 quod
911 1886 1053 1911 nomen
1093 1872 1296 1910 sanctitatis

238 1925 316 1964 duo
333 1927 486 1966 videtur
502 1929 719 1976 importare.
748 1928 836 1965 Uno
856 1927 1012 1975 quidem
1032 1926 1165 1974 modo,
1186 1938 1297 1964 mun—

238 1979 387 2019 ditiam:
431 1989 468 2020 et
502 1982 591 2019 huic
633 1981 895 2030 significationi
933 1979 1114 2029 competit
1153 1992 1298 2017 nomen

236 2039 430 2084 graecum,
451 2035 585 2073 dicitur
613 2036 716 2073 enim
741 2036 851 2085 agios
874 2035 982 2085 quasi
1002 2041 1020 2057 α
1046 2036 1127 2072 sine
1145 2039 1247 2071 terra
1265 2033 1296 2072 ³¹³.

190 2111 193 2118 ι
236 2088 324 2126 Alio
353 2090 472 2128 modo
500 2089 680 2138 importat
706 2089 943 2127 firmitatem:
971 2089 1073 2126 unde
1102 2089 1205 2136 apud
1235 2099 1300 2124 an-

236 2143 363 2191 tiquos
390 2149 520 2181 sancta
540 2143 762 2182 dicebantur
781 2157 879 2192 quae
907 2143 1053 2192 legibus
1082 2149 1189 2180 erant
1216 2154 1300 2179 mu-

237 2196 316 2235 nita
334 2204 376 2234 ut
393 2196 528 2234 violari
551 2209 631 2234 non
651 2197 851 2245 deberent3
878 2198 982 2235 unde
1006 2205 1043 2234 et
1063 2196 1198 2233 dicitur
1218 2205 1300 2233 esse

237 2250 379 2300 aliquid
405 2251 589 2288 sancitum
622 2252 712 2300 quia
739 2259 795 2288 est
818 2253 900 2299 lege
923 2252 1129 2289 firmatum.
1171 2250 1302 2286 Potest

237 2304 352 2342 etiam
381 2306 592 2342 secundum
622 2306 780 2342 Latinos
807 2305 882 2342 hoc
910 2298 1054 2342 nomen
1078 2308 1228 2340 sanctus
1251 2303 1300 2340 ad

237 2356 463 2396 munditiam
480 2358 687 2407 pertinere:
716 2366 758 2395 ut
776 2358 1001 2406 intelligatur
1019 2365 1170 2395 sanctus
1190 2356 1298 2404 quasi

239 2427 260 2446 c
279 2411 468 2462 sanguine
495 2412 628 2449 tinctus
649 2428 692 2458 »,
721 2423 764 2448 eo
793 2412 894 2460 quod
927 2412 1129 2460 antiquitus
1156 2409 1211 2447 illi
1237 2410 1303 2458 qui

230 2465 432 2515 purificari
458 2465 634 2503 volebant
656 2465 844 2514 sanguine
874 2465 1016 2502 hostiae
1043 2464 1299 2514 tingebantur,

235 2525 280 2556 ut
305 2519 473 2557 Isidorus
503 2519 600 2566 dicit,
630 2518 668 2555 in
696 2518 793 2555 libro
821 2519 988 2567 Etymol.
1009 2518 1029 2540 ’¹‘
1075 2554 1077 2557 Α

289 2573 340 2610 Et
364 2580 525 2622 utraque
562 2572 784 2621 significatio
823 2572 1025 2621 competit,
1054 2578 1096 2608 ut
1124 2569 1301 2607 sanctitas

236 2625 460 2664 attribuatur
485 2626 545 2663 his
574 2638 672 2676 quae
692 2624 707 2655 β
735 2625 866 2663 divino
896 2625 1012 2662 cultui
1044 2623 1297 2674 applicantur:

170 2707 175 2710 -
234 2678 286 2717 ita
305 2679 411 2730 quod
429 2692 509 2718 non
528 2681 655 2717 solum
674 2678 864 2726 homines,
886 2678 955 2716 sed
975 2678 1089 2716 etiarn
1111 2677 1298 2726 templum

235 2739 272 2770 et
288 2745 384 2772 vasa
412 2741 448 2770 et
473 2733 546 2771 alia
563 2732 786 2770 huiusmodi
813 2731 1041 2770 sanctificari
1061 2732 1234 2769 dicantur
1253 2743 1299 2768 ex

235 2786 310 2823 hoc
344 2786 449 2836 quod
486 2786 601 2823 cultui
637 2785 769 2824 divino
814 2786 1064 2835 applicantur.
1109 2784 1298 2822 Munditia

237 2839 339 2878 enim
368 2839 581 2877 necessaria
603 2846 658 2876 est
685 2839 731 2876 ad
760 2839 835 2876 hoc
853 2839 959 2888 quod
988 2851 1097 2875 mens
1125 2839 1211 2875 Deo
1232 2850 1297 2886 ap-

290 2952 318 2984 α)
337 2951 423 2985 quasi.
437 2965 455 2970 -
473 2951 543 2976 idest
561 2951 608 2976 Pa.

291 2986 317 3020 β)
336 2994 444 3020 quae.—
462 2987 508 3019 qui
525 2985 724 3011 ABFGHKLsC
743 2990 769 3010 et
786 2993 813 3010 x.

289 3023 316 3092 ἔξ
333 3021 715 3084 zizi-nergtgrb-ajniungitur
725 3021 884 3053 ABEFpr,
899 3020 1020 3054 iungitur
1032 3020 1050 3051 1,
1065 3019 1239 3053 coniungitur
1249 3019 1298 3045 Pa.

447 600 575 647 religio
603 612 683 636 non
710 599 756 636 sit
783 599 887 636 idem
915 598 1110 635 sanctitati.
1146 598 1290 646 Religio
1316 627 1318 634 ,

1345 546 1512 595 plicetur.
1551 546 1653 592 Quia
1680 559 1790 584 mens
1818 548 1987 584 humana
2015 547 2232 596 inquinatur
2259 559 2304 584 ex
2333 547 2407 583 hoc

1347 599 1452 648 quod
1470 598 1711 636 inferioribus
1730 601 1846 637 rebus
1865 601 2102 648 immergitur
2119 606 2152 637 ⁴¹:
2176 600 2272 638 sicut
2291 612 2406 649 quae-

1345 653 1436 689 libet
1462 663 1523 688 res
1552 665 1596 688 ex
1624 653 1862 690 immixtione
1890 654 2030 702 peioris
2058 654 2253 701 sordescit,
2282 661 2323 690 ut
2349 665 2407 689 ar-

1346 713 1501 753 gentum
1541 717 1585 741 ex
1613 705 1849 744 immixtione
1883 707 2042 756 plumbi.
2087 707 2249 756 Oportet
2277 714 2405 743 autem

1347 758 1452 806 quod
1480 769 1590 795 mens
1618 760 1666 796 ab
1686 759 1925 797 inferioribus
1952 761 2065 797 rebus
2088 761 2337 807 abstrahatur,
2357 761 2407 797 ad

1347 812 1422 848 hoc
1441 812 1546 859 quod
1575 825 1778 860 supremae
1799 814 1851 851 rei
1878 813 1998 862 possit
2026 813 2215 861 coniungi.
2245 815 2293 851 Et
2318 813 2406 850 ideo

1347 877 1458 902 mens
1492 864 1572 902 sine
1609 866 1795 903 munditia
1822 868 1908 903 Deo
1937 867 2118 915 applicari
2153 879 2232 903 non
2268 873 2405 916 potest.

1347 918 1458 955 Unde
1487 919 1539 954 ad
1569 919 1670 955 Heb.
1699 920 1763 955 ult.
1795 919 1815 940 '¹‘
1847 919 2000 956 dicitur:
2037 920 2174 956 Pacem
2210 920 2410 968 sequimini

1348 983 1434 1008 cum
1469 972 1659 1017 omnibus,
1689 977 1726 1008 et
1749 973 2056 1018 sanctimoniam,
2088 973 2168 1009 sine
2195 985 2269 1022 qua
2297 985 2406 1010 nemo

1347 1025 1483 1063 videbit
1509 1026 1646 1062 Deum.
1667 1046 1691 1052 -
1720 1025 1895 1062 Firmitas
1925 1026 2037 1062 etiam
2068 1025 2225 1073 exigitur
2252 1027 2301 1063 ad
2333 1028 2407 1063 hoc

1349 1079 1456 1127 quod
1483 1091 1594 1116 mens
1621 1080 1706 1115 Deo
1736 1078 1956 1128 applicetur.
1994 1078 2215 1127 Applicatur
2244 1080 2344 1115 enirn
2374 1080 2407 1116 ei

1349 1133 1446 1170 sicut
1471 1132 1606 1169 ultimo
1634 1132 1702 1169 fini
1730 1139 1767 1168 et
1794 1131 1919 1180 primo
1947 1131 2154 1180 principio:
2188 1131 2409 1170 huiusmodi

1349 1193 1477 1223 autem
1507 1193 1658 1234 oportet
1676 1185 1843 1222 maxime
1862 1185 2073 1222 immobilia
2101 1198 2194 1222 esse.
2224 1187 2335 1223 Unde
2355 1187 2408 1224 di-

1351 1240 1459 1277 cebat
1479 1240 1694 1289 Apostolus,
1710 1240 1821 1276 Rom.
1839 1238 1953 1276 vl11*:
1979 1239 2110 1275 Certus
2126 1251 2209 1275 sum
2229 1241 2329 1288 quod
2347 1252 2408 1276 ne-

1349 1306 1421 1343 que
1439 1306 1543 1330 mors
1562 1305 1681 1342 neque
1698 1293 1775 1330 vita
1802 1292 1991 1341 separabit
2009 1304 2070 1328 me
2096 1304 2120 1329 a
2149 1293 2304 1330 caritate
2322 1294 2406 1331 Dei.

1403 1347 1466 1384 Sic
1485 1347 1596 1395 igitur
1614 1346 1790 1383 sanctitas
1811 1346 1946 1383 dicitur
1972 1357 2042 1394 per
2060 1357 2177 1393 quam
2206 1358 2314 1384 mens
2340 1348 2409 1383 ho-

1350 1400 1461 1438 minis
1489 1401 1654 1450 seipsam
1674 1407 1711 1436 et
1729 1411 1820 1436 suos
1848 1407 1953 1436 actus
1981 1399 2144 1448 applicat
2171 1400 2268 1437 Deo.
2298 1400 2409 1437 Unde

1350 1466 1428 1491 non
1457 1454 1582 1491 differt
1609 1465 1632 1489 a
1660 1452 1839 1500 religione
1864 1452 2075 1490 secundum
2105 1453 2320 1500 essentiam,
2342 1453 2410 1491 sed

1349 1508 1475 1544 solum
1491 1507 1647 1544 ratione.
1669 1507 1772 1542 Nam
1789 1505 1917 1553 religio
1933 1506 2065 1543 dicitur
2080 1507 2288 1544 secundum
2305 1507 2409 1555 quod

1351 1561 1502 1597 exhibet
1524 1562 1609 1597 Deo
1631 1559 1801 1596 debitum
1830 1559 2054 1597 famulatum
2074 1559 2112 1596 in
2131 1560 2188 1596 his
2208 1572 2306 1608 quae
2325 1573 2409 1608 per-

1349 1613 1468 1651 tinent
1496 1612 1707 1662 specialiter
1727 1613 1775 1650 ad
1804 1613 1946 1648 cultum
1971 1613 2155 1659 divinum,
2177 1612 2271 1650 sicut
2293 1613 2332 1649 in
2352 1626 2415 1651 sa-.

1350 1667 1511 1714 crificiis,
1533 1665 1790 1703 oblationibus
1815 1672 1850 1701 et
1869 1664 1950 1702 aliis
1968 1665 2204 1702 huiusmodi:
2235 1665 2410 1703 sanctitas

1351 1728 1479 1758 autem
1507 1719 1641 1757 dicitur
1660 1718 1872 1755 secundum
1903 1719 2008 1767 quod
2035 1719 2154 1756 homo
2184 1731 2261 1756 non
2286 1720 2411 1755 solum

1350 1775 1457 1820 haec,
1478 1773 1545 1810 sed
1565 1772 1725 1809 aliarum
1745 1771 1927 1808 virtutum
1947 1784 2065 1821 opera
2083 1772 2195 1808 refert
2213 1772 2251 1808 in
2269 1773 2409 1819 Deum,

1350 1827 1413 1866 vel
1432 1825 1445 1848 ⁶
1474 1825 1688 1863 secundum
1708 1825 1813 1874 quod
1832 1825 1951 1861 homo
1972 1838 2013 1863 se
2033 1825 2198 1873 disponit
2220 1838 2289 1874 per
2308 1826 2410 1862 bona

1352 1893 1470 1930 opera
1498 1879 1547 1916 ad
1576 1879 1718 1916 cultum
1747 1878 1922 1916 divinum
1940 1883 1964 1914 ⁸.

1405 1935 1464 1970 Ar>
1496 1944 1634 1969 PmMUM
1661 1943 1759 1968 ERGO
1794 1943 1978 1968 mCENDUM
2007 1931 2111 1979 quod
2147 1930 2323 1967 sanctitas
2357 1939 2412 1967 est

1353 1986 1545 2035 quaedam
1580 1984 1752 2034 specialis
1778 1984 1899 2022 virtus
1936 1984 2147 2021 secundum
2187 1984 2408 2021 essentiam:

1354 2047 1390 2077 et
1417 2039 1629 2076 secundum
1657 2039 1733 2075 hoc
1762 2045 1817 2074 est
1843 2037 2134 2087 quodammodo
2164 2037 2299 2073 eadem
2329 2038 2410 2073 reli-

1354 2093 1466 2141 gioni.
1497 2092 1623 2129 Habet
1650 2098 1778 2128 autem
1807 2090 2000 2140 quandam
2028 2090 2324 2138 generalitatem,
2354 2102 2410 2127 se-

1355 2146 1524 2183 cundum
1553 2144 1659 2192 quod
1687 2156 1823 2181 omnes
1850 2144 2033 2181 virtutum
2065 2151 2170 2180 actus
2196 2155 2266 2192 per
2292 2142 2410 2192 impe-

1354 2199 1453 2236 rium
1473 2197 1623 2235 ordinat
1650 2197 1688 2234 in
1708 2197 1854 2234 bonum
1875 2197 2068 2234 divinum:
2099 2196 2194 2233 sicut
2220 2204 2256 2233 et
2273 2195 2411 2233 iustitia

1352 2252 1480 2301 legalis
1499 2251 1634 2288 dicitur
1659 2250 1842 2298 generalis
1861 2250 1992 2297 virtus,
2013 2249 2237 2298 inquantum
2263 2249 2412 2286 ordinat

1353 2305 1527 2342 omnium
1555 2304 1737 2341 virtutum
1768 2311 1873 2340 actus
1901 2303 1938 2340 in
1961 2303 2107 2339 bonurn
2138 2314 2355 2339 commune.

1405 2360 1464 2395 An
1483 2367 1674 2395 SECUNDUM
1700 2368 1884 2394 mOENnuM
1904 2356 2009 2405 quod
2033 2355 2281 2404 temperantia
2301 2367 2412 2392 mun-

1353 2411 1484 2448 ditiam
1504 2410 1659 2460 quidem
1680 2417 1877 2458 operatur:
1906 2421 1985 2446 non
2004 2416 2134 2445 tamen
2152 2409 2202 2445 ita
2220 2408 2326 2458 quod
2345 2409 2411 2445 ha-

1352 2465 1441 2501 beat
1463 2464 1650 2501 rationem
1679 2462 1884 2500 sanctitatis
1912 2462 1982 2499 nisi
2011 2463 2192 2499 referatur
2214 2461 2252 2498 in
2271 2463 2409 2498 Deum.

1352 2517 1464 2555 Unde
1506 2517 1553 2554 de
1590 2516 1672 2564 ipsa
1707 2515 1919 2563 virginitate
1958 2515 2045 2552 dicit
2081 2514 2335 2562 Augustinus,
2373 2514 2411 2551 in

1352 2571 1447 2608 libro
1475 2569 1522 2607 de
1546 2569 1768 2619 Virginitate
1790 2568 1821 2615 ²¹⁸,
1851 2568 1958 2616 quod
1994 2580 2068 2605 non
2097 2569 2185 2616 quia
2213 2568 2411 2618 virginitas

1353 2630 1416 2670 est,
1444 2623 1511 2660 sed
1536 2623 1624 2671 quia
1652 2623 1734 2659 Deo
1763 2622 1886 2659 dicata
1914 2627 1977 2667 est,
2006 2622 2226 2658 honoratur.

1405 2679 1465 2714 AD
1493 2687 1653 2713 TERTmM
1685 2687 1868 2712 mcENDuM
1897 2674 2002 2723 quod
2036 2674 2210 2711 sanctitas
2241 2673 2412 2710 distincta

1353 2738 1408 2767 est
1436 2743 1458 2767 a
1486 2729 1664 2777 religione
1693 2735 1849 2777 propter
1874 2726 2129 2765 differentiam
2157 2727 2409 2776 praedictam:

1353 2796 1432 2820 non
1469 2782 1559 2830 quia
1597 2779 1777 2819 differat<
1805 2793 1867 2828 re,
1897 2780 1964 2817 sed
2002 2780 2146 2817 ratione
2173 2787 2341 2826 tantum,
2370 2787 2412 2815 ut

1355 2837 1500 2874 dictum
1528 2842 1584 2872 est
1602 2835 1632 2871 ²¹².

1405 2948 1427 2981 ε)
1447 2955 1557 2980 opera...
1583 2947 1743 2972 divinum-
1768 2945 1898 2977 quaedam
1924 2951 2006 2977 opera
2029 2945 2066 2969 ad
2089 2945 2188 2969 cultum
2208 2945 2327 2969 divinum
2349 2952 2411 2977 per-

1351 2983 1465 3009 tinentia
1483 2983 1530 3007 Pa.

1403 3018 1430 3051 ζ)
1450 3018 1568 3052 differat.
1580 3032 1599 3037 -
1618 3017 1745 3051 differunt
1764 3017 1839 3041 Pa.-
1854 3019 1959 3041 tantum
1978 3023 2032 3040 om.
2051 3015 2079 3040 P.

912 3133 1242 3167 Commentaria
1265 3132 1514 3166 Gardinalis
1537 3131 1737 3164 Caietam

266 3227 287 3248 u
310 3216 442 3247 articulo
465 3222 579 3246 octavo
603 3215 746 3246 eiusdem
768 3214 978 3256 quaestionis,
1003 3221 1079 3245 nota
1101 3213 1298 3245 identitatem

239 3228 363 3292 Isimul
386 3267 417 3291 et
439 3259 646 3291 differentiam
667 3259 827 3299 religionis
845 3265 876 3290 et
895 3258 1066 3290 sanctitatis
1088 3258 1121 3288 in
1144 3258 1206 3289 hoc
1223 3267 1298 3288 con-

236 3305 343 3337 sistere
366 3304 456 3346 quod
478 3303 623 3334 identitas
643 3309 691 3334 est
707 3303 798 3334 realis
821 3309 851 3334 et
873 3303 1003 3334 rationis
1027 3302 1168 3334 formalis
1193 3312 1297 3333 essen-

236 3349 331 3381 tialis:
356 3355 490 3390 utraque
512 3348 598 3378 enim
620 3347 722 3378 reddit
743 3348 813 3378 Deo
832 3347 976 3378 debitum
995 3347 1128 3379 cultum.
1153 3346 1214 3378 Sed
1238 3346 1298 3377 dif-

236 3393 367 3424 ferentia
387 3392 564 3424 secundum
580 3391 736 3422 rationem
752 3398 798 3423 est
819 3391 852 3421 in
867 3391 930 3423 hoc
952 3392 1041 3433 quod
1056 3391 1167 3431 religio
1183 3391 1298 3422 directe

237 3437 362 3479 respicit
385 3447 422 3468 ea
444 3446 526 3477 quae
549 3436 724 3476 specialiter
746 3436 786 3466 ad
808 3435 952 3466 divinum
975 3435 1098 3467 cultum
1121 3434 1296 3476 pertinent',

237 3488 274 3512 ut
295 3488 369 3513 sunt
392 3480 625 3517 caeremoniae,
650 3479 814 3516 sacrificia,
838 3479 1015 3511 oblationes
1038 3487 1069 3511 et
1094 3479 1295 3511 huiusmodi:

237 3525 382 3557 sanctitas
398 3532 506 3557 autem
521 3524 636 3555 directe
651 3523 776 3565 respicit
794 3530 945 3561 mentem,
962 3531 992 3555 et
1014 3524 1172 3555 mediante
1190 3530 1297 3554 mente

237 3569 363 3610 respicit
385 3576 415 3600 et
438 3570 497 3600 alia
519 3569 674 3600 virtutum
697 3578 806 3609 opera,
831 3575 862 3599 et
884 3567 978 3599 etiam
1000 3567 1159 3609 religionis
1182 3577 1279 3609 opera
1286 3576 1294 3604 ;

371 3631 489 3656 Summas
507 3630 608 3655 Trrssot..
627 3630 660 3655 D.
672 3629 788 3654 Tamus
807 3629 838 3654 T.
852 3629 894 3654 VI.

1352 3212 1396 3243 ita
1417 3212 1507 3253 quod
1530 3219 1596 3243 tam
1619 3211 1778 3252 religionis
1801 3221 1899 3252 quam
1921 3211 2053 3241 aliarum
2070 3210 2224 3240 virtutum
2247 3220 2343 3250 opera
2365 3220 2412 3240 re-

1352 3257 1443 3297 spicit
1462 3256 1608 3287 sanctitas
1624 3256 1782 3286 mediante
1797 3262 1913 3291 mente,
1938 3254 2013 3295 quia
2032 3254 2130 3285 utitur
2151 3254 2212 3284 illis
2232 3260 2267 3284 ut
2286 3264 2341 3294 per
2359 3253 2412 3284 illa

1352 3308 1492 3332 mentem
1522 3300 1659 3341 applicet
1681 3300 1768 3336 Deo,
1792 3306 1822 3330 et
1845 3305 2073 3340 consequenter
2095 3298 2254 3328 humanos
2283 3305 2370 3328 actus
2394 3308 2412 3327 a

1351 3352 1457 3376 mente
1476 3345 1692 3385 procedentes.
1713 3345 1754 3375 Et
1772 3344 1853 3375 hanc
1873 3343 2078 3374 differentiam
2093 3342 2272 3373 manifestat
2290 3344 2412 3372 Auctor

1350 3390 1383 3420 in
1402 3390 1504 3421 littera
1519 3390 1598 3420 bene
1614 3395 1777 3429 perspecta
1791 3388 1818 3424 *‚
1837 3388 1914 3418 dum
1930 3387 2034 3427 primo
2056 3386 2216 3417 concludit
2232 3386 2321 3426 quod
2335 3395 2410 3416 san-

1351 3436 1444 3465 ctitas
1466 3439 1513 3464 est
1529 3443 1593 3474 per
1608 3443 1703 3474 quam
1729 3442 1818 3463 mens
1843 3432 1980 3462 hominis
2002 3431 2137 3470 seipsam
2162 3435 2192 3460 et
2213 3440 2289 3461 suos
2319 3435 2411 3461 actus

1350 3478 1490 3519 applicat
1511 3478 1582 3508 Deo
1589 3485 1602 3515 ;
1625 3484 1656 3508 et
1677 3476 1886 3517 postmodum
1907 3475 1981 3506 dicit
1999 3474 2088 3515 quod
2106 3475 2259 3505 sanctitas
2281 3474 2410 3514 religio—

1349 3524 1400 3553 nis
1419 3523 1622 3562 aliarumque
1637 3522 1789 3553 virtutum
1813 3529 1910 3560 opera
1930 3519 2031 3560 refert
2053 3520 2085 3549 in
2107 3519 2212 3549 Deum
2235 3518 2409 3549 secundum

1349 3567 1434 3607 quod
1466 3566 1560 3596 homo
1586 3575 1621 3596 se
1657 3565 1812 3605 disponit;
1844 3571 1874 3594 et
1908 3563 2082 3604 specialiter
2114 3563 2222 3603 quoad
2252 3562 2410 3602 religionis

2237 3631 2269 3655 24

2433 925 2511 978 ἷξες).
2525 930 2568 951 xu,
2583 930 2644 946 vers.

2436 1252 2446 1263 ⁸
2460 1252 2527 1274 Vers.
2541 1252 2581 1281 38,
2595 1259 2631 1281 39.

2439 2574 2449 2584 ⁸
2464 2573 2521 2602 Cap.
2535 2580 2586 2596 vni.

2534 2782 2549 2811 ζ

2438 2833 2448 2843 ·
2461 2832 2487 2853 In
2502 2838 2607 2860 corpore.

2438 3394 2448 3405 ⁸
2462 3393 2499 3416 Cs.
2513 3398 2562 3416 not.
2577 3396 2598 3421 δ,
2613 3403 2631 3418 ε.
