2860 4238
207 1387 218 1398 ⁸
234 1386 269 1408 Cf.
281 1391 315 1411 ci,
330 1389 372 1407 art.
387 1390 407 1406 2.

227 2820 235 2828 ⁸
251 2818 297 2845 Qu.
313 2824 355 2839 uv
370 2823 420 2845 sqq.

287 3086 361 3102 ΤΒ-Ἤ·
417 3112 419 3115 ,
461 3079 683 3125 voluntatis,
722 3085 763 3114 ut
798 3078 929 3114 dicitur
961 3078 1047 3125 Sap.
1077 3077 1177 3114 V1*:
1213 3069 1545 3126 Concupiscentia¹

443 225 520 270 486

444 302 614 351 pertinet.
645 303 693 338 Et
720 302 806 338 ideo
827 301 922 337 inter
949 305 1151 348 praecepta
1180 295 1371 343 decalogi,
1401 307 1499 343 quae

445 363 531 392 sunt
559 354 786 400 communia,
807 353 926 400 magis
956 352 1068 388 debet
1096 349 1187 398 poni
1221 348 1361 397 aliquid
1390 347 1501 396 perti-

446 420 539 444 nens
567 408 615 444 ad
643 407 821 455 pietatem
852 417 966 453 quarn
987 404 1035 440 ad
1064 403 1153 439 alias
1172 409 1298 450 partes
1327 400 1499 446 iustitiae,

445 473 543 508 quae
573 459 775 507 respiciunt
802 457 956 506 aliquod
986 455 1154 493 debitum
1184 453 1357 502 speciale.

498 515 556 548 AD
575 523 765 549 SECUNDUM
788 521 972 547 DtCENDUM
993 508 1096 557 quod
1124 519 1192 556 per
1220 506 1323 555 prius
1343 506 1502 542 debetur

446 565 583 612 aliquid
618 563 835 612 parentibus
870 574 985 611 quam
1022 561 1163 609 patriae
1204 567 1240 595 et
1277 557 1501 606 consangui—

445 617 540 654 neis:
571 617 659 665 quia
678 629 746 664 per
764 616 837 652 hoc
856 615 960 663 quod
981 625 1111 650 sumus
1132 625 1152 649 a
1172 611 1393 661 parentibus
1413 610 1500 657 nati,

444 670 631 718 pertinent
663 669 711 706 ad
745 680 815 704 nos
845 675 880 703 et
915 665 1184 713 consanguinei
1218 672 1253 701 et
1285 664 1416 712 patria.
1456 664 1531 718 Et,

445 723 544 768 ideo,
574 734 661 758 cum
679 727 882 770 praecepta
910 719 1078 766 decalogi
1108 718 1180 755 sint
1206 717 1327 765 prima
1350 728 1502 765 praece-

444 783 508 823 pta
536 775 638 822 legis,
668 773 788 821 magis
816 785 885 821 per
914 784 958 808 ea
987 771 1183 808 ordinatur
1215 771 1333 806 homo
1362 769 1410 806 ad
1439 781 1505 817 pa-

445 834 568 864 rentes
597 838 714 874 quam
744 826 791 862 ad
820 824 980 873 patriam
1000 824 1062 861 vel
1091 823 1139 860 ad
1160 823 1253 860 alios
1281 822 1505 870 consangui-
1531 849 1532 869 ᾖ

445 893 550 917 neos.
581 900 604 906 -
639 878 897 916 Nihilominus
932 885 1062 913 tamen
1098 876 1136 912 in
1169 877 1243 912 hoc
1277 883 1503 924 praecepto,

445 932 551 980 quod
589 940 644 968 est
674 932 720 969 de
749 930 1000 968 honoratione
1037 937 1255 978 parentum,
1294 928 1534 976 intelligitur.

446 985 620 1022 mandari
647 984 828 1033 quidquid
866 983 1027 1032 pertinet
1055 982 1103 1019 ad
1132 981 1370 1019 reddendum
1404 980 1507 1018 debi-
1533 985 1534 988 ’

445 1046 526 1075 tum
557 1038 783 1086 cuicumque
812 1048 1011 1085 personae,
1033 1035 1128 1072 sicut
1156 1034 1424 1071 secundarium
1453 1034 1507 1070 in—

446 1091 608 1127 cluditur
635 1091 673 1127 in
701 1089 909 1139 principali.

499 1145 557 1180 AD
586 1155 745 1180 TERTmM
774 1153 956 1179 memnon
978 1140 1082 1189 quod
1101 1140 1320 1188 parentibus
1348 1140 1508 1187 inquan-

446 1203 527 1233 tum
557 1195 789 1242 huiusmodi,
820 1195 979 1231 debetur
1002 1192 1235 1229 reverentiae
1264 1193 1400 1229 honor.
1432 1191 1508 1228 Sed

447 1249 668 1285 sustentatio
699 1256 734 1285 et
762 1246 865 1284 aliat
894 1247 1081 1284 debentur
1110 1245 1162 1281 eis
1187 1245 1332 1281 ratione
1353 1244 1510 1282 alicuius

448 1301 672 1338 accidentis:
702 1308 793 1350 puta
820 1300 1045 1348 inquantum
1074 1305 1160 1334 sunt
1189 1297 1418 1345 indigentes,
1448 1298 1510 1334 vel

448 1354 659 1391 secundum
675 1359 693 1381 η
713 1353 854 1401 aliquid
873 1351 1106 1398 huiusmodi,
1126 1358 1168 1387 ut
1187 1363 1301 1399 supra
1319 1350 1340 1372 '¹‘
1367 1350 1509 1389 dictum

449 1415 514 1443 est.
546 1408 594 1443 Et
622 1406 711 1454 quia
738 1406 843 1454 quod
865 1413 919 1442 est
947 1416 1016 1454 per
1043 1416 1084 1440 se
1112 1404 1214 1452 prius
1244 1412 1299 1440 est
1332 1416 1377 1440 eo
1408 1403 1512 1452 quod

450 1467 505 1496 est
541 1471 609 1508 per
637 1459 833 1505 accidens,
863 1458 949 1495 ideo
987 1457 1083 1494 inter
1115 1457 1240 1505 prima
1263 1454 1275 1478 ⁰
1308 1464 1512 1505 praecepta

448 1512 559 1560 legis,
589 1525 687 1560 quae
725 1519 811 1548 sunt
842 1518 1045 1560 praecepta
1083 1510 1271 1557 decalogi,
1306 1510 1514 1558 specialiter

447 1565 675 1614 praecipitur
698 1564 899 1601 honoratio
928 1570 1143 1612 parentum.
1175 1564 1217 1599 In
1245 1575 1321 1612 qua
1341 1571 1470 1600 tamen
1492 1569 1512 1610 ²,

502 1689 527 1721 ζ)
547 1689 609 1713 alia.
627 1702 646 1707 —
664 1687 815 1713 huiusmodi
834 1687 930 1712 addunt
949 1687 1001 1711 ΡΑ.
1015 1699 1032 1704 —-
1051 1686 1100 1710 Pro
1119 1686 1255 1714 debentur,
1276 1685 1386 1710 debetur
1404 1685 1456 1711 PK.

503 1724 530 1756 η)
549 1724 700 1749 secundum.
718 1737 738 1742 —
754 1723 826 1748 servi
843 1723 884 1747 vel
902 1722 931 1746 P.

504 1758 527 1791 θ)
543 1759 644 1790 prima.
662 1773 682 1778 -
700 1758 780 1783 etiam
800 1758 897 1782 addunt
916 1758 961 1781 Pa.

505 1795 523 1827 ι)
544 1795 573 1818 In
591 1801 644 1826 qua
662 1797 760 1819 tamen.
778 1794 968 1825 -inquantum
987 1791 1059 1824 DpC,
1075 1791 1105 1816 In
1125 1798 1175 1823 quo
1195 1794 1282 1816 tamen
1302 1791 1334 1822 G,
1351 1791 1380 1815 In
1401 1797 1452 1822 quo
1465 1791 1512 1816 Pa.
1538 1787 1540 1816 ἶ

1095 219 1360 266 QUAESTIO
1391 218 1547 264 CXXII,
1577 216 1872 253 ARTictJLUS
1901 215 1950 251 Vl

1553 295 1648 331 sicut
1677 295 1713 331 in
1734 294 1903 343 quodam
1923 292 2127 342 principali,
2149 291 2363 339 intelligitur
2381 291 2554 328 mandari
2580 299 2616 328 et

1554 347 1775 384 sustentatio
1797 354 1833 383 et
1853 345 2036 394 quidquid
2065 344 2167 381 aliud
2197 344 2357 381 debetur
2384 344 2622 393 parentibus.-

1607 401 1666 436 An
1696 410 1868 441 QUARTUM
1906 410 2091 436 mCENDUM
2126 398 2229 445 quod
2264 397 2498 444 longaevitas
2530 408 2617 445 pro-

1556 452 1712 488 mittitur
1740 452 2015 488 honorantibus
2034 458 2210 499 parentes
2239 462 2319 486 non
2346 450 2470 486 solum
2499 461 2618 498 quan-

1555 513 1637 541 tum
1667 504 1715 541 ad
1744 505 1907 541 futuram
1937 504 2074 550 vitam,
2104 504 2172 540 sed
2202 502 2315 539 etiam
2351 509 2536 550 quantum
2570 502 2618 538 ad

1528 575 1529 584 κ
1556 564 1818 606 praesentem:
1851 557 2062 593 secundum
2088 556 2179 592 illud
2198 554 2390 604 Apostoli,
2412 556 2425 591 1
2450 555 2501 591 ad
2522 554 2617 591 Tim.

1556 623 1592 647 1v
1610 611 1647 646 *z
1677 610 1801 646 Pietas
1820 610 1872 646 ad
1889 610 2017 646 omnia
2048 610 2143 645 utilis
2166 614 2229 654 est,
2245 607 2534 656 promissionem
2553 608 2619 643 ha-

1557 664 1646 699 bens
1664 662 1762 699 vitae
1781 673 1878 709 quae
1897 674 1997 698 nunc
2015 667 2069 698 est
2095 668 2131 698 et
2141 663 2314 710 futurae.
2347 661 2395 697 Et
2413 660 2488 697 hoc
2507 659 2619 696 ratio-

1530 750 1531 762 ,
1557 715 1741 752 nabiliter.
1772 713 1848 760 Qui
1878 713 1979 750 enim
2007 722 2134 761 gratus
2163 722 2218 750 est
2242 713 2430 750 beneficio
2454 719 2471 734 ²
2499 724 2622 749 mere·

1557 776 1618 805 tur
1657 767 1869 804 secundum
1912 767 2106 814 quandam
2147 766 2433 813 congruentiam
2474 772 2515 801 ut
2549 764 2621 802 sibi

1559 820 1790 858 beneficium
1827 826 2090 855 conservetur:
2128 826 2284 867 propter
2315 818 2621 866 ingratitudinem

1560 881 1688 911 autem
1718 879 1885 909 meretur
1919 871 2052 919 aliquis
2079 871 2311 908 beneficium
2339 871 2512 919 perdere.
2551 871 2621 906 Be-

1560 926 1740 964 neficium
1771 933 1898 962 autern
1926 924 2027 960 vitae
2058 923 2284 973 corporalis,
2313 930 2402 971 post
2428 924 2571 970 Deum,
2601 934 2624 959 a

1559 979 1780 1029 parentibus
1799 978 1997 1015 habemus.
2027 977 2076 1013 Et
2094 977 2181 1014 ideo
2202 976 2262 1013 ille
2282 976 2346 1024 qui
2365 973 2530 1012 honorat
2557 987 2623 1024 pa-

1533 1025 1535 1059 i
1561 1040 1696 1078 rentes,
1714 1031 1822 1080 quasi
1841 1030 2028 1068 beneficio
2040 1028 2054 1052 Ἀ
2074 1037 2212 1077 gratus,
2228 1036 2394 1066 meretur
2412 1028 2512 1065 vitae
2533 1040 2623 1065 con-

1562 1085 1837 1123 servationem:
1871 1084 1936 1132 qui
1971 1090 2099 1120 autem
2129 1095 2207 1119 non
2239 1083 2403 1119 honorat
2429 1088 2623 1130 parentes,

1560 1147 1744 1187 tanquam
1773 1137 1959 1184 ingratus,
1989 1143 2157 1172 meretur
2183 1135 2261 1172 vita
2288 1134 2440 1183 privari.
2470 1153 2494 1161 —
2524 1133 2625 1180 Quia

1561 1199 1691 1228 tamen
1719 1189 1932 1239 praesentia
1951 1187 2055 1225 bona
2073 1189 2134 1225 vel
2155 1189 2255 1225 mala
2282 1200 2361 1224 non
2386 1187 2526 1224 cadunt
2554 1187 2625 1224 sub

1563 1243 1699 1281 merito
1726 1243 1790 1279 vel
1819 1241 2004 1279 demerito
2037 1241 2108 1278 nisi
2142 1241 2368 1289 inquantum
2403 1239 2626 1277 ordinantur

1564 1298 1612 1334 ad
1648 1297 1814 1333 futuram
1852 1293 2218 1340 remunerationem,
2252 1301 2293 1330 ut
2328 1293 2472 1330 dictum
2506 1300 2563 1330 est
2584 1292 2625 1339 *ς

1563 1350 1650 1387 ideo
1685 1349 1939 1398 quandoque,
1969 1347 2181 1383 secundum
2218 1347 2406 1382 occultam
2441 1346 2626 1383 rationem

1565 1403 1782 1440 divinorum
1802 1401 2042 1446 iudiciorum,
2063 1411 2161 1448 quae
2190 1399 2357 1436 maxime
2377 1399 2542 1436 futuram
2569 1410 2627 1436 re—

1565 1455 1871 1494 munerationem
1901 1453 2124 1502 respiciunt,
2155 1452 2241 1501 ideo
2255 1458 2279 1496 ξι
2307 1451 2421 1500 aliqui
2449 1451 2514 1500 qui
2542 1458 2629 1490 sunt

1566 1509 1619 1559 pii
1657 1509 1695 1546 in
1732 1515 1907 1557 parentes
1941 1506 2047 1543 citius
2078 1506 2156 1543 vita
2192 1505 2409 1554 privantur,
2438 1505 2500 1542 alii
2533 1516 2628 1543 vero

1568 1563 1633 1611 qui
1661 1570 1748 1598 sunt
1774 1560 1879 1609 impii
1907 1560 1944 1596 in
1973 1566 2149 1608 parentes
2179 1558 2318 1596 diutius
2346 1558 2493 1595 vivunt.

1620 1685 1645 1717 κ)
1665 1683 1798 1716 beneficio.
1816 1696 1835 1701 -
1852 1668 1966 1710 benefico
1986 1682 2056 1712 PBF,
2077 1682 2109 1707 de
2128 1681 2251 1714 beneficio
2270 1681 2302 1706 G.

1619 1719 1647 1751 λ)
1668 1718 1801 1750 beneflcio.
1817 1731 1836 1737 -
1855 1718 1967 1750 benefico
1987 1717 2015 1742 P.

1621 1754 1652 1789 μ.)
1670 1754 1740 1779 ideo.
1757 1768 1776 1773 -
1795 1753 1847 1778 Om
1867 1752 1996 1777 PGHILa.

1267 1904 1587 1946 ARTICULUS
1617 1902 1826 1945 SEXTUS

766 2007 919 2038 UTRUM
943 2006 1043 2036 ALIA
1066 2006 1144 2037 SEX
1167 2006 1422 2037 PRAECEPTA
1444 2005 1664 2036 DECALOGI
1689 2003 2028 2036 CONVENIENTER
2050 2002 2321 2034 TRADANTUR

1094 2102 1116 2126 1⁸
1135 2102 1190 2130 11⁸⁶.
1211 2110 1255 2134 qu.
1277 2109 1301 2132 c,
1321 2107 1368 2127 art.
1390 2101 1418 2131 5;
1438 2101 1468 2126 111
1489 2101 1572 2131 Sent„
1593 2101 1651 2127 dist.
1670 2107 1762 2131 xxxvn,
1781 2105 1828 2125 art.
1850 2107 1873 2129 2,
1893 2099 1943 2132 qu·
1963 2107 1986 2123 2.

667 2194 689 2218 D
713 2193 854 2218 SEXTUM
878 2193 931 2217 su:
956 2191 1196 2217 PROCEDITUR.
1222 2180 1381 2217 Videtur
1408 2180 1514 2229 quod
1538 2184 1541 2200 ¹

519 2247 528 2254 -
587 2224 644 2296 ἒξ.)
668 2234 739 2271 alia
775 2246 839 2270 sex
881 2241 1082 2282 praecepta
1123 2232 1293 2280 decalogi
1334 2233 1541 2284 inconveg

521 2328 524 2334 s
573 2319 597 2332 ⁴
612 2292 639 2332 ’ἦ
653 2286 813 2324 nienter
827 2286 1020 2323 tradantur
1034 2285 1065 2322 ²⁸.
1086 2286 1176 2322 Non
1197 2286 1298 2322 enim
1315 2285 1451 2322 sufficit
1466 2286 1514 2322 ad

516 2316 613 2382 ᾧ·
628 2333 828 2377 salutem
848 2339 951 2388 quod
980 2338 1112 2386 aliquis
1140 2338 1315 2387 proximo
1337 2350 1406 2374 suo
1436 2351 1512 2374 non
1538 2325 1540 2345 ¹

458 2399 605 2438 noceat,
635 2393 701 2430 sed
730 2391 929 2441 requiritur
956 2391 1060 2439 quod
1089 2391 1122 2427 ei
1152 2391 1322 2428 debitum
1358 2391 1511 2428 reddat:

458 2445 669 2483 secundum
698 2445 789 2482 illud
816 2446 928 2481 Rom.
956 2456 1016 2480 xm
1041 2443 1081 2480 *t
1114 2443 1270 2480 Reddite
1306 2444 1478 2480 omnibus
1498 2449 1515 2465 α

459 2498 591 2535 debita.
622 2498 699 2534 Sed
726 2497 765 2534 in
793 2509 857 2534 sex
883 2496 1023 2533 ultimis
1047 2496 1256 2544 praeceptis
1275 2497 1400 2532 solum
1428 2509 1516 2545 pro-

459 2551 608 2588 hibetur
635 2557 908 2587 nocumentum
927 2548 1103 2597 proximo
1132 2548 1383 2585 inferendum.
1413 2549 1515 2597 Ergo

459 2603 770 2641 inconvenienter
797 2602 988 2651 praedicta
1015 2609 1217 2650 praecepta
1245 2603 1453 2639 traduntur.

515 2668 548 2692 2.
575 2657 815 2702 PRAETEREA,
846 2655 884 2691 in
911 2654 1112 2703 praedictis
1146 2654 1357 2703 praeceptis
1389 2654 1517 2703 prohi-

460 2710 597 2745 bentur
624 2708 884 2754 homicidium,
906 2707 1144 2753 adulterium,
1165 2707 1305 2744 furtum
1327 2715 1362 2743 et
1380 2708 1517 2743 falsum

459 2761 730 2799 testimonium.
761 2761 837 2798 Sed
866 2761 984 2797 multa
1004 2760 1075 2796 alia
1099 2768 1331 2796 nocumenta
1360 2768 1518 2808 possunt

459 2815 634 2863 proximo
665 2814 810 2851 inferri:
847 2821 888 2850 ut
919 2820 1021 2862 patet
1057 2825 1101 2849 ex
1138 2813 1196 2849 his
1224 2825 1322 2860 quae
1357 2825 1471 2862 supra
1498 2812 1518 2834 ³¹²
1543 2808 1544 2833 ³

462 2868 709 2904 determinata
743 2874 840 2904 sunt.
879 2867 980 2914 Ergo
1015 2865 1167 2902 videtur
1199 2866 1303 2914 quod
1338 2865 1517 2902 inconve-

460 2920 605 2957 nienter
633 2921 705 2957 sint
732 2919 866 2957 tradita
894 2918 1115 2955 huiusmodi
1142 2925 1357 2967 praecepta.

517 2974 550 3010 3.
571 2974 802 3019 PRAETEREA,
833 2971 1138 3020 concupiscentia
1167 2971 1363 3020 dupliciter
1399 2970 1519 3020 accipi

461 3033 585 3075 potest
604 3026 634 3062 βε
662 3038 739 3062 uno
777 3025 911 3071 modo,
942 3024 1152 3061 secundum
1191 3024 1296 3072 quod
1331 3031 1387 3060 est
1413 3031 1518 3061 actus

510 2209 535 2233 5
543 2200 551 2214 ³
577 2210 629 2241 «π

506 2288 587 2323 *KV

462 3132 664 3178 sapientiae
685 3131 889 3179 perducit*
917 3131 968 3166 ad
993 3142 1153 3179 regnum
1172 3135 1417 3178 perpetuum;
1445 3130 1517 3167 alio

465 3185 603 3230 modo,
633 3184 844 3221 secundum
883 3183 986 3231 quod
1023 3191 1077 3219 est
1113 3190 1218 3219 actus
1252 3182 1518 3229 sensualitatis,

465 3238 559 3275 sicut
579 3237 712 3274 dicitur
732 3238 804 3273 Iac.
827 3248 861 3272 1v
874 3235 910 3272 *ε
945 3236 1050 3273 Unde
1069 3236 1163 3272 bella
1184 3241 1218 3272 et
1236 3236 1314 3272 lites
1334 3236 1370 3272 in
1390 3235 1519 3272 vobis?

464 3291 604 3328 Nonne
621 3288 634 3311 ὃ
662 3302 711 3326 ex
729 3289 1032 3337 concupiscentiis
1051 3300 1147 3336 quae
1165 3288 1325 3325 militant
1342 3289 1378 3324 in
1405 3292 1519 3324 m‘em-
1544 3295 1547 3324 l

520 3412 547 3444 α)
567 3412 693 3436 omnibus.
710 3425 728 3430 -
747 3412 773 3436 in
793 3411 912 3436 omnibus
931 3411 1090 3444 BCEFLpK.

521 3445 545 3479 β)
565 3447 649 3478 accipi
662 3450 759 3478 potest.
777 3460 796 3465 —
808 3449 898 3478 potest
916 3446 976 3478 capi
995 3446 1041 3471 Pa.

520 3482 546 3513 γ)
561 3482 693 3513 perducit.
711 3495 730 3500 -
744 3481 871 3513 producit
889 3481 917 3507 Ρ.

520 3516 544 3549 δ)
563 3517 665 3541 Nonne.
683 3530 701 3536 -
718 3517 778 3541 Non
797 3516 934 3548 BEFLpG,
955 3516 1006 3540 nisi
1024 3516 1078 3540 AD.

1547 3413 1550 3517 l

1566 2180 1642 2216 bris
1672 2178 1832 2215 vestris?
1870 2178 1946 2214 Sed
1974 2190 2043 2226 per
2070 2186 2317 2226 praeceptum
2354 2178 2525 2226 decalogi
2553 2188 2632 2216 non

1566 2232 1790 2281 prohibetur
1819 2230 2124 2279 concupiscentia
2157 2231 2424 2268 sensualitatis:
2459 2231 2548 2280 quia
2575 2243 2632 2269 se-

1569 2285 1738 2321 eundum
1767 2285 1862 2330 hoc,
1892 2283 2003 2332 primi
2036 2291 2164 2320 motus
2193 2291 2318 2320 essent
2345 2292 2503 2332 peccata
2530 2296 2633 2322 mor-

1567 2338 1823 2385 talia,.utpote
1854 2344 1986 2373 contra
2014 2344 2262 2384 praeceptum
2283 2336 2452 2385 decalogi
2473 2336 2633 2375 existen-

1567 2398 1634 2427 tes.
1667 2389 1845 2426 Similiter
1874 2389 1987 2425 etiam
2016 2401 2095 2426 non
2114 2389 2337 2438 prohibetur
2363 2389 2633 2439 concupiscen-

2646 620 2655 630 ·
2670 618 2738 641 Vera.
2751 618 2773 640 8.

2651 1287 2794 1317 ’1⁸11··‚qn.
2803 1293 2860 1315 cxxv,

2651 1318 2695 1338 m·
2709 1321 2743 1338 10-

1567 2443 1618 2480 tia
1646 2442 1869 2480 voluntatis:
1909 2442 1998 2490 quia
2030 2442 2125 2478 haec
2150 2441 2359 2492 {includitur
2392 2443 2430 2479 in
2463 2443 2635 2492 quolibet
2675 2481 2679 2486 ,

1568 2503 1727 2544 peccato
1753 2500 1777 2531 ‘.
1819 2494 2138 2531 Inconvenienter
2175 2506 2264 2542 ergo
2299 2495 2396 2532 i'nter
2431 2504 2635 2546 praecepta

1569 2547 1740 2595 decalogi
1769 2555 1963 2596 ponuntur
1982 2547 2172 2596 quaedam
2195 2548 2523 2596 concupiscentiae
2545 2561 2634 2597 pro-

1570 2600 1740 2638 hibitiva.

1622 2666 1659 2700 4.
1690 2654 1925 2698 PRAETEREA,
1954 2651 2207 2689 homicidium
2237 2660 2292 2689 est
2319 2653 2472 2700 gravius
2499 2666 2634 2703 pecca—

1570 2714 1652 2743 tum
1679 2718 1796 2754 quam
1822 2705 2048 2742 adulterium
2076 2706 2138 2742 vel
2167 2706 2320 2743 furtum.
2355 2707 2432 2744 Sed
2461 2719 2539 2744 non
2566 2719 2635 2756 po-

1542 2780 1544 2801 4
1571 2759 1669 2796 nitur
1698 2758 1851 2806 aliquod
1879 2764 2125 2806 praeceptum
2154 2759 2427 2807 prohibitivum
2457 2760 2635 2809 concupi·

1571 2812 1735 2849 scentiae
1769 2811 1976 2848 homicidii.
2013 2812 2114 2859 Ergo
2151 2811 2295 2849 etiam<
2324 2812 2636 2851 inconvenienter

1570 2872 1766 2914 ponuntur
1794 2864 1986 2913 quaedam
2014 2872 2217 2913 praecepta
2244 2865 2476 2914 prohibitiva
2497 2878 2635 2904 concu-

1571 2917 1777 2967 piscentiae
1807 2917 1892 2953 furti
1922 2925 1958 2954 et
1986 2917 2168 2954 adulterii.

1627 2972 1701 3007 SED
1734 2982 1768 3007 IN
1806 2982 2040 3007 CONTRARIUM
2078 2977 2132 3007 est
2166 2970 2368 3007 auctoritas
2406 2970 2634 3020 Scripturae.

1626 3025 1851 3060 RESPONDEO
1871 3035 2056 3060 DICENDUM
2076 3023 2180 3072 quod
2210 3022 2305 3060 sicut
2332 3035 2401 3073 per
2427 3031 2553 3073 partes
2580 3023 2634 3060 iu-

1573 3077 1693 3114 stitiae
1736 3076 1906 3113 debitum
1945 3076 2113 3114 redditur
2150 3076 2337 3125 aliquibus
2378 3075 2635 3114 determinatis

1571 3130 1745 3179 personis
1766 3129 1902 3178 quibus
1921 3130 2039 3166 homo
2065 3142 2110 3166 ex
2126 3135 2144 3157 η
2169 3130 2296 3178 aliqua
2316 3129 2467 3179 speciali
2490 3129 2635 3167 ratione

1544 3200 1546 3236 2
1574 3183 1770 3230 obligatur,
1800 3182 1850 3218 ita
1880 3182 1992 3219 etiam
2016 3194 2085 3231 per
2108 3182 2285 3219 iustitiam
2314 3182 2467 3232 proprie
2496 3182 2634 3220 dictam

1574 3235 1707 3285 aliquis
1736 3234 1907 3272 debiturn
1937 3235 2059 3272 reddit
2088 3236 2345 3272 communiter
2367 3235 2558 3273 omnibus.
2587 3234 2636 3272 Et

1573 3288 1661 3325 ideo
1682 3296 1768 3336 post
1786 3288 1855 3324 tria
1875 3295 2076 3337 praecepta
2090 3288 2314 3337 pertinentia
2333 3290 2379 3326 ad
2400 3288 2634 3336 religionem,

1628 3412 1649 3442 ε)
1665 3414 1783 3442 peccato.
1801 3424 1819 3429 —
1833 3413 1977 3442 praecepto
1996 3411 2067 3436 PDa.

1628 3445 1652 3477 ζ)
1673 3446 1762 3471 etiam.
1780 3459 1799 3465 -
1817 3446 1879 3470 Om.
1899 3446 1991 3470 PAGa.

1629 3481 1655 3512 η)
1675 3488 1720 3505 ex.
1738 3495 1756 3499 -
1775 3481 1836 3505 Om.
1856 3481 1884 3506 Ρ,
