2860 4238
953 228 1221 274 QUAESTlO
1252 230 1411 277 CXXII,
1440 232 1736 269 ARTICULUS
1766 233 1816 269 lV
2387 247 2463 283 477

156 306 164 322 ²
290 310 358 336 nes
384 307 472 336 sunt
489 301 684 349 mysticae.
714 297 922 340 Litteralis‘
943 313 1071 342 autem
1092 307 1276 355 expositio
1298 315 1354 344 est
1407 308 1486 345 sine
1523 309 1662 347 iudicio
1692 323 1737 347 ex
1766 311 1891 360 aliqua
1924 312 2095 359 levitate,
2125 313 2155 349 si
2182 325 2319 349 verum
2353 313 2464 361 iurat,

53 362 262 386 ’Gloss.1nterlin-
290 364 389 401 quae
407 353 568 390 habetur
586 355 697 391 Deut.
718 367 742 391 v
759 355 799 392 *ε
828 357 919 393 Νοη
939 369 1105 395 assumes
1125 372 1260 397 nomen
1281 361 1354 397 Dei
1406 374 1484 398 non
1514 371 1568 398 est
1596 363 1647 399 ibi
1666 369 1684 392 μ
1711 364 1858 400 vanitas
1887 375 1931 400 ex
1961 373 2066 413 parte
2094 365 2212 414 ipsius
2245 366 2464 414 iuramenti,

289 406 345 441 tui
360 406 398 442 in
419 417 580 444 vanum.-
601 407 742 444 scilicet
758 409 919 446 iurando
932 422 1007 458 pro
1026 423 1068 447 re
1082 423 1179 459 quae
1193 425 1267 450 non
1287 419 1350 450 est.
1406 415 1473 451 sed
1502 416 1624 452 solum
1654 427 1699 452 ex
1726 425 1832 464 parte
1861 416 2027 454 iurantis.

341 461 401 495 Αι)
430 471 621 497 SECUNDUM
656 472 839 499 DICENDUM
870 464 976 510 quod
1016 476 1093 501 non
1129 461 1379 514 prohibetur?
1459 469 1517 504 AD
1556 479 1728 510 QUARTUM
1761 481 1946 507 mei-:unum
1983 471 2087 519 quod
2125 471 2220 508 sicut
2252 471 2286 508 ei
2320 471 2384 520 qui
2412 471 2466 507 in-

289 512 479 560 quaelibet
506 515 717 573 assumptio
738 514 855 551 divini
875 516 1041 553 nominis
1052 530 1129 576 ‘per
1151 520 1226 555 hoc
1245 531 1353 567 prae·
1378 562 1379 569 ἵ
1406 521 1558 556 struitur
1595 522 1632 557 in
1670 522 1796 570 aliqua
1838 523 1993 560 scientia
2034 525 2160 572 primo
2202 532 2467 584 proponuntur

148 575 163 591 κ
289 573 463 614 ceptum,
493 566 561 603 sed
588 567 742 615 proprie
770 568 832 604 illa
859 580 935 616 qua
963 570 1154 607 sumitur²
1179 571 1351 608 divinum
1378 597 1379 613 ¹
1406 575 1595 632 quaedam
1626 575 1847 612 communia
1881 576 2127 624 documenta,
2156 578 2206 613 ita
2245 578 2358 614 etiam
2387 578 2465 624 lex,

288 630 432 655 nomen
453 618 501 655 ad
521 619 855 657 confirmationem
873 623 1033 659 humani
1052 624 1160 660 verbi
1181 636 1251 673 per
1270 637 1352 661 mo-
1406 637 1504 673 quae
1534 627 1687 663 instituit
1722 628 1920 665 hominem
1949 630 1997 666 ad
2025 630 2215 675 virtutem,
2248 631 2286 667 in
2313 642 2466 679 praece-

288 671 382 709 dum
410 672 632 709 iuramenti:
666 673 756 721 quia
783 673 854 710 ista
891 677 1101 724 assumptio
1139 677 1256 714 divini
1285 690 1352 714 no·
1405 678 1478 726 ptis
1508 679 1689 727 decalogi,
1711 693 1810 728 quae
1839 690 1925 718 sunt
1952 683 2089 731 prima,
2111 695 2156 720 ea
2174 683 2384 732 proposuit
2404 684 2467 720 vel

288 725 401 762 minis
430 733 485 762 est
511 725 744 773 frequentior
778 727 881 775 apud
909 729 1098 767 homines.
1134 731 1264 767 Potest
1299 738 1353 767 ta·
1405 731 1645 779 prohibendo
1673 735 1735 770 vel
1764 735 2001 781 mandando,
2031 748 2128 785 quae
2158 736 2400 773 communius
2428 736 2465 772 in

146 775 164 803 λ
288 790 378 814 men
409 789 453 814 ex
483 780 731 837 consequenti
751 780 903 829 intelligi
930 790 972 818 ut
990 781 1004 804 λ
1032 795 1101 843 per
1127 784 1201 819 hoc
1225 783 1352 832 prohi-
1405 796 1518 820 cursu
1553 786 1746 822 humanae
1778 787 1878 823 vitae
1917 789 2037 824 solent
2072 789 2255 826 accidere.
2295 790 2342 825 Et
2378 789 2465 826 ideo

288 832 423 868 beatur
441 831 564 869 omnis
583 833 796 870 inordinata
811 834 928 871 divini
947 836 1113 872 nominis
1129 836 1351 895 assumptio.
1405 837 1501 873 inter
1538 847 1740 887 praecepta
1774 840 1944 888 decalogi
1978 842 2201 889 prohibetur
2237 842 2465 901 periurium,

287 886 337 922 Et
369 886 582 923 secundum
619 887 694 923 hoc
727 887 942 935 procedunt
977 888 1060 925 illae
1097 889 1352 937 expositiones
1406 890 1511 938 quod
1544 892 1776 951 frequentius
1810 893 1944 930 accidit
1980 907 2096 942 quam
2135 895 2393 943 blasphemia,
2427 895 2465 931 in

35 935 157 967 *Νι
194 944 198 949 “
288 939 336 976 de
363 939 503 986 quibus
531 951 646 987 supra
665 939 686 960 ²*
713 939 855 977 dictum
884 949 950 977 est.
1406 955 1522 991 quam
1552 944 1672 980 homo
1702 946 1820 982 rarius
1848 947 2068 994 prolabitur.

38 1006 42 1007 ⁷
340 993 399 1028 AD
426 1003 588 1030 ‘mnrium
621 1004 806 1030 mesanum
839 995 946 1042 quod
977 1005 1052 1042 pro
1081 993 1195 1030 nihilo
1224 995 1354 1031 iurare
1459 997 1518 1032 AD
1547 1008 1709 1038 QU1NTUM
1737 1009 1920 1035 mmmmm
1941 1000 2045 1046 quod
2065 1000 2284 1037 nominibus
2308 1000 2380 1038 Dei
2401 1002 2464 1038 de·

287 1044 424 1082 dicitur
450 1045 509 1082 ille
538 1045 604 1095 qui
622 1045 721 1083 iurat
735 1047 809 1094 'pro
839 1059 886 1083 eo
916 1047 1021 1095 quod
1049 1058 1128 1083 non
1148 1054 1216 1092 est,
1246 1047 1352 1096 quod
1378 1093 1379 1097 Ἰ
1406 1049 1516 1085 betur
1550 1050 1762 1086 reverentia
1791 1063 1835 1087 ex
1865 1060 1969 1100 parte
1999 1053 2051 1089 rei
2085 1053 2336 1102 significatae,
2366 1066 2464 1102 quae

285 1098 447 1148 pertinet
475 1099 524 1136 ad
551 1099 686 1136 falsam
706 1099 944 1146 iurationem,
975 1111 1072 1148 quae
1098 1099 1353 1148 principaliter
1378 1101 1379 1110 ¹
1406 1109 1463 1138 est
1495 1114 1592 1138 una:
1627 1115 1704 1139 non
1737 1111 1864 1140 autem
1894 1105 2036 1141 ratione
2073 1118 2215 1143 vocum
2254 1106 2466 1154 significan-

41 1149 207 1221 ’ᾙ-ζσω
216 1158 259 1178 ⁸²⁸·
284 1151 494 1201 periurium
535 1152 775 1199 nominatur,
814 1160 856 1189 ut
896 1165 1012 1201 supra
1039 1152 1059 1174 '¹¹‘
1096 1153 1240 1190 dictum
1285 1162 1350 1191 est.
1378 1175 1379 1189 ÷
1405 1155 1511 1202 tium,
1533 1167 1631 1203 quae
1660 1163 1747 1192 sunt
1774 1158 1927 1195 multae.
1958 1158 2007 1194 Et
2034 1158 2122 1195 ideo
2151 1159 2383 1207 singulariter
2412 1160 2465 1197 di-

138 1233 166 1247 ,,,
192 1216 195 1219 ’
220 1208 221 1212 ’
285 1205 453 1253 Quando
487 1205 590 1242 enim
620 1206 754 1254 aliquis
783 1206 920 1242 falsum
950 1207 1062 1252 iurat,
1093 1214 1183 1243 tunc
1214 1206 1350 1244 iuratio
1405 1208 1475 1245 xit:
1508 1209 1599 1245 Non
1628 1220 1795 1246 assumes
1814 1222 1949 1247 nomen
1971 1212 2044 1247 Dei
2062 1213 2117 1248 tui
2135 1212 2171 1248 in
2191 1223 2352 1250 vanum:
2377 1213 2465 1261 quia

285 1265 342 1296 est
367 1270 468 1310 vana
494 1259 707 1296 seeundum
737 1260 921 1308 seipsam:
950 1260 1039 1308 quia
1058 1272 1136 1296 non
1156 1260 1271 1296 habet
1289 1261 1351 1299 fir·
1405 1273 1483 1298 non
1521 1261 1644 1298 diflert
1672 1274 1740 1310 per
1768 1265 2041 1313 quodcumque
2070 1277 2212 1302 nomen
2242 1266 2311 1302 Dei
2341 1266 2466 1314 periu-

264 1311 523 1349 Tn‘ainentum
542 1312 723 1349 veritatis.
755 1313 924 1359 Quando
953 1320 1082 1350 autem
1101 1313 1236 1361 aliquis
1256 1313 1353 1350 iurat
1406 1314 1504 1351 rium
1534 1315 1801 1352 committatur.

289 1432 312 1445 *¹
337 1447 357 1480 ι)
376 1447 524 1472 Litterazis.
542 1461 560 1466 -
578 1447 710 1472 Liberalis
728 1447 802 1472 aar.
1458 1448 1484 1481 λ)
1506 1452 1544 1474 ut.
1560 1463 1579 1468 -
1597 1450 1669 1482 quod
1686 1450 1733 1474 Pa.

337 1483 362 1515 κ)
382 1483 505 1508 sumitur.
523 1497 542 1502 —
559 1483 706 1508 assumitur
725 1484 797 1508 PHa.
1458 1484 1486 1518 μ)
1507 1484 1551 1509 ibi.
1568 1498 1588 1504 -
1606 1485 1668 1510 Om.
1687 1485 1744 1510 Pla.

1071 1619 1391 1662 ARTICULUS
1422 1620 1695 1672 QUARTUS

594 1721 750 1753 UTRUM
774 1720 1116 1752 coNVENJENTER
1139 1721 1339 1752 TERTIUM
1362 1721 1655 1753 PRAECEPTUM
1678 1722 1898 1754 DECALooi
1923 1724 2164 1756 TRADATUR

460 1818 484 1843 1⁸
503 1817 558 1849 11⁸⁶,
578 1825 623 1851 qu.
642 1824 666 1848 c,
683 1822 730 1843 art.
752 1816 775 1847 5,
794 1818 826 1842 ad
846 1825 874 1848 23
894 1817 926 1842 111
946 1817 1030 1846 Sent„
1051 1817 1110 1843 dist.
1129 1824 1220 1847 xxxvn.
1239 1822 1285 1842 art.
1305 1816 1332 1848 53
1349 1817 1390 1842 De
1410 1818 1474 1843 Dec.
1493 1818 1600 1848 Haec„
1620 1826 1674 1851 cap.
1694 1819 1727 1844 de
1747 1819 1793 1844 111
1806 1819 1959 1852 Praecept.;
1979 1820 2008 1845 ln
2029 1821 2136 1850 Isaiam,
2156 1829 2211 1854 cap.
2231 1830 2287 1853 ινι;

1161 1853 1205 1878 Ad
1226 1853 1334 1882 Coloss„
1354 1861 1412 1886 cap.
1430 1861 1458 1884 11,
1478 1854 1537 1880 lect.
1554 1861 1589 1880 iv.

320 1942 333 1977 ⁸„
373 1956 381 1966 s.
435 1958 454 1973 .‹
497 1935 715 1967 DQQARTUM
733 1936 787 1962 Sic
803 1936 1046 1963 paocssm’run.
1065 1923 1226 1962 Videtur
1246 1926 1377 1973 quod
1402 1926 1719 1973 transgredientes
1759 1927 2042 1963 observantiam
2080 1929 2226 1965 sabbati
2264 1941 2342 1966 non
2376 1942 2464 1979 pec-

308 1964 430 2044 22>fo
421 1959 470 2026 {54}
496 1977 810 2016 inconvenienter
835 1979 989 2016 tertium
1017 1985 1265 2027 praeceptum
1287 1979 1350 2015 de-
1375 1989 1376 2032 i
1404 1979 1560 2015 cabant:
1592 1979 1687 2016 sicut
1716 1979 2028 2017 circumcidentes
2054 1993 2195 2029 pueros
2223 1990 2358 2019 octava
2386 1984 2463 2032 die,

39 2059 45 2066 ,,
304 2065 329 2075 ,,
366 2030 375 2033 ”
434 2019 618 2080 calogt
633 2033 812 2079 tradatur,
829 2031 968 2069 scillcet
982 2031 1030 2069 de
1050 2031 1350 2069 sanctificatione
1375 2033 1377 2083 ξ
1404 2039 1441 2068 et
1468 2033 1686 2070 sacerdotes
1714 2032 1752 2069 in
1785 2034 1928 2082 templo
1963 2034 2128 2071 sabbatis
2167 2044 2378 2084 operantes.
2417 2037 2465 2074 Et

43 2103 48 2108 ..
62 2078 256 2135 wfssfl·
294 2080 439 2121 λψὶὶιῖ)
455 2078 644 2123 &sabbati
660 2083 691 2121 ⁹¹⁶.
722 2086 808 2123 Hoc
838 2086 939 2122 enim
966 2093 1226 2135 praeceptum,
1247 2085 1376 2135 spiri·
1404 2085 1519 2132 Elias,
1537 2098 1624 2122 cum
1645 2086 1899 2136 quadraginta
1914 2087 2041 2124 diebus
2053 2090 2284 2136 pervenisset
2296 2090 2347 2126 ad
2360 2102 2465 2127 mon-

297 2132 429 2197 utiliter
454 2135 699 2184 intellectum,
721 2147 776 2175 est
798 2140 996 2187 generale:
1027 2138 1116 2176 dicit
1135 2139 1237 2175 enirn
1257 2141 1349 2176 Am·
1403 2143 1475 2175 tem
1495 2138 1570 2176 Dei
1584 2140 1720 2177 Horeb
1738 2139 1769 2186 *,
1791 2152 2030 2199 consequens
2049 2149 2106 2178 est
2124 2143 2254 2190 quod
2247 2155 2285 2179 1n
2305 2143 2502 2180 sabbato·

42 2201 49 2221 ·-
83 2209 139 2243 tac
63 2189 256 2249 ww·
329 2189 468 2228 osius*
469 2219 480 2236 ,
495 2203 610 2241 super
633 2186 724 2228 illud
744 2193 837 2229 Luc.
857 2204 918 2229 xm
937 2191 978 2214 ἦ*
980 2192 1350 2252 ,Archisynagogus
1375 2138 1410 2229 i
1402 2191 1633 2229 itineraverit
1650 2191 1676 2229 δ.
1702 2192 1880 2230 Similiter
1899 2194 2012 2231 etiam
2034 2195 2261 2242 sacerdotes,
2284 2196 2376 2233 dum
2396 2196 2465 2233 cir·

39 2237 65 2267 ‘¹²³‘
281 2239 488 2294 indignans
515 2245 604 2294 quia
633 2245 788 2282 sabbato
816 2221 1004 2282 curassei:
1033 2246 1129 2291 Lex,
1150 2245 1282 2294 inquit,
1310 2246 1347 2282 in
1375 2245 1376 2293 ᾖ
1404 2236 1635 2282 cumferrent
1654 2254 1799 2294 septem
1828 2246 1962 2283 diebus
1982 2259 2107 2284 arcam
2127 2247 2297 2295 Domini,
2317 2257 2359 2286 ut
2378 2249 2466 2308 legi-

139 2291 203 2366 aa,
281 2298 437 2335 sabbato
461 2309 536 2335 non
556 2303 574 2320 ‘²
591 2298 782 2335 hominem
802 2310 952 2345 curare,
970 2299 1036 2337 sed
1061 2299 1212 2336 servilia
1233 2310 1348 2347 opera
1403 2306 1462 2335 tur
1482 2299 1594 2336 Iosue
1614 2311 1646 2336 VI
1665 2298 1686 2320 ’¹‘
1689 2299 1968 2359 ,intelliguntur
1988 2313 2074 2338 eam
2100 2300 2159 2337 die
2190 2302 2337 2338 sabbati
2356 2307 2368 2323 ²
2398 2302 2465 2338 cir-

230 2350 422 2403 chere,
437 2350 529 2388 idest
540 2350 704 2400 peccatis
721 2352 894 2401 gravari,
909 2353 1095 2401 prohibet.
1126 2352 1347 2389 Secundum
1374 2362 1375 2367 ¹
1404 2352 1635 2388 cumtulisse.
1656 2352 1802 2390 Dicitur
1822 2352 1935 2390 etiam
1956 2355 2049 2391 Luc.
2061 2366 2122 2391 xm
2138 2353 2174 2375 ²¹⁶·
2166 2355 2335 2392 ‚Nonne
2355 2367 2465 2392 unus-

58 2438 61 2439 .
281 2411 411 2446 autem
441 2403 638 2442 litteralem
667 2417 835 2452 sensum,
861 2414 917 2442 est
944 2413 1192 2455 praeceptum
1223 2417 1349 2442 caere-
1374 2403 1375 2432 1
1403 2406 1558 2454 quisque
1575 2411 1740 2442 vestrum
1759 2405 1898 2442 solvitt
1927 2407 2059 2444 bovem
2087 2419 2197 2444 suum
2223 2414 2290 2444 aut
2316 2408 2465 2445 asinum

45 2455 181 2492 &Vn-my
280 2457 470 2498 moniale:
506 2458 642 2495 dicitur
680 2459 781 2495 enim
815 2460 940 2495 Exod.
970 2471 1053 2496 xxm
1081 2458 1120 2495 *z
1156 2459 1282 2496 Videte
1310 2464 1350 2495 ut
1374 2468 1375 2501 1
1402 2464 1437 2495 et
1463 2459 1563 2495 ducit
1591 2458 1816 2507 adaquare?
1845 2459 1945 2507 Ergo
1975 2460 2287 2498 inconvenienter
2313 2461 2466 2510 ponitur

280 2506 479 2561 sabbatum
508 2523 633 2548 meum
662 2512 896 2549 custodiatis:
926 2513 1015 2560 quia
1033 2513 1186 2572 signum
1214 2518 1268 2548 est
1293 2512 1348 2548 in-
1374 2507 1375 2547 l
1403 2512 1498 2549 inter
1526 2519 1730 2560 praecepta
1759 2512 1940 2560 decalogi.

281 2569 339 2600 ter
356 2575 417 2600 me
435 2569 471 2600 et
495 2576 562 2601 vos
589 2566 625 2601 in
645 2565 950 2614 generationibus
967 2566 1109 2603 vestris.
1138 2561 1375 2614 Praecepta
1373 2589 1375 2619 3
1454 2577 1492 2612 4.
1513 2566 1756 2612 PRAETEREA,
1786 2574 1988 2614 praecepta
2022 2565 2191 2625 decalogi
2228 2574 2314 2603 sunt
2351 2567 2463 2603 etiam

281 2623 410 2655 autem
441 2617 611 2665 decalogi
640 2625 675 2654 et
702 2626 791 2655 sunt
816 2627 1020 2668 praecepta
1055 2618 1282 2668 spiritualia,
1313 2622 1375 2676 etl
1401 2617 1440 2655 in
1468 2630 1573 2655 nova
1599 2618 1682 2665 lege
1711 2618 1965 2656 observanda.
1995 2619 2073 2656 Sed
2101 2619 2139 2656 in
2159 2631 2261 2656 nova
2279 2620 2362 2666 lege
2386 2632 2465 2657 non

281 2677 370 2707 sunt
396 2669 950 2709 moraliass.1nconvenienter
971 2683 1060 2720 ergo
1079 2671 1234 2720 ponitur
1252 2671 1348 2708 inter
1373 2680 1374 2686 ¹
1401 2679 1574 2708 servatur
1601 2671 1676 2707 hoc
1704 2679 1962 2719 praeceptum,
1983 2684 2053 2708 nec
2079 2680 2263 2720 quantum
2292 2672 2341 2709 ad
2361 2673 2462 2709 diem

280 2730 486 2771 praecepta
514 2723 698 2772 decalogi.
1372 2736 1373 2759 i
1401 2724 1569 2769 sabbati,
1600 2736 1671 2760 nec
1701 2732 1887 2772 quantum
1916 2725 1964 2762 ad
1993 2724 2096 2761 diem
2129 2724 2394 2767 Dominicam‚
2425 2725 2464 2762 in

335 2787 372 2812 2.
406 2776 645 2823 PRAETEREA,
686 2777 977 2814 caeremonialia
1014 2777 1106 2825 legis
1144 2784 1348 2826 praecepta
1372 2821 1373 2824 Ἰ
1400 2789 1477 2825 qua
1497 2785 1534 2813 et
1561 2753 1635 2813 ⁷cibi
1666 2785 1892 2825 coquuntur,
1914 2786 1949 2814 et
1977 2777 2197 2814 itinerantur
2219 2785 2254 2814 et
2271 2778 2465 2826 piscantur

281 2828 476 2866 continent
503 2841 628 2876 sacra,
658 2829 857 2876 sacrificia,
887 2837 1125 2867 sacramenta
1154 2838 1190 2867 et
1218 2830 1346 2867 obser·
1372 2844 1373 2866 1
1400 2830 1587 2876 homines,
1618 2837 1654 2866 et
1681 2829 1752 2866 alia
1779 2831 1897 2868 multa
1924 2830 2143 2867 huiusmodi
2170 2830 2321 2868 faciunt.
2360 2832 2462 2879 Ergo

38 2893 40 2895 ·
66 2887 158 2936 nnn,
171 2895 212 2918 ‹1¹²-
222 2895 254 2917 a,
280 2881 440 2929 vantias,
460 2890 502 2919 ut
521 2894 636 2931 supra
654 2882 674 2904 *
702 2883 875 2920 habitum
903 2890 970 2920 est.
999 2883 1062 2920 Ad
1090 2895 1198 2920 sacra
1217 2891 1345 2920 autem
1372 2890 1373 2895 ¹
1399 2882 1712 2920 inconvenienter
1739 2883 1896 2920 traditur
1914 2891 2160 2932 praeceptum
2190 2883 2237 2921 de
2258 2884 2464 2921 observan-

96 2922 120 2942 ⁴⁴
279 2935 520 2984 pertinebant
535 2948 616 2973 non
637 2937 763 2973 solum
782 2935 878 2973 sacri
899 2936 991 2982 dies,
1013 2936 1080 2973 sed
1101 2935 1214 2972 etiam
1240 2949 1347 2973 sacra
1372 2935 1373 2981 j
1401 2936 1451 2973 tia
1471 2941 1489 2963 ⁷¹
1518 2935 1677 2972 sabbati.
2164 2960 2169 2969 «

83 2993 86 2995 ’
279 2987 364 3024 loca
393 2995 431 3025 et
458 3001 566 3026 sacra
593 3001 686 3026 vasa
724 2998 760 3026 et
795 2989 868 3026 alia
900 2988 1128 3026 huiusmodi.
1169 2989 1348 3026 Similiter
1372 3015 1373 3022 κ
1428 3030 1429 3033 ¹
1455 2990 1529 3026 SED
1559 3001 1593 3025 lN
1620 3000 1856 3026 CONTRARIUM
1875 2987 1887 3010 ⁰
1909 2997 1973 3026 ¹est
2002 2989 2217 3038 Scripturae
2247 2990 2461 3027 auctoritas.

280 3040 394 3080 etiam
415 3049 521 3078 erant
541 3041 648 3079 multi
669 3042 765 3079 sacri
786 3042 866 3079 dies
884 3049 1034 3091 praeter
1049 3042 1263 3079 sabbatum.
1286 3043 1344 3079 In-
1372 3084 1373 3094 η
1454 3043 1681 3079 RESPONDEO
1716 3053 1903 3079 mcENDUM
1941 3041 2066 3092 quod,
2108 3042 2265 3080 remotis
2302 3043 2463 3092 impedi-

43 3118 47 3133 .=
101 3101 161 3137 ..τί
184 3126 185 3129 ,
281 3091 514 3132 conveniens
538 3094 649 3143 igitur
668 3100 751 3132 est'f
781 3095 898 3144 quod,
918 3094 1194 3145 praetermissis
1223 3094 1346 3132 omni·
1401 3094 1538 3132 mentis
1557 3107 1671 3132 verae
1701 3094 1891 3143 religionis
1909 3107 1978 3144 per
2004 3095 2174 3144 primurn
2194 3103 2230 3132 et
2249 3096 2461 3133 secundum

280 3200 428 3237 sabbati
456 3200 499 3238 fit
527 3201 682 3238 mentio.
1400 3213 1566 3249 sequens
1603 3201 1671 3238 fuit
1702 3209 1744 3237 ut
1779 3201 1932 3238 tertium
1960 3210 2206 3251 praeceptum
2239 3210 2460 3250 poneretur,

335 3254 369 3290 3.
396 3254 630 3301 PRAETEREA,
661 3254 894 3304 quicumque
932 3253 1204 3302 transgreditur
1237 3266 1346 3302 prae·
1399 3267 1468 3302 per
1495 3254 1600 3303 quod
1625 3254 1803 3291 homines
1823 3255 1861 3291 in
1879 3267 1971 3292 vera
1999 3254 2177 3303 religione
2201 3255 2460 3292 fundarentur.

280 3314 434 3355 ceptum
454 3307 638 3355 decalogi,
659 3315 802 3356 peccat.
835 3307 912 3344 Sed
936 3307 974 3343 in
993 3307 1112 3344 veteri
1130 3307 1211 3354 lege
1232 3307 1346 3356 aliqui
1399 3307 1459 3344 Ad
1490 3306 1711 3355 religionem
1740 3315 1867 3344 autem
1896 3307 2058 3357 pertinet
2086 3309 2228 3345 cultum
2249 3309 2334 3345 Deo
2361 3308 2461 3345 exhi-

333 3433 360 3465 α)
380 3440 442 3458 non.
459 3447 479 3452 —
497 3433 568 3458 iubet
587 3433 656 3458 addit
676 3434 704 3458 P.
1452 3435 1474 3466 ε)
1495 3435 1538 3459 die
1555 3435 1667 3460 sabbati.
1679 3449 1700 3454 -
1717 3435 1827 3460 sabbato
1847 3435 1875 3460 P.

333 3467 359 3500 β)
379 3469 502 3494 moralia.
520 3472 699 3501 —praecepta
718 3469 833 3493 moralia
851 3469 921 3494 PKa.
1452 3469 1478 3502 ζ)
1497 3470 1584 3495 solvit.
1602 3484 1621 3489 -
1639 3471 1722 3495 solvet
1740 3470 1966 3503 ABCEFHleK;
1986 3478 2033 3503 pro
2054 3470 2133 3501 ducit,
2153 3470 2231 3496 ducet
2249 3471 2296 3495 sH.

331 3504 358 3537 γ)
377 3507 426 3529 est.
443 3517 463 3523 —
480 3504 543 3530 Om.
561 3504 700 3536 ABEFpK,
720 3505 826 3529 videtur
845 3504 937 3530 CGsK.
955 3517 974 3524 -
994 3504 1043 3529 Pro
1055 3505 1099 3538 fit,
1113 3504 1168 3538 fiat
1187 3505 1215 3530 P.
1451 3506 1478 3537 η)
1498 3506 1675 3530 observantia.
1693 3519 1712 3524 -
1730 3506 1912 3530 observatione
1931 3506 1977 3531 Pa.

332 3537 357 3572 ὃ)
377 3539 553 3565 itineraverit.
571 3553 591 3559 -
609 3539 748 3565 itineravit
766 3540 892 3565 PADGH.
1370 3552 1372 3563 z
1452 3539 1476 3572 θ)
1497 3541 1523 3565 in
1542 3541 1717 3567 contrarium.
1735 3554 1754 3560 -·
1772 3544 1867 3566 contra
1886 3541 1955 3566 PDa.

280 3147 351 3184 bus
388 3146 468 3186 aliis
506 3148 869 3196 caeremonialibus,
899 3148 946 3186 de
984 3148 1065 3185 sola
1103 3147 1347 3185 observantia
1399 3156 1649 3196 praeceptum
1679 3148 1868 3200 decalogi,
1882 3156 1922 3185 ut
1942 3161 2057 3197 supra
2074 3148 2094 3170 *
2123 3149 2265 3186 dictum
2285 3157 2351 3196 est,
2372 3162 2461 3187 con·
2489 3167 2499 3176 ·

2522 2151 2554 2173 111
2575 2151 2634 2179 Reg.
2654 2157 2703 2179 cap.

2493 2184 2532 2200 xxx
2535 2194 2541 2205 ‚
2558 2184 2617 2200 vers.
2632 2179 2652 2200 8.

2591 2206 2605 2230 ὃ

2493 2309 2583 2332 ’Vei-s.
2599 2316 2630 2337 14,
2646 2316 2674 2337 ¹5·

2493 2371 2582 2393 ‘Ven-
2591 2347 2627 2400 ε15.

2589 2418 2603 2446 2:
