2814 4250
152 1944 192 1965 ’Di
211 1943 361 1971 .XL1X‚xv11‚

152 1970 181 1992 de
208 1970 312 1992 agerensi
320 1970 363 1991 Pe—

151 1998 195 2018 cul.
231 1997 289 2019 Cod.
313 1996 346 2018 VI
354 2013 361 2024 ,

150 2029 197 2050 ixi,
227 2024 243 2051 ).

403 274 424 308 8
1049 272 1314 319 QUAESTIO
1344 273 1461 319 LVII,
1491 273 1786 310 ARTICULUS
1816 273 1867 310 IV

401 358 446 382 est
462 361 588 382 summe
611 351 803 382 contrarium
826 358 962 387 naturae,
981 358 1010 381 et
1033 351 1122 391 peius
1138 351 1245 381 ceteris
1268 351 1456 389 homicidiis,

399 396 474 437 quia
495 396 631 426 violatur
653 395 806 431 identitas,
831 405 911 436 quae
935 395 1007 435 plus
1032 402 1077 425 est
1099 405 1196 435 quam
1219 395 1401 435 aequalitas,
1425 396 1457 426 in

400 450 463 480 qua
480 439 620 470 consistit
645 439 705 475 ius;
730 440 772 470 ita
795 449 868 469 cum
892 438 975 469 filius
991 438 1104 469 occidit
1126 446 1248 478 patrem
1271 446 1326 470 aut
1349 450 1366 470 e
1382 450 1456 470 con-

399 493 504 519 verso,
529 483 603 524 quia
626 483 716 523 quasi
745 490 853 513 contra
876 482 1015 522 seipsum
1046 482 1221 522 consurgit,
1245 482 1336 522 peius
1360 494 1456 524 quam

398 527 553 558 iniustum
576 526 755 562 committit,
779 526 867 567 quod
890 526 1110 566 inaequalitate
1134 526 1344 558 constituitur.

454 572 503 600 Ad
527 571 703 601 secundum
726 577 832 600 autem
856 569 968 600 dicitur
991 570 1093 610 quod,
1119 570 1191 601 licet
1213 578 1301 611 pater
1329 582 1394 602 non
1419 573 1458 603 sit

398 614 516 655 aliquid
532 614 597 651 filii,
616 624 652 644 ex
667 614 728 644 hoc
744 614 814 653 ipso
830 620 936 644 tamen
949 614 1038 654 quod
1053 613 1136 644 filius
1152 621 1199 645 est
1214 615 1334 655 aliquid
1349 616 1456 656 patriS‚

396 659 529 689 habetur
544 658 632 699 quod
656 668 692 687 ex
708 664 818 688 neutra
841 665 927 697 parte
944 665 991 688 est
1012 658 1134 688 iustum
1157 658 1354 699 simpliciter:
1380 671 1458 701 quo-

397 702 483 732 niam
513 712 550 732 ex
571 702 633 732 hoc
663 701 734 741 ipso
757 702 890 732 habetur
913 702 1001 742 quod
1028 712 1095 732 non
1119 712 1151 733 se
1180 703 1298 734 habent
1328 711 1364 735 ut
1392 705 1456 735 duo

397 746 532 777 totaliter
556 745 710 776 distincta.
749 746 790 777 Et
813 746 914 776 simile
938 753 984 776 est
1007 746 1045 776 de
1062 746 1194 777 domino
1219 757 1254 778 ac
1278 758 1385 785 servo,
1410 759 1456 779 se-

397 790 537 821 cundum
561 789 646 819 aliud
670 796 775 819 tamen
792 800 867 821 esse.
893 790 976 827 Quia
996 797 1083 830 pater
1103 797 1132 821 et
1154 790 1237 822 filius
1260 792 1458 832 accipiuntur

396 834 572 864 secundum
587 843 652 863 esse
665 840 808 864 naturae:
830 834 980 864 dominus
993 841 1100 865 autern
1116 841 1147 865 et
1158 845 1265 865 servus
1281 837 1456 867 secundum

396 888 462 908 esse
492 877 690 918 operativum
713 879 763 908 vel
786 878 1010 918 possessivum.
1050 879 1165 909 Servus
1189 880 1274 909 enim
1304 887 1350 911 est
1371 882 1458 912 velut

395 932 466 962 pars
490 921 698 961 possessionis
722 929 752 953 et
775 923 879 962 operis
903 923 1039 953 domini:
1064 922 1148 953 filius
1172 930 1279 954 autem
1302 931 1348 955 est
1374 936 1456 965 pars,

395 972 536 1006 separata
559 972 675 1002 tamen,
700 967 796 1006 patris
820 967 996 997 secundum
1021 977 1087 997 esse
1110 968 1260 998 naturale.

450 1009 501 1040 111.
524 1009 558 1039 In
583 1010 696 1040 eodem
712 1017 825 1051 quarto
849 1010 991 1047 articulo,
1016 1011 1048 1041 in
1065 1012 1271 1051 responsione
1288 1012 1327 1042 ad
1349 1023 1456 1044 secun-

395 1055 482 1090 dum,
500 1053 672 1093 specialiter
689 1061 735 1085 est
749 1055 893 1091 dubium,
918 1054 1100 1095 simpliciter
1116 1062 1146 1086 et
1161 1056 1200 1085 ad
1217 1056 1391 1094 hominem,
1417 1067 1455 1087 an

394 1099 474 1129 inter
489 1104 610 1137 patrem
626 1105 655 1128 et
670 1098 782 1135 filium,
808 1106 843 1129 ut
859 1106 932 1129 sunt
948 1099 1078 1140 quidam
1097 1099 1253 1137 homines,
1279 1100 1318 1131 sit
1336 1100 1456 1132 iustum

394 1141 585 1182 simpliciter.
610 1143 652 1172 Et
666 1143 706 1172 ad
722 1143 886 1173 hominem
902 1143 1043 1184 quidem,
1062 1145 1236 1174 Auctorem
1259 1144 1384 1181 scilicet,
1400 1146 1456 1176 du-

393 1186 483 1217 bium
498 1186 644 1222 occurrit,
660 1187 735 1227 quia
750 1187 783 1217 in
798 1187 899 1218 littera
919 1187 1033 1218 dicitur
1047 1188 1136 1227 quod
1159 1189 1346 1229 inquantum
1369 1195 1455 1220 uter-

393 1240 454 1272 que
466 1235 513 1261 est
524 1230 627 1268 homo,
642 1231 749 1272 aliquo
768 1232 859 1262 modo
875 1237 921 1262 est
937 1232 979 1262 ad
994 1241 1046 1262 eos
1061 1233 1192 1262 iustitia.
1209 1235 1275 1263 Aut
1288 1233 1373 1263 enim
1390 1236 1456 1264 Au-

394 1282 461 1306 ctor
476 1273 610 1304 intendit
625 1276 712 1314 quod
732 1275 813 1305 inter
835 1275 904 1311 hos,
921 1275 1111 1316 inquantum
1128 1275 1284 1312 homines,
1302 1283 1348 1306 est
1370 1277 1455 1308 iusti-

392 1319 435 1350 tia
462 1318 638 1349 secundum
661 1319 755 1359 quid:
779 1326 809 1350 et
831 1319 874 1349 sic
898 1319 1046 1350 coincidit
1075 1320 1250 1350 secundum
1275 1321 1455 1351 membrum

393 1373 467 1395 cum
483 1363 586 1403 primo
603 1363 762 1398 membro;
788 1363 863 1403 quia
879 1363 973 1393 etiam
996 1363 1076 1393 inter
1097 1373 1151 1393 eos
1167 1363 1358 1404 inquantum
1382 1372 1456 1396 sunt

392 1414 480 1448 pater
492 1413 521 1437 et
537 1405 629 1443 filius,
644 1414 691 1437 est
705 1406 824 1437 iustitia
840 1407 1017 1437 secundum
1033 1407 1120 1446 quid,
1135 1407 1276 1447 alioquin
1293 1417 1359 1438 non
1375 1415 1456 1440 esset

391 1450 532 1482 formalis
556 1460 660 1480 sermo
681 1449 718 1481 de
742 1451 826 1481 iusto
850 1458 992 1490 paterno.
1017 1453 1084 1482 Aut
1105 1451 1240 1482 intendit
1263 1453 1352 1492 quod
1375 1453 1455 1484 inter

392 1505 460 1531 eos,
491 1495 682 1534 inquantum
711 1494 874 1530 homines,
899 1502 945 1526 est
974 1495 1092 1526 iustitia
1123 1495 1320 1535 simpliciter:
1358 1504 1388 1528 et
1411 1498 1454 1528 sic

391 1539 473 1570 male
491 1538 603 1570 dicitur
618 1539 651 1569 in
669 1539 770 1570 littera
786 1539 874 1579 quod
896 1539 1004 1580 aliquo
1020 1539 1112 1570 modo
1136 1539 1176 1569 ad
1191 1549 1246 1570 eos
1263 1547 1309 1571 est
1324 1541 1451 1572 iustitia.

391 1583 423 1614 Si
447 1583 532 1613 enim
556 1590 602 1614 est
623 1582 741 1614 iustitia
765 1582 956 1623 simpliciter,
981 1593 1047 1613 non
1072 1589 1117 1614 est
1133 1583 1240 1624 aliquo
1265 1585 1374 1622 modo,
1399 1586 1453 1616 sed

391 1627 587 1667 simpliciter:
613 1634 644 1658 et
666 1627 692 1658 si
715 1626 823 1667 aliquo
847 1628 957 1664 modo,
983 1637 1048 1658 non
1072 1634 1119 1658 est
1142 1627 1334 1668 simpliciter.

446 1671 592 1702 Occurrit
614 1678 722 1702 autern
745 1671 880 1702 dubium
903 1671 1100 1712 simpliciter,
1125 1672 1199 1712 quia
1229 1672 1309 1703 inter
1332 1679 1454 1713 patrem

391 1722 421 1746 et
443 1715 556 1752 filium,
581 1722 616 1747 ut
639 1722 713 1746 sunt
728 1715 858 1756 quidam
881 1715 1037 1752 homines,
1062 1716 1198 1746 salvatur
1221 1717 1356 1756 perfecte
1373 1717 1452 1748 ratio

390 1760 482 1790 iusti:
521 1760 597 1800 quia
628 1761 765 1790 salvatur
794 1760 929 1800 perfecte
947 1760 1041 1791 -ratio
1074 1759 1206 1791 alietatis
1235 1761 1274 1791 ab
1307 1761 1453 1793 invicem.

389 1801 508 1835 Neuter
531 1804 626 1841 enim,
651 1810 687 1835 ut
709 1804 768 1840 sic,
794 1811 840 1835 est
863 1803 982 1845 aliquid
1006 1804 1145 1841 alterius,
1171 1805 1225 1835 sed
1248 1805 1381 1846 quilibet
1404 1806 1452 1837 sui

390 1848 510 1888 proprii
534 1858 601 1879 esse
624 1855 655 1879 et
683 1846 805 1889 operari
830 1854 884 1879 est.
906 1867 926 1871 —
949 1849 990 1879 Et
1013 1847 1227 1880 confirmatur.
1255 1850 1343 1886 Quia
1369 1849 1452 1881 filius

389 1892 484 1923 habet
505 1892 625 1933 aliquid
641 1893 730 1933 quod
752 1902 818 1922 non
841 1899 888 1923 est
906 1892 1011 1933 patris,
1036 1893 1212 1923 secundum
1235 1893 1319 1933 leges
1336 1893 1451 1931 civiles,

390 1943 425 1968 ut
448 1937 610 1976 peculium
642 1943 795 1968 castrense
811 1936 836 1967 *.
861 1936 902 1966 Et
931 1936 1072 1967 similiter
1095 1944 1203 1978 posset
1230 1947 1320 1978 agere
1343 1945 1452 1970 contra

389 1987 511 2021 patrem
534 1981 654 2012 ratione
670 1980 808 2011 enormis
832 1980 974 2012 iniuriae.
991 1998 1012 2004 —
1035 1981 1092 2012 Est
1114 1981 1210 2021 igitur
1232 1982 1312 2013 inter
1328 1992 1392 2019 eos,
1417 1990 1452 2014 ut

390 2031 464 2055 sunt
486 2025 617 2065 quidam
640 2025 795 2061 homines,
820 2024 941 2056 iustum
965 2025 1158 2066 simpliciter.

445 2069 497 2099 IV.
521 2070 571 2099 Ad
594 2070 656 2100 hoc
672 2069 786 2100 dicitur
801 2069 898 2109 quod,
925 2079 999 2100 cum
1022 2070 1060 2099 ab
1077 2069 1245 2100 Aristotele
1266 2078 1296 2101 et
1311 2073 1450 2102 Auctore

388 2114 469 2144 inter
485 2120 603 2153 patrem
629 2120 659 2144 et
675 2113 776 2144 filium
800 2120 931 2152 negatur
955 2113 1076 2144 iustum
1099 2114 1243 2144 absolute
1267 2122 1297 2145 et
1322 2115 1452 2155 ponitur

1509 351 1630 382 iustum
1652 352 1722 388 tale,
1747 352 1864 384 scilicet
1888 360 2064 392 paternum,
2091 362 2156 383 non
2180 359 2226 383 est
2248 363 2359 384 sensus
2381 355 2471 395 quod
2493 354 2573 387 inter

1509 402 1631 435 patrem
1643 402 1672 426 et
1683 395 1785 426 filium
1802 404 1836 427 ut
1848 396 1901 432 sic,
1914 403 2051 436 ponatur
2063 396 2123 427 tale
2132 397 2268 427 iustum:
2293 398 2348 428 sed
2358 397 2376 417 *
2391 398 2479 439 quod
2494 398 2574 430 inter

1509 439 1601 469 illum
1624 439 1790 470 hominem
1813 440 1868 480 qui
1892 447 1938 471 est
1961 447 2057 480 pater,
2079 447 2109 471 et
2131 440 2224 471 illum
2248 441 2303 481 qui
2327 447 2373 472 est
2395 441 2489 479 filius,
2507 453 2574 473 non

1510 489 1556 514 est
1578 483 1699 513 iustum
1723 484 1913 524 simpliciter,
1938 485 1993 514 sed
2016 484 2085 515 tale.
2112 485 2156 515 Ita
2177 485 2266 525 quod
2290 495 2355 515 non
2379 485 2573 517 intendimus

1510 526 1700 566 distinguere
1724 527 1839 567 duplex
1862 528 1983 558 iustum
2007 528 2087 559 inter
2110 537 2175 564 eos,
2200 529 2335 559 alterum
2359 536 2394 560 ut
2416 536 2463 560 est
2485 537 2574 570 pater

1509 578 1540 601 et
1561 570 1656 607 filius,
1681 578 1711 602 et
1735 572 1869 602 alterum
1893 579 1927 602 ut
1951 579 2025 602 sunt
2047 572 2178 613 quidam
2201 572 2364 603 homines:
2395 573 2451 603 sed
2473 574 2573 605 inten-

1510 615 1614 645 dimus
1638 625 1693 655 per
1715 615 1796 646 hanc
1812 615 2047 647 distinctionem
2064 616 2181 647 radices
2197 617 2399 658 rationesque
2421 617 2574 658 explicare

1510 659 1595 690 unde
1618 659 1764 698 provenit
1786 660 1874 700 quod
1897 660 1978 690 inter
2000 670 2055 690 eos
2078 660 2118 692 sit
2141 661 2190 691 ius
2213 661 2284 692 tale.
2309 661 2356 692 Ex
2371 671 2411 692 eo
2435 671 2574 703 namque

1509 703 1599 744 quod
1615 709 1689 733 sunt
1704 702 1851 734 homines
1866 703 2007 744 quidam,
2028 711 2074 735 est
2095 704 2176 736 inter
2192 715 2246 736 eos
2265 705 2331 736 ius:
2357 715 2395 736 ex
2410 715 2448 736 eo
2466 712 2574 736 autem

1510 747 1598 788 quod
1622 753 1696 777 sunt
1719 753 1806 786 pater
1822 754 1852 778 et
1874 746 1968 784 filius,
1985 747 2089 779 deficit
2110 749 2191 779 illud
2213 749 2263 780 ius
2279 749 2317 780 ab
2333 749 2478 781 absoluta
2497 750 2573 780 iuris

1509 791 1639 826 ratione,
1664 799 1694 821 et
1718 790 1943 822 determinatur
1963 791 2003 821 ad
2025 792 2096 828 tale,
2122 793 2239 824 scilicet
2261 800 2440 834 paternum.
2463 794 2505 825 Et
2522 793 2573 824 hic

1509 843 1555 866 est
1584 835 1698 876 planus
1728 844 1838 865 sensus
1864 835 1993 866 litterae.
2031 836 2098 866 Nec
2122 843 2168 867 est
2191 847 2295 868 sermo
2319 847 2385 868 non
2413 837 2571 868 formalis:

1509 880 1564 910 sed
1592 886 1680 919 pater
1703 885 1733 909 et
1761 878 1844 909 filius
1874 878 2030 910 rationem
2058 879 2221 911 insinuant
2243 881 2467 913 diminutivum
2497 882 2573 913 iuris

1509 925 1542 954 in
1564 923 1625 954 illis
1655 923 1814 963 personiS‚
1839 930 1869 953 et
1892 933 1958 953 non
1982 930 2101 954 arctant
2130 924 2170 955 ad
2193 931 2314 965 patrem
2343 932 2374 956 et
2395 925 2498 957 filium
2522 936 2573 956 ex—

1509 968 1603 999 clusis
1634 977 1747 998 eorum
1778 967 1930 1008 personis.
1968 967 2060 998 Unde
2090 971 2179 1007 patet'
2203 969 2293 1009 quod
2322 969 2449 1001 nullum
2477 976 2574 1001 restat

1509 1012 1644 1043 dubium
1677 1012 1717 1042 ad
1747 1011 1929 1047 hominem,
1961 1011 2051 1051 quod
2081 1021 2118 1041 ex
2147 1012 2233 1042 malo
2263 1012 2424 1045 intellectu
2453 1013 2573 1045 litterae

1509 1056 1677 1087 oriebatur.

1564 1100 1615 1130 Ad
1639 1099 1773 1130 dubium
1796 1106 1903 1130 autem
1927 1098 2110 1139 simpliciter
2133 1099 2247 1130 dicitur
2269 1100 2372 1141 quod,
2397 1110 2472 1132 cum
2492 1101 2574 1132 inter

1508 1144 1580 1175 illos
1596 1143 1652 1184 qui
1675 1150 1750 1174 sunt
1772 1149 1860 1183 pater
1883 1149 1914 1174 et
1926 1142 2011 1173 filius
2028 1153 2093 1174 non
2117 1143 2156 1174 sit
2170 1143 2290 1175 iustitia
2312 1143 2373 1175 nisi
2396 1145 2574 1176 secundum

1508 1188 1637 1229 aliquid,
1661 1187 1748 1218 verbi
1771 1187 1868 1227 gratia
1891 1188 2067 1218 secundum
2090 1188 2254 1227 peculium
2278 1194 2444 1224 castrense,
2467 1187 2518 1219 vel
2539 1188 2574 1220 in

1509 1232 1616 1273 aliquo
1635 1241 1719 1268 casu,
1734 1237 1813 1271 puta
1829 1231 1968 1262 enormis
1984 1231 2132 1268 iniuriae;
2157 1242 2194 1263 ex
2215 1232 2278 1263 hoc
2293 1231 2364 1273 ipso
2382 1238 2468 1273 patet
2484 1233 2574 1273 quod

1507 1276 1587 1307 inter
1610 1285 1665 1305 eos
1689 1285 1755 1305 non
1778 1282 1824 1306 est
1846 1274 1965 1306 iustitia
1988 1275 2181 1315 simpliciter,
2205 1277 2260 1307 sed
2283 1277 2460 1308 secundum
2484 1275 2572 1318 quid.

1564 1319 1626 1350 Sed
1641 1319 1718 1349 haec
1732 1319 1897 1359 responsio
1914 1329 1981 1349 non
1997 1326 2152 1351 consonat
2169 1320 2332 1361 principiis
2348 1320 2571 1352 conclusionis.

1507 1364 1619 1404 Neque
1643 1369 1770 1403 oportet
1789 1363 1878 1403 quod
1901 1362 1982 1393 inter
1997 1373 2221 1405 quoscumque
2244 1370 2291 1395 est
2312 1364 2441 1401 iustitia,
2464 1365 2504 1396 sit
2524 1365 2572 1396 iu-

1507 1407 1589 1438 stitia
1605 1406 1789 1447 simpliciter
1805 1407 1981 1437 secundum
2005 1407 2125 1439 omnia.
2148 1407 2329 1439 Dicendum
2343 1418 2418 1449 ergo
2435 1419 2472 1440 ex
2487 1409 2572 1449 pdn'-

1508 1451 1590 1492 cipio
1622 1451 1835 1482 conclusionis
1866 1457 1913 1482 est
1934 1451 2036 1492 quod,
2061 1452 2137 1492 quia
2159 1451 2205 1482 illi
2234 1452 2382 1483 homines
2410 1452 2466 1494 qui
2498 1459 2573 1486 sunt

1506 1502 1594 1536 pater
1617 1501 1647 1526 et
1669 1494 1753 1535 filius
1777 1505 1843 1525 non
1865 1495 1908 1526 ita
1931 1502 2005 1526 sunt
2028 1495 2141 1526 diversi
2156 1496 2235 1536 quin
2255 1495 2439 1537 simpliciter
2461 1503 2492 1528 et
2518 1497 2571 1528 ab·

1506 1540 1610 1570 solute
1640 1539 1702 1570 sint
1730 1546 1836 1570 totum
1866 1546 1897 1570 et
1919 1549 1991 1580 pars
2022 1537 2112 1582 (nam
2135 1550 2199 1570 una
2229 1551 2302 1580 pars
2329 1540 2439 1582 patris,
2462 1550 2572 1572 semen

1507 1583 1632 1620 scilicet,
1653 1584 1742 1624 quod
1761 1590 1808 1614 est
1830 1583 1919 1624 quod
1934 1583 1952 1603 *
1974 1593 2011 1614 ex
2030 1584 2203 1615 substantia
2232 1583 2329 1625 patris
2349 1584 2491 1616 decisum
2506 1591 2570 1624 est,

1507 1634 1553 1659 est
1571 1625 1684 1670 filius):
1702 1645 1722 1651 -
1738 1638 1774 1658 ac
1796 1637 1852 1668 per
1874 1628 1946 1664 hoc,
1962 1628 2086 1659 bonurn
2108 1628 2159 1659 vel
2177 1629 2301 1660 malum
2324 1628 2420 1660 unius
2442 1637 2510 1660 non
2524 1634 2573 1661 εει

1505 1672 1645 1703 alienum
1669 1682 1686 1702 a
1705 1672 1840 1713 reliqu0.
1863 1672 1906 1703 Et
1921 1671 2084 1712 peculium
2100 1672 2259 1714 siquidem
2274 1679 2439 1710 castrense,
2456 1683 2494 1704 ex
2508 1673 2572 1707 hoc

1505 1716 1576 1757 ipso
1593 1716 1682 1757 quod
1706 1723 1752 1747 est
1767 1716 1832 1753 filii,
1850 1723 1896 1747 est
1910 1716 2022 1756 patris:
2041 1716 2117 1758 quia
2140 1723 2187 1748 est
2205 1727 2281 1748 suae
2296 1717 2403 1758 partis.
2423 1717 2465 1749 Et
2479 1727 2571 1759 accu-

1505 1761 1584 1792 satio
1601 1761 1728 1791 alterius
1745 1770 1858 1791 eorum
1871 1760 1906 1790 in
1924 1761 2085 1801 reliquum
2099 1761 2270 1792 redundat:
2295 1761 2380 1792 unde
2397 1761 2423 1792 si
2439 1762 2569 1795 damua-

1504 1812 1590 1836 retur
1608 1804 1702 1841 filius,
1720 1815 1786 1835 non
1802 1811 1883 1835 esset
1898 1815 1916 1835 a
1932 1805 2136 1836 damnatione
2152 1812 2316 1836 extraneus
2332 1811 2432 1847 pater.
2451 1805 2494 1837 Et
2508 1805 2570 1837 hoc

1506 1849 1695 1890 experientia
1710 1855 1850 1880 testatur.
1874 1849 2007 1889 Propter
2022 1849 2085 1880 hoc
2107 1849 2194 1880 enim
2212 1849 2367 1881 Zaleucus
2382 1849 2408 1887 *,
2432 1849 2569 1888 Locren-

1505 1893 1590 1924 sium
1612 1893 1775 1934 princeps,
1799 1903 1874 1924 cum
1896 1892 1963 1923 filio
1997 1899 2130 1935 uterque
2153 1900 2235 1925 esset
2257 1894 2415 1925 eruendus
2438 1894 2568 1932 oculus}

1504 1938 1585 1968 inter
1601 1947 1633 1968 se
1649 1944 1680 1968 et
1694 1937 1798 1968 filium
1821 1936 1978 1968 eruendos
2015 1937 2121 1969 divisit
2155 1938 2267 1969 oculos
2281 1938 2309 1970 *.
2343 1938 2476 1978 Propter
2506 1937 2570 1972 hoe

1505 1992 1637 2023 quoque
1658 1981 1771 2017 David,
1788 1982 1895 2013 occiso
1917 1983 2026 2013 Arnon
2054 1983 2093 2013 ab
2121 1982 2293 2019 Absalom,
2316 1983 2476 2023 parcendo
2502 1982 2571 2018 Ab·

1505 2026 1625 2062 salom,
1656 2026 1715 2057 sibi
1738 2026 1799 2067 ipsi
1821 2025 1962 2067 pepercit
1975 2026 2003 2057 *.
2032 2027 2107 2058 Non
2137 2033 2184 2058 est
2212 2026 2324 2067 igitur,
2349 2026 2494 2058 absolute
2522 2026 2571 2060 lo.-
2595 2047 2607 2059 ⁸

1504 2070 1644 2111 quendo,
1664 2070 1745 2101 inter
1764 2077 1887 2110 patrem
1906 2077 1936 2101 et
1954 2069 2058 2102 filiurn
2078 2070 2200 2102 iustum
2223 2069 2413 2112 simpliciter,
2431 2080 2569 2112 quomo-

1505 2115 1687 2155 documque
1716 2122 1893 2146 sumantur.

2601 401 2611 412 ⁸
2625 401 2715 424 scfflcet
2726 402 2780 424 Pu.

2598 1589 2608 1599 ‘
2615 1590 2774 1618 «aq-odom.
2783 1590 2808 1613 Ρ.

2595 1852 2607 1864 ⁴*
2613 1850 2725 1875 Seleucus
2737 1851 2793 1874 Pan.

2731 1940 2794 1964 lux.

2596 1993 2725 2016 neman.
2733 1967 2795 2016 Dsscbt:

2595 2019 2643 2068 ”h
2651 2025 2792 2075 Ἢκηρ.

2595 2078 2643 2096 ΧΠ.

2595 1940 2715 1990 mn
