2860 4244
185 1356 195 1365 ¹⁵
211 1354 276 1376 Vers.
292 1361 322 1376 21.

185 1458 195 1467 ‘
210 1456 276 1477 Vers.
291 1461 323 1483 35.
333 1455 368 1483 36.

185 1879 194 1887 ⁸
207 1878 243 1899 Cf.
259 1879 304 1900 loc.
318 1878 357 1900 cit.
372 1878 394 1899 in

184 1911 244 1931 resp.

187 2303 198 2313 '⁵
212 2301 278 2323 Vei-s.
294 2307 322 2328 ¹5·

433 297 482 332 90

1107 283 1372 329 QUAESTIO
1403 283 1542 330 LXVI,
1572 284 1868 322 ARTICULUS
1897 286 1931 322 V

1093 421 1424 454 Commentario.
1449 421 1698 455 Garamans
1721 423 1920 458 Caietani

459 531 479 551 N
502 520 633 551 articulo
657 527 769 560 quarto
794 519 935 549 eiusdem
959 517 1272 558 sexagesimaesextae
1296 518 1491 559 quaestionis
1516 520 1518 524 ’

433 533 548 600 Inota,
573 564 605 594 in
630 573 760 603 corpore
784 562 919 598 articuli,
945 562 1033 602 quod
1056 572 1123 592 non
1146 569 1192 592 est
1215 562 1347 594 intentio
1371 561 1491 593 litterae

428 608 541 639 inferre
572 608 782 638 diversitatem
805 605 983 646 specificam
1006 605 1081 637 furti
1105 613 1135 636 et
1157 606 1284 646 rapinae
1311 616 1347 637 ex
1371 607 1491 637 diversa

428 652 634 692 dispositione
657 650 770 681 mentis
793 661 946 690 personae
969 651 1087 686 laesae,
1112 650 1223 682 accidit
1245 650 1332 681 enim
1361 658 1491 691 peccato
1517 655 1518 688 j

428 706 500 726 meo
524 695 794 735 qualitercumque
817 694 920 725 laesus
945 694 1132 735 disponatur
1154 695 1188 724 in
1210 702 1316 726 mente
1340 704 1412 726 sua:
1437 695 1492 725 sed
1518 710 1519 732 1

427 750 464 770 ex
483 740 600 769 diversa
616 738 735 769 ratione
753 738 866 769 obiecti
891 738 970 769 circa
986 739 1075 779 quod
1090 746 1240 770 versatur.
1265 740 1312 770 Ex
1326 739 1388 770 hoc
1403 749 1491 770 nam·

426 794 488 823 que
512 783 599 823 quod
623 782 737 813 iniuste
757 783 912 822 accipiens
936 782 1091 813 iniustum
1115 782 1197 819 facit,
1223 791 1308 823 patet
1331 783 1493 815 obiectum
1518 781 1519 806 3

426 827 614 866 acceptionis
632 826 800 867 utrobique
816 837 882 857 esse
898 827 1063 858 iniustum.
1082 827 1123 858 Et
1138 828 1214 868 quia
1228 828 1383 858 iniustum
1400 828 1492 858 alicui
1517 808 1519 860 Ι

1546 519 1662 550 claudit
1684 519 1717 550 in
1740 531 1773 551 se
1795 521 1949 552 rationem
1973 521 2178 552 involuntarii
2196 521 2252 558 illi,
2269 522 2344 562 quia
2363 523 2472 554 nullus
2485 524 2613 563 patitur

1517 597 1518 606 ³
1545 564 1697 594 iniustum
1714 565 1839 602 volens;
1862 575 2060 606 consequens
2076 572 2123 597 est
2141 573 2177 597 ut
2199 566 2377 596 secundum
2393 566 2549 597 diversam
2563 577 2612 598 ra-

1545 607 1666 638 tionem
1688 608 1893 640 involuntarii
1923 609 2171 641 diversificentur
2192 610 2300 641 iniusti
2324 610 2454 650 speeies.
2485 613 2532 643 Ac
2558 621 2614 652 per

1545 652 1616 687 hoc,
1633 653 1774 692 acceptio
1789 653 1906 684 iniusta
1919 654 2123 685 involuntarii
2139 664 2195 694 per
2209 654 2394 685 violentiam
2410 654 2614 695 distinguitur

1546 695 1648 735 specie
1672 697 1710 726 ab
1734 697 1916 737 acceptione
1938 698 2056 729 iniusta
2077 699 2282 730 involuntarii
2309 709 2365 739 per
2386 699 2612 739 ignorantiam.

1546 740 1586 770 Et
1617 740 1661 770 sic
1691 741 1927 773 constituuntur
1957 743 2038 773 duae
2067 741 2201 783 species:
2225 743 2343 774 scilicet
2370 743 2509 780 furtum,
2533 742 2612 774 acci-

1546 783 1664 858 pliendo
1688 785 1812 815 occulte
1836 786 1991 823 alienum
2016 793 2047 817 et
2075 787 2217 827 rapinae,
2242 787 2397 819 violenter
2427 787 2611 828 accipiendo

1547 838 1564 858 a
1578 838 1698 859 lenum·

1211 989 1532 1032 ARTICULUS
1564 989 1820 1043 QUINTUS

1059 1091 1215 1123 UTRUM
1239 1092 1423 1123 FURTUM
1446 1092 1614 1123 SEMPER
1638 1091 1704 1124 Sir
1728 1091 1968 1123 PECCATUM

544 1209 611 1251 ff<
636 1199 658 1224 D
684 1199 847 1229 QmNTUM
872 1199 925 1224 s1c
946 1199 1188 1225 PROCEDlTUR.
1209 1188 1371 1225 Videtur
1386 1189 1491 1237 quod

554 1229 605 1300 {30
636 1241 779 1277 furtum
809 1253 888 1277 non
908 1253 1061 1290 semper
1080 1241 1126 1277 sit
1149 1249 1365 1289 peccatum.
1396 1242 1490 1278 Nul—

460 1328 463 1340 ,
546 1313 553 1317 .
579 1290 715 1333 'f'lum
736 1294 836 1330 enirn
855 1301 1059 1342 peccatum
1077 1294 1175 1330 cadit
1194 1295 1265 1330 sub
1283 1302 1489 1343 praecepto

523 1348 529 1358 ¹
592 1337 784 1383 divino:
806 1346 942 1384 dicitur
958 1347 1059 1384 enim
1078 1347 1195 1384 Eccli.
1212 1359 1260 1384 xv
1273 1346 1311 1383 *ε
1332 1345 1492 1384 Nemini

423 1397 620 1433 mandavit
645 1400 757 1447 impie
776 1411 904 1449 agere.
935 1400 1013 1436 Sed
1041 1400 1148 1436 Deus
1167 1399 1357 1437 invenitur
1381 1412 1490 1449 prae-

424 1450 569 1498 cepisse
603 1451 766 1489 furtum:
806 1452 941 1489 dicitur
970 1452 1072 1490 enim
1100 1454 1289 1490 Exod.xu
1309 1453 1346 1490 *τ
1375 1454 1488 1490 Fece-

423 1509 513 1539 runt
517 1503 598 1550 filii
614 1505 738 1542 Israel
757 1505 853 1542 sicut
865 1512 1117 1555 praeceperat
1132 1507 1320 1543 Dominus
1342 1506 1488 1555 Moysi,

422 1562 459 1592 et
476 1561 492 1577 α
521 1557 811 1605 expoliaverunt
834 1559 1056 1609 Aegyptios.
1100 1560 1202 1607 Ergo
1238 1560 1379 1596 furtum
1409 1571 1488 1597 non

423 1621 577 1658 semper
606 1619 662 1648 est
687 1618 903 1660 peccatum.

478 1674 512 1699 2.
534 1663 770 1712 PRAETEREA,
799 1664 858 1701 ille
879 1665 944 1713 qui
971 1665 1118 1702 invenit
1146 1677 1228 1702 rem
1257 1677 1336 1702 non
1365 1677 1488 1711 suam,

423 1716 454 1752 si
483 1727 568 1753 eam
589 1717 761 1767 accipiat,
781 1717 935 1755 videtur
954 1719 1095 1755 furtum
1117 1718 1372 1756 committere:
1401 1717 1491 1767 quia

423 1768 559 1818 accipit
579 1783 659 1807 rem
686 1771 861 1808 alienam.
889 1771 966 1808 Sed
986 1772 1061 1808 hoc
1075 1771 1227 1809 videtur
1242 1784 1325 1808 esse
1345 1771 1488 1808 licitum

422 1823 634 1860 secundum
667 1826 876 1861 naturalem
904 1825 1150 1873 aequitatem;
1181 1833 1222 1861 ut
1250 1825 1400 1861 iuristae
1435 1823 1488 1861 di-

423 1882 511 1912 cunt
529 1876 560 1912 ⁹¹⁶.
590 1878 692 1924 Ergo
711 1877 864 1914 videtur
881 1878 985 1926 quod
1006 1878 1146 1914 furtum
1170 1890 1249 1915 non
1268 1889 1421 1926 semper
1444 1877 1489 1914 sit

424 1937 638 1977 peccatum.

477 1983 511 2019 3.
541 1983 783 2030 PRAETEREA,
813 1983 872 2019 ille
902 1983 966 2031 qui
995 1982 1132 2031 accipit
1159 1995 1241 2019 rem
1271 1995 1381 2020 suam
1410 1994 1489 2019 non

423 2035 574 2072 videtur
592 2048 773 2084 peccare:
804 2048 893 2072 cum
921 2048 1001 2072 non
1029 2043 1115 2084 agat
1138 2043 1270 2074 contra
1295 2036 1487 2083 iustitiam,

424 2088 530 2124 cuius
551 2089 819 2136 aequalitatem
841 2087 855 2118 β
880 2101 959 2126 non
980 2089 1083 2125 tollit.
1121 2089 1197 2126 Sed
1222 2089 1364 2126 furtum
1385 2101 1488 2126 com-

423 2141 582 2178 mittitur
603 2142 716 2178 etiam
746 2142 776 2179 si
805 2142 939 2189 aliquis
967 2154 1049 2178 rem
1079 2154 1186 2178 suam
1217 2143 1363 2179 occulte
1393 2143 1488 2179 acci-

422 2195 501 2243 piat
529 2196 576 2231 ab
598 2196 716 2232 altero
739 2195 931 2232 detentam
951 2195 1013 2232 vel
1041 2195 1280 2232 custoditam.
1311 2196 1414 2243 Ergo
1433 2195 1488 2232 vi-

425 2248 535 2285 detur
562 2249 668 2296 quod
699 2248 847 2296 ,furtum
886 2260 965 2285 non
1002 2260 1155 2298 semper
1192 2248 1238 2285 sit
1273 2255 1487 2297 peccatum.

479 2302 553 2338 SED
581 2313 728 2339 CONTRA
750 2313 816 2338 EST
836 2302 941 2350 quod
970 2301 1103 2339 dicitur
1121 2302 1245 2338 Exod.
1265 2313 1313 2338 xx
1327 2301 1367 2338 *ι
1396 2301 1488 2339 Non

420 2356 570 2402 furtum
586 2355 726 2404 facies,

478 2409 704 2446 RESPONDEO
741 2419 928 2444 mcENDUM
958 2407 1063 2455 quod
1096 2407 1127 2444 si
1155 2407 1239 2456 quis
1277 2407 1491 2444 consideret

424 2461 511 2498 furti
539 2462 748 2508 rationem,
779 2462 874 2498 duas
912 2461 1077 2497 rationes
1111 2460 1258 2509 peccati
1290 2460 1330 2497 in
1358 2472 1405 2496 eo
1433 2460 1490 2497 in-

424 2514 563 2552 veniet.
593 2515 723 2552 Primo
744 2513 910 2563 quidem,
931 2520 1088 2562 propter
1107 2513 1412 2550 contrarietatem
1440 2513 1490 2550 ad

423 2567 615 2616 iustitiam,
644 2580 742 2617 quae
770 2567 894 2604 reddit
920 2566 1124 2615 unicuique
1145 2566 1251 2615 quod
1278 2578 1391 2603 suum
1421 2573 1487 2603 est.

425 2621 474 2657 Et
502 2621 554 2658 sic
575 2622 716 2658 furtum
746 2620 907 2658 iustitiae
928 2619 1146 2668 opponitur,
1167 2620 1394 2668 inquantum
1413 2619 1489 2657 fur-

426 2682 505 2710 tum
535 2683 590 2712 est
618 2674 789 2723 acceptio
828 2674 879 2710 rei
914 2673 1071 2710 alienae.
1122 2673 1314 2719 Secundo,
1344 2671 1489 2709 ratione

426 2727 502 2764 doli
531 2740 599 2765 seu
627 2727 786 2774 fraudis,
816 2739 932 2775 quam
961 2726 1021 2763 fur
1049 2726 1252 2763 committit
1280 2727 1426 2763 occulte
1454 2733 1490 2762 et

425 2781 533 2830 quasi
563 2793 608 2818 ex
636 2779 780 2818 insidiis
808 2791 891 2816 rem
918 2779 1082 2816 alienam
1110 2779 1344 2828 usurpando.
1375 2778 1489 2816 Unde

425 2834 668 2872 manifestum
697 2841 752 2870 est
771 2834 878 2880 quod
898 2845 1013 2870 omne
1034 2833 1177 2869 furtum
1203 2840 1258 2869 est
1275 2840 1487 2881 peccatum.

478 2889 536 2924 An
565 2899 704 2925 PRIMUM
732 2898 830 2923 ERGO
859 2897 1045 2923 DICENDUM
1074 2885 1178 2934 quod
1207 2885 1379 2935 accipere
1406 2897 1489 2922 rem

426 2940 590 2978 alienam
617 2940 679 2977 vel
707 2940 853 2976 occulte
872 2939 935 2976 vel
964 2938 1164 2976 manifeste
1194 2938 1414 2976 auctoritate
1433 2939 1490 2975 iu-

427 2993 518 3029 dicis
547 2995 622 3030 hoc
643 2992 889 3039 decernentis,
920 3004 999 3029 non
1029 2999 1084 3029 est
1112 2992 1274 3029 furtum:
1305 2991 1393 3040 quia
1410 2991 1488 3029 iam

427 3045 470 3082 fit
497 3046 567 3083 sibi
597 3045 767 3083 debitum
795 3057 863 3093 per
890 3046 965 3082 hoc
994 3045 1098 3093 quod
1127 3045 1393 3082 sententialiter
1420 3045 1490 3082 sibi

428 3106 484 3135 est
512 3097 783 3136 adiudicatum.
812 3097 924 3134 Unde
953 3098 1074 3134 multo
1105 3098 1232 3135 minus
1260 3098 1403 3135 furtum
1423 3098 1491 3135 fuit

428 3151 534 3200 quod
561 3151 627 3188 filii
657 3151 771 3187 Israel
797 3150 962 3186 tulerunt
989 3150 1109 3198 spolia
1136 3151 1415 3198 Aegyptiorum
1441 3151 1490 3188 de

428 3212 634 3253 praecepto
662 3202 819 3241 Domini
852 3203 927 3239 hoc
956 3202 1192 3239 decernentis
1220 3215 1291 3251 pro
1319 3203 1491 3240 afflictio-

429 3258 540 3294 nibus
561 3257 699 3306 quibus
726 3255 902 3304 Aegyptii
931 3267 997 3292 eos
1023 3255 1102 3292 sine
1128 3267 1242 3292 causa
1267 3255 1489 3293 afflixerant.

481 3423 508 3454 α)
521 3423 646 3447 et.-Om.
657 3422 874 3454 ABCEFGHKm
889 3430 936 3455 pro
954 3422 1169 3454 expoliaverunt,
1185 3422 1442 3454 expoliaveruntque
1455 3422 1488 3448 G.

482 3457 507 3490 β)
526 3459 723 3490 aequalitatem.
736 3471 756 3478 -
773 3458 934 3490 aequitatem
953 3459 1000 3483 Pa.

481 3494 507 3527 γ)
526 3493 584 3518 sibi.
597 3507 616 3512 -
634 3501 679 3518 eas
698 3493 795 3518 addunt
814 3494 883 3518 PDa.

1543 1189 1592 1225 Et
1619 1189 1707 1226 ideo
1731 1188 1923 1236 signanter
1949 1188 2086 1226 dicitur
2109 1188 2197 1236 Sap.
2218 1199 2242 1224 x
2260 1187 2300 1224 *τ
2330 1187 2427 1224 Iusti
2446 1187 2614 1225 tulerunt

1541 1241 1663 1289 spolia
1691 1242 1906 1289 impiorum.
1958 1251 1961 1255 ⁴

1596 1295 1655 1330 An
1675 1305 1867 1332 SECUNDUM
1889 1305 2076 1331 meai-{DUM
2096 1293 2200 1343 quod
2225 1292 2324 1330 circa
2348 1305 2408 1330 res
2431 1292 2609 1333 inventas

1544 1353 1599 1383 est
1614 1346 1936 1394 distinguendum.
1954 1346 2159 1393 Quaedam
2175 1345 2278 1383 enim
2294 1353 2382 1383 sunt
2396 1357 2496 1394 quae
2512 1357 2609 1384 nun-

1542 1411 1661 1448 quam
1677 1399 1830 1437 fuerunt
1842 1399 1881 1436 in
1896 1399 2009 1436 bonis
2027 1399 2200 1446 alicuius,
2214 1398 2313 1436 sicut
2324 1399 2440 1448 lapilli
2455 1407 2491 1437 et
2505 1411 2610 1448 gem-

1542 1464 1629 1489 mae
1657 1464 1758 1501 quae
1786 1452 2034 1490 inveniuntur
2061 1452 2100 1489 in
2129 1451 2252 1489 littore
2279 1453 2414 1489 marist
2457 1460 2494 1490 et
2521 1451 2611 1491 talia

1542 1506 1745 1554 occupanti
1765 1506 2030 1543 conceduntur
2047 1504 2079 1542 *.
2116 1505 2166 1541 Et
2193 1504 2332 1542 eadem
2352 1504 2447 1542 ratio
2477 1510 2534 1542 e'st
2556 1505 2613 1555 de

1541 1559 1727 1596 thesauris
1764 1559 1920 1608 antiquo
1953 1565 2129 1607 tempore
2158 1558 2229 1595 sub
2264 1565 2364 1595 terra
2401 1557 2598 1601 occuitati's

1543 1624 1710 1661 quorum
1746 1625 1826 1650 non
1863 1619 1920 1649 est
1956 1612 2092 1659 aliquis
2127 1623 2350 1659 possessor:
2395 1607 2466 1651 nisi
2502 1587 2613 1662 quod

1543 1665 1757 1703 secundum
1790 1666 1891 1713 leges
1920 1664 2048 1702 civiles
2080 1671 2230 1716 tenetur
2260 1664 2438 1702 inventor
2464 1663 2613 1707 medie-⁴

1542 1725 1659 1755 tatem
1681 1719 1770 1756 dare
1793 1718 1951 1756 domino
1972 1717 2063 1766 agri,
2085 1716 2116 1754 si
2135 1718 2173 1754 in
2196 1717 2321 1755 alieno
2342 1729 2434 1765 agro
2453 1717 2613 1759 invene-

1543 1771 1591 1808 rit
1608 1771 1644 1818 *3
1669 1779 1825 1821 propter
1848 1770 1954 1820 quod
1972 1771 2011 1807 in
2035 1771 2219 1820 parabola
2242 1770 2442 1818 Evangelii
2460 1770 2608 1822 dieitur,

1543 1825 1677 1862 Matth.
1703 1824 1815 1871 xi11*‚
1838 1824 1886 1861 de
1914 1824 2113 1861 inventore
2142 1824 2310 1861 thesauri
2334 1823 2546 1862 absconditi
2567 1825 2609 1862 in

1542 1889 1653 1927 agro,
1674 1878 1780 1926 quod
1801 1878 1890 1914 emit
1906 1889 2060 1926 agrum,
2081 1877 2190 1924 quasi
2208 1885 2251 1914 ut
2267 1877 2427 1914 haberet
2445 1877 2503 1914 ius
2519 1889 2610 1927 pos-

1542 1930 1691 1968 sidendi
1725 1938 1848 1968 totum
1876 1931 2110 1967 thesaurum.
2130 1949 2154 1957 -
2185 1930 2388 1976 Quaedam
2415 1941 2511 1967 vero
2550 1942 2610 1968 res

1542 1983 1720 2021 inventae
1748 1984 1901 2021 fuerunt
1929 1983 1975 2020 de
2005 1982 2224 2032 propinquo
2251 1982 2290 2019 in
2310 1982 2467 2020 alicuius
2485 1983 2608 2021 bonis.

1542 2038 1592 2074 Et
1610 2045 1712 2084 tunc,
1732 2037 1764 2074 si
1783 2037 1868 2086 quis
1888 2048 1953 2074 eas
1973 2035 2135 2085 accipiat
2158 2047 2238 2073 non
2258 2035 2389 2073 animo
2410 2035 2610 2085 retinendi,

1542 2090 1610 2127 sed
1630 2090 1759 2127 animo
1781 2089 2000 2127 restituendi
2028 2088 2198 2135 domino,
2219 2088 2284 2137 qui
2304 2101 2367 2126 eas
2386 2101 2458 2137 pro
2478 2089 2611 2127 dereli-

1542 2143 1609 2180 ctis
1629 2155 1707 2180 non
1726 2143 1853 2189 habet,
1869 2155 1947 2180 non
1968 2141 2170 2179 committit
2188 2142 2343 2179 furtum.
2373 2142 2423 2179 Et
2440 2141 2612 2182 similitor
2855 2147 2860 2187 ἶ

1541 2197 1572 2233 si
1595 2209 1665 2247 pro
1689 2195 1875 2233 derelictis
1902 2196 2126 2242 habeantur,
2152 2202 2188 2232 et
2214 2195 2291 2232 hoc
2319 2195 2449 2237 credat
2467 2187 2611 2248 W
2852 2189 2860 2225 4¹-

1542 2257 1613 2298 tor,
1634 2249 1721 2286 licet
1748 2249 1818 2286 sibi
1837 2254 1853 2277 Υ
1882 2248 2053 2296 retineat,
2077 2260 2157 2286 non
2185 2248 2388 2286 committit
2414 2239 2608 2291 furtum&
2637 2285 2647 2297 ,
2734 2261 2752 2287 τ
2775 2287 2780 2292 ,

1541 2303 1645 2340 Alias
1674 2310 1803 2340 autern
1833 2301 2079 2339 committitur
2097 2308 2300 2350 peccatum
2332 2301 2418 2339 furti
2434 2300 2484 2340 *ς’
2637 2286 2851 2362 ὒᾞ-κὶῗῖϊῖζ

1541 2355 1776 2404 Augustinus
1797 2355 1897 2402 dicit,
1913 2355 1951 2392 in
1970 2354 2139 2404 quadam
2158 2354 2316 2392 homilia
2334 2353 2367 2402 ²¹⁸,
2391 2361 2428 2392 et
2446 2355 2612 2393 habena·
2637 2340 2824 2416 ΜἭῗῖῑᾰὲ

1542 2409 1642 2456 XIV,
1665 2421 1729 2457 qu.
1753 2421 1778 2445 v
1795 2408 1836 2445 *z
1868 2409 1911 2445 Si
1936 2408 2029 2457 quid
2043 2408 2218 2445 invenisti
2243 2413 2280 2446 et
2301 2419 2378 2445 non
2406 2407 2611 2454 reddidisti,-
2635 2391 2793 2469 {32⁰3}

2635 1198 2647 1210 ⁸
2661 1197 2728 1220 Vere.
2742 1205 2774 1226 ¹9.

2635 1518 2684 1541 ‘Di
2702 1519 2737 1546 .1‚
2751 1524 2802 1545 vni,
2821 1518 2850 1541 de

2634 1571 2692 1594 Iut-
2699 1559 2706 1568 ”
2715 1551 2808 1603 latri?
2819 1551 2850 1593 ¹'ite'

2634 1603 2715 1621 reum
2727 1597 2806 1626 deme„
2817 1598 2850 1620 18.

2635 1782 2647 1794 ⁸
2655 1781 2722 1810 lim„
2733 1782 2779 1804 loe.
2794 1782 2848 1810 cit„

2669 1808 2860 1862 ‘fflafr’fz'u

2634 1863 2647 1875 ⁸
2659 1861 2728 1884 Vera.
2741 1868 2783 1890 44.

1542 2462 1711 2510 rapuisti.
2579 2467 2610 2487 ‹·³
2635 2461 2841 2500 mximam*

1594 2516 1654 2551 An
1673 2525 1835 2551 TERTuJM
1859 2525 2045 2551 Diei-:Noun
2065 2513 2171 2561 quod
2194 2513 2254 2551 ille
2275 2512 2339 2562 qui
2361 2512 2494 2551 furtim
2508 2513 2610 2553 acci-
2634 2499 2849 2575 ξεὲ-ζέζὲςῧῧὶαω.

1541 2566 1595 2616 pit
1622 2579 1703 2604 rem
1734 2579 1843 2604 suam
1871 2566 1976 2615 apud
1997 2565 2115 2603 alium
2135 2565 2363 2615 depositam,
2393 2573 2527 2614 gravat
2542 2565 2610 2607 de-

1542 2620 1786 2669 positarium:
1825 2620 1916 2668 quia
1947 2626 2098 2658 tenetur
2123 2619 2174 2657 ad
2193 2619 2471 2657 restituendum
2489 2616 2515 2668 ἃ,
2543 2620 2609 2657 vel
2734 2627 2750 2653 a

1543 2673 1592 2710 ad
1621 2673 1904 2710 ostendendum
1940 2685 1981 2710 se
2011 2684 2094 2710 esse
2121 2671 2333 2710 innoxium.
2381 2672 2494 2711 Unde
2526 2684 2609 2712 ma-
2688 2688 2689 2691 ¹

1542 2723 1721 2764 nifesturn
1741 2734 1797 2764 est
1816 2726 1921 2775 quod
1948 2733 2101 2775 peceat:
2131 2733 2168 2762 et
2186 2733 2335 2763 tenetur
2357 2725 2407 2762 ad
2434 2725 2609 2766 releviu—

1543 2779 1636 2816 dum
1675 2791 1886 2827 gravamen
1923 2777 2151 2828 depositarii.
2177 2799 2201 2806 —
2231 2778 2309 2826 Qui
2345 2791 2441 2816 vero
2478 2777 2610 2819 furtim

1542 2832 1678 2881 accipit
1705 2844 1787 2869 rem
1814 2843 1924 2870 suam
1952 2831 2055 2881 apud
2084 2831 2202 2870 aliurn
2234 2831 2371 2869 iniuste
2401 2831 2607 2880 detentam,

1541 2893 1675 2934 peccat
1698 2885 1866 2935 quidem,
1887 2897 1966 2923 non
1985 2885 2077 2934 quia
2095 2892 2227 2933 gravet
2251 2897 2342 2922 eum
2362 2884 2428 2933 qui
2446 2884 2607 2925 detinet:

1543 2946 1579 2975 et
1596 2938 1684 2976 ideo
1704 2951 1783 2976 non
1803 2945 1953 2976 tenetur
1966 2939 2016 2976 ad
2030 2938 2308 2976 restituendum
2323 2937 2466 2987 aliquid
2479 2938 2544 2976 vel
2558 2937 2609 2979 ad

1542 2991 1939 3041 recompensandum:
1957 3011 1983 3020 -
2012 2991 2080 3029 sed
2107 2998 2242 3041 peccat
2273 2998 2407 3029 contra
2433 2999 2608 3031 commue-

1542 3056 1632 3083 nem
1667 3045 1866 3092 iustitiam,
1897 3044 1991 3082 dum
2019 3045 2101 3095 ipse
2133 3044 2204 3083 sibi
2241 3051 2400 3094 usurpat
2435 3043 2609 3085 suae-rei

1543 3097 1737 3145 iudicium,
1765 3097 1856 3135 iuris
1885 3097 2018 3135 ordine
2045 3097 2328 3147 praetermisso.
2361 3098 2411 3135 Et
2436 3096 2526 3137 ideo
2553 3102 2607 3139 te-

1542 3158 1653 3187 netur
1671 3152 1756 3188 Deo
1776 3155 1788 3172 ⁸
1814 3150 2043 3197 satisfacere,
2073 3158 2110 3188 et
2136 3150 2226 3188 dare
2252 3162 2412 3199 operam
2440 3157 2483 3188 ut
2495 3158 2608 3189 sunn-
2734 3169 2745 3185 ε

1544 3203 1674 3240 dalum
1701 3203 1982 3252 proximorum,
2012 3203 2043 3240 si
2070 3203 2159 3240 inde
2188 3211 2363 3241 exortum
2391 3203 2522 3251 fuerit,
2544 3215 2607 3242 se-

1546 3256 1668 3293 detur.

1595 3421 1620 3455 δ)
1640 3423 1842 3448 restituendum.
1854 3435 1873 3443 ·-·
1889 3430 1948 3448 eam
1967 3423 2064 3449 addunt
2082 3424 2135 3449 PD.

1596 3457 1618 3490 ε)
1639 3458 1706 3483 Deo.
1718 3471 1736 3477 -
1754 3458 1787 3483 de
1805 3465 1836 3483 eo
1855 3458 1912 3483 GH.
