2860 4244
6 603 8 605 >
44 591 55 602 ⁸
83 590 118 612 ef
155 590 253 612 Aristot.

44 616 120 639 Eenic.
152 616 192 638 lib.

44 648 128 693 ἓψὴῖἰ
137 648 230 691 ιὲἑιῖῗι.

16 1579 18 1582 ’
42 1586 213 1607 ,irritandam

26 1622 29 1624 >
135 1612 201 1632 ,Ἰιιι

24 2246 26 2250 ,
39 2237 56 2247 x

42 2261 98 2284 oe
106 2262 202 2291 nep-⁶1.
212 2263 253 2285 ab.

40 2313 254 2391 ᾙὶΐἨὲέ

22 3357 29 3364 ·
38 3375 50 3381 ¹
65 3351 123 3381 Gap.
137 3359 200 3375 xxiv.

893 288 1158 335 QUAESTIO
1188 289 1436 335 LXXXVIII,
1464 288 1760 326 ART1CULUS
1790 289 1840 325 VI

335 365 373 396 V.
395 365 447 398 Ad
462 365 557 397 huius
573 365 773 402 evidentiam,
788 366 893 406 primo
909 366 1072 399 sciendum
1089 373 1135 396 est
1153 367 1241 407 quod
1260 366 1339 397 inter
1365 373 1367 380 ’
1393 364 1510 398 ctione:
1534 367 1624 407 quod
1648 367 1776 407 quando
1800 367 1833 397 in
1856 373 1933 397 voto
1958 372 2032 397 sunt
2055 366 2136 396 duae
2159 366 2402 406 promissiones,
2428 366 2453 396 si

280 416 444 450 praecepta
467 409 543 449 Iegis
559 417 590 440 et
605 416 679 440 vota
702 417 748 440 est
771 410 989 441 convenientia
1012 410 1188 440 secundum
1207 410 1339 452 aliquid,
1365 426 1366 430 =
1393 411 1562 452 promissio
1592 420 1674 451 quae
1696 410 1811 442 dicitur
1832 410 1963 442 materia
1984 409 2050 441 voti
2080 410 2256 440 secundum
2279 419 2312 440 se
2336 410 2454 450 obligat

281 459 312 485 et
334 452 506 485 differentia
529 454 704 486 secundum
727 454 857 495 aliquid.
889 453 1093 485 Conveniunt
1120 453 1276 495 siquidem
1306 453 1338 484 in
1365 436 1367 490 i,
1392 454 1432 485 ad
1450 454 1593 491 mortale,
1617 461 1693 488 tunc
1716 461 1925 495 transgressor
1938 453 2005 484 voti
2028 460 2136 494 peccat
2160 461 2268 484 contra
2282 461 2405 490 votum,
2423 461 2454 484 et

281 496 343 527 hoc
366 496 455 538 quod
478 504 544 527 tam
565 497 722 539 praecepti
746 507 844 539 quam
867 497 934 528 voti
957 497 1086 529 materia
1109 504 1155 528 est
1177 505 1264 528 actus
1281 498 1340 528 vir·
1365 495 1366 532 i
1393 505 1501 529 contra
1523 497 1629 535 fidem,
1655 505 1685 528 et
1707 498 1838 529 ulterius
1862 505 1971 529 contra
1989 497 2076 528 illam
2092 498 2250 534 virtutem,
2274 497 2349 538 quia
2365 504 2453 528 actus

280 540 370 571 tutis:
395 540 545 581 praecipit
567 541 724 582 siquidem
746 542 796 572 lex
819 551 900 582 quae
925 548 1000 572 sunt
1020 540 1168 579 iustitiae,
1193 551 1340 572 mansue·
1364 540 1367 579 ᾗ
1393 541 1568 582 promissus
1592 549 1657 572 erat
1679 542 1872 572 necessarius
1895 542 1934 572 ad
1957 541 2115 572 virtutem.
2148 541 2191 573 Ut
2217 547 2302 582 patet
2331 541 2357 571 si
2381 541 2452 582 quis

2376 291 2446 325 251

217 615 255 664 ,vl
280 628 357 661 teria
379 629 538 668 praecepti
557 635 603 660 est
625 633 713 661 actus
729 629 920 661 necessarius
943 629 983 660 ad
1005 629 1164 665 virtutem,
1189 630 1255 660 sine
1272 639 1339 670 quo

280 584 409 621 tudinis,
425 585 660 625 temperantiae,
675 592 733 616 etc.
744 585 763 604 *
785 585 942 616 Differ-unt
955 595 1031 616 vero
1046 585 1078 615 in
1094 585 1156 615 hoc
1170 586 1258 626 quod
1275 591 1340 616 ma-

281 672 397 704 scilicet
418 672 516 703 virtus
538 672 653 703 salvari
675 672 802 714 nequit:
827 672 891 703 sive
906 673 965 704 ista
981 673 1148 705 necessitas
1172 673 1211 704 sit
1235 683 1272 705 ex
1286 683 1340 704 nav-

280 723 350 756 tura
365 723 452 747 actus
467 716 621 752 absolute,
638 723 673 747 ut
689 723 775 756 patet
790 717 828 747 de
844 716 1055 750 honoratione
1075 724 1242 758 parentum
1258 714 1339 759 (sine

281 770 317 790 ea
331 760 577 801 siquidem'non
601 766 708 801 potest
730 760 840 792 salvari
865 759 988 803 pietas),
1005 768 1035 792 et
1055 762 1093 791 de
1117 761 1212 797 furto,
1235 760 1339 792 horni-

281 803 374 839 cidio,
397 803 563 840 adulterio,
580 809 650 842 etc.,
675 813 748 835 cum
765 805 881 844 quibus
905 815 970 835 non
987 812 1047 836 stat
1060 805 1177 841 virtus;
1202 804 1265 835 sive
1280 804 1340 835 ista

281 847 454 878 necessitas:
469 846 514 878 sit,
531 857 569 878 ex
591 848 751 887 positione
773 849 861 889 legis,
885 856 920 880 ut
944 856 1030 889 patet
1052 849 1090 879 de
1115 847 1340 879 coniunctione

281 891 397 924 camum
418 901 493 922 cum
515 891 757 932 consanguineis
778 893 829 924 vel
851 892 997 926 affinibus
1011 893 1044 924 in
1059 893 1200 930 secundo
1223 899 1254 923 et
1272 891 1340 923 aliis

280 935 442 976 gradihus&
466 942 511 967 est
534 936 621 966 enirn
642 936 828 967 huiusmodi
843 937 1028 968 abstinentia
1042 936 1214 979 necessaria
1231 936 1272 965 ad
1291 945 1339 975 ca-

280 979 417 1014 stitatem
441 989 507 1011 non
530 990 567 1010 ex
590 987 702 1011 natura
723 988 811 1012 actus
834 988 865 1012 et
887 981 1020 1017 virtutis,
1045 987 1080 1012 ut
1102 987 1187 1020 patet
1210 978 1243 1018 in
1261 979 1340 1010 anti-

280 1033 420 1064 quorum
435 1023 549 1054 sanctis
565 1023 773 1055 matrimoniis
789 1025 823 1056 in
837 1024 951 1055 talibus
966 1024 1124 1065 gradibus,
1141 1023 1196 1054 sed
1212 1033 1248 1053 ex
1263 1023 1340 1063 legis

281 1066 552 1099 determinatione.
575 1067 617 1098 Et
638 1068 740 1098 simile
759 1075 806 1099 est
828 1069 866 1099 de
882 1068 1000 1099 ieiunio
1024 1075 1167 1109 respectu
1182 1067 1339 1098 abstinen-

280 1111 355 1148 tiae,
379 1111 568 1142 extractione
591 1112 769 1143 homicidae
793 1113 831 1142 de
855 1113 983 1143 ecclesia
1005 1119 1147 1152 respectu
1171 1111 1340 1151 sacrilegii,

281 1162 313 1187 et
333 1155 403 1187 aliis
426 1155 595 1190 eiusmodi.
616 1156 746 1187 Materia
767 1166 843 1187 vero
865 1157 933 1188 voti
956 1163 1002 1187 est
1025 1163 1112 1187 actus
1135 1165 1340 1196 supereroga-

280 1199 385 1230 tionis.
409 1200 475 1230 Nec
498 1209 534 1230 ex
556 1207 633 1231 voto
656 1199 692 1230 fit
713 1200 782 1230 talis
805 1207 893 1230 actus
916 1200 1107 1232 necessarius
1130 1200 1170 1231 ad
1192 1200 1340 1231 virtutem

281 1243 387 1286 illam,
411 1243 575 1294 quoniam
589 1251 700 1277 votum
725 1254 789 1275 non
813 1243 938 1285 respicit
965 1243 1113 1275 virtutem
1136 1243 1221 1277 illam
1247 1251 1282 1275 ut
1304 1242 1340 1273 fi-

281 1279 680 1327 nem,sicut1ex,cuius
703 1295 750 1318 est
773 1281 872 1318 facere
905 1288 1050 1318 homines
1079 1287 1254 1319 virtuosos:
1286 1289 1340 1318 sed

281 1330 317 1362 fit
345 1339 383 1361 ex
404 1337 482 1362 voto
509 1310 581 1361 talis
605 1338 692 1362 actus
717 1332 908 1362 necessarius
936 1332 975 1362 ad
998 1332 1146 1363 virtutem
1169 1331 1339 1372 religionis

223 1386 229 1394 Α
281 1382 319 1406 οι
333 1374 418 1405 hoc'
409 1376 585 1418 ipsoquod
595 1376 775 1407 <assumitur
791 1382 826 1407 ut
844 1376 974 1407 materia
988 1376 1065 1408 voti.
1090 1376 1134 1407 Ita
1150 1376 1238 1417 quod
1253 1383 1341 1407 actus

259 1418 565 1459 m‘p‘ffifflssus,
589 1426 667 1460 puta
689 1419 827 1451 ieiunare
849 1421 990 1457 sabbato,
1011 1420 1066 1461 qui
1090 1427 1154 1451 erat
1177 1430 1340 1460 superero-

280 1462 416 1505 gationis
439 1469 583 1503 respectu
605 1464 765 1504 operantis
787 1471 818 1496 et
840 1465 963 1496 virtutis
985 1464 1070 1495 illius
1092 1465 1132 1494 ad
1153 1474 1251 1505 quem
1273 1475 1341 1505 spe-

281 1513 344 1543 ctat
377 1515 465 1539 actus
494 1507 566 1543 ille,
589 1514 667 1548 puta
689 1508 846 1545 ieiunare,
871 1507 971 1539 factus
1002 1515 1048 1539 est
1071 1518 1108 1538 ex
1138 1507 1168 1538 vi
1197 1507 1264 1539 voti
1287 1517 1340 1539 ne-

281 1550 432 1586 cessarius
454 1557 598 1591 respectu
613 1552 772 1592 operantis
794 1559 825 1582 et
838 1558 980 1593 respectu
996 1551 1167 1592 religionis,
1190 1551 1279 1582 cuius
1295 1558 1342 1582 est

280 1599 395 1626 vovere
418 1601 449 1626 et
471 1595 600 1626 reddere
621 1602 711 1626 vota:
742 1602 772 1626 et
795 1605 861 1626 non
884 1602 930 1627 est
956 1595 1056 1627 factus
1080 1595 1271 1626 necessarius
1294 1605 1340 1626 re-

281 1644 391 1689 spectu
411 1639 498 1670 'illius
520 1639 643 1670 virtutis
667 1639 757 1670 cuius
778 1646 867 1670 actus
895 1639 1034 1670 ieiunare
1057 1646 1118 1676 est,
1143 1647 1220 1680 puta
1248 1640 1341 1670 absti-

281 1683 497 1715 nentiae.1ta
526 1683 615 1724 quod
646 1684 727 1715 sicut
761 1686 965 1724 praeceptum
1001 1683 1142 1724 positum
1173 1684 1342 1715 substernit

278 1733 390 1764 netum
410 1726 520 1758 ieiunii
543 1727 650 1768 virtuti
672 1727 876 1759 abstinentiae
898 1734 1051 1769 tanquam
1067 1727 1278 1758 necessarium
1302 1728 1340 1758 ad

278 1770 377 1815 illam,
384 1777 426 1812 et
445 1778 612 1812 propterea
630 1770 800 1811 frangens
792 1772 947 1803 ieiunium
962 1771 1121 1803 Ecclesiae
1139 1778 1248 1812 peccat
1266 1782 1340 1803 con-

280 1807 328 1846 tia
350 1813 579 1851 abstinentiam,
603 1822 634 1847 et
656 1825 723 1846 non
747 1821 855 1846 contra
878 1814 1090 1847 obedientiam
1113 1815 1294 1867 formaliter,
1315 1816 1342 1846 si

278 1855 372 1890 &eit
384 1863 605 1899 contemptus;
628 1859 670 1890 ita
693 1867 806 1891 votum
829 1859 999 1891 substernit
1021 1867 1126 1891 actum
1149 1860 1259 1890 ieiunii
1280 1860 1340 1891 vir-

277 1900 342 1935 tuti
364 1902 524 1942 religionis
546 1910 698 1944 tanquam
723 1904 933 1935 necessarium
951 1905 991 1934 ad
1007 1904 1104 1941 illam,
1121 1910 1151 1934 et
1174 1911 1340 1944 propterea

280 1946 429 1987 {tangens
442 1946 598 1979 ieiunium
612 1947 758 1979 votivum
773 1955 882 1988 peccat
897 1955 1006 1980 contra
1020 1948 1216 1989 religionem,
1229 1955 1260 1979 et
1274 1959 1340 1979 non

282 1997 405 2031 contra
415 1991 636 2023 abstinentiam
662 1991 853 2029 formaliter,
877 1992 902 2023 si
926 1992 1006 2023 desit
1028 1992 1226 2033 superfluitas
1249 1993 1341 2033 gulae

282 2034 433 2076 opposita
455 2035 670 2066 abstinentiae.

338 2078 512 2111 Sciendum
526 2079 676 2118 secundo,
700 2081 793 2131 quod
811 2080 892 2111 sicut
914 2071 1083 2122 promissio
1108 2080 1188 2111 facta
1203 2081 1272 2111 Deo
1297 2087 1343 2111 est

278 2128 376 2154 actus
386 2122 558 2163 religionis,
581 2123 624 2154 ita
646 2124 816 2165 promissio
840 2124 921 2155 facta
943 2124 1066 2155 homini
1089 2132 1136 2155 est
1158 2131 1246 2155 actus
1269 2124 1342 2156 fidei

275 2167 364 2208 ἢὶιεὲ
381 2171 445 2198 ‘est
455 2167 553 2198 virtus
568 2168 707 2199 moralis.
731 2169 773 2199 Et
794 2167 875 2200 ratio
885 2169 923 2199 i‘n
938 2174 1091 2209 promptu
1108 2176 1171 2199 est:
1194 2169 1269 2210 quia
1285 2170 1342 2199 sci-

277 2209 372 2246 hcet.
377 2210 520 2244 eiusdem
539 2211 664 2246 virtutis
688 2219 735 2243 est
756 2213 940 2252 promittere
962 2220 994 2245 et
1016 2211 1144 2244 reddere
1169 2213 1341 2254 promissa;

278 2261 328 2289 “t
348 2255 438 2291 enim
459 2254 549 2294 fides,
572 2262 608 2287 ut
630 2256 758 2287 Tullius
772 2256 790 2275 *
812 2264 844 2288 et
865 2256 1064 2307 Augustinus
1079 2257 1113 2276 **
1135 2257 1254 2293 dicunt,
1277 2267 1341 2298 qua

269 2298 364 2340 fiunt
385 2299 478 2330 dicta.
503 2296 591 2331 Fidei
613 2299 709 2340 igitur
731 2307 819 2333 actus
842 2307 888 2331 est
911 2300 1094 2341 promittere
1117 2300 1250 2331 homini.
1280 2301 1341 2332 Sed

279 2342 434 2384 quoniam
456 2343 547 2373 valde
570 2343 690 2374 diversa
714 2351 788 2375 sunt
814 2354 896 2386 quae
920 2344 1074 2395 contingit
1096 2345 1260 2376 hominem
1284 2345 1342 2375 ho-

276 2385 358 2417 mini
381 2387 580 2426 promittere,
604 2388 734 2418 materia
756 2388 977 2428 promissionis
1007 2398 1072 2419 non
1100 2389 1193 2419 habet
1224 2395 1338 2420 certam

275 2423 311 2461 'et
333 2431 571 2461 determinatam
595 2432 760 2462 virtutem:
789 2433 943 2472 contingit
965 2433 1050 2463 enim
1077 2433 1259 2473 promittere
1283 2434 1339 2464 ho—

279 2474 358 2504 mini
374 2482 480 2506 actum
496 2475 631 2506 iustitiae
648 2477 869 2513 necessarium,
889 2484 925 2507 ιιι
947 2478 1075 2508 reddere
1094 2477 1276 2517 depositum
1291 2478 1340 2508 vel

278 2525 440 2555 mutuum,
455 2526 510 2549 aut
526 2519 666 2550 conferre
683 2519 824 2551 officium
840 2521 1029 2561 reipublicae
1044 2521 1123 2561 parti
1140 2521 1292 2561 digniori;
1309 2528 1340 2551 et

278 2569 385 2593 actum
409 2562 602 2594 fortitudinis
626 2565 920 2604 supererogationis,
937 2572 973 2596 ut
988 2575 1128 2606 pugnare
1143 2575 1200 2605 pro
1218 2565 1337 2601 amico;

278 2606 328 2637 vel
351 2606 552 2645 liberalitatiS,
576 2615 612 2638 ut
634 2608 751 2639 donare
775 2609 953 2650 praedium,
970 2615 1027 2640 etc.

336 2651 459 2688 Quibus
489 2651 685 2691 praemissis,
710 2654 919 2692 respondetur
950 2653 1094 2694 quaesito
1125 2663 1198 2684 curn
1230 2653 1338 2684 distin-

1393 593 1458 616 non
1473 586 1581 616 solum
1605 586 1800 625 promitteret
1823 585 1948 616 homini
1963 586 2092 616 reddere
2110 585 2304 626 depositum,
2319 586 2374 616 sed
2397 596 2454 616 vo-

1392 636 1477 659 veret
1492 630 1561 659 Deo
1577 630 1665 670 quod
1682 636 1815 660 servaret
1830 629 2024 670 promissum
2040 629 2178 660 homini:
2194 629 2452 669 transgrediendo

1393 683 1530 713 namque
1553 680 1676 709 votum,
1700 673 1855 715 triplicem
1878 673 2110 704 deformitatem
2132 674 2312 710 incurreret,
2332 674 2452 704 sacrile-

1391 716 1443 757 gii,
1459 715 1650 747 infidelitatis
1667 723 1697 747 et
1713 716 1891 748 iniustitiae.
1905 735 1926 740 -
1939 717 1971 748 Si
1993 724 2099 748 autem
2113 717 2284 758 promissio
2306 718 2359 748 illa
2374 717 2454 748 facta

1392 759 1514 791 homini
1538 760 1682 791 absolute
1701 771 1766 791 non
1788 761 1905 801 obligat
1927 762 1966 791 ad
1990 761 2136 798 mortale,
2161 762 2215 792 sed
2239 761 2390 802 obligatio
2413 762 2452 791 ad

1393 804 1525 834 mortale
1540 811 1587 834 est
1609 804 1716 834 solum
1738 804 1859 835 ratione
1882 805 2020 836 adiuncti
2042 805 2120 841 voti,
2145 811 2220 836 tunc
2243 812 2452 845 transgressor

1392 857 1458 878 non
1476 847 1607 879 incurrit
1622 855 1788 888 peccatum
1803 849 1863 878 nisi
1878 855 1986 879 contra
1999 856 2123 880 votum.
2144 850 2184 880 Et
2200 850 2272 886 hoc,
2289 850 2453 890 loquendo

1393 892 1431 922 de
1455 898 1584 932 peccato
1607 892 1697 932 quod
1723 892 1859 932 perfecte
1889 899 1935 923 est
1958 900 2138 933 peccatum,
2163 893 2279 924 seilicet
2301 894 2452 924 mortale:

1392 936 1483 976 quod
1507 935 1594 972 dico,
1618 935 1693 976 quia
1717 943 1847 975 possent
1869 936 1946 966 aliae
1969 936 2183 967 deformitates
2206 937 2289 968 leves
2313 937 2452 977 adiungi.

1364 984 1367 1024 Ι
1447 979 1540 1011 Unde
1564 979 1638 1020 quia
1661 979 1829 1019 promissio
1846 980 1884 1010 de
1901 980 2079 1011 obedientia
2097 991 2179 1021 quae
2193 980 2229 1011 fit
2251 981 2397 1021 praelatis
2416 991 2453 1011 ex

1393 1033 1425 1054 se
1448 1023 1591 1054 absolute
1616 1023 1735 1062 obligat
1765 1024 1804 1053 ad
1831 1024 1980 1060 mortale,
2005 1024 2100 1054 etiarn
2130 1025 2154 1054 si
2187 1034 2353 1066 nunquam
2375 1033 2452 1055 voto

1392 1066 1586 1104 firmaretur,
1610 1067 1765 1108 quoniam
1793 1074 1839 1097 est
1868 1067 1900 1097 in
1924 1075 2093 1108 perpetuae
2123 1068 2324 1108 obligationis
2346 1069 2453 1099 vincu-

1393 1111 1483 1142 lum:
1511 1111 1584 1142 ideo
1608 1118 1816 1150 transgressor
1838 1111 1903 1142 voti
1928 1112 2125 1142 obedientiae
2147 1119 2255 1152 peccat
2277 1113 2452 1153 dupliciter,

1393 1162 1424 1186 et
1446 1162 1556 1186 contra
1579 1163 1692 1186 votum
1715 1162 1746 1185 et
1768 1162 1878 1186 contra
1901 1156 2124 1186 obedientiam.

1448 1200 1502 1230 VI.
1525 1200 1566 1230 Et
1589 1209 1626 1230 ex
1648 1199 1697 1230 his
1719 1206 1806 1239 patet
1829 1199 1948 1231 solutio
1972 1199 2092 1240 primae
2106 1199 2292 1230 obiectionis
2307 1200 2334 1237 *,
2359 1208 2389 1232 et
2411 1201 2452 1231 si—

1393 1242 1528 1280 milium,
1552 1242 1744 1274 assumendo
1769 1253 1827 1283 pro
1848 1244 1954 1283 regula
1977 1244 2066 1285 quod
2089 1243 2218 1284 quando
2235 1251 2323 1275 actus
2340 1245 2453 1275 cadens

1393 1288 1451 1319 sub
1475 1295 1551 1318 voto
1575 1297 1640 1318 non
1665 1294 1745 1317 esset
1767 1287 1959 1318 necessarius
1984 1294 2123 1318 cessante
2145 1295 2232 1324 voto,
2256 1295 2333 1319 tunc
2356 1296 2454 1319 trans—

1392 1331 1510 1372 gressio
1527 1331 1622 1362 unius
1639 1338 1719 1362 esset
1742 1331 1874 1372 speciei:
1899 1333 2028 1372 quando
2050 1341 2126 1363 vero
2150 1338 2230 1362 esset
2253 1333 2453 1369 necessarius,

1392 1383 1478 1412 tunc,
1491 1376 1572 1407 ultra
1587 1375 1866 1415 transgressionem
1876 1376 1953 1412 voti,
1969 1375 2057 1406 fieret
2071 1383 2180 1406 contra
2194 1376 2282 1406 illam
2295 1377 2453 1407 virtutem.

1392 1420 1432 1451 Et
1453 1420 1527 1450 inde
1551 1426 1597 1451 est
1624 1420 1714 1460 quod
1737 1419 1809 1450 licet
1832 1420 2020 1460 coniugatus
2044 1427 2074 1450 et
2097 1429 2163 1450 non
2187 1420 2374 1460 coniugatus
2398 1421 2452 1451 ha-

1391 1465 1500 1494 berent
1516 1470 1631 1495 votum
1647 1463 1805 1500 castitatis,
1821 1464 1847 1494 si
1863 1465 2051 1505 coniugatus
2069 1470 2175 1495 utatur
2190 1474 2289 1495 uxore
2305 1475 2362 1496 sua
2381 1472 2456 1506 post

1391 1514 1504 1538 votum
1521 1508 1658 1548 petendo
1675 1507 1827 1544 debitum,
1840 1515 1948 1548 peccat
1964 1515 2073 1539 contra
2088 1515 2202 1538 votum
2221 1516 2251 1539 et
2267 1519 2332 1539 non
2345 1516 2454 1540 contra

1392 1551 1582 1583 castitatem:
1607 1561 1672 1582 non
1697 1551 1885 1591 coniugatus
1907 1562 2000 1588 vero,
2025 1552 2050 1582 si
2075 1559 2247 1592 cognoscat
2270 1553 2453 1590 mulierem,

1393 1602 1501 1635 peccat
1524 1601 1633 1626 contra
1655 1602 1769 1626 votum
1793 1603 1823 1626 et
1846 1603 1955 1626 contra
1979 1596 2162 1627 castitatem.

1447 1639 1610 1670 Secundae
1633 1648 1764 1680 quoque
1788 1639 1974 1670 obiectionis
1997 1646 2083 1680 patet
2098 1640 2193 1670 etiam
2208 1641 2342 1671 solutio:
2367 1641 2455 1681 quod

1392 1683 1509 1714 scilicet
1532 1693 1598 1714 non
1622 1689 1668 1714 est
1691 1693 1748 1723 par
1769 1684 1849 1714 ratio
1877 1684 1916 1713 de
1939 1691 2108 1724 praecepto
2131 1691 2162 1715 et
2183 1691 2279 1720 voto,
2302 1685 2375 1716 licet
2397 1695 2454 1715 vo-

1394 1734 1463 1760 tum
1486 1727 1644 1768 quaedam
1668 1727 1834 1767 singularis
1856 1728 1906 1758 lex
1921 1728 1970 1759 sit.
1995 1728 2158 1765 Quoniam
2181 1731 2386 1768 praeceptum
2405 1738 2455 1759 or-

1394 1770 1519 1802 dinatur
1542 1771 1581 1801 ad
1597 1771 1745 1801 virtutem
1761 1770 1849 1801 illam
1873 1772 1962 1802 cuius
1981 1779 2088 1810 actum
2112 1772 2274 1814 praecipit.
2299 1772 2400 1803 Cuius
2417 1772 2455 1802 si-

1393 1824 1494 1856 gnum
1517 1815 1722 1846 manifestum
1745 1822 1791 1846 est
1814 1815 1903 1856 quod
1925 1816 2019 1846 iudex
2044 1816 2169 1856 capiens
2192 1816 2225 1846 in
2245 1816 2375 1847 ecclesia
2399 1817 2456 1847 ho-

1394 1859 1543 1890 micidam
1566 1865 1614 1890 est
1635 1859 1814 1899 sacrilegus,
1835 1870 1900 1890 non
1916 1867 2023 1890 autem
2039 1860 2165 1901 capiens
2181 1867 2375 1892 nocturnum
2398 1871 2456 1901 po—

1393 1903 1572 1944 pulatorem
1589 1904 1621 1940 *;
1651 1910 1681 1934 et
1708 1913 1904 1943 cognoscens
1928 1905 2197 1944 consanguineam
2220 1912 2334 1945 quarto
2357 1906 2456 1945 gradu

1393 1947 1564 1979 committit
1586 1948 1742 1978 incestum
1756 1947 1783 1984 *,
1807 1958 1904 1989 quem
1923 1955 2031 1979 tamen
2045 1959 2112 1979 non
2129 1949 2341 1980 committeret
2356 1949 2381 1979 si
2397 1949 2458 1980 Ec-

1392 1992 1486 2032 clesia
1508 1992 1706 2032 restringeret
1729 1992 2035 2033 consanguinitatem
2059 1993 2098 2023 ad
2122 1993 2250 2024 tertium
2265 1993 2371 2024 solum
2387 2004 2454 2034 gra-

1393 2037 1487 2066 dum:
1513 2036 1746 2067 committentes
1762 2035 1920 2077 siquidem
1942 2036 2021 2067 haec
2043 2037 2195 2077 sacrilegii
2211 2044 2242 2068 et
2256 2037 2394 2068 incestus
2414 2038 2456 2068 rei

1394 2081 1554 2116 dicuntur,
1580 2087 1611 2111 et
1634 2089 1700 2110 non
1723 2080 1902 2111 rebellionis
1925 2088 1980 2111 aut
2002 2081 2245 2112 inobedientiae.
2276 2081 2348 2112 Hoc
2371 2082 2456 2112 enim

1393 2131 1526 2156 testatur
1547 2124 1636 2165 quod
1659 2131 1825 2165 praecepta
1847 2125 1995 2155 ordinant
2013 2131 2120 2156 actum
2143 2126 2183 2156 ad
2204 2125 2354 2156 virtutem
2369 2126 2457 2156 illam

1393 2169 1445 2199 cui
1467 2168 1686 2199 substernitur.
1715 2169 1837 2200 Votum
1859 2179 1934 2199 vero
1957 2169 2083 2200 ordinat
2106 2176 2213 2200 actum
2235 2170 2274 2200 ad
2297 2170 2456 2210 religionis

1393 2213 1552 2249 virtutem,
1573 2213 1624 2243 cui
1647 2220 1755 2244 actum
1777 2223 1875 2254 quem
1897 2223 1956 2253 pro
1973 2213 2102 2244 materia
2118 2213 2259 2250 assumit,
2276 2214 2455 2245 substernit.

1394 2257 1557 2294 Quoniam
1581 2256 1660 2287 nihil
1681 2257 1768 2288 aliud
1791 2264 1905 2287 votum
1927 2257 2001 2288 facit
2023 2258 2084 2288 nisi
2107 2258 2182 2298 quia
2205 2258 2338 2289 assumit
2361 2258 2456 2289 talem

1393 2308 1498 2332 actum
1514 2301 1547 2331 in
1563 2299 1727 2332 materiam
1743 2301 1918 2341 religionis:
1943 2301 2024 2332 sicut
2046 2309 2261 2342 praeceptum,
2281 2309 2317 2333 ut
2336 2302 2456 2332 dictum

1393 2351 1456 2381 est,
1481 2342 1614 2378 ass‘u'mit
1641 2345 1736 2376 talem
1759 2352 1866 2376 actum
1893 2345 1926 2375 in
1950 2346 2114 2376 materiam
2137 2346 2206 2376 talis
2229 2345 2279 2376 vel
2302 2346 2372 2377 talis
2395 2346 2455 2376 vir-

1393 2389 1478 2419 tutis.
1505 2389 1581 2419 Non
1605 2397 1651 2420 est
1674 2399 1748 2430 ergo
1772 2390 1804 2419 in
1828 2397 1905 2420 voto
1929 2390 2216 2430 supererogationis
2240 2390 2300 2420 nisi
2323 2390 2456 2430 simplex

1392 2433 1596 2473 transgressio
1615 2434 1702 2464 voti:
1726 2434 1759 2463 in
1784 2441 1951 2474 praecepto
1976 2441 2083 2464 autem
2107 2442 2154 2465 est
2176 2435 2380 2474 transgressio
2396 2435 2456 2465 vir—

1392 2478 1476 2513 tutis,
1501 2484 1531 2508 et
1546 2477 1571 2508 si
1588 2485 1790 2518 contemptus
1810 2478 1969 2518 praecepti
1985 2478 2075 2515 adsit,
2099 2486 2145 2509 est
2169 2479 2262 2508 etiam
2286 2485 2456 2519 transgres-

1393 2521 1440 2551 sio
1457 2521 1652 2551 obedientiae
1668 2522 1788 2552 debitae
1804 2522 1967 2562 superiori,
1985 2522 2035 2553 cui
2052 2530 2254 2562 contemptus
2270 2523 2454 2563 opponitur.

1394 2565 1491 2602 Quod
1514 2565 1546 2595 in
1570 2566 1635 2596 voti
1659 2566 1904 2606 transgressione
1934 2577 1999 2596 non
2023 2566 2117 2597 habet
2139 2567 2265 2603 Iocum,
2291 2567 2365 2608 quia
2389 2578 2454 2597 non

1393 2619 1410 2639 a
1434 2610 1605 2649 superiore,
1622 2611 1677 2640 sed
1701 2621 1718 2640 a
1735 2610 1839 2650 seipso
1854 2617 1968 2640 votum
1983 2618 2043 2641 est:
2068 2611 2128 2641 nisi
2144 2611 2223 2641 forte
2240 2612 2361 2642 adesset
2381 2622 2455 2642 con-

1392 2660 1531 2693 temptus
1555 2653 1653 2684 divini
1678 2654 1836 2694 praecepti
1861 2655 1898 2684 de
1923 2662 1999 2685 voto
2024 2656 2189 2686 servando.

1090 2816 1405 2858 ARTICULUS
1435 2815 1644 2858 SEXTUS

514 2905 668 2936 UTRUM
690 2884 819 2938 MAGIS
843 2906 909 2937 SIT
933 2907 1175 2938 LAUDABILE
1191 2907 1558 2988 ἕξΑλᾶΕΙῖἰ-ὶὲΐεὲᾘόἆ
1581 2907 1752 2938 FACERE
1776 2884 1956 2946 ALIQUID
1981 2910 2074 2940 SINE
2094 2911 2216 2942 VOTO

505 3028 578 3058 infra,
597 3035 642 3061 qu.
661 3035 775 3058 cnxxnx.
793 3033 841 3054 art.
861 3036 890 3058 2;
909 3029 940 3054 111
962 3030 1038 3055 Cant.
1060 3031 1146 3060 Gent„
1165 3037 1220 3062 cap.
1239 3037 1363 3060 cxxxvm3
1386 3030 1462 3054 Cont.
1481 3030 1628 3055 retrahent.
1647 3031 1716 3055 hom.
1734 3031 1768 3056 ab
1787 3031 1899 3065 ingress.
1918 3033 2014 3066 Relig„
2034 3042 2090 3066 cap.
2107 3043 2133 3060 ιιι
2151 3043 2226 3068 sqq.;

875 3064 917 3089 De
934 3065 1048 3098 Perfecit.
1066 3065 1112 3091 vit.
1130 3065 1225 3097 spirit„
1245 3073 1301 3098 cap.
1319 3072 1368 3095 xn;
1390 3065 1488 3095 Quodl.
1507 3065 1547 3095 111.
1567 3073 1612 3098 qu.
1630 3074 1655 3096 v,
1674 3071 1720 3091 art.
1741 3074 1764 3098 2,
1784 3068 1816 3092 ad
1836 3067 1860 3092 3.

327 3174 339 3183 „
366 3172 374 3182 .
491 3152 513 3179 D
534 3152 674 3179 85.wa
702 3153 756 3178 sm
783 3153 1023 3183 paocanmsa.
1051 3142 1212 3180 Videtur
1231 3143 1335 3192 quod

341 3205 349 3212 ·
420 3203 451 3250 ς
491 3193 612 3241 magis
653 3193 699 3231 sit
719 3195 922 3232 ,laudabile
955 3203 991 3233 et
1019 3196 1252 3235 meritorium
1285 3197 1336 3234 fa-

393 3293 405 3301 x
436 3252 457 3289 Ἀ·
473 3244 735 3295 cerealiquid
763 3247 843 3284 sine
861 3256 954 3285 voto
974 3261 1091 3298 quam
1121 3262 1208 3286 cum
1228 3258 1333 3287 voto.

379 3301 395 3310 '¹
468 3299 590 3336 Dicit
609 3299 711 3341 enim
739 3301 914 3350 Prosper,
943 3301 982 3338 in
1002 3303 1033 3338 II
1063 3302 1109 3339 de
1132 3303 1215 3340 Vita
1240 3304 1336 3341 Con-

500 3353 562 3388 Sic
588 3353 773 3389 abstinere
797 3354 859 3390 vel
892 3354 1060 3394 ieiunare
1087 3352 1262 3393 dehemus
1299 3363 1339 3394 ut

279 3351 402 3400 templ.
422 3350 462 3388 *z

275 3415 355 3449 ,non
383 3416 451 3450 nos
478 3405 686 3447 necessitati
711 3406 904 3449 ieiunandi
926 3407 1150 3447 subdamus:
1185 3422 1232 3447 ne
1259 3409 1336 3447 iam

280 3467 354 3494 non
383 3457 516 3504 devoti,
540 3458 606 3495 sed
631 3458 737 3495 inviti
754 3470 835 3496 rem
858 3460 1110 3499 voluntariam
1125 3463 1334 3509 faciamus.

272 3509 358 3546 Sed
386 3509 446 3546 ille
466 3511 529 3559 qui
548 3519 666 3548 vovet
693 3510 875 3549 ieiunium
905 3513 1031 3550 subdit
1056 3526 1098 3551 se
1125 3515 1336 3553 necessitati

280 3560 481 3600 ieiunandi.
504 3564 604 3612 Ergo
622 3564 756 3600 melius
777 3572 874 3601 esset
888 3565 917 3601 si
933 3565 1116 3604 ieiunaret
1134 3568 1213 3604 sine
1228 3577 1333 3606 voto.

910 3702 922 3719 l

1444 3154 1479 3179 2.
1497 3143 1729 3191 PRAETEREA,
1740 3145 1947 3194 Apostolus
1964 3146 2063 3194 dicit,
2081 3148 2111 3184 II
2130 3148 2216 3185 Cor.
2231 3149 2309 3186 ix*:
2332 3151 2450 3187 Unus-

1389 3195 1544 3244 quisque
1565 3203 1684 3245 prout
1709 3197 1906 3235 destinavit
1922 3199 1959 3236 in
1979 3201 2092 3237 corde
2109 3213 2189 3247 suo,
2217 3214 2290 3238 non
2319 3215 2369 3239 ex
2388 3204 2450 3239 tri-

1392 3248 1486 3285 stitia
1514 3255 1582 3285 aut
1614 3261 1664 3286 ex
1691 3252 1922 3288 necessitate.-
1955 3253 2114 3290 hilarem
2146 3255 2244 3290 enim
2282 3255 2450 3292 datorem

1391 3300 1513 3351 diligit
1533 3303 1648 3339 Deus.
1679 3304 1755 3340 Sed
1785 3305 1940 3352 quidam
1965 3318 2010 3342 ea
2030 3318 2129 3354 quae
2149 3315 2293 3344 vovent
2321 3319 2366 3344 ex
2389 3309 2451 3345 tri-

1391 3354 1486 3390 stitia
1523 3354 1680 3393 faciunt:
1721 3363 1756 3393 et
1783 3358 1858 3394 hoc
1885 3358 2036 3395 videtur
2070 3360 2279 3407 procedere
2313 3373 2357 3397 ex
2386 3373 2450 3398 ne-

1392 3406 1562 3445 cessitate
1590 3421 1707 3457 quam
1745 3418 1879 3447 votum
1916 3410 2098 3460 imponit,
2129 3413 2218 3460 quia
2254 3414 2449 3452 necessitas

1390 3459 1612 3498 contristans
1648 3468 1720 3507 est,
1759 3470 1799 3499 ut
1837 3463 1968 3500 dicitur
1995 3464 2030 3500 V
2052 3465 2269 3514 Metaphys.
2289 3466 2310 3488 ’¹‘
2346 3468 2448 3515 Ergo

1391 3513 1525 3549 melius
1565 3522 1620 3550 est
1647 3515 1787 3563 aliquid
1825 3516 1948 3552 facere
1981 3516 2060 3553 sine
2088 3525 2182 3555 voto
2210 3531 2325 3567 quam
2361 3533 2447 3557 curn

1362 3594 1363 3615 3
1389 3572 1494 3602 voto.

2481 1217 2489 1224 ¹
2506 1215 2576 1237 Num.
2592 1222 2624 1236 w.

2484 1912 2531 1934 Cn
2550 1913 2625 1934 .1nter
2633 1913 2691 1939 alia,

2484 1938 2513 1960 de
2532 1939 2635 1961 mmum‘t.
2646 1930 2691 1961 Ec-

2483 1966 2537 1987 cles.

2544 1991 2692 2018 .Exlitteris,

2484 2019 2514 2040 de
2546 2019 2691 2046 cnsanguin.

2484 2047 2508 2066 et
2520 2045 2586 2072 Affin.

2481 3164 2488 3172 ⁸
2505 3162 2570 3183 Vers.
2586 3168 2606 3189 7.

2478 3474 2517 3496 S.
2524 3474 2569 3495 Th.
2581 3475 2631 3496 tect.
2640 3481 2669 3496 v1.
2677 3487 2686 3490 -

2477 3501 2528 3522 Did.
2538 3501 2576 3522 lib.
2586 3501 2626 3526 lV,
2635 3507 2687 3527 cap.

2477 3534 2497 3553 v,
2514 3533 2534 3548 n.
2552 3533 2572 3548 2.
