2860 4244
940 278 1209 324 QUAEs‘rio
1240 277 1360 324 CVII,
1390 276 1689 314 ARTICULUS
1720 277 1834 323 11,111
2401 276 2476 320 405

1062 387 1382 429 ARTICULUS
1413 386 1713 430 SECUNDUS

850 481 1006 512 UTRUM
1030 479 1334 512 INGRATITUDO
1359 480 1425 511 slr
1450 480 1654 512 SPECIALE
1678 479 1917 512 PECCATUM

841 559 909 584 Part.
929 559 968 590 111,
988 566 1034 591 qu.
1054 565 1171 589 Lxxxvm,
1191 564 1239 584 art.
1257 566 1287 590 4;
1308 559 1342 583 IV
1361 558 1445 587 Sem.y
1466 558 1524 583 dist.
1543 566 1601 588 xxii,
1622 566 1666 591 qu.
1686 566 1703 588 ι,
1723 563 1769 583 art.
1791 565 1814 588 2,
1833 558 1883 591 qu*
1906 566 1927 583 1.

477 637 1356 687 DSECUNDUM31CPROCED1TUR*.Videturquod
1413 639 1582 676 cundum
1612 638 1865 676 differentiam
1894 638 1999 676 visus
2028 646 2065 675 et
2093 637 2255 675 auditus.
2291 637 2403 675 Unde
2432 637 2478 674 si-

329 672 354 690 ,ς
380 659 384 670 ¹
408 654 441 686 ”ss

147 680 162 696 ⁰
191 680 204 696 ⁸
227 689 232 696 ’
255 690 261 700 ’
324 654 479 755 ἱῗῖῗ
504 693 732 742 ingratitudo
761 704 840 729 non
868 691 914 728 sit
941 691 1106 740 speciale
1142 699 1355 740 peccatum.
1413 699 1475 728 cut
1499 692 1687 739 gratitudo
1717 693 1779 729 vel
1808 692 1926 740 gratia
1955 699 2010 729 est
2038 703 2114 728 una
2143 690 2314 740 specialis
2340 691 2476 738 virtus,
2531 702 2536 706 ’

308 729 431 794 ’(Ῠπν,
443 732 474 788 'r
489 745 750 806 Quicumque
779 745 881 782 enim
910 753 1055 793 peccat,
1078 753 1208 781 contra
1228 746 1355 781 Deum
1412 745 1462 782 ita
1482 745 1596 782 etiam
1611 745 1839 794 ingratitudo
1860 753 1915 782 est
1938 756 2057 782 unum
2077 744 2239 794 speciale
2263 752 2477 793 peccatum.

349 768 472 833 ζ’·ῑὲὶῖ)
464 793 598 848 agit,
628 798 693 849 qui
722 806 778 835 est
806 810 982 835 summus
1011 798 1241 835 benefactor.
1279 798 1355 835 Sed
1466 799 1593 835 Habet
1620 807 1749 835 tamen
1778 798 1951 836 diversos
1979 799 2138 847 gradus,
2169 798 2382 835 secundum
2419 809 2478 834 or·

288 853 364 890 hoc
392 845 554 900 pertinet
581 852 631 889 ad
658 851 976 900 ingratitudinem.
1006 852 1109 899 Ergo
1130 851 1357 899 ingratitudo
1383 893 1385 900 Ι
1412 851 1542 888 dinem
1564 864 1699 888 eorum
1726 863 1825 900 quae
1854 853 1901 889 ad
1929 852 2195 900 gratitudinem
2223 852 2476 900 requiruntur.

288 917 367 942 non
396 911 453 941 est
480 905 644 955 speciale
673 913 886 955 peccatum.
1384 906 1386 913 ’
1413 906 1455 941 ln
1481 917 1557 954 qua
1585 905 1755 953 primurn
1786 913 1840 942 est
1867 906 1972 954 quod
2001 907 2121 943 homo
2155 905 2388 942 beneficium
2417 917 2477 942 ac-

344 969 379 995 2.
411 959 646 1006 Pam-mam,
675 959 822 996 nullum
852 957 1015 1007 speciale
1051 964 1255 1006 peccatum
1284 956 1356 993 sub
1413 965 1565 1006 ceptum
1587 966 1853 1006 recognoscat3
1884 960 2097 996 secundum
2119 967 2174 996 est
2195 958 2300 1008 quod
2319 958 2478 996 laudetY

290 1011 450 1049 diversis
487 1013 690 1062 generibus
726 1011 974 1061 peccatorum
1012 1010 1236 1048 continetur.
1280 1010 1358 1047 Sed
1413 1019 1450 1047 et
1476 1011 1613 1059 gratias
1642 1019 1744 1059 agat;
1778 1011 1929 1048 tertium
1960 1020 2016 1049 est
2043 1012 2149 1060 quod
2178 1009 2377 1060 retribuat,
2407 1023 2477 1061 pro

289 1065 450 1103 diversis
477 1074 724 1116 peccatorum
745 1064 947 1114 generibus
966 1071 1092 1112 potest
1119 1063 1254 1111 aliquis
1273 1075 1356 1100 esse
1412 1064 1498 1101 loco
1519 1072 1556 1101 et
1573 1072 1760 1114 tempore,
1781 1066 1994 1102 secundum
2014 1077 2124 1102 suam
2143 1065 2370 1103 facultatem.
2401 1066 2479 1104 Sed

288 1118 474 1167 ingratus:
507 1127 600 1169 puta
638 1119 668 1156 si
706 1118 790 1168 quis
829 1117 1060 1154 benefactori
1099 1116 1288 1164 detrahat,
1328 1116 1357 1153 si
1413 1117 1503 1165 quia
1540 1118 1642 1166 quod
1671 1124 1726 1155 est
1761 1119 1931 1155 ultimum
1966 1119 2002 1155 in
2038 1119 2283 1168 generatione
2314 1124 2368 1156 est
2395 1119 2479 1167 pri-

288 1171 374 1221 quis
402 1173 557 1220 furetur,
585 1173 648 1210 vel
677 1171 819 1221 aliquid
848 1170 949 1207 aliud
977 1169 1197 1207 huiusmodi
1226 1177 1358 1207 contra
1412 1183 1517 1208 mum
1546 1171 1583 1208 in
1613 1171 1837 1208 resolutione
1854 1171 1885 1219 ³¹⁵,
1916 1171 2003 1208 ideo
2031 1172 2176 1221 primus
2204 1172 2478 1220 ingratitudinis
2507 1172 2520 1218 'i
2551 1184 2558 1191 ·

289 1234 378 1262 eum
397 1226 622 1274 committat
647 1226 751 1273 Ergo
772 1223 999 1272 ingratitudo
1020 1236 1098 1260 non
1120 1231 1175 1260 est
1194 1223 1358 1272 speciale
1412 1225 1551 1272 gradus
1580 1232 1636 1262 est
1670 1233 1711 1262 ut
1738 1225 1858 1262 homo
1893 1225 2123 1262 beneficium
2162 1238 2240 1262 non
2275 1226 2476 1273 retribuat3
2506 1229 2519 1245 ¹¹

286 1276 502 1328 sticarum.
1413 1278 1603 1315 secundus
1637 1286 1692 1315 est
1728 1285 1770 1315 ut
1807 1277 2028 1325 dissimulet,
2058 1278 2166 1328 quasi
2203 1291 2281 1316 non
2319 1280 2479 1318 demon·
2512 1305 2521 1313 ,

344 1331 378 1369 3.
400 1333 636 1379 PRAETEREA,
658 1332 806 1369 Seneca
827 1330 926 1378 dicit,
946 1330 985 1367 in
1006 1331 1055 1366 III
1076 1331 1122 1367 de
1140 1329 1340 1378 Benefica*
1413 1338 1535 1368 strans
1565 1343 1604 1368 se
1633 1332 1864 1369 beneficium
1893 1331 2102 1381 accepisse;
2131 1332 2303 1380 tertium,
2334 1341 2369 1370 et
2396 1345 2478 1382 gra-

287 1385 472 1436 Ingratus
503 1391 558 1423 est
583 1385 650 1434 qui
683 1384 914 1428 dissimula&
951 1384 1163 1433 ingratus⁴²
1190 1385 1256 1432 qui
1282 1395 1357 1420 non
1411 1384 1614 1422 vissimum
1652 1392 1708 1422 est
1746 1385 1850 1434 quod
1884 1397 1961 1422 non
2000 1393 2265 1434 recognoscat,
2295 1386 2375 1423 sive
2410 1399 2479 1436 per

287 1438 427 1484 neddit‚·
452 1438 732 1489 ingratissimus
759 1438 928 1475 omnium
949 1437 1016 1486 qui
1032 1437 1166 1474 oblitus
1185 1442 1249 1474 est.
1281 1435 1358 1473 Sed
1414 1437 1668 1484 oblivionem,
1699 1438 1779 1475 sive
1814 1451 2061 1488 quocumque
2097 1439 2170 1476 alio
2205 1439 2336 1477 modo.
2370 1462 2394 1469 -
2429 1439 2479 1477 Et

287 1491 358 1530 ista
376 1503 456 1530 non
473 1492 654 1530 videntur
672 1492 720 1530 ad
740 1503 860 1528 unam
883 1489 1028 1540 peccati
1055 1490 1222 1539 speciem
1246 1489 1358 1538 perti-
1413 1491 1501 1540 quia
1530 1491 1566 1528 in
1598 1491 1851 1528 affirmatione
1881 1492 2056 1542 opposita
2075 1492 2288 1541 intelligitur
2314 1493 2477 1542 negatio,

287 1548 391 1583 flere.
416 1546 519 1595 Ergo
539 1543 779 1594 ingratitudo
789 1557 867 1582 non
888 1550 944 1581 est
962 1543 1126 1593 speciale
1144 1551 1357 1592 peccatum.
1413 1544 1500 1582 ideo
1530 1545 1579 1582 ad
1607 1544 1774 1593 primum
1812 1544 2086 1593 ingratitudinis
2122 1547 2282 1594 gradum
2318 1547 2479 1597 pertinet

342 1598 418 1637 SED
458 1610 607 1646 CONTRA
645 1610 712 1636 EST
745 1597 851 1648 quod
886 1596 1115 1646 ingratitudo
1151 1597 1360 1646 opponitur
1385 1615 1387 1619 v
1414 1598 1520 1647 quod
1557 1597 1690 1647 aliquis
1719 1598 1899 1636 retribuat
1935 1600 2036 1636 mala
2063 1611 2134 1648 pro
2172 1599 2304 1646 bonis;
2344 1602 2391 1638 ad
2420 1613 2477 1637 se-

287 1652 502 1700 gratitudini
529 1652 610 1690 sive
637 1651 790 1700 gratiae,
811 1663 911 1700 quae
942 1659 997 1688 est
1025 1649 1199 1700 specialis
1225 1650 1356 1687 virtus.
1415 1651 1598 1698 cundum,
1619 1651 1725 1700 quod
1750 1652 1981 1689 beneficium
2001 1653 2206 1701 vituperet;
2237 1653 2285 1690 ad
2313 1654 2477 1701 tertium,

139 1700 237 1761 ’,ι’-’ζ
287 1706 391 1754 Ergo
421 1710 478 1743 est
505 1705 669 1755 speciale
696 1713 910 1754 peccatum.
1414 1706 1519 1754 quod
1549 1705 1779 1742 beneficium
1809 1705 1916 1754 quasi
1943 1706 2175 1743 maleficium
2205 1714 2362 1756 reputet.

292 1765 309 1783 ²·
341 1759 568 1797 Respomffio
588 1770 774 1796 monimum
802 1757 908 1808 quod
935 1769 1051 1794 omne
1070 1756 1206 1794 vitium
1228 1768 1273 1794 ex
1293 1756 1357 1794 de·
1467 1760 1526 1795 An
1564 1769 1704 1796 ptumum
1737 1770 1836 1796 ERGO
1874 1771 2059 1797 mcENDUM
2097 1759 2203 1809 quod
2237 1760 2276 1796 in
2312 1760 2480 1810 quolibet

287 1813 387 1850 fectu
404 1813 554 1851 virtutis
582 1812 801 1850 nominatur
829 1810 933 1861 quod
953 1809 970 1840 β
997 1810 1118 1859 magis
1141 1809 1271 1847 virtuti
1291 1822 1359 1859 op-
1414 1819 1572 1862 peccato
1604 1819 1659 1848 est
1686 1812 1891 1850 materialis
1919 1812 2147 1860 ingratitudo
2177 1814 2226 1850 ad
2254 1814 2394 1861 Deum,
2425 1814 2479 1852 in-

287 1865 464 1916 ponitur:
497 1866 593 1903 sicut
620 1865 852 1903 illiberalitas
879 1864 1013 1912 magis>
1033 1864 1241 1913 opponitur
1268 1863 1359 1900 libe·
1415 1873 1602 1914 quantum
1632 1865 1772 1902 scilicet
1800 1865 1887 1903 facit
1914 1866 2034 1903 homo
2064 1866 2205 1915 aliquid
2234 1867 2337 1915 quod
2356 1875 2481 1916 potest

288 1919 422 1958 talitati
450 1932 567 1968 quam
605 1919 861 1968 prodigalitas.
899 1919 1031 1955 Potest
1063 1925 1192 1955 autem
1229 1917 1359 1954 virtuti
1415 1920 1463 1957 ad
1500 1919 1808 1967 ingratitudinem
1843 1919 2044 1968 pertinere.
2089 1921 2274 1957 Formalis
2301 1919 2314 1943 δ
2352 1929 2479 1959 autem

288 1972 524 2022 gratitudinis
552 1972 708 2021 aliquod
727 1972 863 2009 vitium
883 1971 1028 2020 opponi
1047 1983 1116 2020 per
1136 1982 1357 2008 excessum:
1414 1972 1643 2021 ingratitudo
1665 1980 1719 2009 est
1739 1973 1895 2020 quando
1925 1973 2118 2010 actualiter
2138 1974 2369 2012 beneficium
2390 1988 2479 2018 con-

288 2033 381 2076 puta
409 2026 440 2063 si
469 2026 775 2076 recompensatio
804 2025 980 2063 beneficii
1009 2025 1076 2062 fiat
1094 2025 1156 2061 vel
1177 2037 1248 2073 pro
1277 2024 1358 2074 qui·
1386 2041 1388 2052 .
1414 2026 1605 2063 temnitur.
1637 2026 1686 2062 Et
1714 2026 1789 2063 hoc
1819 2034 1875 2063 est
1902 2027 2065 2075 speciale
2093 2035 2304 2076 peccatum.

288 2079 362 2117 bus
390 2091 468 2117 non
499 2080 624 2126 debet,
644 2080 707 2116 vel
736 2078 844 2116 citius
868 2090 985 2127 quam
1014 2078 1140 2125 debet,
1160 2085 1203 2114 ut
1230 2089 1275 2114 ex
1304 2077 1358 2115 di·
1467 2081 1526 2116 An
1555 2090 1747 2116 SECUNDUM
1766 2091 1953 2117 DICENDUM
1978 2080 2082 2129 quod
2101 2080 2192 2118 nihil
2211 2081 2387 2130 prohibet
2407 2083 2480 2119 for-

245 2149 261 2188 ·;
289 2132 357 2182 ctis
375 2132 396 2155 *
421 2140 536 2182 patet.
567 2132 646 2171 Sed
673 2132 795 2181 magis
824 2131 1032 2182 opponitur
1058 2131 1276 2180 gratitudini
1303 2131 1359 2168 vi·
1415 2133 1557 2170 malem
1587 2133 1774 2170 rationem
1803 2133 1961 2171 alicuius
1984 2134 2157 2183 specialis
2175 2135 2320 2183 peccati
2340 2135 2379 2172 in
2397 2137 2479 2185 plu-

288 2185 383 2226 tium
409 2186 518 2234 quod
545 2194 602 2224 est
619 2198 688 2235 per
707 2186 922 2224 defectum:
952 2186 1042 2234 quia
1059 2186 1182 2222 virtus
1205 2186 1359 2233 gratitu-
1414 2187 1516 2223 ribus
1545 2194 1792 2235 peecatorum
1813 2187 2016 2235 generibus
2044 2188 2287 2225 materialiter
2305 2188 2479 2227 inveniri.

221 2259 228 2267 ·
254 2259 262 2267 ·
289 2240 399 2304 dinis,
420 2248 461 2277 ut
489 2251 605 2289 supra
624 2241 645 2263 *
672 2239 846 2277 habitum
876 2246 943 2285 est,
963 2239 1003 2275 in
1031 2238 1172 2298 aliquid
1193 2239 1359 2287 amplius
1415 2241 1464 2277 Et
1492 2240 1705 2276 secundum
1734 2241 1820 2287 hoc,
1850 2240 1888 2277 in
1917 2241 2044 2278 multis
2072 2241 2274 2289 generibus
2305 2251 2480 2292 peccato-

287 2293 420 2332 tendit.
450 2294 500 2330 Et
519 2293 608 2331 ideo
627 2292 783 2343 proprie
812 2292 1043 2343 ingratitudo
1064 2291 1286 2329 nominatur
1315 2304 1360 2329 ex
1415 2305 1499 2330 rum
1529 2293 1721 2330 invenitur
1748 2293 2023 2342 ingratitudinis
2052 2294 2159 2332 ratio.

288 2345 525 2407 gratitudinis
558 2346 720 2385 defectu.
755 2345 894 2384 Omnis
922 2353 1052 2382 autem
1087 2345 1256 2383 defectus
1291 2358 1360 2382 seu
1468 2348 1527 2383 An
1555 2358 1717 2384 mnrium
1745 2359 1931 2386 DICENDUM
1959 2347 2064 2397 quod
2101 2348 2162 2385 illa
2190 2347 2260 2386 tria
2288 2361 2366 2386 non
2395 2357 2482 2387 sunt

287 2397 452 2460 privatio
481 2399 650 2450 speciem
679 2399 832 2437 sortitur
858 2399 1072 2436 secundum
1091 2399 1263 2436 habitum
1292 2411 1360 2447 op·
1415 2399 1588 2437 diversae
1617 2401 1783 2449 species,
1813 2402 1881 2439 sed
1910 2401 2050 2439 diversi
2086 2402 2224 2450 gradus
2252 2402 2364 2439 unius
2397 2415 2482 2452 spe-

287 2453 474 2503 positum:
506 2453 686 2491 differunt
722 2453 824 2490 enim
854 2453 1015 2490 caecitas
1045 2460 1081 2489 et
1109 2452 1271 2489 surditas
1305 2465 1362 2489 se·
1385 2448 1388 2493 ἲ
1416 2453 1518 2490 cialis
1545 2454 1703 2502 peccati.

294 2571 296 2573 ’
340 2567 370 2603 iz)
389 2569 523 2603 ingratus.
534 2583 554 2588 -
572 2569 698 2602 ing-ratus
709 2572 749 2594 est
763 2568 943 2601 L,1'ngrat1'or
961 2568 1019 2599 GH,
1035 2568 1171 2602 ingratior
1189 2570 1230 2593 est
1244 2569 1279 2598 1²5
1299 2574 1357 2593 ante
1465 2569 1492 2600 γ)
1513 2569 1643 2594 lauden·
1660 2569 1752 2594 laudes
1777 2569 1862 2600 CIKa
1883 2569 1963 2603 laudz
1981 2570 2016 2600 E,
2036 2569 2131 2603 lauder
2150 2570 2188 2601 G
2207 2570 2331 2604 (gratias
2354 2575 2421 2605 agat
2438 2574 2482 2604 et)

288 2604 488 2639 ffiffroeissimus
506 2605 576 2630 addit
593 2608 620 2630 et
638 2605 666 2629 Ρ.
1412 2604 1493 2636 Iaudz
1511 2605 1546 2629 H.

332 2639 369 2674 .β)
387 2641 498 2674 ᾳιιοάμ-
515 2641 562 2674 qui
579 2641 608 2669 P.
627 2646 687 2673 post
705 2640 800 2665 vitium
820 2639 893 2672 ponit
912 2640 943 2664 Α.
1466 2638 1492 2672 ὃ)
1513 2640 1867 2666 Formali1s.-F0rma11·ter
1884 2640 1915 2667 Ρ.

1042 2777 1363 2819 ARTICULUS
1393 2777 1624 2820 TERTIUS

754 2869 910 2901 UTRUM
934 2868 1239 2899 INGRATITUDO
1263 2868 1432 2899 SEMPER
1456 2868 1522 2899 srr
1546 2869 1786 2913 PECCATUM
1809 2869 2021 2901 MORTALE

328 2982 385 3017 ,μή
407 2981 415 2996 s
432 2989 475 3019 ,ἦ
503 2971 526 2998 D
551 2971 724 2997 TERTtUM
733 2970 786 2996 sm
814 2968 1055 2995 PROCEDlTUR.
1075 2956 1236 2993 Videtur
1255 2956 1388 3006 quod
1416 2956 1560 2994 dictum
1590 2965 1656 2995 est.
1697 2959 1798 3006 Ergo
1827 2958 2054 3007 ingratitudo
2083 2971 2236 3009 semper
2264 2967 2320 2997 est
2346 2972 2480 3009 pecca-

324 3005 473 3074 ΏΛῘῇὴ
504 3013 733 3073 ingratitudo
763 3023 917 3071 semper
950 3010 996 3047 sit
1027 3017 1230 3059 peccatum
1258 3021 1359 3046 mor·
1387 3014 1497 3047 tum
1527 3012 1699 3048 mortale.

305 3099 331 3151 ‘1³
349 3115 446 3161 §1²55
463 3112 493 3153 M
506 3131 589 3156 esse
626 3126 766 3167 gratus,
809 3116 886 3154 Sed
927 3115 1126 3165 peccando
1162 3115 1362 3153 venialiter
1414 3116 1528 3153 Haec
1545 3117 1718 3166 beneficii
1735 3118 1799 3154 lex
1822 3124 1898 3155 est.-
1925 3119 2022 3156 alter
2038 3120 2166 3156 statim
2182 3119 2352 3157 oblivisci
2377 3120 2482 3157 debet

293 3173 414 3209 homo
448 3183 527 3209 non
556 3179 611 3209 est
643 3171 810 3219 ingratus
846 3171 951 3207 Deo:
984 3168 1154 3219 alioquin
1187 3180 1324 3205 omnes
1343 3174 1362 3190 ²
1415 3169 1504 3215 dati,
1533 3169 1629 3207 alter
1655 3183 1804 3208 memor
1830 3183 1910 3209 esse
1935 3173 2085 3222 accepti.
2118 3173 2196 3210 Sed
2219 3180 2375 3222 propter
2393 3173 2479 3220 hoc,

295 3231 421 3263 essent
439 3224 585 3274 ingrati.
615 3225 718 3273 Ergo
747 3223 850 3261 nulla
878 3221 1106 3271 ingratitudo
1135 3229 1190 3258 est
1210 3221 1362 3259 veniale
1416 3230 1457 3259 ut
1484 3222 1654 3271 videtur,
1685 3225 1799 3261 debet
1834 3225 2022 3273 oblivisci,
2051 3233 2092 3263 ut
2119 3227 2230 3264 lateat
2267 3238 2357 3263 eum
2391 3238 2479 3275 pec-

294 3285 1389 3330 peccatum,1
1418 3283 1546 3314 catum
1566 3276 1792 3326 recipientis,
1809 3279 1839 3316 si
1860 3278 2052 3339 contingat
2071 3292 2160 3317 eum
2181 3291 2263 3316 esse
2278 3279 2478 3327 ingratum.

350 3344 386 3370 2.
419 3333 654 3377 Prummu,
689 3343 735 3368 ex
772 3330 848 3367 hoc
884 3328 1040 3388 aliquod
1074 3335 1278 3378 peccatum
1307 3335 1363 3365 est
1388 3333 1390 3368 l
1418 3329 1536 3376 Quod
1556 3343 1636 3368 non
1655 3339 1848 3380 oporteret
1867 3332 1898 3369 si
1917 3332 2140 3380 ingratitudo
2162 3339 2260 3369 esset
2278 3333 2362 3370 leve
2391 3345 2479 3381 pec-

199 3403 208 3440 .'
241 3403 267 3436 ,ις
295 3386 457 3423 mortale
485 3384 592 3434 quod
612 3382 862 3421 contrariatur
889 3382 1045 3429 caritati,
1066 3390 1106 3419 ut
1125 3394 1241 3430 supra
1258 3381 1279 3403 '¹‘
1306 3381 1362 3419 di-
1388 3385 1390 3431 ᾗ
1418 3390 1558 3421 catum.
1588 3385 1691 3432 Ergo
1711 3385 1937 3433 ingratitudo
1957 3398 2110 3435 semper
2130 3393 2185 3422 est
2203 3385 2363 3422 mortale
2392 3398 2479 3435 pec-

296 3446 399 3476 ctum
429 3446 496 3476 est.
536 3438 614 3475 Sed
651 3435 880 3485 ingratitudo
916 3435 1166 3472 contrariatur
1198 3434 1360 3480 caritati,
1388 3435 1390 3477 f
1419 3442 1558 3473 catum.

229 3495 236 3502 “
261 3496 267 3507 ’
297 3503 342 3530 ex
370 3497 447 3543 qua
474 3490 646 3541 procedit
675 3490 845 3528 debitum
865 3488 1110 3537 gratitudinis,
1140 3495 1182 3524 ut
1210 3500 1324 3537 supra
1342 3487 1364 3509 *
1388 3487 1390 3528 l
1471 3489 1546 3526 SED
1576 3500 1722 3527 CONTRA
1745 3503 1812 3528 iss-r
1831 3492 1933 3541 quod
1963 3491 2053 3529 nulli
2082 3498 2138 3529 est
2166 3491 2292 3529 danda
2310 3490 2374 3529 via
2392 3504 2479 3541 pec-

348 3606 377 3639 α)
397 3613 496 3632 omnes.
509 3619 528 3626 -
546 3605 665 3631 homines
684 3604 780 3629 addunt
800 3603 847 3629 Pa.

351 3070 353 3073 ’
395 3065 429 3109 ν’,
442 3054 493 3107 r*
505 3064 590 3103 tale
619 3067 706 3103 Deo
736 3064 838 3101 enim
871 3062 1038 3101 maxime
1076 3062 1191 3100 debet
1226 3061 1362 3111 aliquis
1471 3064 1762 3112 3.*PRAETEREA‚
1784 3065 1931 3102 Seneca
1956 3065 2056 3113 dicit,
2077 3066 2116 3103 in
2136 3067 2168 3103 ΙΙ
2188 3066 2234 3103 de
2251 3067 2417 3115 Benefic.
2439 3068 2478 3103 *:
2509 3073 2518 3081 ·
