2860 4244
149 1263 159 1273 ’
173 1262 209 1284 Cf.
224 1268 262 1288 qu.
284 1268 342 1283 cxxv
353 1278 358 1288 ,

150 1289 281 1311 Comment.
305 1292 359 1316 post

149 1319 191 1346 art.
202 1321 222 1341 2,
234 1314 295 1336 Nota
310 1317 356 1336 ter-

395 275 464 321 146

389 364 486 400 quae
506 363 573 400 per
601 363 639 387 se
668 350 855 399 pertinent
879 350 927 386 ad
957 349 1141 385 rationem
1170 349 1308 384 horum
1337 347 1445 384 vitio·
1473 349 1475 393 l

1037 270 1302 318 QUAESTIO
1332 272 1506 319 LXXVI,
1536 272 1830 309 ARTICULUS
1861 272 1911 308 lV

1553 350 1611 384 AD
1632 360 1821 385 SECUNDUM
1841 360 2025 386 DlCENDUM
2046 349 2161 396 quod,
2183 347 2277 384 sicut
2298 348 2438 385 dictum
2462 348 2559 394 est*,

389 417 484 441 rum.
515 405 678 440 Possunt
697 411 824 439 autem
845 410 880 438 et
899 402 969 438 alia
990 414 1058 449 per
1077 401 1250 436 accidens
1275 400 1446 437 conside·
1472 426 1474 442 ,
1499 401 1714 438 maledictio
1749 414 1827 438 uno
1856 402 1975 438 modo
2012 401 2166 437 includit
2195 400 2424 438 desiderium
2459 401 2559 438 mali.

389 457 460 493 rari
481 469 579 504 quae
599 457 790 505 praedicta
808 455 898 491 vitia
927 455 984 490 vel
1014 461 1151 500 augent
1170 454 1231 489 vel
1259 452 1444 489 minuunt.

441 512 499 546 AD
515 521 651 546 ΡιιιΜυΜ
671 519 768 545 ERGO
789 518 972 544 DiCENDUM
988 506 1091 554 quod
1113 505 1327 542 maledictio
1344 517 1446 542 crea·
1472 501 1473 521 ³

1472 449 1610 489 Unde
1638 453 1668 489 si
1688 454 1747 490 ille
1768 455 1832 501 qui
1860 453 2049 490 maledicit
2076 454 2166 490 velit
2189 453 2333 490 malum
2361 454 2560 491 occisionis

1499 505 1662 552 alterius,
1683 507 1868 544 desiderio
1889 519 1967 543 non
1988 506 2110 543 differt
2128 507 2176 543 ab
2196 505 2401 543 homicida.
2426 507 2562 543 Differt

389 571 492 598 turae
514 563 738 610 inquantum
759 568 928 596 creatura
956 567 1020 604 est,
1042 558 1255 596 redundat
1247 571 1284 595 in
1305 560 1442 604 Deum,
1471 599 1472 615 χ
1498 566 1628 595 tamen
1665 558 1890 607 inquantum
1929 566 2033 596 actus
2070 559 2231 596 exterior
2258 558 2399 607 aliquid
2436 559 2561 595 adiicit

389 622 424 651 et
451 615 503 651 sic
530 627 598 663 per
617 613 792 650 accidens
815 613 929 648 habet
958 612 1141 648 rationem
1167 612 1443 660 blasphemiae:

388 679 464 703 non
493 675 619 703 autern
644 666 674 702 si
693 665 942 702 maledicatur
961 672 1131 701 creatura
1148 669 1164 692 Υ
1192 672 1348 713 propter
1368 665 1444 701 cul-

387 732 488 767 pam.
520 721 567 756 Et
596 719 731 755 eadem
761 717 854 754 ratio
884 724 939 753 est
968 717 1014 754 de
1044 717 1287 754 detractione.

1498 611 1698 648 voluntati.

1550 665 1609 700 Ao
1628 675 1789 701 TERTIUM
1809 676 1992 702 DICENDUM
2009 665 2112 713 quod
2134 665 2227 702 ratio
2248 664 2309 701 illa
2324 663 2495 714 procedit
2513 664 2560 702 de

1470 759 1471 763 Ἰ
1498 716 1764 753 maledictione
1784 718 1997 755 secundum
2018 718 2123 766 quod
2147 718 2326 766 importat
2344 717 2559 766 imperium.

437 850 462 882 γ)
482 852 615 874 creatura.
628 861 647 867 —
664 851 805 873 creaturae
824 848 852 874 Ρ.

1059 914 1392 947 Commentario
1413 914 1664 947 Gar-danaus
1686 913 1887 946 Caietani

415 1004 434 1024 N
458 994 643 1034 quaestione
666 994 994 1035 septuagesimasexta,
1019 1001 1106 1029 nota,
1131 1004 1168 1025 ex
1192 994 1296 1034 primo
1313 993 1445 1024 articulo
1470 1002 1472 1021 l
1496 993 1658 1024 rationalis
1683 999 1840 1023 creaturae
1865 991 2073 1028 nativitatem;
2105 1002 2140 1023 ac
2163 1002 2219 1033 per
2242 992 2304 1023 hoc
2327 993 2485 1024 maledicit
2507 1003 2561 1023 na-

388 1006 566 1074 Ieiusdem,
586 1038 663 1079 quid
680 1039 720 1069 sit
741 1039 869 1079 proprie
890 1039 1087 1069 maledictio:
1113 1039 1230 1069 scilicet
1261 1038 1362 1068 dicere
1378 1047 1445 1068 ma-

384 1082 462 1119 lum,
483 1082 675 1123 inquantum
701 1083 840 1119 malum,
864 1083 959 1115 alicui
987 1093 1024 1115 ex
1045 1082 1230 1114 intentione.
1262 1083 1303 1113 Et
1325 1092 1362 1113 ex
1384 1082 1471 1118 hoc

1497 1037 1607 1068 tivitati
1624 1046 1716 1073 suae;
1741 1037 1830 1077 quod
1853 1043 1900 1067 est
1923 1043 2032 1077 optare
2048 1036 2171 1066 malum
2187 1036 2341 1067 nativitati
2356 1045 2448 1073 suae3
2473 1038 2562 1078 quod

1497 1088 1544 1113 est
1566 1088 1675 1122 optare
1699 1081 1822 1112 malum
1845 1081 1904 1111 sibi
1926 1080 1997 1121 ipsi,
2021 1081 2077 1121 qui
2097 1080 2256 1111 nativitate
2274 1080 2433 1120 ingressus
2452 1087 2499 1112 est
2516 1081 2561 1111 vi-

385 1126 484 1156 oritur
506 1127 595 1166 quod
618 1126 814 1163 maledictio,
839 1127 919 1158 sicut
942 1127 1001 1157 alia
1024 1127 1201 1167 supradicta
1223 1133 1360 1167 peccata,
1385 1126 1445 1156 dis·
1470 1122 1471 1168 ᾗ
1497 1132 1572 1156 tam.
1601 1125 1642 1157 Et
1664 1125 1820 1166 quoniam
1843 1135 1909 1155 non
1933 1131 2022 1166 optat
2043 1125 2106 1155 hoc
2129 1125 2180 1155 vel
2202 1124 2284 1155 illud
2306 1124 2472 1158 modicum
2494 1134 2562 1156 ma-

385 1170 538 1210 tinguitur
561 1170 593 1200 in
617 1171 872 1202 maledictionem
902 1171 1089 1208 formaliter,
1114 1178 1144 1201 et
1166 1171 1380 1202 materialiter:
1415 1177 1445 1200 et
1470 1200 1471 1207 ,

1496 1170 1582 1206 lum,
1606 1171 1662 1200 sed
1690 1170 1834 1201 absolute
1865 1168 2024 1200 maledicit
2051 1168 2263 1206 nativitatem,
2286 1178 2369 1209 quae
2397 1178 2494 1209 capax
2517 1175 2563 1199 est

385 1215 473 1254 quod
496 1214 689 1255 quandoque
714 1222 759 1245 est
782 1222 947 1255 peccatum
964 1215 1107 1251 mortale,
1131 1221 1161 1245 et
1184 1214 1377 1255 quandoque
1393 1224 1444 1244 ve-
1470 1210 1471 1241 Ῑ
1496 1213 1603 1253 magni
1627 1214 1702 1244 mali
1725 1213 1885 1244 rationalis
1909 1220 2077 1249 creaturae,
2103 1219 2138 1243 ut
2161 1219 2260 1253 patet;
2293 1222 2492 1253 consequens
2515 1219 2562 1243 est

384 1258 465 1288 niale
479 1257 507 1288 ²¹⁸.
537 1259 621 1288 Nam
643 1259 822 1290 maledictio
839 1258 1012 1290 formaliter
1037 1265 1084 1289 est
1100 1269 1136 1288 ex
1152 1269 1211 1289 suo
1227 1268 1340 1298 genere
1361 1267 1444 1288 mor-

384 1302 455 1338 tale,
469 1308 504 1332 ut
516 1309 612 1342 patet.
631 1303 830 1333 Materialiter
842 1310 959 1338 autem,
973 1303 999 1332 si
1014 1302 1049 1333 fit
1061 1303 1209 1342 optative,
1223 1311 1289 1332 non
1302 1308 1348 1332 est
1360 1311 1444 1331 mor-

383 1346 460 1376 tale:
485 1346 510 1375 si
527 1356 601 1376 vero
618 1345 704 1376 fieret
718 1346 912 1386 imperative,
929 1353 1036 1386 posset
1055 1356 1121 1376 esse
1137 1346 1280 1376 mortale.
1304 1346 1345 1376 Et
1364 1345 1444 1376 ratio

384 1390 568 1420 diversitatis
585 1396 630 1420 est
649 1390 724 1430 quia
739 1397 860 1430 praeter
874 1390 1084 1421 intentionem
1100 1390 1239 1430 optative
1255 1389 1444 1420 maledicens
1469 1413 1470 1417 ,

384 1433 544 1463 neminem
568 1434 678 1469 laedit,
703 1434 778 1473 quia
802 1444 858 1464 nec
882 1444 918 1464 ex
933 1434 1108 1464 intentione
1124 1444 1182 1464 nec
1198 1443 1236 1464 ex
1251 1442 1364 1474 opere:
1387 1433 1445 1463 im-
1469 1468 1470 1475 ἵ

383 1477 519 1517 perative
542 1484 659 1514 autem,
684 1478 878 1518 quandoque
901 1478 996 1508 laedit
1019 1488 1054 1508 ex
1078 1488 1174 1518 opere
1197 1477 1331 1508 ministri
1355 1478 1445 1507 obse·
1469 1479 1471 1507 ἱ

382 1521 521 1561 quentis,
546 1521 691 1561 quamvis
715 1531 780 1551 non
804 1531 840 1552 ex
864 1521 993 1563 propria
1016 1522 1201 1553 intentione.
1231 1521 1302 1553 Dixi
1325 1528 1444 1560 autem,
1469 1531 1471 1540 *

383 1575 423 1595 ex
445 1575 503 1595 suo
526 1574 665 1606 genere:
696 1565 771 1606 quia
801 1573 931 1606 propter
953 1565 1227 1606 imperfectionem
1250 1573 1354 1602 actm,
1380 1565 1444 1595 sive
1469 1560 1471 1592 ἶ

383 1620 419 1639 ex
442 1616 529 1648 parte
553 1609 676 1645 obiecti,
702 1616 737 1640 ut
760 1610 785 1639 si
808 1620 943 1650 parvum
965 1610 1088 1641 malum
1111 1617 1200 1651 optet
1221 1611 1271 1640 vel
1294 1610 1444 1650 imperet;
1469 1609 1471 1645 l

1469 1670 1471 1694 j
1496 1655 1573 1684 dens
1597 1664 1629 1684 se
1648 1654 1742 1684 habet
1763 1654 1802 1683 ad
1826 1660 1934 1683 actum
1948 1652 2032 1683 illius
2056 1653 2297 1689 maledictionis,
2314 1663 2396 1694 quae
2421 1662 2486 1683 non
2503 1652 2564 1683 nisi

382 1697 511 1733 ledicat;
543 1698 688 1738 quamvis
717 1697 828 1729 affectu
858 1699 965 1728 tendat
994 1698 1027 1728 in
1050 1698 1188 1734 malum,
1214 1698 1289 1739 quia
1319 1708 1384 1728 non
1409 1707 1445 1727 ex
1469 1695 1471 1723 ἶ

384 1751 540 1771 consensu
558 1741 687 1772 rationis
703 1742 735 1772 in
752 1742 873 1772 malum
892 1742 1001 1779 tendit,
1020 1741 1124 1773 deficit
1139 1753 1156 1773 a
1171 1742 1309 1782 perfecta
1324 1742 1445 1773 ratione
1469 1737 1471 1757 ³

383 1785 518 1825 peccati,
543 1785 624 1816 sicut
646 1785 678 1816 in
703 1786 811 1816 ceteris
835 1786 969 1826 peccatis
993 1796 1030 1816 ex
1053 1797 1113 1816 suo
1136 1796 1248 1826 genere
1273 1785 1443 1826 contingit;
1470 1813 1471 1820 ,

1469 1852 1471 1859 s
1495 1830 1520 1860 si
1545 1830 1755 1860 maledixisset
1778 1829 1974 1860 nativitatem
1993 1839 2084 1860 suam
2106 1829 2297 1870 inquantum
2318 1839 2446 1860 causam
2462 1829 2564 1860 malo-

383 1873 424 1903 Et
452 1873 525 1903 hinc
556 1881 642 1913 patet
671 1874 759 1914 quod
789 1874 1025 1904 maledictiones
1052 1873 1194 1904 filiorum
1221 1885 1239 1905 a
1261 1874 1444 1915 parentibus

1469 1922 1471 1942 1
1495 1928 1562 1949 non
1577 1918 1673 1949 fuisse
1689 1927 1819 1948 causam
1834 1917 1912 1948 tanti
1929 1917 2014 1948 mali.
2034 1917 2106 1948 Hoc
2122 1927 2262 1958 namque
2277 1918 2378 1947 modo
2394 1927 2452 1948 nec
2467 1917 2563 1948 etiam

437 1961 586 1992 Discerne
614 1968 720 1992 tamen
749 1963 799 1993 hic
826 1962 907 1993 inter
934 1969 1062 2002 tempus
1086 1962 1241 2003 passionis
1265 1969 1296 1993 et
1317 1969 1444 2002 tempus
1469 1994 1471 2003 <

383 1653 446 1683 sive
471 1663 506 1683 ex
529 1652 616 1693 pa‘rte
640 1654 809 1704 operantis,
835 1661 870 1684 ut
893 1654 918 1684 si
935 1664 971 1684 ex
993 1654 1038 1684 ira
1061 1661 1116 1686 aut
1139 1654 1199 1685 alia
1215 1654 1362 1694 passione
1378 1664 1444 1684 rna-

383 1839 418 1859 ac
442 1835 497 1869 per
519 1829 590 1866 hoc,
608 1840 673 1860 non
698 1837 744 1860 est
767 1830 914 1866 mortale,
939 1837 975 1861 ut
997 1830 1030 1860 in
1051 1830 1183 1861 articulo
1207 1830 1297 1861 tertio
1321 1830 1444 1860 dicitur.

383 1927 465 1957 quae
489 1927 554 1947 non
578 1925 741 1948 transeunt
763 1925 881 1958 guttur,
902 1928 966 1948 non
986 1925 1060 1949 sunt
1083 1918 1228 1949 mortalia
1251 1925 1388 1958 peccata.

382 2005 506 2045 quietis,
524 2015 563 2035 ne
578 2005 704 2036 fallaris.
727 2006 768 2037 Et
790 2006 869 2037 scito
886 2007 975 2047 quod
998 2016 1035 2036 ex
1050 2006 1112 2037 hoc
1133 2007 1222 2047 quod
1243 2006 1444 2042 maledicens,

382 2056 455 2089 post
473 2056 661 2080 transactam
680 2050 870 2101 passionem,
888 2051 1008 2081 doleret
1024 2050 1049 2081 si
1065 2051 1203 2081 eveniret
1218 2050 1340 2081 malum
1356 2051 1471 2092 quod

382 2092 520 2133 optavit,
545 2103 609 2123 non
634 2101 801 2134 propterea
825 2095 952 2134 signum
975 2101 1021 2125 est
1050 2095 1139 2135 quod
1163 2094 1256 2125 fuerit
1279 2102 1446 2135 peccatum

381 2137 502 2167 veniale
518 2138 712 2174 maledictio,
736 2145 792 2169 aut
810 2139 899 2179 quod
915 2148 980 2169 non
997 2148 1034 2169 ex
1048 2138 1223 2170 intentione
1238 2138 1444 2170 maledixerit.

1496 1258 1586 1298 quod
1615 1264 1724 1297 peccet
1754 1258 1937 1288 mortaliter.
1971 1257 2037 1287 Nec
2064 1257 2169 1288 obstat
2196 1257 2285 1298 quod
2314 1256 2458 1287 nativitas
2488 1266 2561 1293 sua,

1469 1326 1470 1343 3
1496 1301 1571 1342 quia
1594 1301 1762 1341 praeteriit,
1786 1311 1852 1331 non
1877 1308 1923 1332 est
1946 1301 2084 1341 amplius
2108 1311 2204 1341 capax
2223 1300 2312 1331 mali:
2337 1299 2454 1331 sufficit
2476 1300 2563 1331 enim

1469 1347 1470 1354 ¹
1496 1346 1536 1375 ad
1564 1352 1730 1385 peccatum
1759 1345 1942 1385 perversitas
1970 1345 2174 1381 intentionis,
2199 1345 2293 1375 etiam
2317 1345 2343 1375 si
2366 1344 2562 1385 impossibile

1496 1389 1536 1420 sit
1558 1389 1648 1429 quod
1669 1389 1819 1425 intendit;
1845 1395 1881 1419 ut
1904 1395 1990 1429 patet
2011 1388 2044 1419 in
2068 1389 2290 1420 maledictione
2312 1389 2382 1425 Dei,
2407 1389 2459 1419 cui
2482 1388 2563 1419 nihil

1495 1433 1571 1464 mali
1595 1439 1701 1473 potest
1723 1433 1872 1466 accidere.
1901 1450 1921 1456 -
1948 1433 2015 1463 Nec
2038 1432 2161 1473 agiteris
2183 1433 2334 1473 scrupulo
2358 1432 2385 1463 si
2408 1433 2459 1464 die
2482 1433 2562 1464 festo

1496 1485 1588 1508 natus
1612 1477 1652 1508 sit
1674 1476 1730 1518 qui
1754 1477 1814 1507 diei
1834 1487 1910 1508 suae
1933 1475 2101 1507 nativitatis
2127 1476 2297 1507 maledixit.
2322 1476 2486 1514 Quoniam
2502 1476 2563 1507 nisi

1495 1521 1566 1552 festi
1596 1521 1776 1552 maledictio
1799 1521 1920 1552 intenta
1943 1520 2020 1557 fuit,
2044 1530 2110 1551 non
2134 1527 2280 1560 aggravat
2302 1526 2484 1560 peccatum:
2516 1526 2566 1551 est

1496 1575 1635 1606 namque
1658 1566 1720 1596 hoc
1743 1574 1800 1605 per
1821 1565 1965 1595 accidens
1981 1571 2125 1605 respectu
2147 1571 2235 1595 actus
2258 1563 2343 1595 illius
2366 1563 2563 1596 maledictio-

1496 1610 1554 1640 nis.
1584 1610 1671 1640 Sicut
1694 1609 1790 1640 etiam
1812 1619 1880 1639 esse
1904 1615 2078 1639 creaturam
2100 1608 2160 1639 Dei
2183 1609 2269 1639 diem
2291 1609 2384 1639 illum
2407 1618 2462 1649 per
2484 1608 2568 1639 acci·

1495 1698 1687 1739 inquantum
1703 1697 1898 1728 nativitatem
1914 1707 2006 1728 suam
2029 1697 2196 1733 continuit,
2214 1697 2312 1728 fertur
2333 1697 2367 1727 in
2382 1697 2486 1733 illum,
2504 1703 2562 1728 etc.

1551 1742 1648 1772 Secus
1672 1749 1779 1773 autem
1803 1748 1849 1772 est
1872 1741 1898 1771 si
1922 1752 1959 1772 ex
1981 1741 2050 1772 sola
2072 1741 2117 1772 ira
2140 1741 2316 1780 maledicit,
2341 1751 2400 1772 nec
2423 1741 2481 1772 sibi
2506 1751 2564 1772 nec

1495 1786 1583 1817 alteri
1607 1793 1721 1826 optans
1745 1786 1878 1822 malum,
1896 1786 1951 1816 sed
1967 1785 2121 1816 dicacitati
2137 1785 2338 1816 satisfaciens.
2363 1785 2404 1816 Et
2419 1785 2563 1816 similiter

1495 1884 1567 1905 rum
1590 1884 1723 1915 poenae,
1749 1880 1863 1914 optans
1885 1873 1973 1904 illam
1997 1884 2064 1904 non
2088 1873 2184 1904 fuisse
2208 1883 2274 1904 non
2298 1873 2490 1914 simpliciter,
2508 1873 2563 1904 sed

1495 1963 1617 1993 veniale
1633 1969 1799 2003 peccatum
1819 1969 1880 1992 est:
1897 1962 1984 1993 iuxta
2000 1962 2080 1992 illud
2096 1961 2194 1992 Iob*:
2218 1962 2335 1992 Pereat
2357 1961 2426 1992 dies
2448 1962 2480 1992 in
2496 1971 2561 2002 qua

1496 2012 1593 2038 natus
1614 2016 1696 2038 sum.
1721 2024 1742 2029 -
1765 2006 1807 2037 Et
1830 2006 1868 2036 de
1884 2005 2041 2036 similibus
2063 2005 2151 2036 idem
2166 2005 2321 2045 intelligas
2344 2005 2435 2046 quod
2458 2005 2498 2036 de
2513 2005 2563 2037 die

1497 2051 1666 2082 nativitatis
1691 2051 1811 2081 dictum
1835 2057 1891 2081 est.

1552 2095 1604 2126 111.
1628 2095 1714 2126 Nota
1736 2094 1846 2130 tertio,
1871 2104 1907 2124 ex
1938 2100 2052 2135 quarto
2082 2093 2233 2130 articulo,
2264 2092 2352 2135 quod
2379 2088 2563 2141 malefictio

1470 2172 1471 2177 ¹
1495 2139 1529 2170 in
1552 2146 1600 2170 tot
1622 2139 1742 2180 species
1766 2138 1970 2178 distinguitur
1992 2144 2074 2179 quot
2096 2138 2274 2178 specierum
2290 2144 2366 2168 sunt
2380 2131 2562 2188 mdfflfflue

382 2182 544 2219 Quoniam
569 2181 595 2212 si
618 2188 761 2223 tempore
784 2183 864 2219 irae,
889 2190 944 2213 aut
970 2183 1096 2213 alterius
1123 2183 1296 2223 passionis,
1320 2189 1445 2214 tantum
1470 2186 1471 2223 1
1495 2184 1631 2224 imperat
1652 2183 1703 2213 vel
1726 2190 1825 2223 optat.
1850 2183 1944 2214 Unde
1966 2182 2000 2213 in
2023 2182 2126 2214 littera
2149 2182 2273 2219 dicitur,
2297 2181 2332 2213 in
2354 2178 2563 2225 remae

381 2225 513 2256 invaluit
541 2225 646 2266 passio
677 2233 712 2257 ut
741 2227 924 2267 portionem
953 2227 1150 2267 superiorem
1180 2228 1220 2258 ad
1252 2237 1445 2258 consensum
1470 2229 1471 2268 ξ

1470 2299 1471 2312 ³
1496 2273 1624 2303 cisionis
1638 2272 1785 2309 alterius,
1811 2281 1875 2302 non
1891 2271 2002 2311 differt
2024 2270 2182 2302 desiderio
2205 2270 2246 2302 ab
2267 2270 2435 2301 homicida.
2459 2264 2501 2301 Et
2522 2269 2564 2308 si-

382 2314 487 2354 passio
512 2314 785 2354 concupiscentiae
814 2322 940 2346 tanturn
969 2315 1140 2346 exardescit
1169 2316 1258 2356 quod
1287 2315 1383 2346 trahit
1405 2316 1445 2346 ad
1470 2339 1471 2342 η

383 2367 574 2389 consensum
603 2358 636 2388 in
666 2367 772 2390 actum
795 2369 975 2390 venereum.
1007 2359 1144 2400 Oportet
1171 2370 1246 2400 ergo
1275 2360 1314 2390 ad
1337 2360 1444 2400 ipsum
1470 2366 1472 2402 ᾗ

1470 2416 1472 2433 a
1500 2414 1639 2445 namque
1661 2414 1774 2435 verum
1795 2411 1843 2435 est
1872 2404 1962 2444 quod
1990 2408 2100 2443 optare
2121 2403 2172 2434 vel
2197 2403 2353 2443 imperare
2375 2401 2496 2444 aliquid
2523 2403 2564 2434 ad

383 2269 612 2300 maledictionis
643 2269 776 2307 flexerit,
806 2271 938 2302 mortale
969 2279 1135 2311 peccatum
1163 2278 1225 2302 est:
1258 2272 1340 2302 sicut
1370 2281 1444 2301 cum

382 2402 537 2442 passionis
560 2409 686 2443 tempus
702 2403 864 2443 inspicere,
881 2414 921 2434 an
943 2411 1018 2434 tunc
1034 2404 1224 2442 maledicens
1241 2404 1444 2440 consenserit,

383 2447 444 2477 hoc
468 2453 523 2482 est,
545 2446 697 2478 voluisset
719 2457 777 2487 pro
801 2454 876 2478 tunc
899 2448 988 2488 quod
1012 2448 1055 2478 sic
1080 2455 1159 2479 esset
1182 2455 1217 2479 ut
1241 2448 1380 2485 dicebat,
1405 2458 1445 2478 an

383 2500 460 2521 non.
492 2490 564 2521 Hoc
588 2491 674 2521 enim
701 2498 827 2531 tempus
856 2491 1059 2522 infallibiliter
1081 2492 1219 2523 ostendit
1248 2502 1288 2522 an
1311 2492 1445 2523 mortale

383 2544 423 2565 an
446 2534 566 2565 veniale
590 2534 692 2566 fuerit.
723 2536 868 2576 Tempus
892 2542 1000 2566 autem
1023 2536 1138 2576 quietis
1167 2543 1241 2576 post
1263 2535 1445 2577 passionem
1470 2549 1472 2556 ¹

384 2578 522 2609 ostendit
545 2579 634 2619 quod
657 2589 723 2610 non
746 2587 792 2610 est
814 2580 982 2620 persistens
1005 2580 1131 2610 animus
1154 2590 1226 2620 erga
1249 2580 1390 2616 malum;
1415 2587 1446 2611 et

383 2677 440 2707 pec

436 2706 475 2743 11.
498 2711 583 2742 Nota
601 2712 751 2749 secundo,
777 2721 813 2742 ex
829 2712 970 2742 secundo
987 2711 1130 2749 articulo,
1147 2712 1237 2753 quod
1259 2712 1445 2744 maledicere

382 2762 540 2786 creaturae
554 2755 726 2787 irrationali
749 2756 941 2797 inquantum
965 2755 1110 2787 ordinem
1132 2756 1226 2787 habet
1248 2756 1287 2786 ad
1311 2756 1445 2788 rationa-

381 2799 460 2835 lem,
485 2799 614 2840 perinde
637 2807 683 2831 est
707 2810 742 2831 ac
765 2800 951 2831 maledicere
974 2800 1034 2840 ipsi
1057 2800 1202 2831 rationali
1225 2807 1383 2831 creaturae
1406 2801 1445 2831 ad

383 2853 481 2884 quam
502 2844 678 2875 ordinatur:
704 2844 785 2875 sicut
799 2844 985 2875 maledicere
1001 2844 1149 2875 creaturis
1164 2845 1356 2886 inquantum
1371 2851 1446 2876 sunt

382 2888 451 2923 Dei,
476 2888 604 2928 perinde
629 2895 675 2919 est
697 2898 732 2920 ac
756 2888 943 2920 maledicere
966 2889 1050 2924 Deo,
1074 2895 1111 2919 ut
1133 2889 1166 2919 in
1187 2888 1290 2920 littera
1313 2888 1444 2925 dicitur,

382 2932 536 2972 quoniam
560 2939 606 2963 est
627 2932 842 2973 blasphemiae
866 2940 1042 2973 peccatum.
1069 2932 1155 2964 Cum
1169 2932 1265 2973 igitur
1287 2933 1446 2964 maledicit
1470 2958 1471 2963 ,

383 2975 454 3015 quis
478 2976 562 3006 diem
586 2977 752 3008 nativitatis
776 2987 861 3013 suae,
886 2983 917 3008 et
939 2977 1135 3013 huiusmodi,
1161 2977 1186 3007 si
1210 2987 1276 3008 non
1296 2977 1366 3007 solo
1390 2987 1444 3008 ore

383 3020 438 3050 sed
462 3021 555 3051 corde
578 3021 745 3058 maledicit,
763 3021 921 3051 maledicit
944 3021 1080 3062 tempori
1097 3021 1288 3062 inquantum
1304 3021 1445 3053 continet

383 2632 449 2663 quo
540 2633 559 2652 n
584 2633 640 2663 per
662 2624 799 2654 modum
822 2623 962 2660 habitus,
986 2625 1041 2654 sed
1064 2624 1220 2664 passionis
1244 2624 1444 2663 transeuntis,
1471 2653 1472 2663 ,

443 2623 538 2703 M
1471 2671 1472 2692 ἶ
1498 2668 1601 2709 specie
1624 2668 1663 2699 ab
1686 2668 1752 2698 odii
1775 2668 1869 2699 vitio:
1901 2667 2056 2708 quoniam
2083 2668 2123 2699 ad
2149 2668 2273 2699 malum
2299 2673 2474 2708 utrumque
2503 2673 2563 2697 ter-

1496 2228 1536 2259 ad
1558 2228 1746 2263 secundum,
1772 2227 1861 2268 quod
1883 2228 1913 2258 si
1936 2227 1990 2258 ille
2012 2227 2069 2267 qui
2090 2226 2252 2258 maledicit
2272 2226 2348 2259 velit
2368 2223 2489 2258 malam
2510 2234 2564 2278 ,σξη

1496 2316 1570 2346 mile
1595 2323 1640 2346 est
1663 2316 1702 2346 de
1725 2315 1792 2346 aliis
1816 2315 1917 2351 malis,
1941 2322 2019 2366 puta
2043 2314 2271 2351 contumeliae,
2293 2314 2457 2350 infamiae,
2481 2313 2563 2356 rapi-

1496 2370 1564 2396 nae,
1590 2359 1812 2400 percussionis,
1837 2359 1983 2396 carceris,
2008 2359 2233 2396 mutilationis,
2251 2366 2308 2390 etc.
2340 2357 2564 2390 universaliter

1496 2449 1583 2480 illam
1606 2448 1745 2489 speciem
1768 2455 1888 2488 spectat
1910 2448 1951 2478 ad
1974 2457 2072 2488 quam
2095 2454 2249 2488 spectaret
2272 2446 2373 2479 faeere
2392 2446 2486 2478 >illud.
2536 2476 2537 2482 ,
2559 2473 2561 2476 .

1553 2492 1615 2523 Ubi
1638 2499 1801 2523 memento
1824 2492 1914 2532 quod
1938 2491 2019 2523 sicut
2042 2491 2155 2522 odium
2177 2490 2278 2523 tendit
2299 2491 2340 2522 ad
2363 2490 2487 2521 malum
2507 2490 2563 2524 ab-

1497 2537 1611 2572 solute,
1631 2536 1691 2566 alia
1706 2543 1815 2566 autem
1828 2536 1913 2572 vitia,
1933 2542 2011 2576 puta
2029 2534 2252 2573 homicidium,
2271 2534 2474 2571 contumelia,
2492 2541 2562 2572 etc„

1498 2581 1538 2611 ad
1560 2580 1638 2611 tales
1661 2580 1822 2610 malorum
1838 2578 1973 2620 species;
1997 2579 2040 2610 ita
2062 2579 2125 2610 hoc
2148 2579 2238 2620 quod
2261 2578 2344 2615 dico,
2368 2578 2563 2610 Maledictus

1497 2626 1539 2655 sit
1566 2625 1640 2662 ille,
1666 2631 1696 2655 et
1725 2623 1928 2662 huiusmodi,
1953 2623 2048 2654 unius
2079 2623 2195 2664 speciei
2223 2630 2286 2660 est,
2312 2630 2342 2654 et
2372 2632 2437 2653 non
2461 2621 2564 2654 differt

1498 2712 1646 2743 minatur.
1680 2712 1767 2744 Cum
1789 2722 1864 2742 vero
1889 2712 1929 2742 ad
1952 2712 2072 2753 species
2095 2712 2254 2743 malorum
2277 2711 2482 2752 imprecando
2510 2711 2564 2742 de·

1497 2756 1666 2793 scenditur,
1691 2763 1778 2797 puta,
1803 2756 1852 2787 Sit
1874 2761 2031 2794 mortuus,
2051 2766 2190 2797 pauper,
2215 2756 2371 2797 captivus,
2395 2765 2508 2797 aeger,
2532 2761 2563 2789 et

1497 2800 1693 2837 huiusmodi,
1718 2801 1757 2831 ad
1781 2799 1901 2840 species
1922 2799 2096 2837 homicidii,
2113 2799 2198 2839 furti,
2214 2799 2479 2836 incarcerationis,
2492 2806 2562 2838 etc„

1497 2845 1682 2881 declinatur,
1707 2844 1793 2875 iuxta
1816 2844 1988 2885 praesentis
2002 2845 2123 2876 litterae
2139 2844 2327 2876 doctrinam.
2351 2843 2392 2875 Et
2411 2843 2436 2874 si
2453 2842 2562 2875 omnia

1497 2896 1553 2920 aut
1576 2889 1676 2922 multa
1700 2889 1796 2919 simul
1818 2889 1902 2919 mala
1925 2889 1997 2929 quis
2019 2889 2221 2930 imprecatur,
2245 2888 2421 2919 multarum
2444 2888 2562 2928 specie-

1497 2943 1570 2964 rum
1593 2933 1807 2964 deformitates
1830 2933 1969 2969 incurrit,
1994 2943 2061 2964 uno
2077 2933 2155 2964 vitio
2176 2933 2397 2964 circumstante
2413 2931 2511 2968 aliud,
2527 2939 2563 2964 ut

1498 2977 1677 3018 frequenter
1693 2977 1815 3008 accidit.

1553 3022 1594 3052 Et
1616 3022 1694 3052 haec
1718 3022 1756 3052 de
1777 3028 1842 3052 tota
1859 3021 2044 3062 quaestione
2060 3021 2378 3062 septuagesimasexta
2393 3019 2560 3052 sufficiant.

2588 358 2631 411 :In
2641 363 2717 385 corp.;
2729 362 2750 380 et
2758 362 2799 380 avt.

2591 1964 2664 1993 ’0⁸1’-
2671 1970 2707 1992 m,
2715 1970 2774 1986 vex-u.
2782 1970 2802 1986 2.
