2860 4244
160 375 168 383 ·
183 373 252 394 Num.
269 378 310 394 vn.

155 1029 165 1041 ⁸
179 1029 244 1050 vers.
262 1035 289 1056 15·

153 1891 222 1912 *Vide
229 1891 363 1912 comment.

152 1918 223 1939 Caiet.
232 1921 283 1944 post
291 1921 334 1939 art.
341 1924 363 1944 ²,

152 1944 177 1965 In
191 1944 306 1966 articulis,

150 2152 158 2160 ·
174 2150 240 2171 Vers.
255 2156 276 2177 7,
291 2151 315 2172 8.

149 2177 171 2187 ⁸·
187 2177 253 2198 Vers.
268 2183 287 2205 3.

152 2472 162 2480 ⁸
177 2471 243 2493 Vers.
257 2478 281 2500 9.

154 2632 162 2640 ⁴
179 2630 244 2652 Vers.
261 2636 286 2652 n.

398 249 471 285 358
1105 246 1371 293 QUAEsrio
1403 247 1451 293 c,

396 328 579 367 temporale,
604 328 636 357 in
660 328 851 368 quibusdam
876 334 921 357 est
945 326 1113 366 spirituale.
1139 344 1156 347 —
1181 326 1222 355 Et
1241 325 1278 355 de
1296 325 1456 354 sacerdote

396 373 520 402 locante
544 381 586 407 se,
611 372 674 401 iam
699 372 818 401 dictum
843 378 888 401 est
902 370 929 400 *.

452 416 498 446 De
522 416 628 446 labore
651 425 724 445 vero
749 425 845 454 quem
869 414 940 453 quis
964 413 1096 443 sustinet
1118 414 1157 443 ad
1180 413 1393 443 itinerandum
1417 412 1455 442 ad

395 460 503 490 locum
527 459 741 490 celebrationis
764 460 813 488 vel
833 457 1087 498 praedicationis,
1112 467 1178 486 non
1202 464 1247 487 est
1275 457 1313 486 ad
1338 465 1455 496 propo-

397 503 502 534 situm.
534 503 696 540 Quoniam
725 509 771 532 est
799 512 854 542 per
884 501 1041 536 accidens,
1074 508 1104 531 et
1134 507 1239 540 potest
1269 501 1327 531 sub
1354 500 1455 541 pretio

397 547 488 587 poni:
514 547 594 577 sicut
618 554 647 576 et
670 556 822 586 expensae
839 555 921 585 quae
944 545 976 574 in
1000 545 1108 575 itinere
1131 544 1222 575 fiunt.
1238 562 1256 567 —
1281 545 1385 575 Labor
1401 555 1455 575 au-

397 599 459 621 tern
483 591 537 631 qui
562 592 593 620 in
626 590 693 630 ipsa
723 590 930 620 celebratione
960 596 990 619 et
1014 588 1244 629 praedicatione
1271 588 1453 624 intervenit,

396 645 466 674 pars
491 642 535 664 est
564 634 780 664 celebrationis
813 641 843 664 et
873 633 1114 673 praedicationis
1141 643 1198 673 per
1221 642 1270 663 se:
1300 634 1455 673 quoniam
1481 660 1482 663 ,

395 678 566 718 spiritualia
599 688 653 718 per
676 678 751 709 tales
775 685 862 708 actus
887 677 1045 707 humanos
1069 677 1229 717 dispensat
1251 678 1349 708 Deus.

450 723 569 752 Doctor
592 732 722 762 quoque
746 721 944 760 Theologiae
973 721 1006 751 in
1035 721 1098 752 hoc
1122 721 1223 752 differt
1255 732 1273 751 a
1296 721 1454 762 praedica-

395 774 477 801 tore,
503 766 591 806 quod
615 767 727 796 doctor
754 766 915 806 quaeritur
938 773 1068 806 propter
1097 766 1273 806 temporale
1301 765 1454 796 auxilium
1480 790 1482 793 .

394 810 425 839 in
450 810 618 850 theologia,
643 810 723 840 sicut
752 810 783 840 in
815 810 923 840 ceteris
951 809 1101 840 scientiis:
1126 810 1322 850 praedicator
1347 816 1454 840 autem

394 854 499 884 solum
530 861 658 894 propter
689 854 885 894 spiritualem
920 864 1031 894 opem,
1066 854 1157 894 quasi
1187 855 1383 894 praedicator
1417 854 1455 884 sit

393 899 639 928 instrumentum
671 898 804 938 Spiritus
831 898 936 929 Sancti
965 899 1003 928 ad
1031 899 1250 938 purgandum,
1275 898 1455 929 illuminari·
1480 898 1482 923 ἶ

394 943 469 972 dum
501 941 792 983 perficiendumque
818 943 964 973 homines
988 943 1165 973 secundum
1189 943 1370 983 adoptionis
1387 953 1454 982 gra-

393 986 479 1016 tiam.
516 987 608 1017 Unde
638 987 745 1017 nullus
776 994 881 1027 potest
912 987 1089 1027 praedicare
1114 987 1174 1017 nisi
1203 988 1338 1018 missus:
1370 987 1455 1018 iuxta
1481 1006 1482 1022 ;

392 1030 470 1060 illud
493 1031 536 1060 ad
551 1031 642 1061 Rom.
657 1041 674 1060 x
690 1029 719 1061 *z
744 1031 909 1068 Quomodo
923 1031 1158 1071 praedicabunt
1178 1033 1240 1062 nisi
1259 1032 1456 1062 mittantur?

393 1075 432 1105 Et
455 1075 527 1105 ideo
551 1085 616 1105 non
641 1082 746 1115 potest
769 1076 965 1116 praedicator
983 1076 1098 1116 pacisci
1118 1076 1157 1106 de
1174 1086 1270 1116 opera
1294 1083 1324 1106 et
1347 1076 1455 1106 labore

392 1129 451 1148 suo
475 1118 506 1148 in
523 1119 744 1159 praedicando.
769 1138 788 1143 -
813 1120 967 1157 Quamvis
983 1121 1021 1150 ad
1037 1120 1099 1150 hoc
1119 1120 1212 1150 etiam
1237 1120 1277 1150 sit
1292 1120 1352 1150 alia
1376 1120 1455 1150 ratio

392 1173 427 1193 ex
444 1163 555 1193 eadem
570 1164 764 1195 auctoritate.
791 1164 874 1201 Quia
890 1164 1007 1195 scilicet
1022 1164 1155 1204 quilibet
1170 1164 1353 1204 praedicans
1369 1174 1456 1204 prae-
1481 1166 1483 1204 ᾗ

392 1207 474 1238 dicat
497 1218 533 1238 ex
557 1208 662 1238 officio
687 1208 909 1248 delegationis:
935 1215 966 1239 et
988 1215 1155 1248 propterea
1176 1209 1269 1238 debet
1292 1218 1358 1238 esse
1382 1218 1457 1239 con-

391 1258 495 1282 tentus
520 1252 682 1292 stipendiis
705 1253 814 1283 taxatis
839 1263 856 1283 a
880 1253 1052 1292 delegante,
1077 1252 1195 1282 scilicet
1221 1252 1380 1292 stipendio
1404 1262 1455 1282 su-

392 1296 603 1332 stentationis;
628 1304 658 1328 et
685 1307 751 1327 non
781 1303 887 1336 potest
909 1297 1026 1327 iterum
1048 1296 1152 1326 locare
1177 1306 1209 1326 se
1233 1296 1376 1336 populo,
1400 1296 1455 1337 qui

391 1341 488 1370 semel
511 1340 625 1371 locavit
648 1350 680 1371 se
704 1340 869 1380 deleganti.
894 1358 913 1362 —
936 1341 1010 1371 Non
1027 1347 1146 1380 spectat
1161 1347 1268 1370 tamen
1292 1341 1332 1371 ad
1356 1340 1456 1371 simo-

392 1384 460 1414 niae
483 1384 596 1415 vitium
620 1385 709 1425 quod
733 1385 929 1424 praedicator
944 1384 1058 1425 aliquis
1074 1384 1224 1415 libentius
1248 1385 1280 1414 in
1303 1385 1376 1415 loco
1401 1385 1456 1415 ubi

391 1428 544 1458 maiorem
564 1428 621 1459 scit
644 1435 780 1459 taxatam
804 1429 1051 1469 eleemosynam,
1068 1439 1168 1470 quam
1184 1429 1257 1459 alibi
1281 1429 1454 1469 praedicet:

391 1473 444 1502 sed
468 1479 587 1512 spectat
609 1473 648 1503 ad
672 1473 805 1503 caritatis
830 1472 999 1509 defectum,
1024 1484 1090 1514 quo
1114 1473 1186 1514 quis
1207 1474 1307 1513 magis
1331 1480 1455 1514 tempo-

390 1516 504 1547 ralium
527 1527 624 1557 quam
648 1517 861 1557 spiritualium
887 1517 1043 1557 profectui
1065 1517 1210 1548 intendit.

1482 246 1778 284 ARTICULUS
1809 248 1856 283 111

1482 323 1484 362 l
1565 325 1612 355 De
1636 326 1790 356 advocato
1814 336 1945 366 quoque
1970 326 2032 356 iam
2050 326 2170 356 dictum
2187 326 2264 356 est*
2287 327 2376 367 quod
2398 327 2573 367 temporale

1482 372 1483 410 Ῐ
1510 369 1662 399 auxilium
1677 369 1860 409 intelligitur
1875 370 2019 400 vendere.
2045 370 2085 400 Et
2104 370 2176 400 ideo
2201 380 2274 400 cum
2294 370 2399 401 ferunt
2419 380 2573 410 magnum

1482 418 1483 450 l
1510 413 1663 443 auxilium
1687 423 1724 444 ex
1747 424 1864 454 magno
1889 413 2022 444 consilio
2046 414 2085 444 ad
2111 424 2262 454 magnam
2292 424 2436 452 causam,
2460 415 2574 445 volunt

1482 457 1483 464 ¹
1510 457 1567 487 sibi
1584 458 1723 488 multum
1740 458 1831 488 solvi.
1856 459 1896 488 Et
1912 458 2041 488 merito:
2058 458 2134 499 quia
2150 465 2275 489 tantum
2290 459 2372 489 valet
2387 466 2452 489 tam
2467 468 2574 489 rarum

1509 501 1671 537 auxilium,
1696 508 1744 532 tot
1766 502 1890 542 vigiliis,
1914 502 2076 533 laboribus
2103 503 2310 543 expensisque
2342 510 2573 543 comparatum.

1565 546 1616 576 IX.
1635 546 1675 576 Et
1698 556 1754 586 per
1770 547 1846 577 haec
1862 553 1948 586 patet
1971 547 2136 586 responsio
2157 547 2197 577 ad
2217 546 2335 577 motiva
2357 546 2484 577 alterius
2508 546 2575 586 opi-

1509 589 1613 620 nionis
1629 589 1655 626 *,
1681 590 1738 620 nisi
1763 591 1802 620 ad
1825 590 2027 622 auctoritates
2043 591 2192 631 Apostoli
2210 599 2240 622 et
2254 590 2397 621 Domini.
2422 591 2473 621 Ad
2496 600 2574 630 qua-

1509 643 1580 663 rum
1597 634 1734 673 primam
1757 634 1870 665 dicitur
1886 635 1975 675 quod
2005 642 2070 666 tam
2094 636 2269 675 Apostolus
2293 645 2391 675 quam
2414 634 2574 665 Dominus

1481 682 1482 697 ³
1509 678 1547 708 de
1560 678 1717 717 stipendio
1733 679 1970 709 sustentationis
1986 679 2143 720 loquitur:
2164 686 2199 710 ut
2215 686 2300 719 patet
2316 689 2353 709 ex
2369 678 2573 709 conclusione

1508 722 1672 761 Apostoli,
1697 722 1842 753 videlicet
1867 724 1956 763 quod
1988 724 2061 755 licet
2084 725 2190 755 vivere
2219 724 2259 754 de
2281 723 2462 764 Evangelio
2481 723 2508 753 *.
2532 723 2574 753 Et

1509 767 1569 796 hoc
1592 767 1765 796 Dominum
1791 767 1958 798 ordinasse
1986 768 2054 807 ipse
2077 768 2119 798 ibi
2143 768 2320 808 Apostolus
2348 774 2494 803 testatur,
2520 767 2574 797 de-

1480 847 1482 853 *
1509 811 1627 841 clarans
1651 811 1819 851 quomodo
1842 811 1938 841 verba
1959 811 2013 842 illa
2035 812 2178 848 Domini,
2196 813 2328 853 Dignus
2342 817 2389 843 est
2404 812 2574 852 operarius

1509 855 1654 885 mercede
1671 864 1748 892 sua,
1773 855 1806 885 in
1829 854 1996 895 proposito
2025 863 2099 887 sunt
2129 856 2318 896 accipienda.
2348 857 2447 894 Quod
2477 856 2574 886 etiam

1508 899 1701 935 Matthaeus,
1726 909 1745 929 x
1769 909 1836 939 cap.
1853 899 1879 935 *,
1904 899 2092 939 explanavit,
2110 900 2216 930 dicens
2239 900 2419 931 Dominum
2442 900 2570 931 dixisse:

1481 942 1482 945 ’
1508 944 1639 984 Dignus
1659 949 1706 974 est
1728 945 1898 983 operarius
1913 944 1980 974 cibo
1995 954 2063 975 suo.
2095 944 2159 981 Qui
2185 944 2280 975 etiam
2303 954 2413 975 sensus
2428 951 2514 984 patet
2537 954 2574 975 ex

1509 998 1547 1019 eo
1571 988 1660 1029 quod
1683 988 1853 1024 Dominus,
1869 994 1935 1018 tam
1959 989 2045 1028 apud
2065 988 2262 1019 Matthaeum
2285 998 2384 1029 quam
2406 989 2529 1019 Lucam
2543 987 2572 1025 ⁴¹,

1481 1024 1482 1062 l
1508 1039 1681 1073 postquam
1696 1034 1766 1063 sine
1780 1032 1909 1063 sacculo
1929 1038 1959 1062 et
1968 1043 2052 1073 pera
2068 1032 2086 1052 *
2100 1033 2241 1063 iussisset
2257 1033 2432 1072 Apostolos
2447 1032 2502 1068 ire,
2523 1043 2574 1063 su-

1509 1076 1706 1107 stentationis
1730 1077 1933 1116 stipendium,
1959 1077 2066 1108 cibum
2089 1077 2206 1108 scilicet
2222 1084 2253 1107 et
2267 1084 2392 1117 potum,
2418 1076 2573 1108 concessit

1481 1121 1483 1161 ζ
1509 1121 1595 1161 apud
1619 1131 1694 1151 suos
1718 1121 1887 1152 auditores,

1563 1166 1602 1196 X.
1629 1165 1760 1204 Triplici
1783 1175 1858 1205 ergo
1873 1163 2065 1197 titulo'cum
2089 1166 2189 1206 possit
2213 1175 2271 1206 pro
2286 1164 2499 1206 spiritualium
2522 1174 2574 1195 ex·

1481 1238 1483 1253 Ι
1509 1209 1662 1239 hibitione
1686 1210 1861 1250 temporale
1885 1210 1949 1250 peti
1965 1220 2020 1241 seu
2037 1210 2114 1248 dari,
2129 1210 2275 1240 videlicet
2297 1220 2356 1250 pro
2379 1209 2491 1250 pretio,
2515 1218 2574 1248 pro

1481 1255 1483 1290 i
1510 1253 1668 1292 stipendio
1684 1254 1929 1290 sustentationis,
1945 1265 2003 1294 pro
2020 1254 2178 1294 stipendio
2194 1255 2371 1285 locatarum
2387 1261 2572 1294 operarum:

1481 1305 1483 1344 ᾗ
1509 1297 1631 1336 primus
1648 1297 1758 1328 titulus
1773 1298 1944 1328 simoniam
1961 1298 2137 1335 constituit;
2162 1299 2320 1330 secundus
2335 1309 2353 1329 a
2368 1298 2511 1329 Domino
2527 1307 2576 1328 or-

1482 1351 1483 1355 *
1510 1341 1635 1372 dinatus
1655 1348 1702 1374 est
1716 1341 1748 1372 in
1764 1349 1902 1383 utroque
1918 1343 2125 1373 Testamento
2141 1342 2167 1379 *‚
2185 1349 2215 1374 et
2238 1349 2342 1383 potest
2357 1342 2390 1373 in
2411 1349 2542 1383 pactum
2557 1351 2576 1372 a

1509 1385 1701 1425 pauperibus
1725 1386 1839 1416 deduci
1862 1387 1991 1426 quando
2017 1393 2144 1426 oportet
2163 1393 2292 1427 propter
2311 1386 2576 1418 inhumanitatem

1510 1440 1623 1460 eorum
1646 1430 1762 1471 quibus
1792 1430 1924 1461 servitur
1946 1431 1979 1461 in
2002 1430 2232 1470 spiritualibus;
2262 1431 2370 1462 tertius
2400 1431 2432 1462 in
2456 1430 2517 1461 illis
2542 1430 2576 1461 in

1482 1476 1484 1492 ¹
1510 1474 1625 1515 quibus
1642 1474 1814 1515 principale
1829 1475 2009 1516 quaesitum
2027 1482 2074 1506 est
2096 1475 2280 1515 temporale,
2298 1475 2407 1506 locum
2426 1475 2530 1508 habet.
2546 1481 2578 1505 et

1482 1493 1484 1551 l
1510 1528 1565 1558 per
1589 1519 1732 1549 accidens
1748 1519 1780 1549 in
1797 1519 1989 1560 quibusdam
2014 1519 2240 1559 spiritualibus,
2257 1526 2293 1551 ut
2315 1526 2401 1560 patet
2416 1529 2451 1550 ex
2475 1518 2576 1550 dictis.

1190 1641 1508 1685 ARTICULUS
1536 1642 1766 1684 TERTIUS

578 1736 732 1766 UTRUM
757 1734 938 1766 mersum
962 1735 1028 1766 srr
1052 1735 1168 1765 DARE
1192 1735 1250 1766 ET
1274 1735 1486 1767 ACCIPERE
1508 1736 1731 1768 PECUNIAM
1754 1737 1838 1768 pao
1862 1737 2181 1770 SPIRITUALIBUS
2204 1739 2388 1772 ACTissus

943 1813 976 1838 1v
996 1813 1079 1841 Sent„
1100 1813 1159 1839 dist.
1177 1822 1233 1843 xxV,
1253 1822 1298 1847 qu.
1316 1822 1354 1846 111,
1375 1820 1423 1839 art.
1443 1822 1466 1846 2,

430 1902 491 1940 2ae
512 1903 579 1946 aas<
601 1897 624 1921 D
638 1896 798 1922 TEaTmM
814 1896 867 1921 stc
883 1896 1113 1922 PROCEDITUR
1126 1885 1157 1922 ³¹⁶.
1174 1885 1334 1923 Videtur
1349 1886 1454 1934 quod

522 1924 579 1982 {fa-

408 1974 672 2069 ,Jersss'pro
715 1991 968 2040 spiritualibus
1011 1992 1167 2029 actibus.
1210 1992 1310 2029 Usus
1352 1992 1454 2030 enim

449 2057 458 2068 ⁸
482 2035 546 2075 “³3³⁹
562 2034 825 2094 prophetiae
847 2053 902 2081 est
920 2044 1118 2093 spiritualis
1139 2053 1254 2082 actus.
1286 2045 1363 2082 Sed
1383 2058 1453 2095 pro

390 2111 462 2135 usu
490 2098 711 2147 prophetiae
741 2098 832 2135 olim
861 2097 1001 2147 aliquid
1031 2098 1211 2136 dabatur:
1241 2106 1282 2136 ut
1308 2106 1412 2147 patet
1439 2100 1453 2135 I
1481 2100 1483 2128 J

390 2153 486 2201 Reg.
518 2163 552 2188 1x
575 2151 606 2199 ²¹²,
628 2159 663 2188 et
684 2153 732 2188 III
757 2153 855 2201 Reg.
875 2164 939 2188 xw
957 2150 1009 2188 *ἢ
1040 2152 1142 2200 Ergo
1170 2152 1322 2189 videtur
1350 2153 1454 2202 quod

390 2205 498 2241 liceat
535 2204 623 2241 dare
653 2213 689 2241 et
717 2205 888 2254 accipere
922 2204 1124 2254 pecuniam
1162 2218 1232 2254 pro
1267 2213 1353 2242 actu
1381 2206 1455 2255 spi-

391 2258 524 2295 rituali.

446 2323 480 2348 2.
502 2312 743 2356 PRAETEREA,
776 2311 914 2356 oratio,
944 2311 1192 2359 praedicatio,
1223 2313 1302 2348 laus
1328 2312 1456 2349 divina

392 2372 478 2401 sunt
505 2372 610 2400 actus
640 2364 805 2400 maxime
826 2363 1047 2412 spirituales.
1080 2365 1156 2401 Sed
1177 2365 1225 2402 ad
1254 2365 1456 2415 impetran-

393 2418 484 2454 dum
515 2417 731 2454 orationum
767 2417 944 2464 suffragia
981 2417 1143 2465 pecunia
1177 2418 1286 2455 datur
1319 2418 1455 2456 sanctis

391 2470 500 2507 viris:
539 2470 749 2507 secundum
783 2470 872 2506 illud
907 2471 999 2506 Luc.
1033 2483 1092 2507 xvi
1117 2470 1154 2506 *ε
1188 2472 1317 2508 Facite
1352 2472 1457 2508 vobis

392 2524 534 2560 amicos
561 2523 607 2559 de
634 2535 854 2560 mammona
883 2523 1095 2571 iniquitatis.
1125 2524 1455 2561 Praedicatoribus

394 2576 506 2613 etiam
537 2576 743 2625 spiritualia
762 2576 1036 2612 seminantibus
1064 2577 1288 2624 temporalia
1313 2578 1455 2614 deben-

392 2638 472 2676 tur,
503 2630 715 2666 secundum
743 2630 984 2677 Apostolum,
1008 2631 1020 2665 1
1050 2630 1102 2666 ad
1123 2631 1208 2666 Cor.
1232 2642 1267 2666 ix
1285 2629 1315 2666 ²¹⁸.
1348 2631 1456 2667 Cele-

393 2683 587 2719 brantibus
612 2682 726 2719 etiam
753 2682 900 2719 divinas
919 2683 1051 2719 laudes
1071 2682 1109 2719 in
1129 2683 1381 2726 ecclesiastico
1402 2684 1456 2720 of-

391 2736 499 2782 ficio,
534 2743 570 2772 et
597 2735 862 2784 processiones
891 2735 1124 2781 facientibus,
1154 2736 1293 2785 aliquid
1323 2736 1455 2774 datur:

393 2797 427 2826 et
456 2786 690 2838 quandoque
729 2789 844 2826 annui
882 2789 1049 2826 redditus
1078 2789 1127 2826 ad
1154 2790 1229 2826 hoc
1264 2790 1456 2838 assignan—

391 2850 462 2879 tur.
492 2843 594 2890 Ergo
623 2842 765 2879 licitum
786 2849 841 2879 est
860 2855 930 2891 pro
951 2842 1203 2891 spiritualibus
1231 2843 1376 2880 actibus
1396 2856 1456 2880 ac-

393 2895 517 2944 cipere
547 2895 699 2944 aliquid.

448 2949 482 2985 3.
511 2949 745 2995 PRAETEREA,
775 2948 930 2985 scientia
949 2960 1027 2985 non
1054 2955 1110 2985 est
1128 2948 1254 2985 minus
1283 2949 1454 2998 spiritua·
1482 2960 1484 3002 ζ

393 3001 436 3037 lis
465 3013 581 3049 quarn
610 3008 788 3049 potestas.
829 3002 905 3038 Sed
943 3014 1012 3050 pro
1046 3014 1119 3038 usu
1156 3001 1332 3039 scientiae
1371 3003 1483 3040 licet³

392 3053 594 3102 pecuniam
623 3054 812 3102 accipere:
842 3054 937 3091 sicut
965 3054 1154 3092 advocato
1183 3055 1269 3092 licet
1287 3057 1455 3093 vendere

391 3107 532 3143 iustum
551 3107 817 3155 patrocinium,
848 3115 885 3143 et
912 3108 1062 3144 medico
1092 3108 1290 3145 consilium
1320 3109 1455 3146 sanita-

392 3160 458 3205 tis,
490 3167 525 3196 et
562 3159 739 3207 magistro
776 3159 946 3197 officium
984 3160 1189 3198 doctrinae.
1220 3162 1344 3209 Ergo,
1373 3162 1455 3211 pari
1481 3169 1482 3176 ¹

392 3213 548 3259 ratione,
568 3212 720 3250 videtur
738 3213 843 3261 quod
862 3212 971 3249 liceat
997 3214 1166 3261 praelato
1191 3214 1362 3262 accipere
1391 3214 1454 3251 ali-

393 3266 484 3315 quid
521 3278 591 3314 pro
630 3278 703 3303 usu
741 3265 941 3315 spiritualis
978 3277 1070 3302 suae
1108 3266 1325 3314 potestatis:
1363 3274 1454 3315 puta

392 3331 462 3368 pro
501 3319 756 3366 correctione,
788 3319 852 3356 vel
890 3317 1191 3367 dispensatione,
1226 3320 1288 3356 vel
1325 3319 1452 3368 aliquo

392 3372 624 3409 huiusmodi.

445 3485 472 3518 α)
492 3485 650 3510 venundari.
663 3500 681 3505 -
699 3486 852 3511 venundare
870 3486 898 3511 Ρ.

446 3519 470 3552 β)
487 3528 547 3552 per.
558 3534 577 3540 —
590 3524 704 3553 propter
723 3521 897 3554 ABEFLpCK
917 3526 942 3546 et
960 3529 985 3546 a.

445 3556 471 3589 γ)
491 3556 555 3581 haec
573 3556 641 3581 enim
661 3556 797 3582 haberent.
808 3570 826 3575 -
844 3557 892 3582 hoc
911 3557 980 3582 enim
999 3557 1108 3582 haberet
1126 3556 1212 3582 PDIL.

601 1938 744 1975 licitum
778 1939 824 1974 sit
853 1937 943 1974 dare
977 1946 1014 1974 et
1042 1938 1214 1987 accipere
1249 1939 1453 1988 pecuniam
1481 1957 1482 1960 ¹

1488 1815 1538 1847 qu*
1558 1822 1587 1845 2;
1609 1814 1706 1845 Quodl.
1725 1815 1789 1845 VIII,
1809 1823 1854 1848 qu.
1873 1823 1908 1845 vi,
1927 1821 1973 1840 art.
1997 1824 2020 1842 1.

1481 1886 1483 1919 ἲ
1561 1898 1598 1933 4.
1622 1887 1853 1933 PRAETEREA,
1883 1887 2012 1935 religio
2041 1894 2096 1924 est
2114 1895 2232 1924 status
2261 1887 2463 1937 spiritualis
2489 1902 2576 1939 per-

1510 1939 1693 1976 fectionis.
1725 1939 1802 1976 Sed
1830 1939 1867 1976 in
1888 1939 2076 1988 aliquibus
2095 1939 2341 1978 monasteriis
2364 1941 2506 1990 aliquid
2526 1943 2575 1980 ab

1481 1978 1483 2003 ⁴
1508 1992 1566 2029 his
1596 1992 1660 2041 qui
1689 1993 1920 2041 recipiuntur
1949 1993 2117 2041 exigitur.
2155 1995 2257 2042 Ergo
2286 1994 2371 2032 licet
2403 2008 2473 2044 pro
2501 1996 2577 2045 spi-

1482 2046 1483 2085 ]
1509 2045 1704 2082 ritualibus
1734 2046 1874 2095 aliquid
1905 2046 2064 2094 exigere.

1563 2099 1637 2136 SED
1654 2110 1800 2136 CONTRA
1814 2111 1881 2136 EST
1895 2100 2001 2147 quod
2018 2099 2152 2137 dicitur
2171 2101 2197 2147 1,
2219 2112 2282 2150 qu.
2305 2100 2365 2138 1³¹⁸:
2390 2102 2579 2151 Quidquid

1481 2157 1483 2194 Q
1509 2152 1700 2189 invisibilis
1727 2154 1877 2202 gratiae
1896 2153 2149 2190 consolatione
2167 2153 2354 2201 tribuitur,
2379 2167 2574 2204 nunquam

1482 2217 1483 2235 1
1509 2206 1732 2254 quaestibus,
1752 2206 1812 2242 vel
1829 2206 2050 2254 quibuslibet
2070 2207 2264 2255 praemiis,
2283 2209 2497 2246 venundari
2511 2220 2575 2258 pe-

1481 2257 1483 2290 ἶ
1510 2259 1607 2296 nitus
1633 2259 1748 2296 debet.
1781 2259 1857 2296 Sed
1878 2259 2008 2297 omnia
2035 2260 2256 2298 huiusmodi
2284 2261 2489 2310 spiritualia
2506 2274 2576 2312 per

1482 2312 1483 2350 l
1510 2312 1736 2349 invisibilem
1766 2313 1923 2360 gratiam
1943 2313 2167 2350 tribuuntur.
2199 2314 2301 2362 Ergo
2321 2327 2400 2352 non
2420 2315 2506 2352 licet
2529 2328 2574 2353 ea

1510 2366 1729 2414 quaestibus
1758 2367 1819 2402 vel
1848 2367 2028 2414 praemiis
2054 2367 2266 2404 venundari
2287 2373 2316 2404 α.

1564 2419 1791 2456 ΒεεροΝοΕο
1811 2431 1995 2456 monimum
2024 2420 2130 2467 quod
2149 2420 2245 2457 sicut
2264 2428 2502 2458 sacramenta
2521 2420 2573 2458 di-

1511 2480 1646 2508 cuntur
1673 2472 1878 2520 spiritualia
1907 2472 1996 2520 quia
2015 2472 2248 2521 spiritualem
2270 2474 2470 2511 conferunt
2490 2486 2573 2522 gra-

1509 2524 1613 2571 tiam,
1643 2525 1693 2561 ita
1723 2524 1835 2561 etiarn
1855 2525 2047 2572 quaedam
2068 2526 2139 2562 alia
2169 2526 2344 2563 dicuntur
2367 2527 2574 2575 spiritualia

1510 2577 1598 2626 quia
1627 2589 1672 2613 ex
1691 2577 1870 2626 spirituali
1889 2578 2102 2626 procedunt
2129 2579 2245 2626 gratia
2267 2587 2302 2616 et
2325 2580 2373 2616 ad
2394 2592 2479 2617 eam
2500 2579 2574 2617 dis-

1510 2638 1669 2679 ponunt.
1697 2631 1806 2678 Quae
1826 2639 1954 2668 tamen
1980 2644 2048 2680 per
2063 2630 2078 2660 β
2100 2632 2303 2669 hominurn
2323 2633 2572 2670 ministerium

1511 2683 1746 2731 exhibentur,
1777 2695 1874 2732 quos
1894 2692 2044 2733 oportet
2063 2697 2084 2721 a
2103 2686 2248 2734 populo
2269 2686 2481 2734 sustentari,
2512 2685 2572 2724 cui

1510 2735 1714 2785 spiritualia
1734 2736 2010 2774 administrant:
2031 2738 2245 2776 secundum
2264 2738 2353 2776 illud
2375 2740 2388 2776 I
2409 2741 2461 2777 ad
2480 2740 2571 2778 Cor.

1511 2802 1546 2827 1x
1563 2789 1598 2826 *ε
1634 2790 1723 2832 Quis
1765 2790 1899 2827 militat
1927 2791 2004 2827 suis
2035 2791 2224 2840 stipendiis
2252 2792 2452 2841 unquam?
2483 2793 2574 2835 Quis

1482 2860 1484 2897 ξ
1505 2843 1629 2891 pascit
1643 2855 1816 2893 gregem,
1836 2849 1873 2880 et
1897 2844 1943 2880 de
1970 2844 2064 2881 lacte
2080 2845 2213 2895 gregis
2240 2857 2315 2882 non
2334 2845 2573 2884 manducat?

1482 2897 1559 2932 ·Et
1587 2896 1674 2933 ideo
1706 2897 1874 2934 vendere
1908 2898 2014 2946 quod
2049 2898 2238 2947 spirituale
2278 2906 2333 2936 est
2370 2899 2408 2937 in
2443 2899 2573 2937 huius·-

1510 2949 1616 2987 modi
1645 2950 1812 2998 actibus,
1842 2958 1906 2987 aut
1935 2962 2083 2998 emere,
2113 2951 2367 2989 simoniacum
2397 2959 2470 2990 est:
2505 2953 2574 2990 sed

1511 3002 1682 3051 accipere
1712 3010 1776 3040 aut
1805 3003 1894 3040 dare
1929 3003 2070 3053 aliquid
2097 3017 2168 3054 pro
2197 3005 2470 3043 sustentatione
2504 3005 2574 3044 mi-

1482 3083 1483 3102 ,
1510 3056 1747 3093 nistrantium
1782 3056 2008 3106 spiritualia,
2039 3058 2252 3095 secundum
2291 3058 2572 3097 ordinationem

1510 3169 1586 3207 est;
1616 3162 1667 3198 ita
1694 3169 1823 3199 tamen
1861 3163 1967 3210 quod
1995 3163 2091 3200 desit
2118 3164 2274 3202 intentio
2304 3165 2508 3214 emptionis
2537 3171 2574 3202 et

1481 3213 1482 3243 l
1507 3214 1755 3260 venditionis3
1786 3223 1822 3252 et
1849 3217 1955 3264 quod
1984 3217 2032 3253 ab
2052 3216 2178 3255 invitis
2206 3231 2286 3255 non
2309 3217 2479 3267 exigatur
2503 3229 2574 3268 per

1509 3267 1804 3304 subtractionem
1834 3268 2082 3317 spiritualium
2112 3283 2210 3320 quae
2230 3280 2318 3308 sunt
2345 3270 2571 3318 exhibenda,

1480 3364 1481 3368 Ἰ
1507 3320 1603 3356 haec
1632 3320 1731 3357 enirn
1760 3321 1945 3358 haberent
1964 3327 1979 3349 Υ
2008 3323 2202 3371 quandam
2230 3323 2458 3363 venditionis
2487 3336 2571 3372 spe-

1480 3386 1481 3389 *
1509 3372 1617 3410 ciem.
1634 3393 1658 3401 -
1675 3373 1798 3410 Gratis
1813 3382 1941 3411 tamen
1956 3372 1970 3396 δ
1991 3376 2245 3424 spiritualibus
2259 3377 2365 3426 prius
2385 3376 2570 3423 exhibitis,

1523 3523 1539 3548 b
1561 3487 1586 3519 δ)
1606 3493 1703 3547 tuanen.
1716 3503 1734 3507 -
1753 3489 1779 3514 in
1806 3489 1973 3522 DELpABF,
1994 3498 2055 3516 vero
2081 3491 2139 3516 CsK
2162 3496 2187 3516 et
2204 3497 2230 3526 a.
2254 3490 2322 3516 em‘m
2343 3489 2381 3522 G,
2403 3494 2492 3516 autem
2520 3492 2571 3522 sA;

1508 3531 1522 3548 a
1541 3531 1598 3548 rasa
1617 3531 1634 3556 p
1659 3541 1666 3548 .
2192 3531 2195 3534 ’

2600 331 2610 341 ⁸
2624 329 2694 352 Num.
2707 335 2748 351 vu.

2601 601 2611 611 ⁸
2625 599 2697 621 Num.
2711 606 2733 621 v,

2600 722 2611 732 ⁸
2627 722 2683 744 Loc.
2698 722 2737 743 cit.
2751 728 2814 743 vers.

2601 755 2635 775 14.

2601 903 2611 913 ⁸
2625 902 2692 924 Vers.
2707 908 2740 924 ιο.

2601 990 2681 1013 'Loca
2696 990 2736 1012 cit.

2602 1039 2612 1048 ·
2630 1037 2666 1060 ef.
2684 1037 2742 1060 Luc.
2761 1029 2812 1066 cip.

2600 1070 2659 1092 xm,
2674 1070 2734 1086 vers.
2747 1070 2781 1093 35.

2602 1339 2815 1367 'ladon-capax,

2602 1372 2661 1389 ven.
2672 1366 2687 1389 8
2699 1372 2752 1394 sqq.

2601 2100 2819 2150 {saevam

2600 2794 2611 2805 ⁸
2625 2793 2692 2816 vm.
2705 2799 2727 2822 7.

1509 3109 1702 3146 Ecclesiae
1731 3118 1767 3146 et
1796 3110 2111 3148 consuetudinem
2136 3112 2401 3161 approbatam,
2430 3112 2574 3150 licitum
2624 3135 2631 3141 .

2698 3371 2715 3397 W
