2860 4244
138 1265 203 1314 int-X.
222 1271 288 1288 num.
309 1271 349 1292 ιι,

984 261 1249 308 QUAESTIO
1280 262 1493 310 LXXXIX,
1523 262 1818 299 ARTICULUS
1847 262 1915 299 VII

2476 265 2549 301 283

376 349 462 370 mam
479 339 722 391 redemptionis,
732 340 786 371 sed
810 340 982 381 antiquam.
999 341 1058 370 sub
1079 350 1142 380 qua
1166 341 1436 371 consummandus
1464 340 1467 394 [
1491 348 1560 382 pter
1584 351 1635 372 me
1658 341 1816 382 promisso
1840 341 1911 372 fecit
1935 342 2023 392 quod
2047 351 2106 381 ego
2130 341 2227 372 volui.
2254 342 2319 372 Nec
2343 348 2469 382 oportet
2491 342 2551 372 sol-

376 392 432 415 εει.
456 384 542 414 Haec
562 384 647 414 enim
667 385 745 415 ratio
769 385 931 415 concludit
953 384 1042 425 quod
1066 394 1131 414 non
1148 391 1194 414 est
1217 395 1300 415 nova
1317 386 1436 415 redem-

1465 385 1613 419 llCItum
1636 393 1666 416 te
1682 395 1749 416 esse
1773 386 1811 416 de
1827 393 1898 417 aCtU
1914 393 2036 417 vtrtutls
2059 395 2218 426 ΡΓΟ1Ή1880
2235 395 2300 415 ΠΟΠ
2317 393 2454 416 servato:
2478 396 2553 426 qula

376 428 460 469 ptio:
494 428 549 458 sed
572 438 638 458 non
661 429 750 469 quod
774 439 839 459 non
864 429 904 459 sit
926 436 1013 459 actus
1043 428 1102 458 sub
1126 428 1272 459 inchoata
1301 429 1363 459 iam
1388 429 1437 459 iu-
1465 422 1467 461 ἓ
1492 440 1529 460 ex
1552 439 1618 470 quo
1642 430 1720 460 mihi
1744 429 1939 461 satisfactum
1963 437 2018 466 est,
2042 429 2105 460 iam
2130 440 2194 460 non
2219 436 2298 460 esset
2321 437 2408 460 actus
2430 430 2554 460 virtutis

1465 476 1467 510 ³.
1492 473 1635 504 exhibere
1664 473 1741 504 mihi
1769 474 1887 514 aliquid
1918 481 1954 505 ut
1984 474 2126 504 debitum
2156 481 2211 504 aut
2241 481 2276 504 ut
2302 473 2554 514 redemptionem

375 472 475 502 rando
499 472 726 513 redemptionis
742 473 856 504 forma.
872 491 893 496 —
905 473 994 503 Tum
1010 472 1083 513 quia
1099 472 1314 503 iuramentum
1330 473 1360 503 in
1377 474 1437 503 hu-

375 516 515 547 iusmodi
536 517 801 557 promissionibus
817 517 890 547 ideo
908 516 1040 557 exigitur
1058 523 1089 547 et
1107 516 1279 556 apponitur
1298 524 1334 547 ut
1352 518 1438 548 Deus

376 560 453 600 ipse,
477 560 642 591 invocatus
663 561 695 591 in
709 567 832 598 testem,
849 561 1120 591 consummandae
1143 561 1362 601 promissionis
1386 561 1439 591 ha-

376 605 486 635 beatur
499 604 597 635 veluti
612 604 792 635 fideiussor:
817 604 958 645 alioquin
975 615 1033 635 nec
1048 605 1192 635 detentor
1207 615 1264 635 nec
1281 605 1440 636 usurarius

377 649 567 689 relinqueret
593 649 820 688 promissorem
852 649 910 679 sub
941 649 1008 678 sola
1035 649 1203 679 iuramenti
1230 648 1291 679 fide
1322 650 1440 689 absque

376 693 509 732 pignore
533 699 563 723 et
585 692 645 722 alia
667 691 881 728 fideiussione,
901 693 988 733 quod
1013 693 1062 722 vel
1086 703 1183 733 quam
1200 699 1344 732 oporteat
1367 703 1440 733 pro-

377 736 543 766 missorem
566 736 658 766 illum
673 736 835 766 redimere.
861 737 953 767 Unde
977 737 1058 767 sicut
1072 737 1185 767 iniuria
1202 736 1288 768 fieret
1310 736 1441 768 fideius-

377 780 440 810 sori
470 779 594 810 homini
621 780 646 810 si
674 790 741 810 non
764 780 990 821 adimpleretur
1020 781 1233 821 promissum,
1258 781 1301 811 ita
1327 781 1440 812 iniuria

375 823 412 854 fit
434 824 503 854 Deo
526 823 551 854 si
585 834 651 854 non
683 824 834 865 impletur
865 824 1070 865 promissum.
1106 826 1147 856 Et
1176 825 1237 855 hoc
1274 825 1366 855 sacris
1391 835 1441 855 ca-

376 867 514 898 nonibus
537 868 610 898 satis
635 876 803 899 consonat:
829 875 859 899 et
882 869 1047 900 communi
1070 870 1247 909 proborum
1269 869 1439 899 hominum

376 912 586 952 conceptioni,
604 922 667 953 qua
687 912 825 952 perfidus
841 913 1058 944 aestimaretur
1081 913 1135 954 qui
1159 913 1344 943 huiusmodi
1367 923 1440 953 pro-

377 955 473 985 missa
495 966 551 996 per
575 966 693 987 nomen
718 957 848 987 Domini
873 967 938 987 non
962 957 1158 997 adimpleret.

432 1000 483 1030 Ad
498 1001 675 1031 secundum
691 1011 766 1031 vero
783 1001 918 1032 dubium
935 1001 1048 1032 dicitur
1067 1001 1156 1041 quod
1179 1000 1254 1041 quia
1270 1000 1440 1040 promissio

376 1043 500 1074 homini
523 1044 558 1076 fit
580 1055 645 1075 non
665 1045 781 1076 intuitu
801 1052 888 1076 actus
904 1045 1038 1081 virtutis,
1063 1045 1117 1075 sed
1136 1045 1195 1074 sub
1214 1044 1335 1074 ratione
1355 1044 1440 1075 utilis

377 1086 535 1130 (quamvis
559 1090 670 1120 debeat
691 1089 814 1120 virtutis
838 1099 905 1120 esse
921 1089 973 1120 ille
990 1096 1077 1119 actus
1100 1086 1200 1129 utilis)
1224 1088 1268 1118 illi
1292 1088 1342 1118 cui
1365 1090 1439 1128 pro-

376 1131 526 1168 mittitur,
560 1140 591 1164 et
618 1141 705 1164 actus
729 1133 955 1183 redemptionis
985 1143 1051 1163 non
1075 1139 1121 1162 est
1151 1132 1236 1163 utilis
1264 1133 1441 1163 secundum

375 1176 539 1207 veritatem
562 1177 608 1207 illi
631 1177 682 1208 cui
705 1177 918 1218 promittitur.
942 1176 1015 1207 ideo
1039 1176 1209 1216 promissio
1233 1186 1298 1206 non
1323 1177 1442 1216 obligat

376 1219 437 1256 illi,
462 1220 526 1251 sive
549 1221 589 1252 sit
611 1227 719 1252 coacta
749 1221 813 1251 sive
837 1231 913 1251 non.
937 1221 978 1251 Et
1000 1221 1039 1251 de
1061 1227 1169 1251 coacta
1191 1220 1321 1261 quidem
1346 1221 1441 1252 habes

375 1264 410 1294 in
430 1244 543 1296 littera.
576 1265 624 1295 De
647 1275 713 1295 non
737 1271 845 1295 coacta
868 1265 963 1295 habes
987 1264 1020 1294 in
1042 1265 1126 1295 dicto
1146 1274 1214 1304 cap.
1230 1265 1397 1296 Debitores
1412 1266 1439 1302 *,

376 1308 429 1339 ubi
455 1308 569 1339 dicitur
591 1309 680 1350 quod
702 1308 775 1339 licet
797 1309 1001 1349 promiserint
1023 1309 1144 1339 solvere
1161 1319 1282 1345 usuraS,
1307 1319 1372 1339 non
1396 1317 1440 1341 ta-

376 1362 450 1382 men
472 1359 546 1383 sunt
565 1353 698 1393 cogendi
717 1353 757 1383 ad
775 1353 837 1383 hoc
853 1353 913 1383 nisi
929 1353 1108 1384 iuraverint.
1134 1353 1350 1384 Iuramentum
1365 1364 1439 1385 vero

361 1396 630 1437 «promissorium,
646 1397 722 1438 quia
737 1397 862 1437 respicit
876 1404 982 1428 actum
999 1398 1058 1427 sub
1077 1396 1198 1427 ratione
1217 1397 1293 1428 boni
1317 1404 1347 1428 et
1365 1398 1440 1435 veri,

124 1547 148 1578 ·.
159 1565 231 1589 Num.
245 1573 278 1589 π.

140 2806 152 2818 ’
164 2805 236 2828 Num.
251 2811 283 2827 vu.

375 1440 438 1471 hoc
456 1447 503 1471 est
526 1448 562 1472 ιιι
583 1442 708 1472 bonum
730 1442 820 1482 quod
842 1441 964 1473 iuratur
985 1440 1039 1471 fiat
1062 1451 1173 1471 verum
1189 1441 1222 1471 in
1239 1441 1439 1478 executione;

375 1485 448 1515 ideo
471 1485 591 1525 obligat
613 1486 653 1516 ad
675 1492 783 1519 actum,
801 1485 1037 1526 redemptionis,
1058 1485 1113 1525 qui
1133 1491 1179 1514 est
1202 1485 1306 1515 bonus
1326 1492 1362 1516 ut
1381 1486 1443 1517 exit

376 1529 415 1559 ab
438 1536 561 1568 agente,
585 1530 731 1570 quamvis
755 1530 795 1560 sit
818 1529 920 1559 malus
943 1529 976 1559 in
1001 1529 1178 1569 recipiente.

431 1573 499 1604 XII.
523 1574 571 1604 Ex
589 1574 637 1604 his
661 1583 736 1613 ergo
760 1574 799 1604 ad
823 1573 1030 1613 principalem
1053 1572 1272 1613 quaestionem
1287 1572 1305 1591 *
1329 1573 1442 1603 dicitur

375 1618 464 1658 quod
486 1617 663 1648 iuramenta
676 1617 902 1657 promissori&
926 1624 992 1647 tam
1011 1623 1119 1647 coacta
1142 1626 1239 1656 quam
1253 1616 1441 1654 voluntaria,

376 1661 401 1691 si
424 1661 541 1692 habent
559 1661 723 1692 materiam
742 1662 862 1691 bonam
881 1660 1051 1696 moraliter,
1069 1660 1211 1700 obligant
1229 1660 1261 1690 in
1278 1660 1349 1691 foro
1366 1671 1442 1691 con·
1467 1658 1469 1663 ⁸

375 1705 532 1736 scientiae.
557 1705 598 1735 Et
620 1705 700 1735 ratio
717 1711 763 1735 est
785 1705 860 1746 quia
882 1711 999 1735 servata
1025 1714 1091 1734 non
1115 1704 1274 1735 declinant
1296 1704 1328 1734 in
1354 1705 1440 1745 peio-

374 1758 442 1779 rem
464 1749 594 1780 exitum.
627 1749 720 1780 Unde
743 1749 850 1789 quoad
874 1748 1101 1788 obligationem
1128 1749 1160 1778 in
1184 1748 1255 1778 foro
1280 1749 1442 1779 conscien—

373 1792 446 1829 tiae,
471 1802 537 1823 non
553 1799 600 1823 est
623 1793 849 1824 recurrendum
868 1793 906 1823 ad
922 1793 1138 1824 voluntarium
1159 1792 1295 1823 mixtum
1310 1793 1359 1823 vel
1382 1804 1442 1834 pu-
1466 1805 1468 1812 ⁴

374 1847 457 1873 rum,
481 1837 536 1868 sed
559 1837 599 1867 ad
622 1838 797 1871 materiam,
822 1844 858 1868 ut
881 1837 1072 1867 declaratum
1097 1844 1143 1868 est
1158 1836 1186 1867 *.

430 1884 481 1911 An
498 1887 606 1912 autem
622 1882 661 1912 sit
677 1881 848 1912 differentia
864 1881 944 1912 inter
960 1881 1019 1912 ista
1033 1881 1210 1911 iuramenta
1225 1881 1258 1910 in
1273 1881 1336 1911 hoc
1351 1882 1441 1922 quod

375 1925 457 1957 facta
478 1931 563 1956 metu
583 1926 716 1957 cadente
737 1927 769 1956 in
786 1930 982 1956 constantem
1007 1925 1148 1965 obligent
1167 1925 1206 1954 ad
1226 1925 1346 1955 veniale
1371 1932 1442 1956 tan-

375 1977 463 2005 tum,
487 1970 555 2000 sine
578 1976 685 2000 autem
709 1970 763 2001 tali
787 1976 873 2000 metu
898 1969 1041 2009 obligant
1068 1970 1108 1999 ad
1132 1969 1284 2005 mortale,
1309 1969 1441 2010 quidam

1491 518 1682 554 vexationis,
1708 518 1862 558 quoniam
1886 525 1915 549 et
1943 518 2022 549 ratio
2046 518 2142 549 debiti
2173 525 2203 549 et
2225 518 2453 558 redemptionis
2477 519 2554 548 abo-

1491 561 1547 592 lita
1571 569 1626 592 est.

1547 606 1598 635 Ad
1621 606 1793 636 secundam
1815 613 1922 636 autem
1946 605 2231 642 confirmationem,
2257 606 2399 636 similiter
2423 613 2555 646 negatur

1493 649 1629 690 sequela.
1654 650 1694 679 Et
1717 650 1830 680 dicitur
1845 650 1934 690 quod
1950 650 2089 680 Ecclesia
2105 650 2230 681 nullum
2246 650 2381 681 istorum
2397 650 2554 681 iuramen-

1493 700 1610 729 torum‚
1635 694 1764 733 quando
1788 694 1880 724 habet
1903 694 2065 725 materiam
2087 694 2276 731 virtuosam,
2301 694 2408 725 statuit
2431 695 2554 725 irritum

1494 747 1570 767 esse.
1597 737 1663 767 Nec
1687 737 1790 774 etiarn,
1815 738 1840 768 si
1864 745 1987 769 constat
2009 738 2047 768 de
2070 738 2264 775 iuramento,
2289 739 2484 769 reddendum
2509 739 2554 768 illi

1493 781 1542 811 ius
1573 781 1680 811 statuit
1711 788 1818 812 contra
1842 782 2073 813 iuramentum:
2105 783 2160 813 sed
2183 783 2405 823 praeabsoluto
2433 794 2451 813 a
2471 783 2554 813 iura-

1494 831 1603 855 mento
1634 825 1794 856 succurrit.
1828 825 1918 856 Circa
1947 826 2094 857 irritanda
2123 834 2229 857 tamen
2257 827 2442 858 huiusmodi
2472 826 2554 857 iura—

1494 875 1600 899 menta
1624 869 1761 899 Ecclesia
1784 870 1883 910 magis
1914 870 2038 910 respicit
2068 871 2106 901 ad
2134 871 2212 907 hoc,
2236 881 2276 901 an
2303 871 2420 902 scilicet
2442 878 2554 911 sponte

1494 913 1543 943 vel
1567 922 1684 952 magno
1702 920 1788 943 metu
1813 913 1931 944 factum
1948 914 2041 945 fuerit
2063 914 2287 951 iuramentum,
2308 925 2405 956 quam
2426 916 2466 946 ad
2489 925 2555 945 ma-

1493 956 1619 987 teriam:
1645 964 1680 987 ut
1705 964 1789 997 patet
1812 967 1848 987 ex
1872 958 1933 988 hoc
1956 959 2054 998 quod,
2079 959 2145 998 pari
2169 959 2317 990 existente
2341 959 2479 996 materia,
2497 959 2554 990 sci-

1492 1000 1565 1031 licet
1588 1001 1806 1040 redemptione
1828 1002 2001 1032 vexationis
2024 1003 2187 1042 propriae,
2211 1003 2350 1034 Ecclesia
2375 1004 2555 1042 cogendum

1495 1044 1581 1075 ducit
1605 1055 1679 1075 eum
1703 1045 1758 1085 qui
1782 1055 1848 1075 non
1868 1055 1904 1075 ex
1919 1053 2006 1076 metu
2022 1046 2145 1082 iuravit,
2171 1054 2206 1077 ut
2229 1054 2314 1087 patet
2336 1047 2367 1077 in
2386 1047 2469 1078 dicto
2486 1057 2554 1088 cap.

1493 1089 1671 1126 Debitores,
1696 1089 1800 1125 Extra,
1824 1090 1864 1120 de
1886 1089 2116 1128 Iureiurando,
2140 1091 2178 1120 de
2199 1091 2255 1121 illo
2279 1091 2334 1131 qui
2357 1091 2471 1122 iuravit
2493 1092 2556 1122 sol-

1493 1143 1564 1163 vere
1588 1143 1710 1169 usuras,
1735 1133 1823 1174 quod
1847 1133 1924 1163 nihil
1949 1133 2032 1164 aliud
2058 1141 2104 1164 est
2127 1144 2223 1174 quam
2247 1135 2398 1165 redimere
2421 1136 2557 1166 vexatio-

1494 1187 1568 1207 nem
1592 1186 1701 1213 suam;
1726 1185 1756 1207 et
1779 1177 1926 1208 irritanda
1951 1178 2036 1209 ducit
2059 1178 2234 1209 iuramenta
2258 1186 2378 1215 coacta,
2403 1186 2438 1210 ut
2460 1179 2555 1210 habes

1494 1222 1603 1257 Extra,
1627 1222 1678 1252 De
1700 1222 1749 1252 his
1771 1231 1853 1262 quae
1876 1223 1907 1252 vi
1930 1227 2070 1252 metusve
2099 1232 2197 1253 causa
2217 1223 2326 1263 fiunt,
2351 1233 2419 1263 cap.
2442 1224 2554 1255 Abbas.

1493 1266 1534 1296 Et
1552 1266 1631 1296 ratio
1648 1272 1694 1296 est
1709 1265 1784 1306 quia
1799 1266 1944 1306 princeps
1968 1266 2044 1296 boni
2067 1266 2186 1306 publici
2211 1277 2318 1297 curam
2342 1267 2443 1302 habet,
2461 1274 2491 1298 et
2515 1269 2554 1297 ad

1493 1309 1600 1350 ipsum
1624 1316 1743 1350 spectat
1762 1310 1890 1340 reddere
1914 1310 2059 1340 homines
2075 1310 2196 1341 alienos
2213 1321 2230 1340 a
2248 1311 2463 1341 coactionibus
2480 1312 2558 1342 alio-

1493 1362 1582 1384 rum:
1606 1353 1638 1384 in
1662 1353 1774 1384 odium
1799 1364 1873 1393 ergo
1898 1354 2087 1391 coactionis,
2112 1355 2276 1385 communi
2300 1356 2387 1385 bono
2411 1356 2556 1392 nocivae,

1492 1398 1541 1428 lex
1564 1398 1712 1428 irritanda
1735 1405 1842 1428 coacta
1858 1398 2033 1429 iuramenta
2057 1398 2140 1435 dicit,
2165 1406 2201 1429 ut
2223 1405 2308 1439 patet
2329 1399 2362 1429 in
2387 1399 2472 1430 dicto
2489 1410 2555 1440 cap.

1494 1442 1530 1472 Si
1553 1452 1627 1472 vero
1638 1442 1665 1472 *.
1691 1442 1765 1478 Quo
1789 1441 1824 1472 fit
1847 1449 1882 1472 ut
1905 1442 1930 1472 is
1954 1442 2008 1483 qui
2033 1450 2138 1474 coacte
2162 1443 2284 1479 iuravit,
2309 1444 2387 1473 dum
2411 1448 2557 1484 seprae-

1494 1492 1595 1516 sentat
1618 1486 1768 1526 praelato,
1792 1486 1859 1516 vice
1882 1485 1950 1522 Dei,
1972 1493 2081 1527 petens
2105 1487 2338 1523 relaxationem,
2356 1495 2501 1527 paratum
2525 1499 2558 1518 se

1467 1550 1468 1571 ἶ
1494 1529 1603 1560 offerat
1633 1530 1672 1559 ad
1696 1529 1967 1566 satisfaciendum,
1991 1531 2146 1571 quoniam
2176 1531 2242 1561 sine
2271 1531 2461 1562 relaxatione
2490 1542 2555 1562 non

1492 1574 1561 1604 vult
1573 1573 1803 1604 contravenire:
1825 1581 1855 1603 et
1871 1574 2028 1613 praelatus
2041 1584 2077 1604 ex
2093 1585 2186 1605 causa
2202 1575 2378 1605 rationabili
2391 1576 2554 1606 materiam

1493 1618 1672 1648 iuramento
1697 1617 1874 1653 subtrahat,
1899 1618 1993 1653 dum,
2018 1619 2185 1649 relaxando
2209 1619 2439 1655 iuramentum,
2464 1620 2555 1660 quasi

1495 1671 1531 1692 ex
1548 1661 1653 1691 officio
1671 1671 1740 1696 suo,
1764 1661 1874 1691 volens
1898 1662 1984 1691 bono
2011 1663 2174 1693 communi
2198 1663 2380 1703 providere,
2404 1664 2559 1694 subtrahit

1495 1705 1575 1736 hanc
1594 1705 1758 1736 materiam
1774 1705 1864 1745 quasi
1881 1705 2044 1736 fautricem
2063 1707 2154 1736 malis
2174 1714 2204 1737 et
2222 1707 2348 1737 maioris
2368 1707 2443 1737 boni
2458 1707 2558 1748 impe-

1495 1749 1634 1780 ditivatn.
1651 1767 1672 1772 -
1696 1749 1801 1779 Aliam
1824 1749 1980 1779 rationem
2003 1750 2107 1780 innuit
2135 1751 2309 1781 Alexander
2331 1751 2417 1791 Papa
2437 1751 2465 1790 *‚
2488 1753 2555 1788 XV,

1494 1804 1549 1834 qu.
1559 1804 1600 1830 vr,
1614 1804 1682 1834 cap.
1699 1793 1734 1823 Si
1748 1793 1965 1824 sacerdotibus
1979 1793 2008 1824 *z
2029 1794 2103 1835 quia
2120 1795 2235 1825 scilicet
2250 1804 2331 1835 quae
2346 1794 2427 1825 fiunt
2441 1803 2558 1832 coacte,

1495 1848 1557 1868 non
1582 1843 1700 1868 exeunt
1727 1837 1766 1868 de
1789 1838 1884 1868 corde
1907 1836 2024 1880 (unde,
2049 1839 2134 1869 iuxta
2162 1839 2293 1869 Domini
2319 1840 2554 1876 sententiam*‚

1494 1889 1608 1912 exeunt
1631 1881 1775 1922 periuria,
1801 1882 1961 1918 adulteria,
1979 1881 2062 1924 etc.)‚
2087 1883 2141 1913 sed
2166 1883 2203 1913 de
2228 1883 2409 1914 necessitate
2432 1891 2557 1915 exeunt.

1467 1955 1468 1962 ,
1493 1927 1535 1956 Ει
1557 1926 1670 1966 procul
1693 1926 1790 1956 dubio
1816 1932 1948 1966 utraque
1972 1926 2067 1957 simul
2091 1927 2249 1958 concurrit
2272 1928 2502 1965 communiter,
2529 1935 2559 1958 et

375 2014 408 2044 in
438 2013 574 2045 dubium
595 2021 774 2050 verterunt,
800 2020 836 2044 ut
858 2014 1122 2052 panormitanus,
1145 2013 1178 2043 in
1203 2023 1270 2053 cap.
1295 2013 1331 2043 Si
1354 2024 1440 2051 vero,
1467 2029 1468 2040 ÷

375 2058 481 2094 Extra,
505 2058 545 2089 de
559 2058 786 2089 Iureiurando.
810 2058 876 2088 Nec
892 2058 1007 2089 desunt
1029 2065 1171 2088 tenentes
1187 2057 1283 2087 talem
1299 2057 1442 2088 differen-
1467 2068 1468 2078 ³

376 2102 454 2133 tiam
477 2112 537 2143 pro
560 2112 649 2139 vera,
675 2102 751 2143 quia
773 2103 878 2138 Extra,
902 2102 942 2133 de
963 2102 1195 2139 Iureiurando,
1220 2112 1287 2142 cap.
1314 2102 1440 2140 Verum,

377 2146 492 2177 dicitur
517 2147 607 2187 quod
629 2146 723 2183 tales,
748 2147 773 2177 si
798 2156 863 2177 non
887 2146 1077 2178 servaverint
1099 2146 1291 2182 iuramenta,
1318 2156 1380 2176 non
1405 2147 1442 2177 ob

376 2191 436 2222 hoc
457 2196 534 2222 sunt
556 2196 710 2232 tanquam
730 2200 792 2231 pro
816 2191 947 2221 mortali
967 2191 1102 2221 crimine
1119 2190 1288 2231 puniendi.

433 2235 495 2266 Sed
517 2235 550 2265 hi
573 2235 707 2275 graviter
729 2242 842 2266 errant.
867 2235 1032 2272 Quoniam
1053 2234 1268 2265 iuramentum
1289 2234 1443 2274 obligato-

378 2279 461 2310 rium
481 2279 599 2320 obligat
615 2279 654 2310 de
670 2286 852 2319 praecepto:
878 2286 908 2309 et
931 2279 1079 2309 voluntas
1096 2286 1203 2309 coacta
1227 2285 1273 2309 est
1294 2278 1443 2309 voluntas
1468 2299 1470 2327 ζ

378 2322 536 2354 sufficiens
559 2323 600 2353 ad
621 2323 787 2354 vinculum
811 2323 929 2363 peccati
953 2323 1105 2364 mortalis.
1137 2323 1178 2353 Et
1201 2322 1261 2353 hoc
1285 2329 1370 2353 tenet
1393 2333 1444 2353 ex-

377 2377 484 2408 presse
506 2367 749 2398 Panormitanus
772 2367 900 2398 ibidem.
925 2367 1028 2398 Verba
1043 2374 1151 2398 autem
1174 2366 1258 2396 illius
1282 2367 1444 2397 decretalis
1468 2385 1470 2391 ι

377 2412 486 2452 potius
510 2418 586 2442 sunt
607 2419 717 2443 contra
735 2412 823 2448 istos,
849 2412 874 2441 si
890 2418 973 2442 recte
989 2411 1206 2451 inspiciantur.
1231 2411 1315 2448 Quia
1337 2410 1380 2441 ibi
1399 2411 1445 2441 di-

379 2456 460 2487 citur
481 2456 571 2496 quod
594 2466 657 2486 non
682 2461 728 2486 est
750 2455 918 2486 dicendum
935 2456 1003 2486 istis
1027 2461 1062 2486 ut
1085 2465 1147 2486 non
1163 2460 1302 2492 servent,
1327 2465 1368 2485 ne
1389 2456 1443 2486 de-

378 2505 434 2531 tur
455 2501 501 2531 eis
523 2501 659 2530 materia
678 2499 860 2530 deiurandi.
884 2499 1067 2530 Deierarent
1090 2509 1165 2539 ergo
1189 2509 1254 2529 non
1279 2500 1443 2530 servando.

379 2544 477 2582 Quod
501 2551 609 2575 autem
632 2544 787 2580 subditur,
812 2544 900 2584 quod
924 2553 987 2574 non
1009 2548 1083 2574 sunt
1108 2549 1260 2583 tanquam
1279 2553 1343 2583 pro
1359 2553 1445 2573 mor-

379 2589 439 2622 tali
454 2588 630 2628 puniendi,
655 2589 695 2618 ad
724 2588 879 2619 iudicium
909 2587 1080 2628 praesentis
1107 2588 1291 2617 clementiae
1315 2595 1443 2628 spectat,

379 2642 447 2663 non
470 2633 510 2662 ad
532 2632 655 2662 divinae
671 2632 952 2663 animadversionis
967 2632 1131 2668 iudicium,
1148 2631 1236 2672 quod
1257 2642 1322 2661 non
1339 2632 1446 2662 subest

380 2676 503 2707 statutis
526 2676 671 2707 canonici
693 2676 781 2708 iuris.
805 2676 1055 2708 Communicant
1078 2686 1153 2716 ergo
1178 2676 1286 2706 omnia
1309 2676 1446 2716 promis-

380 2721 462 2751 soria
485 2720 661 2751 iuramenta
683 2720 716 2751 in
731 2720 792 2751 hoc
808 2721 907 2762 quod,
932 2720 957 2751 si
981 2720 1097 2751 habent
1119 2727 1226 2750 actum
1240 2719 1363 2750 virtutis
1386 2731 1444 2760 pro

380 2764 519 2801 materia,
545 2765 686 2804 obligant
708 2765 748 2795 ad
771 2765 904 2795 mortale
927 2765 958 2794 in
984 2764 1055 2795 foro
1079 2763 1298 2795 conscientiae.

436 2809 518 2839 XIII.
536 2808 586 2838 Ad
610 2808 746 2849 primam
762 2816 869 2839 autem
893 2809 1106 2839 obiectionem
1121 2807 1140 2827 *
1163 2808 1277 2838 dicitur
1292 2808 1381 2849 quod
1397 2819 1445 2838 se-

380 2853 474 2893 quela
498 2861 564 2883 non
587 2853 686 2888 valet,
710 2852 765 2882 sed
788 2852 932 2892 procedit
961 2862 998 2882 ex
1020 2852 1107 2882 malo
1132 2852 1290 2882 'ntellectu
1313 2852 1444 2883 litterae.

381 2897 489 2928 Potest
509 2896 667 2937 siquidem
691 2896 805 2926 habere
828 2896 989 2936 duplicem
1013 2905 1141 2926 sensum
1185 2895 1310 2926 Primus
1334 2903 1380 2926 est
1409 2903 1446 2927 ut

380 2941 413 2971 in
433 2941 612 2971 iuramento
629 2939 836 2981 promissorio
860 2940 900 2971 sit
921 2941 1009 2970 velut
1024 2940 1141 2980 duplex
1156 2939 1326 2979 promissio
1351 2950 1446 2980 super

381 2985 492 3016 eadem
511 2984 651 3021 materia,
665 2994 729 3014 una
745 2984 877 3020 homini,
895 2984 990 3014 altera
1004 2985 1074 3014 Deo
1091 2983 1236 3014 exhibita.
1257 2984 1298 3014 Et
1313 2983 1362 3014 hic
1374 2994 1444 3014 sen-

381 3039 434 3060 sus
458 3036 503 3060 est
527 3028 633 3059 falsus
658 3028 699 3059 Et
721 3035 828 3059 tamen
851 3028 937 3059 iuxta
960 3028 1046 3058 hunc
1069 3037 1196 3058 sensum
1221 3028 1364 3068 procedit
1386 3029 1444 3058 ob-

380 3073 484 3109 iectio,
505 3082 580 3103 curn
595 3072 696 3113 prima
715 3071 966 3103 confirmatione.
995 3071 1125 3103 Clarum
1148 3071 1268 3112 quippe
1288 3078 1336 3102 est
1355 3072 1443 3112 quod

381 3117 407 3148 si
430 3117 601 3158 promissio
621 3124 668 3147 est
691 3116 771 3147 facta
794 3117 920 3147 duobus
936 3116 1132 3152 hominibus,
1149 3126 1232 3146 unus
1249 3125 1362 3146 eorum
1377 3126 1443 3147 non

380 3167 485 3202 potest
508 3161 664 3192 remittere
687 3160 736 3191 ius
759 3160 896 3191 alterius.
931 3161 1061 3198 Quanto
1086 3160 1192 3190 minus
1215 3159 1315 3190 homo
1339 3167 1444 3200 potest

380 3206 515 3236 relaxare
538 3205 588 3235 ius
612 3204 686 3235 Dei!
710 3222 732 3228 -

755 3205 844 3235 Alter
866 3214 976 3235 sensus
1000 3211 1047 3234 est
1073 3205 1161 3245 quod
1184 3211 1258 3235 sunt
1281 3204 1362 3235 duae
1386 3205 1443 3235 ob-
1468 3219 1470 3242 ,ι

381 3249 555 3290 ligationes,
581 3249 642 3280 hoc
664 3255 710 3279 est
733 3249 814 3279 duae
836 3249 973 3281 rationes
989 3248 1083 3279 unius
1099 3248 1309 3288 obligationiS‚
1327 3249 1445 3280 scilicet
1468 3251 1470 3254 ’

380 3294 595 3324 iuramentum
624 3299 656 3323 et
677 3292 846 3333 promissio
870 3292 951 3323 facta
970 3292 1117 3323 coactori.
1145 3293 1186 3323 Et
1208 3293 1259 3323 hic
1282 3299 1329 3324 est
1350 3303 1443 3323 verus

382 3345 412 3369 et
434 3338 572 3368 intentus
592 3347 702 3367 sensus
725 3336 859 3367 litterae:
884 3343 924 3373 et,
949 3343 984 3368 ut
1006 3344 1101 3377 patet,
1125 3343 1172 3367 est
1195 3337 1313 3378 absque
1329 3338 1443 3368 obscu-

382 3382 470 3413 ritate
493 3382 600 3422 aliqua
621 3391 724 3412 verus.
745 3381 786 3411 Et
808 3380 883 3421 quia
905 3380 1120 3411 iuramentum
1144 3381 1264 3420 obligat
1285 3381 1442 3412 iurantem

330 3465 333 3467 ι
382 3433 418 3457 ιιι
437 3426 544 3457 reddat
565 3426 634 3456 Deo
655 3435 711 3455 sua
729 3424 914 3461 iuramenta,
938 3431 970 3455 et
991 3424 1162 3465 promissio
1181 3425 1301 3465 obligat
1318 3432 1353 3455 ut
1375 3426 1443 3456 red-

382 3471 435 3501 dat
457 3470 581 3501 homini
603 3469 654 3500 cui
677 3468 839 3510 promisit:
862 3468 935 3498 ideo
959 3469 1040 3499 duae
1064 3469 1163 3499 dictae
1182 3475 1257 3499 sunt
1279 3469 1443 3509 obligatio-

383 3524 447 3550 nes,
472 3525 508 3545 ex
532 3513 649 3554 duplici
670 3513 780 3554 capite,
800 3513 869 3543 Deo
889 3512 1005 3543 scilicet
1027 3519 1058 3543 et
1081 3512 1221 3543 homine.
1247 3513 1335 3544 quta
1357 3513 1442 3544 hunc

383 3565 490 3589 autem
513 3568 641 3589 sensum
673 3567 738 3587 non
766 3563 873 3588 tenent
902 3557 1057 3597 sequelae.
1089 3557 1189 3594 Quia,
1214 3563 1250 3587 ut
1278 3557 1310 3586 in
1341 3557 1442 3588 littera
1467 3587 1469 3590 ,

146 3600 156 3611 ’
170 3601 220 3622 ¹2¹¹·
241 3607 268 3629 ⁹⁷
286 3600 315 3622 ¹⁶¹
335 3606 356 3622 ²·
383 3602 496 3633 dicitur
509 3602 535 3639 ¹⁸³,
551 3602 765 3633 iuramentum
779 3610 915 3631 servasse
933 3600 1117 3640 intelligitur
1132 3600 1187 3642 qui
1203 3601 1242 3631 de
1265 3600 1342 3631 mihi
1367 3611 1442 3641 pro-

1495 1969 1610 2001 sufficit
1632 1970 1672 2000 ad
1695 1970 1910 2000 relaxandum.

1551 2014 1612 2044 Sed
1636 2014 1862 2044 advertendum
1880 2021 1926 2044 est
1942 2024 1981 2044 ne
2001 2014 2148 2044 relaxatio
2165 2015 2254 2045 cedat
2276 2015 2308 2045 in
2326 2015 2454 2046 Domini
2478 2016 2557 2046 blas-

1495 2058 1673 2099 phemiam,
1698 2065 1753 2088 aut
1776 2058 1932 2088 Ecclesiae
1956 2065 2187 2098 contemptum.
2221 2060 2264 2090 Ut
2294 2060 2319 2089 si
2343 2060 2415 2100 quis
2444 2060 2559 2090 iniuste

1495 2102 1638 2143 captivus
1661 2103 1747 2142 apud
1769 2101 1910 2132 infideles
1934 2112 1992 2142 pro
2015 2102 2196 2133 redimenda
2211 2103 2275 2134 vita
2298 2104 2357 2134 sub
2381 2104 2558 2134 iuramento

1495 2147 1693 2187 promitteret
1716 2147 1825 2176 decem
1841 2146 1940 2176 millia
1964 2147 2162 2183 ducatorum,
2179 2154 2253 2184 etc.‚
2278 2158 2344 2178 non
2362 2156 2442 2179 esset
2466 2147 2493 2178 ei
2512 2158 2559 2178 re-

1494 2191 1665 2266 ssxandum
1688 2190 1905 2221 iuramentum
1928 2191 2005 2221 tanti
2029 2190 2147 2221 factum
2173 2192 2211 2221 ab
2230 2191 2359 2228 infideli,
2377 2202 2416 2222 ne
2440 2202 2558 2222 nomen

1526 2235 1627 2266 omini
1650 2235 1921 2275 blasphemaretur
1944 2236 1983 2266 ab
2007 2234 2195 2266 infidelibus.
2220 2236 2261 2266 Et
2283 2236 2385 2266 simile
2404 2243 2450 2266 est
2472 2236 2504 2266 in
2521 2236 2560 2266 si-

1497 2279 1634 2310 milibus.

1551 2324 1592 2354 Et
1623 2323 1899 2373 quemadmodum
1928 2333 1994 2352 non
2027 2333 2152 2363 semper
2189 2330 2263 2354 sunt
2294 2324 2459 2354 relaxanda
2489 2324 2560 2354 talia

1495 2358 1682 2403 iuramenta,
1706 2367 1749 2397 ita
1770 2377 1835 2397 non
1860 2377 1984 2407 semper
2007 2374 2099 2406 egent
2122 2367 2326 2398 relaxatione:
2351 2367 2480 2408 quando
2504 2368 2560 2398 sci-

1495 2412 1567 2442 licet
1590 2411 1775 2442 huiusmodi
1800 2411 2036 2442 consummatio
2059 2411 2287 2451 redemptionis
2310 2411 2455 2452 propriae
2471 2422 2560 2442 vexa-

1497 2456 1592 2486 tionis
1612 2455 1778 2486 manifeste
1808 2455 2038 2495 praeiudicialis
2062 2461 2108 2485 est
2130 2456 2217 2485 bono
2241 2456 2378 2486 aliorum
2407 2456 2562 2496 spirituali

1496 2500 1547 2530 vel
1571 2500 1748 2539 temporali.
1780 2500 1822 2530 Ut
1846 2500 1871 2529 si
1892 2499 1967 2540 quis
1990 2499 2104 2529 timore
2128 2499 2239 2530 mortis
2261 2499 2376 2530 iuravit
2399 2510 2431 2530 se
2455 2510 2560 2531 cessu-

1497 2554 1569 2574 rum
1593 2554 1660 2574 esse
1684 2554 1758 2574 suae
1783 2544 1930 2574 ecclesiae
1955 2543 2004 2574 cui
2029 2550 2167 2583 praeest;
2197 2550 2228 2573 et
2257 2544 2415 2574 evidenter
2438 2551 2560 2575 constet

1498 2589 1536 2618 de
1561 2588 1678 2618 damno
1703 2587 1856 2628 spirituali
1881 2588 1992 2618 ovium
2021 2598 2057 2618 ex
2080 2588 2133 2618 tali
2158 2588 2316 2618 cessione:
2350 2599 2414 2618 non
2439 2595 2562 2619 tenetur

1497 2633 1541 2663 sic
1566 2643 1598 2662 se
1622 2632 1774 2662 redimere
1798 2640 1928 2672 propter
1950 2632 2175 2662 iuramentum.
2204 2632 2308 2662 Immo
2332 2632 2466 2662 iurando
2490 2642 2561 2672 pec-

1497 2677 1587 2713 cavit,
1605 2676 1821 2717 promittendo
1838 2683 1944 2707 actum
1960 2676 2082 2706 malum
2097 2686 2156 2716 pro
2172 2676 2221 2706 sui
2238 2676 2469 2717 redemptione:
2487 2677 2562 2717 quia

1498 2731 1561 2751 non
1593 2726 1669 2751 sunt
1689 2720 1849 2761 facienda
1873 2718 1958 2761 (nec
1970 2718 2210 2761 promittenda)
2240 2721 2327 2750 mala
2355 2725 2391 2751 ut
2413 2722 2561 2751 eveniant

1497 2765 1579 2796 bona
1594 2765 1621 2795 *.
1647 2765 1687 2794 Et
1710 2764 1812 2794 simile
1829 2771 1875 2794 est
1898 2764 1930 2794 in
1954 2764 2104 2794 omnibus
2119 2764 2248 2804 quando
2273 2771 2359 2794 actus
2386 2765 2561 2804 promissus

1497 2817 1543 2840 est
1558 2809 1685 2839 illicitus
1701 2818 1738 2838 ex
1758 2808 1998 2838 circumstantiis
2022 2807 2245 2843 adiacentibus,
2261 2808 2333 2838 licet
2355 2809 2499 2839 absolute
2522 2809 2562 2839 sit

1495 2853 1616 2889 licitus,
1642 2859 1677 2883 ut
1699 2852 1731 2882 in
1756 2852 1902 2892 exemplo
1926 2852 2000 2882 dato
2025 2852 2063 2882 de
2087 2851 2319 2882 renuntiatione
2342 2859 2480 2892 apparet.

1553 2897 1643 2927 Stant
1665 2906 1739 2935 ergo
1771 2896 1829 2926 ista
1853 2896 1918 2926 duo
1942 2895 2053 2926 simul:
2079 2903 2109 2926 et
2138 2896 2225 2936 quod
2254 2903 2361 2926 coacta
2384 2896 2559 2927 iuramenta

1497 2940 1637 2980 obligent
1660 2950 1767 2970 coram
1790 2941 1876 2975 Deo;
1901 2947 1931 2970 et
1954 2940 2042 2980 quod
2066 2939 2205 2970 Ecclesia
2228 2940 2342 2970 relaxet
2365 2950 2399 2970 ea
2423 2940 2558 2971 rationa-

1496 2985 1599 3015 biliter
1622 2985 1740 3024 absque
1762 2983 1823 3014 alia
1847 2983 2107 3014 commutatione.

1550 3028 1635 3059 XIV.
1658 3028 1709 3058 Ad
1735 3028 1908 3058 secundam
1930 3028 2086 3058 rationem
2114 3027 2320 3067 principalem
2338 3027 2355 3046 *
2378 3028 2558 3059 tendentem

1496 3072 1536 3102 ad
1559 3072 1622 3102 hoc
1644 3072 1732 3113 quod
1755 3071 1787 3101 in
1811 3071 1988 3102 iuramento
2013 3071 2219 3112 promissorio
2244 3079 2354 3102 coacto
2379 3082 2444 3102 non
2460 3073 2557 3103 salva-

1495 3123 1547 3147 tur
1568 3116 1699 3147 materia
1722 3116 1899 3151 iuramenti,
1919 3116 2036 3146 scilicet
2054 3122 2141 3146 actus
2160 3116 2292 3152 virtutis,
2316 3116 2382 3146 iam
2405 3123 2490 3156 patet
2513 3127 2558 3147 re-

1496 3160 1637 3200 sponsio.
1659 3160 1742 3197 Quia
1758 3160 1894 3191 salvatur
1909 3167 1996 3191 actus
2011 3160 2144 3196 virtutis,
2162 3160 2278 3190 scilicet
2294 3161 2468 3200 redemptio
2485 3171 2557 3200 pro-

1497 3204 1580 3245 pn'ae
1595 3204 1768 3235 vexationis
1783 3203 1993 3235 renuntiando
2016 3204 2066 3234 vel
2083 3205 2200 3242 dando,
2222 3211 2252 3234 et
2275 3204 2300 3234 si
2316 3204 2392 3244 quid
2409 3211 2454 3235 est
2472 3204 2557 3235 aliud

1497 3248 1671 3280 eiusmodi:
1695 3255 1742 3279 est
1764 3248 1850 3278 enim
1873 3248 1942 3279 talis
1966 3256 2070 3284 actus,
2095 3255 2131 3278 ut
2153 3248 2272 3279 dictum
2297 3247 2388 3283 est&
2413 3248 2556 3280 caritatis.
2586 3258 2593 3265 ·

1551 3294 1617 3323 Nec
1641 3293 1744 3323 obstat
1767 3293 1855 3333 quod
1879 3292 1918 3323 sit
1944 3292 2145 3332 spiritualiter
2160 3292 2291 3322 nocivus
2315 3292 2460 3331 proximo
2476 3292 2502 3328 *,
2527 3300 2557 3323 et
2585 3303 2592 3310 ·

1496 3337 1586 3379 quasi
1603 3337 1714 3367 fovens
1729 3336 1955 3377 malignitatem
1968 3336 2159 3376 cogentium.
2177 3335 2339 3373 Quoniam
2355 3335 2431 3366 haec
2447 3337 2556 3367 omnia

1496 3392 1562 3412 non
1585 3381 1679 3412 habet
1701 3387 1790 3411 actus
1812 3381 1870 3411 iste
1893 3380 2083 3421 inquantum
2106 3380 2207 3415 actio,
2233 3386 2268 3409 ut
2291 3379 2407 3410 scilicet
2433 3380 2494 3411 exit
2517 3381 2555 3411 ab

1495 3432 1623 3466 agente:
1648 3425 1703 3455 sed
1725 3425 1916 3465 inquantum
1939 3424 2054 3464 passim
2080 3423 2141 3453 hoc
2163 3430 2209 3454 est
2232 3430 2267 3458 ut
2290 3424 2437 3464 recipitur
2459 3435 2477 3454 a
2500 3435 2556 3464 pa—

1494 3469 1600 3500 tiente.
1625 3469 1665 3499 Et
1688 3469 1884 3499 considerare
1908 3468 1983 3498 haec
2006 3467 2045 3498 ad
2070 3467 2237 3498 habentem
2256 3468 2375 3508 publici
2398 3468 2475 3499 boni
2500 3479 2554 3499 cu-

1494 3524 1561 3544 ram
1579 3519 1707 3554 spectat,
1723 3513 1777 3553 qui
1802 3518 1967 3552 propterea
1986 3511 2100 3542 relaxat
2123 3511 2352 3542 iuramentum:
2378 3519 2408 3542 et
2430 3522 2495 3542 non
2515 3513 2555 3542 ad

1494 3567 1663 3598 personam
1688 3566 1882 3597 oppressam,
1907 3555 1958 3586 cui
1982 3562 2029 3586 sat
2052 3562 2097 3586 est
2121 3566 2152 3586 se
2176 3555 2339 3586 redimere.

1550 3601 1618 3632 XV.
1638 3601 1688 3631 Ad
1705 3601 1850 3631 ultimam
1867 3599 2002 3640 denique
2018 3599 2172 3631 rationem
2191 3600 2407 3640 principalem,
2425 3600 2463 3630 de
2482 3610 2553 3640 pro—

2586 1450 2594 1459 ·
2609 1449 2645 1471 Cf.
2660 1455 2724 1471 num.
2739 1455 2781 1471 ιιι.

2587 1753 2707 1775 Primus.

2587 1802 2642 1823 Ἀ1.
2653 1801 2681 1823 Si
2689 1801 2795 1829 quando·

2585 1834 2630 1860 que
2648 1834 2663 1849 a
2682 1827 2794 1849 sacerdo-

2585 1855 2653 1876 tibus.

2586 1881 2685 1902 ·.Matth
2697 1886 2746 1908 cap.
2757 1887 2796 1907 xv,

2586 1914 2644 1929 vers.
2661 1913 2692 1935 ¹9·

2588 2773 2735 2826 {nagge-mg·
2743 2778 2796 2800 up·

2586 3040 2595 3047 ⁸
2611 3037 2680 3059 Num.
2696 3044 2736 3060 vn.
