<?xml version="1.0" encoding="UTF-8"?>
<!DOCTYPE html PUBLIC "-//W3C//DTD XHTML 1.0 Transitional//EN"
    "http://www.w3.org/TR/xhtml1/DTD/xhtml1-transitional.dtd">
<html xmlns="http://www.w3.org/1999/xhtml" xml:lang="en" lang="en">
 <head>
  <title>
</title>
<meta http-equiv="Content-Type" content="text/html;charset=utf-8" />
  <meta name='ocr-system' content='tesseract 3.04.00' />
  <meta name='ocr-capabilities' content='ocr_page ocr_carea ocr_par ocr_line ocrx_word'/>
</head>
<body>
  <div class='ocr_page' id='page_1' title='image "./operaomniaiussui09thom/operaomniaiussui09thom_0205.png"; bbox 0 0 2860 4244; ppageno 0'>
   <div class='ocr_carea' id='block_1_1' title="bbox 923 257 2432 310">
    <p class='ocr_par' dir='ltr' id='par_1_1' title="bbox 923 257 2432 310">
     <span class='ocr_line' id='line_1_1' title="bbox 923 257 2432 310; baseline 0.003 -16"><span class='ocrx_word' id='word_1_1' title='bbox 923 257 1189 304; x_wconf 91' lang='lat' dir='ltr'><strong>QUAESTIO</strong></span> <span class='ocrx_word' id='word_1_2' title='bbox 1218 259 1394 307; x_wconf 88' lang='lat' dir='ltr'>LXXIX,</span> <span class='ocrx_word' id='word_1_3' title='bbox 1423 260 1718 298; x_wconf 93' lang='lat' dir='ltr'><strong>ARTICULUS</strong></span> <span class='ocrx_word' id='word_1_4' title='bbox 1748 261 1799 298; x_wconf 91' lang='lat' dir='ltr'>IV</span> <span class='ocrx_word' id='word_1_5' title='bbox 2362 262 2432 310; x_wconf 88' lang='lat'>173</span> 
     </span>
    </p>
   </div>
   <div class='ocr_carea' id='block_1_2' title="bbox 269 337 2436 685">
    <p class='ocr_par' dir='ltr' id='par_1_2' title="bbox 269 337 2436 685">
     <span class='ocr_line' id='line_1_2' title="bbox 272 337 2435 381; baseline 0.001 -14"><span class='ocrx_word' id='word_1_6' title='bbox 272 342 333 368; x_wconf 77' lang='lat' dir='ltr'>stat</span> <span class='ocrx_word' id='word_1_7' title='bbox 355 337 464 367; x_wconf 87' lang='lat' dir='ltr'><strong>album</strong></span> <span class='ocrx_word' id='word_1_8' title='bbox 491 346 510 367; x_wconf 77' lang='lat' dir='ltr'>a</span> <span class='ocrx_word' id='word_1_9' title='bbox 532 347 599 368; x_wconf 89' lang='lat' dir='ltr'>non</span> <span class='ocrx_word' id='word_1_10' title='bbox 622 337 695 368; x_wconf 81' lang='lat' dir='ltr'>albo</span> <span class='ocrx_word' id='word_1_11' title='bbox 719 344 875 379; x_wconf 80' lang='lat' dir='ltr'>quantum</span> <span class='ocrx_word' id='word_1_12' title='bbox 898 337 1059 368; x_wconf 83' lang='lat' dir='ltr'>entitatem</span> <span class='ocrx_word' id='word_1_13' title='bbox 1086 338 1178 378; x_wconf 91' lang='lat' dir='ltr'>ponit</span> <span class='ocrx_word' id='word_1_14' title='bbox 1199 338 1325 375; x_wconf 86' lang='lat' dir='ltr'><strong>album,</strong></span> <span class='ocrx_word' id='word_1_15' title='bbox 1381 339 1462 369; x_wconf 87' lang='lat' dir='ltr'>ultra</span> <span class='ocrx_word' id='word_1_16' title='bbox 1488 339 1550 370; x_wconf 89' lang='lat' dir='ltr'>hoc</span> <span class='ocrx_word' id='word_1_17' title='bbox 1579 339 1712 370; x_wconf 89' lang='lat' dir='ltr'>includit</span> <span class='ocrx_word' id='word_1_18' title='bbox 1738 339 1917 371; x_wconf 78' lang='lat' dir='ltr'>distantiam</span> <span class='ocrx_word' id='word_1_19' title='bbox 1947 349 2044 381; x_wconf 87' lang='lat' dir='ltr'>quam</span> <span class='ocrx_word' id='word_1_20' title='bbox 2067 339 2158 380; x_wconf 90' lang='lat' dir='ltr'>ponit</span> <span class='ocrx_word' id='word_1_21' title='bbox 2179 339 2287 380; x_wconf 89' lang='lat' dir='ltr'>ipsum</span> <span class='ocrx_word' id='word_1_22' title='bbox 2309 340 2435 380; x_wconf 89' lang='lat' dir='ltr'>nigrum</span> 
     </span>
     <span class='ocr_line' id='line_1_3' title="bbox 272 380 2436 424; baseline 0.001 -13"><span class='ocrx_word' id='word_1_23' title='bbox 272 386 303 411; x_wconf 80' lang='lat' dir='ltr'>et</span> <span class='ocrx_word' id='word_1_24' title='bbox 325 390 391 411; x_wconf 89' lang='lat' dir='ltr'>non</span> <span class='ocrx_word' id='word_1_25' title='bbox 415 380 506 421; x_wconf 88' lang='lat' dir='ltr'>plus;</span> <span class='ocrx_word' id='word_1_26' title='bbox 539 381 614 422; x_wconf 87' lang='lat' dir='ltr'>quia</span> <span class='ocrx_word' id='word_1_27' title='bbox 643 391 710 412; x_wconf 88' lang='lat' dir='ltr'>non</span> <span class='ocrx_word' id='word_1_28' title='bbox 732 381 841 413; x_wconf 81' lang='lat' dir='ltr'><strong>album</strong></span> <span class='ocrx_word' id='word_1_29' title='bbox 870 381 992 412; x_wconf 84' lang='lat' dir='ltr'>nullam</span> <span class='ocrx_word' id='word_1_30' title='bbox 1020 381 1201 412; x_wconf 82' lang='lat' dir='ltr'>distantiam</span> <span class='ocrx_word' id='word_1_31' title='bbox 1226 382 1327 422; x_wconf 88' lang='lat' dir='ltr'>ponit.</span> <span class='ocrx_word' id='word_1_32' title='bbox 1381 383 1418 413; x_wconf 83' lang='lat' dir='ltr'>ab</span> <span class='ocrx_word' id='word_1_33' title='bbox 1442 383 1534 414; x_wconf 83' lang='lat' dir='ltr'>albo:</span> <span class='ocrx_word' id='word_1_34' title='bbox 1565 393 1639 424; x_wconf 82' lang='lat' dir='ltr'>ergo</span> <span class='ocrx_word' id='word_1_35' title='bbox 1663 390 1710 415; x_wconf 82' lang='lat' dir='ltr'>est</span> <span class='ocrx_word' id='word_1_36' title='bbox 1731 384 1850 421; x_wconf 82' lang='lat' dir='ltr'>maior,</span> <span class='ocrx_word' id='word_1_37' title='bbox 1875 394 1949 415; x_wconf 90' lang='lat' dir='ltr'>cum</span> <span class='ocrx_word' id='word_1_38' title='bbox 1976 394 2041 414; x_wconf 90' lang='lat' dir='ltr'>non</span> <span class='ocrx_word' id='word_1_39' title='bbox 2066 383 2105 414; x_wconf 88' lang='lat' dir='ltr'>sit</span> <span class='ocrx_word' id='word_1_40' title='bbox 2132 394 2148 414; x_wconf 89' lang='lat' dir='ltr'>e</span> <span class='ocrx_word' id='word_1_41' title='bbox 2172 390 2296 420; x_wconf 87' lang='lat' dir='ltr'>contra,</span> <span class='ocrx_word' id='word_1_42' title='bbox 2321 384 2436 416; x_wconf 87' lang='lat' dir='ltr'>scilicet</span> 
     </span>
     <span class='ocr_line' id='line_1_4' title="bbox 270 424 2435 468; baseline 0.002 -13"><span class='ocrx_word' id='word_1_43' title='bbox 270 424 312 455; x_wconf 93' lang='lat' dir='ltr'>Et</span> <span class='ocrx_word' id='word_1_44' title='bbox 334 431 500 465; x_wconf 83' lang='lat' dir='ltr'>propterea</span> <span class='ocrx_word' id='word_1_45' title='bbox 517 427 639 456; x_wconf 86' lang='lat' dir='ltr'>Auctor</span> <span class='ocrx_word' id='word_1_46' title='bbox 661 425 782 466; x_wconf 81' lang='lat' dir='ltr'>optime</span> <span class='ocrx_word' id='word_1_47' title='bbox 804 425 866 456; x_wconf 87' lang='lat' dir='ltr'>hoc</span> <span class='ocrx_word' id='word_1_48' title='bbox 881 425 1026 466; x_wconf 83' lang='lat' dir='ltr'>probavit</span> <span class='ocrx_word' id='word_1_49' title='bbox 1041 435 1077 455; x_wconf 88' lang='lat' dir='ltr'>ex</span> <span class='ocrx_word' id='word_1_50' title='bbox 1091 425 1175 457; x_wconf 83' lang='lat' dir='ltr'>illata</span> <span class='ocrx_word' id='word_1_51' title='bbox 1190 427 1326 457; x_wconf 87' lang='lat' dir='ltr'>ratione:</span> <span class='ocrx_word' id='word_1_52' title='bbox 1381 427 1468 467; x_wconf 91' lang='lat' dir='ltr'>quod</span> <span class='ocrx_word' id='word_1_53' title='bbox 1492 437 1588 458; x_wconf 87' lang='lat' dir='ltr'>omne</span> <span class='ocrx_word' id='word_1_54' title='bbox 1603 437 1668 458; x_wconf 90' lang='lat' dir='ltr'>non</span> <span class='ocrx_word' id='word_1_55' title='bbox 1685 428 1794 459; x_wconf 83' lang='lat' dir='ltr'><strong>album</strong></span> <span class='ocrx_word' id='word_1_56' title='bbox 1817 428 1857 459; x_wconf 89' lang='lat' dir='ltr'>sit</span> <span class='ocrx_word' id='word_1_57' title='bbox 1879 428 2014 468; x_wconf 85' lang='lat' dir='ltr'>nigrum.</span> <span class='ocrx_word' id='word_1_58' title='bbox 2038 445 2059 451; x_wconf 96' lang='lat'>—</span> <span class='ocrx_word' id='word_1_59' title='bbox 2082 427 2124 458; x_wconf 93' lang='lat' dir='ltr'>Et</span> <span class='ocrx_word' id='word_1_60' title='bbox 2145 428 2234 468; x_wconf 91' lang='lat' dir='ltr'>quod</span> <span class='ocrx_word' id='word_1_61' title='bbox 2257 428 2435 459; x_wconf 83' lang='lat' dir='ltr'>obiiciendo</span> 
     </span>
     <span class='ocr_line' id='line_1_5' title="bbox 270 468 2434 511; baseline 0.001 -12"><span class='ocrx_word' id='word_1_62' title='bbox 270 468 347 508; x_wconf 84' lang='lat' dir='ltr'>quia</span> <span class='ocrx_word' id='word_1_63' title='bbox 369 469 487 500; x_wconf 85' lang='lat' dir='ltr'>scilicet</span> <span class='ocrx_word' id='word_1_64' title='bbox 509 469 653 500; x_wconf 79' lang='lat' dir='ltr'>distantia</span> <span class='ocrx_word' id='word_1_65' title='bbox 677 469 907 501; x_wconf 78' lang='lat' dir='ltr'>contrariorum</span> <span class='ocrx_word' id='word_1_66' title='bbox 933 469 1073 500; x_wconf 86' lang='lat' dir='ltr'>continet</span> <span class='ocrx_word' id='word_1_67' title='bbox 1094 469 1127 500; x_wconf 92' lang='lat' dir='ltr'>in</span> <span class='ocrx_word' id='word_1_68' title='bbox 1151 480 1183 500; x_wconf 90' lang='lat' dir='ltr'>se</span> <span class='ocrx_word' id='word_1_69' title='bbox 1209 470 1327 501; x_wconf 85' lang='lat' dir='ltr'>distan-</span> <span class='ocrx_word' id='word_1_70' title='bbox 1381 471 1503 508; x_wconf 88' lang='lat' dir='ltr'>dicitur,</span> <span class='ocrx_word' id='word_1_71' title='bbox 1527 472 1616 511; x_wconf 92' lang='lat' dir='ltr'>quod</span> <span class='ocrx_word' id='word_1_72' title='bbox 1639 482 1705 502; x_wconf 89' lang='lat' dir='ltr'>non</span> <span class='ocrx_word' id='word_1_73' title='bbox 1728 472 1837 503; x_wconf 83' lang='lat' dir='ltr'><strong>album</strong></span> <span class='ocrx_word' id='word_1_74' title='bbox 1860 472 1998 504; x_wconf 87' lang='lat' dir='ltr'>extendit</span> <span class='ocrx_word' id='word_1_75' title='bbox 2019 481 2052 502; x_wconf 88' lang='lat' dir='ltr'>se</span> <span class='ocrx_word' id='word_1_76' title='bbox 2075 472 2114 502; x_wconf 86' lang='lat' dir='ltr'>ad</span> <span class='ocrx_word' id='word_1_77' title='bbox 2137 478 2194 509; x_wconf 89' lang='lat' dir='ltr'>tot,</span> <span class='ocrx_word' id='word_1_78' title='bbox 2219 471 2297 502; x_wconf 90' lang='lat' dir='ltr'>nihil</span> <span class='ocrx_word' id='word_1_79' title='bbox 2317 473 2434 503; x_wconf 83' lang='lat' dir='ltr'>obstat:</span> 
     </span>
     <span class='ocr_line' id='line_1_6' title="bbox 269 511 2436 556; baseline 0.002 -13"><span class='ocrx_word' id='word_1_80' title='bbox 269 511 347 543; x_wconf 85' lang='lat' dir='ltr'>tiam</span> <span class='ocrx_word' id='word_1_81' title='bbox 371 513 703 550; x_wconf 77' lang='lat' dir='ltr'>contradictoriorum,</span> <span class='ocrx_word' id='word_1_82' title='bbox 727 520 758 545; x_wconf 91' lang='lat' dir='ltr'>et</span> <span class='ocrx_word' id='word_1_83' title='bbox 784 513 870 544; x_wconf 81' lang='lat' dir='ltr'>addit</span> <span class='ocrx_word' id='word_1_84' title='bbox 897 523 992 554; x_wconf 84' lang='lat' dir='ltr'>supra</span> <span class='ocrx_word' id='word_1_85' title='bbox 1014 513 1112 545; x_wconf 82' lang='lat' dir='ltr'>illam.</span> <span class='ocrx_word' id='word_1_86' title='bbox 1142 514 1214 545; x_wconf 89' lang='lat' dir='ltr'>Hoc</span> <span class='ocrx_word' id='word_1_87' title='bbox 1242 514 1326 545; x_wconf 89' lang='lat' dir='ltr'>enim</span> <span class='ocrx_word' id='word_1_88' title='bbox 1380 514 1455 556; x_wconf 86' lang='lat' dir='ltr'>quia</span> <span class='ocrx_word' id='word_1_89' title='bbox 1484 515 1545 545; x_wconf 92' lang='lat' dir='ltr'>hoc</span> <span class='ocrx_word' id='word_1_90' title='bbox 1575 522 1621 546; x_wconf 89' lang='lat' dir='ltr'>est</span> <span class='ocrx_word' id='word_1_91' title='bbox 1649 525 1705 556; x_wconf 89' lang='lat' dir='ltr'>per</span> <span class='ocrx_word' id='word_1_92' title='bbox 1734 515 1892 553; x_wconf 85' lang='lat' dir='ltr'>accidens,</span> <span class='ocrx_word' id='word_1_93' title='bbox 1923 526 1979 547; x_wconf 88' lang='lat' dir='ltr'>seu</span> <span class='ocrx_word' id='word_1_94' title='bbox 2009 515 2216 547; x_wconf 82' lang='lat' dir='ltr'>materialiter.</span> <span class='ocrx_word' id='word_1_95' title='bbox 2250 516 2436 548; x_wconf 86' lang='lat' dir='ltr'>Formaliter</span> 
     </span>
     <span class='ocr_line' id='line_1_7' title="bbox 273 556 2435 601; baseline 0.002 -14"><span class='ocrx_word' id='word_1_96' title='bbox 273 556 451 596; x_wconf 82' lang='lat' dir='ltr'>significant</span> <span class='ocrx_word' id='word_1_97' title='bbox 472 556 525 588; x_wconf 83' lang='lat' dir='ltr'>ina</span> <span class='ocrx_word' id='word_1_98' title='bbox 546 557 650 594; x_wconf 81' lang='lat' dir='ltr'>verba,</span> <span class='ocrx_word' id='word_1_99' title='bbox 678 556 779 588; x_wconf 85' lang='lat' dir='ltr'><strong><em>Omne</em></strong></span> <span class='ocrx_word' id='word_1_100' title='bbox 799 558 882 588; x_wconf 83' lang='lat' dir='ltr'>enim</span> <span class='ocrx_word' id='word_1_101' title='bbox 907 558 1037 599; x_wconf 75' lang='lat' dir='ltr'>nigrum</span> <span class='ocrx_word' id='word_1_102' title='bbox 1061 563 1107 588; x_wconf 85' lang='lat' dir='ltr'>est</span> <span class='ocrx_word' id='word_1_103' title='bbox 1130 568 1192 589; x_wconf 88' lang='lat' dir='ltr'>non</span> <span class='ocrx_word' id='word_1_104' title='bbox 1208 559 1325 594; x_wconf 85' lang='lat' dir='ltr'><strong><em>album,</em></strong></span> <span class='ocrx_word' id='word_1_105' title='bbox 1381 568 1519 599; x_wconf 88' lang='lat' dir='ltr'><strong>namque</strong></span> <span class='ocrx_word' id='word_1_106' title='bbox 1542 559 1715 600; x_wconf 91' lang='lat' dir='ltr'>loquendo,</span> <span class='ocrx_word' id='word_1_107' title='bbox 1740 570 1805 590; x_wconf 92' lang='lat' dir='ltr'>non</span> <span class='ocrx_word' id='word_1_108' title='bbox 1829 560 1936 591; x_wconf 89' lang='lat' dir='ltr'>album</span> <span class='ocrx_word' id='word_1_109' title='bbox 1959 570 2063 601; x_wconf 84' lang='lat' dir='ltr'>neque</span> <span class='ocrx_word' id='word_1_110' title='bbox 2079 559 2205 600; x_wconf 86' lang='lat' dir='ltr'>nigrum</span> <span class='ocrx_word' id='word_1_111' title='bbox 2227 570 2330 601; x_wconf 84' lang='lat' dir='ltr'>neque</span> <span class='ocrx_word' id='word_1_112' title='bbox 2349 560 2435 591; x_wconf 87' lang='lat' dir='ltr'>aliud</span> 
     </span>
     <span class='ocr_line' id='line_1_8' title="bbox 270 600 2435 645; baseline 0.002 -14"><span class='ocrx_word' id='word_1_113' title='bbox 270 606 302 631; x_wconf 82' lang='lat' dir='ltr'>et</span> <span class='ocrx_word' id='word_1_114' title='bbox 323 610 387 632; x_wconf 87' lang='lat' dir='ltr'>non</span> <span class='ocrx_word' id='word_1_115' title='bbox 411 610 429 632; x_wconf 86' lang='lat' dir='ltr'><strong><em>e</em></strong></span> <span class='ocrx_word' id='word_1_116' title='bbox 446 606 577 632; x_wconf 84' lang='lat' dir='ltr'>contra:</span> <span class='ocrx_word' id='word_1_117' title='bbox 598 611 634 631; x_wconf 77' lang='lat' dir='ltr'>ac</span> <span class='ocrx_word' id='word_1_118' title='bbox 650 601 676 631; x_wconf 85' lang='lat' dir='ltr'>si</span> <span class='ocrx_word' id='word_1_119' title='bbox 695 600 825 632; x_wconf 85' lang='lat' dir='ltr'>diceret:</span> <span class='ocrx_word' id='word_1_120' title='bbox 847 601 982 642; x_wconf 81' lang='lat' dir='ltr'>Nigrum</span> <span class='ocrx_word' id='word_1_121' title='bbox 997 601 1130 633; x_wconf 85' lang='lat' dir='ltr'>includit</span> <span class='ocrx_word' id='word_1_122' title='bbox 1148 602 1327 633; x_wconf 85' lang='lat' dir='ltr'>distantiam</span> <span class='ocrx_word' id='word_1_123' title='bbox 1380 612 1480 642; x_wconf 81' lang='lat' dir='ltr'>genus</span> <span class='ocrx_word' id='word_1_124' title='bbox 1502 602 1612 633; x_wconf 84' lang='lat' dir='ltr'>infert:</span> <span class='ocrx_word' id='word_1_125' title='bbox 1646 610 1676 634; x_wconf 91' lang='lat' dir='ltr'>et</span> <span class='ocrx_word' id='word_1_126' title='bbox 1698 610 1758 635; x_wconf 80' lang='lat' dir='ltr'>stat</span> <span class='ocrx_word' id='word_1_127' title='bbox 1781 614 1855 635; x_wconf 90' lang='lat' dir='ltr'>cum</span> <span class='ocrx_word' id='word_1_128' title='bbox 1878 604 1993 635; x_wconf 88' lang='lat' dir='ltr'>minori</span> <span class='ocrx_word' id='word_1_129' title='bbox 2016 603 2161 635; x_wconf 82' lang='lat' dir='ltr'>distantia</span> <span class='ocrx_word' id='word_1_130' title='bbox 2183 604 2333 645; x_wconf 83' lang='lat' dir='ltr'>positiva,</span> <span class='ocrx_word' id='word_1_131' title='bbox 2358 611 2435 645; x_wconf 80' lang='lat' dir='ltr'>puta</span> 
     </span>
     <span class='ocr_line' id='line_1_9' title="bbox 270 644 2066 685; baseline 0.002 -10"><span class='ocrx_word' id='word_1_132' title='bbox 270 644 332 675; x_wconf 83' lang='lat' dir='ltr'>albi</span> <span class='ocrx_word' id='word_1_133' title='bbox 355 654 374 675; x_wconf 77' lang='lat' dir='ltr'><strong>a</strong></span> <span class='ocrx_word' id='word_1_134' title='bbox 396 654 463 675; x_wconf 87' lang='lat' dir='ltr'>non</span> <span class='ocrx_word' id='word_1_135' title='bbox 486 644 575 681; x_wconf 78' lang='lat' dir='ltr'>albo,</span> <span class='ocrx_word' id='word_1_136' title='bbox 600 644 676 685; x_wconf 77' lang='lat' dir='ltr'>quia</span> <span class='ocrx_word' id='word_1_137' title='bbox 705 654 802 675; x_wconf 88' lang='lat' dir='ltr'>omne</span> <span class='ocrx_word' id='word_1_138' title='bbox 829 644 955 685; x_wconf 87' lang='lat' dir='ltr'>nigrum</span> <span class='ocrx_word' id='word_1_139' title='bbox 982 652 1028 676; x_wconf 87' lang='lat' dir='ltr'>est</span> <span class='ocrx_word' id='word_1_140' title='bbox 1057 655 1123 676; x_wconf 91' lang='lat' dir='ltr'>non</span> <span class='ocrx_word' id='word_1_141' title='bbox 1147 646 1270 683; x_wconf 83' lang='lat' dir='ltr'>album,</span> <span class='ocrx_word' id='word_1_142' title='bbox 1296 653 1326 678; x_wconf 90' lang='lat' dir='ltr'>et</span> <span class='ocrx_word' id='word_1_143' title='bbox 1379 655 1454 676; x_wconf 87' lang='lat' dir='ltr'>cum</span> <span class='ocrx_word' id='word_1_144' title='bbox 1476 646 1594 685; x_wconf 82' lang='lat' dir='ltr'>pallido</span> <span class='ocrx_word' id='word_1_145' title='bbox 1619 653 1649 677; x_wconf 90' lang='lat' dir='ltr'>et</span> <span class='ocrx_word' id='word_1_146' title='bbox 1672 647 1739 678; x_wconf 90' lang='lat' dir='ltr'>aliis</span> <span class='ocrx_word' id='word_1_147' title='bbox 1762 648 1873 679; x_wconf 88' lang='lat' dir='ltr'>mediis</span> <span class='ocrx_word' id='word_1_148' title='bbox 1897 648 2066 679; x_wconf 87' lang='lat' dir='ltr'>coloribus.</span> 
     </span>
    </p>
   </div>
   <div class='ocr_carea' id='block_1_3' title="bbox 0 0 1597 4244">
    <p class='ocr_par' dir='ltr' id='par_1_3' title="bbox 0 0 1597 4244">
     <span class='ocr_line' id='line_1_10' title="bbox 0 0 1597 4244; baseline 0 -1824"><span class='ocrx_word' id='word_1_149' title='bbox 0 0 63 4244; x_wconf 95' lang='lat' dir='ltr'> </span> <span class='ocrx_word' id='word_1_150' title='bbox 1106 1807 1597 2420; x_wconf 95' lang='lat' dir='ltr'> </span> 
     </span>
    </p>
   </div>
  </div>
 </body>
</html>
