2860 4244
939 254 1204 301 QUAESTIO
1234 256 1370 303 LXIV,
1401 256 1696 294 ARTICULUS
1719 257 1739 292 ‘1

677 460 1087 539 QUAESTIO
1127 461 2007 539 SEXAGESIMAQUARTA

1123 581 1206 621 DE
1238 581 1559 621 HOMICIDIO

1071 693 1105 718 IN

1136 694 1233 720 OCTO
1261 693 1464 719 ARTICULOS
1492 694 1608 719 DIVISA

339 798 446 824 EmDE
482 785 803 823 considerandum
828 794 883 823 est
917 786 964 823 de
996 786 1096 824 vitiis
1131 786 1315 836 oppositis
1370 787 1419 823 Et
1447 786 1545 823 circa
1572 788 1646 824 hoc
1674 798 1907 835 quaeruntur
1935 798 2034 827 octo.

0 834 136 902 {aff-dna·
155 850 228 872 um,
258 797 637 879 Dcommutativae
662 838 822 876 iustitiae
840 838 872 876 ³⁸.
914 839 964 875 Et
985 839 1110 888 primo
1144 838 1316 876 conside-

99 886 108 894 ’
255 892 418 929 randum
448 898 504 928 est
523 891 570 928 de
598 891 763 940 peccatis
790 904 889 940 quae
908 888 1195 928 committuntur
1219 891 1318 927 circa

255 944 528 981 involuntarias
548 944 883 990 commutationes;
912 943 1095 990 secundo,
1116 943 1163 980 de
1182 955 1315 991 pecca—

257 996 303 1034 tis
332 1008 430 1045 quae
459 997 746 1034 committuntur
774 996 1222 1033 circa'commutationes
1248 1008 1318 1032 vo-

185 1065 192 1072 ·
255 1049 435 1086 luntarias
464 1049 496 1086 ³.
535 1049 836 1086 Committuntur
862 1056 990 1085 autem
1027 1056 1184 1096 peccata
1221 1048 1319 1085 circa

121 1093 134 1108 ⁰
256 1101 528 1139 involuntarias
556 1101 876 1139 commutationes
912 1112 981 1149 per
1007 1101 1082 1137 hoc
1116 1101 1221 1149 quod
1256 1101 1320 1137 ali-

257 1154 363 1203 quod
390 1161 667 1192 nocumentum
694 1154 872 1203 proximo
900 1153 1058 1190 infertur
1080 1161 1210 1190 contra
1239 1154 1319 1190 eius

230 1207 517 1257 ,voluntatemt
546 1207 649 1256 quod
669 1205 826 1254 quidem
853 1213 979 1255 potest
997 1205 1079 1243 fieri
1109 1206 1316 1255 dupliciter,

257 1259 396 1298 scilicet
414 1260 526 1307 facto,
548 1267 584 1296 et
601 1259 723 1296 verbo
742 1258 773 1296 *.
794 1259 912 1296 Facto
933 1258 1102 1307 quidem,
1123 1272 1212 1297 cum
1231 1271 1319 1308 pro-

70 1323 94 1359 g
116 1343 123 1350 .
256 1312 381 1350 ximus
399 1312 640 1363 laeditur-vel
657 1312 694 1349 in
714 1324 879 1361 persona
897 1312 1072 1361 propria;
1096 1313 1157 1349 vel
1177 1313 1214 1349 in
1233 1325 1318 1362 per-

74 1354 91 1388 ³,
123 1404 131 1411 ⁷,
143 1359 573 1411 -nva·,snnd÷eeni1sricta
585 1364 622 1411 *3
645 1365 708 1401 vel
726 1365 765 1401 in
784 1365 946 1414 propriis
966 1365 1079 1402 rebus
1102 1364 1153 1402 ²⁸²⁸.
1183 1367 1242 1402 De
1262 1365 1319 1403 his
1345 1378 1347 1415 ς

65 1415 69 1420 ’
100 1407 146 1419 “
172 1413 178 1427 ”
254 1423 348 1469 'drgo
364 1427 438 1468 per
464 1417 640 1455 ordinem
664 1417 984 1455 consi-derandum
1008 1426 1074 1455 est.
1104 1419 1154 1455 Et
1180 1419 1318 1467 primo,

258 1471 310 1509 def
318 1471 542 1518 homicidio,
558 1483 627 1520 per
646 1471 751 1519 quod
769 1471 936 1508 maxime
955 1478 1115 1508 nocetur
1128 1471 1318 1519 proximo.

472 1879 648 1917 occidere
667 1891 936 1928 quaecumque
955 1880 1123 1917 viventia
1151 1881 1197 1917 sit
1221 1880 1322 1917 illici-
1349 1879 1352 1894 ¹

261 1958 268 1963 -
311 1925 321 1940 ‘'
341 1926 395 1978 ’ἦ
408 1920 566 1970 'stum
602 1932 702 1969 Dicit
731 1932 834 1969 enim
870 1934 1093 1981 Apostolus,
1123 1933 1174 1970 aa
1206 1935 1321 1971 Rom.

320 2007 322 2009 -
342 1981 412 2016 ’Ἑῶ
428 1979 534 2023 mu
552 1986 592 2022 *ε
625 1985 700 2027 Qui
726 1985 956 2022 ordinationi
976 1987 1052 2023 Dei
1077 1986 1221 2032 resistit,
1247 1986 1324 2034 ipse

258 2038 637 2079 sibidamnationem
673 2038 837 2086 acquirit
860 2043 889 2075 α.
919 2039 996 2076 Sed
1023 2051 1093 2088 per
1121 2039 1324 2076 ordinatio-

170 2155 232 2173 m.
259 2151 415 2182 mmr:
444 2143 657 2181 secundum
693 2143 786 2181 illud
812 2144 953 2180 Psalm.
973 2143 1013 2181 *z
1047 2145 1122 2187 Qui
1148 2145 1327 2193 producit
1351 2150 1353 2156 ⁴

259 2197 515 2237 inimontibus
530 2197 708 2244 faenum,
728 2202 765 2233 et
789 2197 855 2234 dat
877 2197 1049 2239 iumentis
1075 2209 1200 2235 escam
1227 2198 1324 2246 ipso—

261 2260 362 2287 rum.-
389 2250 493 2297 Ergo
520 2249 752 2287 mortificare
775 2261 1044 2299 quaecumque
1071 2250 1242 2288 viventia
1269 2250 1325 2287 vi-

262 2301 372 2339 detur
400 2314 483 2338 esse
510 2301 689 2338 illicitum.

315 2366 352 2392 2.
372 2355 611 2402 Panum,
629 2353 881 2392 homicidium
901 2363 957 2392 est
978 2363 1181 2404 peccatum
1210 2367 1255 2392 ex
1276 2367 1322 2392 eo

260 2407 368 2456 quod
404 2408 525 2444 homo
561 2407 733 2456 privatur
758 2407 850 2444 vita.
887 2408 967 2445 Sed
992 2408 1071 2445 vita
1105 2409 1323 2445 communis

263 2460 526 2498 myomnibus
553 2460 782 2497 animalibus
810 2467 847 2497 et
871 2460 1020 2509 plantis.
1050 2462 1152 2510 Ergo
1188 2462 1323 2498 eadem

262 2512 411 2551 maone
425 2513 579 2551 videtur
597 2524 679 2550 esse
698 2520 899 2562 peccatum
922 2513 1096 2551 occidere
1116 2515 1227 2552 bruta
1246 2513 1326 2551 ani-

261 2565 379 2605 malia
404 2572 443 2603 et
467 2566 628 2615 plantas.

62 2659 63 2662 ,
289 2619 355 2656 2·23·.
373 2618 610 2666 Pmmm,
629 2618 668 2655 in
683 2618 770 2666 lege
798 2617 928 2656 divina
945 2630 1025 2656 non
1054 2618 1327 2656 determinatur

77 2675 86 2689 ¹
111 2694 115 2699 -
141 2696 153 2699 .„
223 2687 230 2721 χ
258 2670 582 2721 specialis‘poena
595 2671 666 2708 nisi
683 2678 842 2720 peccato
857 2669 884 2708 β.
906 2671 982 2708 Sed
1003 2671 1189 2709 occidenti
1209 2683 1326 2709 ovem

56 2715 89 2774 ᾗ.
203 2717 214 2730 ”
258 2725 325 2762 *el
351 2723 496 2761 bovem
528 2724 680 2761 alterius
717 2724 890 2761 statuitur
915 2736 1043 2773 poena
1077 2725 1327 2762 determinata

87 2780 98 2785 “
132 2808 137 2811 ⁷
224 2784 229 2793 '
259 2776 314 2815 in·
329 2776 577 2824 lege-divina,
597 2784 640 2814 ut
665 2783 770 2825 patet
794 2777 920 2814 Exod.
943 2789 1016 2813 xxn
1034 2776 1066 2814 ³⁸.
1095 2778 1198 2825 Ergo
1227 2778 1327 2815 occi-

262 2828 321 2867 sio
340 2829 552 2866 ,brutorum
579 2828 799 2866 animalium
827 2836 884 2866 est
910 2837 1123 2878 peccatum.

292 2881 393 2919 ”SED
420 2893 571 2919 CONTRA
583 2893 653 2918 mr
672 2881 778 2930 quod
796 2882 1032 2929 Augustinus
1059 2882 1159 2930 dicit,
1179 2882 1218 2919 in
1247 2884 1260 2919 1
1281 2883 1327 2920 de

269 2935 350 2972 Cin.
368 2935 444 2971 Dei
459 2934 480 2956 *
491 2947 510 2972 :⁴
535 2935 630 2971 Cum
648 2934 835 2979 audimus,
853 2934 946 2971 Non
965 2935 1120 2981 occides,
1135 2947 1210 2972 non
1229 2936 1327 2972 acci-

55 3032 58 3035 ,
259 2987 389 3036 pimus
415 2988 487 3024 hoc
512 2987 658 3024 dictum>
687 2996 766 3024 esse
793 2987 840 3023 de
853 2987 1050 3034 fructetis,
1081 2988 1170 3036 quia
1202 2988 1327 3025 nullus

73 3054 80 3075 2·
128 3062 135 3078 ³
265 3040 318 3078 eis·
345 3045 400 3077 est
423 3051 584 3077 sensus:·
599 3051 677 3077 nec·
695 3040 742 3076 de
767 3039 1048 3077 irrationalibus
1078 3040 1325 3086 animalibus,

155 3092 210 3134 Ῐῗῗ
262 3093 354 3141 quia
382 3092 488 3130 nulla
523 3093 637 3130 nobis
660 3093 806 3130 ratione
838 3093 1041 3130 sociantur.
1075 3094 1207 3130 Restat
1231 3105 1326 3143 ergo

75 3144 200 3194 ,2:1²2ss
226 3143 230 3147 ’
267 3151 308 3182 ut
332 3146 378 3182 de
404 3146 555 3182 homine
581 3145 835 3195 intelligamus
858 3146 960 3193 quod
976 3146 1114 3183 dictum
1142 3152 1206 3193 est,
1233 3146 1325 3183 Non

57 3221 61 3228 ‹
266 3198 422 3235 occides.

319 3252 546 3288 RESPONDEO
565 3261 749 3288 mcennum
767 3250 872 3299 quod
892 3251 1017 3288 nullus
1035 3258 1168 3300 peccat
1187 3263 1232 3288 ex
1251 3251 1327 3288 hoc

268 3303 372 3353 quod
405 3303 521 3340 utitur
557 3315 596 3340 re
625 3303 750 3352 aliqua
787 3304 836 3341 ad
863 3303 939 3340 hoc
966 3303 1016 3341 ad
1043 3304 1148 3352 quod
1186 3311 1253 3341 est.
1284 3305 1327 3341 In

321 3433 349 3466 α)
368 3434 476 3462 resistit,
497 3434 579 3465 ipse...
597 3433 722 3466 acquirit.
735 3447 754 3452 -
771 3433 900 3459 resistunt
918 3434 995 3466 ipsi...
1013 3434 1157 3467 acquirunt
1175 3435 1204 3460 P.

323 3468 348 3502 β)
362 3472 484 3501 peccato.
497 3482 516 3488 —
530 3476 583 3500 pro
598 3472 709 3500 peccato
729 3469 798 3493 PDa.

470 1839 494 1864 n
522 1838 661 1864 patmum
688 1838 742 1863 εις
770 1838 1011 1864 PROCEDlTUR.
1031 1827 1192 1864 Videtur
1217 1827 1323 1876 quod
1349 1863 1358 1871 ,,

321 3504 348 3563 ἔ)
367 3504 457 3529 omnia
475 3504 612 3533 animalia,
625 3507 666 3545 ἐι..
679 3518 697 3523 -
714 3504 852 3533 animalia,
871 3504 961 3529 omnia
978 3507 1066 3529 autem
1087 3505 1134 3530 Pa.

336 3539 346 3572 )
365 3539 509 3564 hominum.
521 3553 540 3558 -
558 3539 672 3564 hominis
690 3540 736 3564 Pa.

1423 839 1576 876 Primo:
1606 847 1733 877 utrum
1771 842 1944 879 occidere
1983 843 2159 881 animalia
2197 846 2327 893 bruta,
2365 848 2427 884 vel

1478 891 1592 928 etiam
1620 893 1779 941 plantas,
1800 894 1846 931 sit
1872 903 2084 943 peccatum.

1426 945 1621 981 Secundo:
1658 953 1786 982 utrum
1824 947 1998 985 occidere
2033 956 2273 996 peccatorem
2308 951 2353 988 sit
2389 952 2430 988 li-

1479 1004 1607 1034 eitum.

1426 1049 1579 1086 Tertio:
1608 1057 1736 1086 utrum
1767 1051 1842 1087 hoc
1879 1051 1987 1090 liceat
2013 1054 2184 1101 privatae
2220 1067 2427 1104 personae,

1478 1103 1540 1138 vel
1569 1103 1693 1139 solum
1721 1103 1909 1151 publicae.

1426 1155 1594 1201 Quarto:
1623 1163 1752 1192 utrum
1779 1157 1855 1193 hoc
1881 1157 1990 1194 liceat
2018 1158 2166 1195 clerico.

1426 1207 1592 1254 Quinto:
1621 1216 1748 1245 utrum
1776 1209 1886 1246 liceat
1913 1210 2022 1246 alicui
2048 1211 2221 1248 occidere
2249 1212 2429 1262 seipsum.

1426 1261 1562 1297 Sexto:
1591 1269 1718 1298 utrum
1738 1261 1847 1299 liceat
1866 1262 2040 1300 occidere
2059 1263 2258 1301 hominem
2278 1265 2429 1303 iustum.

1426 1313 1620 1362 Septimo:
1649 1322 1776 1351 utrum
1813 1315 1923 1352 liceat
1953 1315 2063 1352 alicui
2100 1317 2272 1354 occidere
2309 1319 2431 1356 homi-

1478 1379 1568 1403 nem
1597 1366 1763 1416 seipsum
1793 1367 2046 1406 defendendo.

1427 1419 1598 1456 Octavo:
1626 1427 1754 1457 utrum
1781 1421 2032 1459 homicidium
2053 1423 2201 1459 casuale
2229 1423 2275 1460 sit
2297 1435 2432 1472 pecca-

1477 1479 1560 1509 tum
1589 1473 1759 1510 mortale.

1070 1587 1388 1629 ARTICULUS
1420 1587 1626 1628 PRIMUS

256 1649 283 1699 ’μ
701 1677 858 1708 UTRUM
881 1677 1101 1708 OCCIDERE
1125 1677 1431 1715 QUAECUMQUE
1453 1678 1662 1708 VIVENTIA
1685 1678 1751 1709 SlT
1771 1679 1994 1711 ILLICITUM

254 1740 318 1813 2:7⁸⁴
495 1755 505 1781 1
524 1755 608 1786 Sent„
629 1755 687 1780 dist.
705 1763 787 1787 xxxxx,
806 1763 851 1788 qu.
869 1763 897 1786 ιι,
917 1761 964 1781 art.
985 1762 1014 1786 2;
1033 1756 1065 1780 111
1087 1756 1164 1781 Cont.
1186 1757 1272 1786 Geni„
1292 1764 1348 1788 cap.
1367 1763 1433 1786 cxn;
1454 1757 1495 1781 De
1516 1757 1578 1781 Dec.
1597 1756 1736 1789 Praecept.
1755 1763 1812 1788 etc„
1831 1765 1886 1790 cap.
1901 1758 1934 1784 de
1953 1759 2045 1789 Quint.
2062 1760 2198 1793 Praecept.

1377 1839 1506 1864 rerum
1534 1835 1661 1864 autem
1691 1829 1824 1866 ordine
1852 1829 2130 1878 imperfectiora
2167 1840 2255 1870 sunt
2280 1842 2436 1882 propter

1376 1881 1622 1929 perfectiora:
1653 1881 1748 1918 sicut
1777 1881 1889 1918 etiarn
1917 1882 1956 1919 in
1992 1884 2244 1931 generationis
2275 1886 2338 1923 via
2370 1899 2436 1924 na-

1377 1941 1462 1970 tura
1489 1934 1537 1969 ab
1556 1933 1784 1982 imperfectis
1813 1935 1861 1971 ad
1880 1936 2047 1983 perfecta
2064 1939 2248 1986 procedit.
2278 1940 2327 1975 Et
2347 1939 2435 1976 inde

1379 1994 1434 2022 est
1461 1988 1565 2033 quod
1595 1986 1691 2023 sicut
1719 1988 1756 2024 in
1785 1988 2026 2034 generatione
2054 1990 2220 2028 hominis
2247 1991 2351 2040 prius
2380 2000 2436 2029 est

331 2095 335 2098 Δ
371 2090 411 2128 di
440 2090 447 2097 ·
652 2090 687 2128 ,ἃ
740 2091 765 2128 ti
929 2091 937 2097 ι
1011 2091 1018 2098 ἡ
1100 2091 1126 2128 ti
1351 2071 1353 2100 5
1377 2038 1525 2086 vivum,
1547 2038 1685 2076 deinde
1714 2039 1866 2087 animal,
1895 2041 2029 2079 ultimo
2059 2050 2186 2080 autem
2215 2044 2356 2091 homo;
2384 2045 2436 2082 ita

261 2102 352 2131 mm
408 2102 523 2128 vinae
550 2102 662 2140 provl
690 2103 738 2127 en
767 2103 813 2128 ae
833 2103 964 2128 Omma
980 2103 1098 2129 v1ven
1127 2104 1151 2129 a
1174 2104 1325 2128 conser-
1351 2112 1353 2132 ξ

1379 2091 1492 2128 etiam
1522 2103 1566 2128 ea
1593 2103 1692 2140 quae
1724 2099 1871 2133 tantum
1898 2094 2054 2142 vivunt,
2081 2103 2124 2132 ut
2150 2097 2319 2144 plantae,
2349 2105 2437 2134 sunt

1351 2166 1353 2184 z
1379 2145 1633 2181 communiter
1649 2153 1806 2194 propter
1833 2147 1962 2183 omnia
1987 2147 2174 2197 animalia,
2197 2157 2233 2186 et
2250 2155 2266 2177 Υ
2293 2150 2436 2187 anima·
2560 2164 2577 2189 τ

1378 2197 1427 2233 lia
1454 2205 1541 2233 sunt
1559 2205 1716 2246 propter
1738 2198 1949 2237 hominem.
1984 2201 2033 2237 Et
2052 2201 2139 2238 ideo
2169 2202 2199 2238 si
2217 2203 2336 2239 homo
2355 2210 2437 2240 uta-

1352 2297 1353 2306 *
1377 2257 1438 2286 tur
1463 2250 1600 2298 plantis
1628 2250 1678 2288 ad
1708 2251 1905 2289 utilitatem
1933 2253 2174 2301 animalium,
2206 2262 2241 2291 et
2268 2255 2437 2292 animali·

1378 2303 1450 2339 bus
1477 2303 1529 2340 ad
1551 2303 1749 2340 utilitatem
1773 2305 1974 2342 hominum
1993 2304 2028 2353 ὅ,
2058 2319 2136 2343 non
2165 2314 2222 2343 est
2248 2307 2437 2344 illicitum:
2564 2313 2578 2337 δ

1378 2362 1420 2392 ut
1439 2355 1551 2392 etiam
1570 2367 1640 2404 per
1658 2356 1936 2406 Philosophum
1950 2365 2065 2406 patet,
2085 2359 2124 2396 in
2145 2360 2158 2395 I
2178 2360 2285 2397 Polit.
2300 2361 2321 2382 ¹²
2340 2362 2439 2398 Inter
2465 2368 2677 2418 ”segaga-73¹8·-

1379 2408 1475 2444 alios
1501 2415 1630 2445 autem
1649 2413 1662 2430 ⁸
1689 2421 1781 2446 usus
1808 2410 1974 2447 maxime
2003 2413 2238 2449 necessarius
2274 2426 2356 2450 esse
2383 2413 2439 2450 vi·
2484 2411 2490 2417 ’
2537 2411 2575 2448 ἐ
2604 2411 2610 2417 “
2650 2410 2656 2417 “

1379 2461 1488 2498 detur
1514 2469 1556 2497 ut
1589 2461 1768 2499 animalia
1801 2463 1937 2511 plantis
1971 2471 2126 2502 utantur
2160 2465 2198 2502 in
2227 2466 2374 2513 cibum,
2404 2473 2440 2503 et

1378 2514 1556 2550 homines
1593 2514 1840 2552 animalibus:
1879 2517 1984 2565 quod
2022 2518 2103 2554 sine
2146 2518 2439 2556 mortificatione

1379 2577 1515 2603 eorum
1542 2567 1626 2620 fieri
1653 2579 1734 2604 non
1769 2576 1904 2617 potest.
1944 2570 1993 2607 Et
2020 2570 2107 2607 ideo
2141 2570 2282 2608 licitum
2321 2579 2376 2609 est
2403 2579 2440 2608 et

1378 2619 1527 2668 plantas
1554 2620 1784 2657 mortificare
1811 2622 1850 2658 in
1877 2634 1991 2659 usum
2029 2623 2269 2671 animalium,
2299 2632 2335 2661 et
2362 2624 2440 2661 ani-

1379 2673 1494 2709 malia
1513 2673 1553 2709 in
1579 2685 1694 2710 usum
1722 2674 1937 2722 hominum,
1959 2687 2004 2712 ex
2022 2676 2103 2724 ipsa
2132 2677 2370 2714 ordinatione
2389 2677 2441 2714 di-

1379 2725 1491 2762 vina:
1521 2725 1656 2762 dicitur
1692 2726 1793 2763 enim
1835 2727 1927 2764 Gen.
1958 2740 1967 2764 1
1995 2727 2036 2765 *z
2069 2730 2191 2774 Ecce,
2220 2730 2306 2766 dedi
2336 2730 2440 2766 vobis
2466 2739 2649 2768 ’vers-29.30·

1352 2815 1354 2827 ¹
1380 2789 1531 2815 omnem
1558 2779 1714 2815 herbam
1751 2785 1786 2815 et
1814 2780 1988 2817 universa
2017 2781 2137 2830 ligna,
2168 2794 2205 2817 m
2232 2782 2305 2818 sint
2335 2782 2440 2819 vobis

2563 2834 2625 2862 ζ,

1380 2831 1418 2867 in
1446 2842 1571 2867 escam
1603 2837 1637 2867 et
1670 2832 1811 2868 cunctis
1837 2833 2091 2870 animantibus
2108 2833 2132 2870 ζ.
2161 2834 2211 2870 Et
2241 2835 2334 2871 Gen.
2359 2846 2395 2871 1x
2419 2835 2439 2856 *
2468 2870 2476 2878 ,
2497 2867 2598 2895 verm.

1381 2882 1536 2920 dicitur:
1570 2883 1690 2920 Omne
1716 2884 1818 2931 quod
1843 2891 2014 2922 movetur
2040 2891 2076 2922 et
2100 2886 2201 2932 vivit,
2230 2887 2302 2923 erit
2335 2887 2440 2924 vobis

1380 2936 1418 2972 in
1447 2936 1583 2972 cibum.

1433 2989 1492 3024 Ao
1521 2999 1658 3025 PmMUM
1677 2999 1776 3025 ERGO
1804 3000 1990 3027 mcx-:unum
2010 2991 2114 3038 quod
2135 3002 2180 3027 ex
2204 2991 2440 3028 ordinatione

1379 3040 1507 3077 divina
1537 3048 1786 3083 conservatur
1812 3041 1890 3078 vita
1909 3042 2132 3080 animalium
2162 3051 2199 3080 et
2225 3044 2438 3092 plantarum

1380 3105 1459 3130 non
1474 3101 1630 3142 propter
1643 3093 1820 3142 seipsam,
1835 3095 1903 3132 sed
1924 3103 2080 3144 propter
2093 3096 2304 3134 hominem.
2328 3098 2439 3134 Unde

1379 3153 1422 3182 ut
1448 3147 1681 3194 Augustinus
1709 3147 1809 3194 dicit,
1829 3147 1867 3184 in
1897 3149 1910 3184 Ι
1930 3148 1976 3185 de
1999 3149 2078 3185 Civ.
2098 3149 2173 3186 Dei
2188 3149 2220 3196 ²¹⁸,
2241 3150 2439 3187 iustissima
2466 3162 2477 3171 ⁸
2490 3160 2546 3182 Loc-
2561 3160 2600 3182 cit·

1381 3199 1616 3236 ordinatione
1647 3200 1837 3236 Creatoris
1864 3206 1901 3236 et
1924 3202 2000 3238 vita
2028 3207 2064 3238 et
2090 3213 2192 3238 mors
2215 3214 2345 3239 eorum
2374 3215 2440 3240 no—

1379 3252 1465 3288 stris
1493 3253 1620 3289 usibus
1645 3253 1826 3290 subditur.

1433 3306 1492 3341 AD
1521 3316 1711 3342 SECUNDUM
1739 3317 1923 3343 monimum
1953 3306 2058 3354 quod
2077 3306 2255 3343 animalia
2275 3307 2384 3344 bruta
2405 3316 2440 3344 et

1435 3436 1457 3468 ε)
1468 3439 1602 3476 ‘autem—
1621 3436 1691 3460 vitae
1704 3436 1782 3476 huius
1797 3436 1892 3464 AEFL,
1908 3435 1977 3461 vitae
1996 3436 2057 3461 licet
2074 3436 2127 3468 (vel
2145 3437 2232 3469 huius)
2251 3441 2314 3462 sunt
2330 3438 2360 3466 Β,
2378 3442 2440 3463 sunt

1382 3470 2068 3537 PK'c3¹'Z.¹‚{‚-‚¹5.¹Z’,12‘}2¹¹1;..¹2ssssffaffiadflatfflffiffam·
2087 3472 2117 3497 ⁰·
