2860 4244
13 2476 15 2479 “
60 2477 259 2507 *Vere-23,a4.

925 219 1191 267 QUAESTIO
1221 219 1450 268 LXXXVII,
1479 218 1775 256 ARTICULUS
1805 219 1854 254 111
2397 215 2467 251 231

301 299 529 347 ligationem.
559 298 669 336 Unde
695 307 731 336 et
758 311 859 336 nunc
877 297 889 319 θ
919 298 966 336 de
994 298 1211 335 huiusmodi
1237 298 1361 335 minu·
1386 298 1389 354 J
1417 305 1600 347 emptore,
1625 297 1713 346 quia
1740 298 1855 334 habet
1881 309 1963 333 rem
2000 295 2191 333 Ecclesiae
2220 294 2408 339 debitam;
2439 301 2475 330 et

301 352 346 389 tis
365 364 443 389 non
463 359 639 389 tenentur
657 351 831 389 homines
852 351 1019 388 decimas
1039 351 1147 388 dare:
1176 350 1246 388 nisi
1265 351 1360 387 forte
1416 363 1438 387 a
1464 350 1674 398 venditore,
1695 350 1759 400 qui
1778 356 1798 396 ι,
1827 357 2011 398 quantum
2041 356 2096 386 est
2124 348 2172 385 de
2200 359 2258 395 se,
2286 346 2473 383 fraudavit

301 413 456 453 propter
485 405 799 442 consuetudinem
828 405 983 453 patriae.
1415 403 1638 440 Ecclesiam.
1668 403 1754 441 Uno
1783 411 1910 440 tamen
1938 403 2121 448 solvente,
2142 400 2236 438 alius
2264 411 2344 436 non
2371 406 2474 436 tene-

353 459 413 494 An
443 469 615 500 QUARTUM
634 469 819 495 mesanum
847 457 951 506 quod
979 458 1027 494 de
1050 457 1108 493 his
1136 468 1233 504 quae
1262 456 1359 493 furto
1415 463 1485 492 tur.
1507 477 1531 484 -
1550 457 1746 493 Debentur
1763 463 1891 492 autem
1921 455 2091 493 decimae
2116 454 2163 492 de
2191 452 2373 490 fructibus
2400 459 2472 488 ter-

301 511 363 547 vel
392 510 523 559 rapina
549 510 730 548 tolluntur
759 510 818 547 ille
848 522 870 546 a
896 522 974 558 quo
1012 509 1230 546 auferuntur
1262 508 1360 545 deci·
1416 520 1478 545 rae
1497 509 1721 556 inquantum
1750 508 1980 557 proveniunt
1999 520 2044 545 ex
2072 507 2203 545 divino
2223 517 2394 543 munere.
2425 505 2473 541 Et

302 575 384 600 mas
421 564 569 601 solvere
607 575 684 599 non
712 570 859 599 tenetur
896 569 1099 609 antequam
1137 568 1359 610 recuperet:
1415 560 1502 597 ideo
1530 561 1700 598 decimae
1722 574 1801 598 non
1829 561 1968 599 cadunt
1987 561 2057 598 sub
2085 560 2236 606 tributo,
2258 570 2330 596 nec
2359 557 2471 594 etiam

302 615 371 653 nisi
398 616 492 652 forte
511 622 667 664 propter
694 615 846 663 culpam
873 614 936 651 vel
958 613 1221 661 negligentiam
1250 625 1359 650 suam
1416 621 1502 650 sunt
1521 614 1706 651 obnoxiae
1734 614 1899 651 mercedi
1919 613 2190 663 operariorum.
2220 612 2270 648 Et
2287 611 2374 648 ideo
2394 622 2473 648 non

303 667 488 706 damnum
524 667 739 712 incurrerit;
769 667 857 714 quia
894 678 941 703 ex
966 667 1041 703 hoc
1077 665 1247 702 Ecclesia
1281 678 1360 702 non
1416 666 1555 702 debent
1574 666 1677 714 prius
1698 667 1834 704 deduci
1852 667 1990 704 tributa
2003 666 2024 688 *
2043 674 2079 703 et
2097 665 2259 715 pretium
2280 663 2473 713 operario-

303 720 416 758 debet
439 719 687 757 damnificari.
708 739 732 748 -
753 719 792 756 Si
810 731 906 756 vero
929 718 1071 756 vendat
1093 718 1254 755 triticum
1282 730 1361 754 non
1416 730 1500 755 rum
1521 718 1541 740 *
1560 731 1677 767 quam
1706 720 1901 756 solvantur
1920 719 2111 756 decimae:
2141 718 2208 756 sed
2229 725 2315 755 ante
2343 716 2473 754 omnia

302 772 544 819 decimatum,
565 780 689 821 potest
708 772 877 809 Ecclesia
906 771 1071 809 decimas
1092 770 1238 818 exigere
1259 777 1295 807 et
1313 771 1361 807 ab
1417 770 1556 807 debent
1584 771 1756 808 decimae
1784 772 1881 809 solvi
1909 785 1955 809 ex
1983 772 2133 820 integris
2161 771 2342 808 fructibus
2360 770 2391 806 ³¹⁶.

353 885 377 919 0)
397 894 475 913 nuuc.
487 900 507 906 -
524 890 588 912 tunc
605 887 656 912 PB.
667 900 687 906 —
704 887 755 912 Pro
772 886 924 911 huiusmodi
943 885 1059 915 minutIs,
1079 884 1203 910 iunoentis
1221 883 1254 914 G,
1269 883 1359 908 huius-
1384 891 1387 919 1
1467 883 1485 916 ι)
1504 884 1559 916 qui.
1572 897 1591 902 —
1609 884 1672 916 quia
1697 885 1786 910 PCEa.
1799 899 1818 905 -—
1836 886 1886 910 Pro
1903 885 2049 919 fraudavit
2074 885 2232 914 Ecclesiam.
2259 884 2404 910 Ecclesiam
2429 884 2474 909 de-

300 923 374 949 medi
391 922 501 948 minutis
519 922 596 948 rebus
615 922 643 947 P.
1384 922 1387 946 Ι
1407 918 1554 951 fraudavit
1573 919 1618 948 Pa,
1638 920 1779 952 (quantum
1797 924 1837 946 est
1856 921 1940 953 Deus)
1953 921 2084 955 fundavit
2104 921 2248 946 Ecclesiam
2267 928 2293 945 a.

974 975 1308 1032 commoneam
1329 995 1580 1030 Garamans
1603 998 1803 1031 Caietam

330 1094 351 1114 N
375 1083 508 1115 articulo
538 1081 678 1112 secundo
702 1081 845 1112 eiusdem
877 1078 1245 1119 octogesimaeseptimae
1268 1087 1362 1118 quae-
1384 1092 1387 1126 ι
1470 1077 1507 1108 11.
1533 1078 1567 1108 In
1591 1079 1705 1109 eodem
1728 1079 1869 1109 secundo
1885 1078 2028 1115 articulo,
2050 1079 2083 1109 in
2108 1079 2315 1119 responsione
2338 1079 2378 1109 ad
2401 1079 2474 1110 ulti-

305 1096 443 1159 Istionis
466 1126 600 1157 dubium
616 1125 752 1156 occurrit
774 1125 855 1156 circa
869 1125 1026 1155 rationem
1045 1123 1163 1154 litterae
1178 1122 1211 1152 in
1228 1131 1359 1161 corpore
1414 1131 1515 1158 mum,
1535 1123 1660 1153 adverte
1677 1123 1766 1164 quod
1788 1123 1864 1163 quia
1878 1122 2018 1153 Ecclesia
2040 1123 2084 1153 sic
2108 1123 2216 1153 statuit
2231 1124 2318 1164 quod
2344 1133 2380 1153 ex
2395 1123 2475 1154 inte-

301 1172 432 1208 articuli,
457 1170 587 1201 scilicet:
612 1169 848 1200 Seminantibus
869 1168 1052 1209 spiritualia
1071 1167 1226 1198 debentur
1243 1175 1359 1196 carna·
1413 1166 1475 1206 gris
1491 1166 1644 1198 fructibus
1660 1167 1800 1198 decimae
1816 1167 1988 1203 solvantur,
2005 1173 2040 1197 ut
2055 1173 2140 1207 patet
2155 1167 2259 1203 Extra,
2272 1167 2311 1197 de
2322 1167 2474 1204 Decimae,

300 1217 355 1248 lia.
379 1214 441 1248 Sub
462 1215 576 1256 quibus
591 1214 796 1244 continentur
810 1222 1025 1253 quaecumque
1034 1212 1243 1253 possidemus.
1267 1210 1359 1251 Ergo
1414 1221 1481 1251 cap.
1503 1211 1572 1241 Tua
1596 1211 1701 1249 nobis,
1725 1211 1841 1241 idcirco
1865 1213 1988 1242 Auctor
2010 1211 2166 1241 rationem
2190 1211 2318 1241 reddere
2341 1218 2475 1242 conatur

299 1261 339 1292 de
361 1259 506 1290 omnibus
526 1258 684 1299 possessis
707 1257 862 1288 debentur
883 1257 1034 1287 decimae.
1065 1256 1198 1288 Videtur
1221 1264 1359 1296 namque
1412 1254 1598 1286 huiusmodi
1611 1255 1728 1286 statuti.
1748 1255 1790 1286 Et
1805 1255 1930 1286 adverte
1942 1255 2041 1296 quod,
2059 1255 2120 1286 hoc
2133 1256 2232 1285 modo
2245 1254 2409 1285 intellectis
2425 1255 2477 1285 de·

299 1304 379 1335 ratio
395 1304 472 1334 haec
495 1302 527 1332 in
543 1302 683 1333 illatione
708 1301 848 1337 deficere,
867 1311 885 1331 a
902 1300 1077 1331 carnalibus
1094 1299 1225 1330 confuse
1242 1299 1281 1329 ad
1301 1309 1362 1330 car·
1413 1299 1502 1330 cimis
1524 1300 1557 1330 in
1580 1299 1676 1330 veteri
1699 1299 1776 1339 lege,
1802 1309 1877 1330 cum
1899 1309 2063 1339 expensae,
2086 1299 2202 1330 tributa
2220 1309 2255 1329 ac
2271 1299 2391 1329 semina
2410 1309 2476 1329 me-

299 1347 384 1381 nalia
414 1346 611 1379 distributive
644 1345 860 1376 universaliter
893 1345 1129 1376 descendendo:
1164 1344 1254 1384 quod
1294 1353 1360 1374 non
1412 1345 1560 1375 dietatem
1575 1344 1738 1374 fructuum
1753 1343 1834 1374 forte
1850 1343 2036 1384 adaequent,
2049 1353 2247 1384 consequens
2264 1350 2311 1374 est
2325 1350 2361 1374 ut
2375 1343 2475 1374 tribus

298 1393 380 1424 licet.
400 1391 618 1427 ἶΞὶιειιενῐιδῐι,
640 1390 741 1421 valet:
775 1390 908 1420 Animal
943 1389 1105 1426 ambulat,
1135 1388 1228 1428 Ergo
1268 1397 1361 1418 omne
1413 1389 1604 1424 Levstarum,
1629 1388 1747 1418 habens
1766 1388 1915 1418 undecim
1938 1388 2076 1418 decimas
2095 1387 2161 1418 sine
2177 1387 2347 1424 seminum,
2364 1397 2476 1427 expen-

267 1441 275 1443 “
291 1432 422 1468 ’4ηῆηαὶ
451 1435 613 1472 ambulat;
635 1435 702 1470 vel,
726 1434 819 1475 Ergo
849 1435 954 1464 omnis
984 1433 1100 1473 speciei
1128 1433 1280 1463 animalis
1301 1433 1360 1463 ali·
1412 1442 1520 1463 sarum
1542 1439 1636 1472 atque
1659 1432 1853 1463 tributorum
1869 1441 1975 1468 onere,
1999 1432 2160 1462 excederet
2182 1432 2358 1472 quamlibet
2381 1431 2475 1462 aliam

299 1480 384 1521 quod
401 1480 556 1511 ambuIat.
1413 1487 1479 1507 non
1501 1477 1535 1506 in
1558 1477 1692 1512 duabus,
1708 1476 1763 1506 sed
1779 1476 1812 1506 in
1828 1483 1950 1515 septem
1966 1475 2096 1506 decimis
2110 1476 2260 1516 partibus.
2285 1476 2383 1513 Quod
2402 1475 2474 1506 ideo

354 1525 407 1555 Ad
427 1524 491 1554 hoc
513 1523 627 1555 dieitur
648 1522 738 1563 quod
760 1520 894 1552 intentio
917 1521 1066 1552 Auctoris
1087 1521 1215 1551 tendere
1237 1520 1362 1551 videtur
1413 1521 1592 1551 notandum
1607 1519 1750 1551 duxerim
1766 1527 1803 1550 ut
1816 1520 1958 1550 advertas
1975 1520 2080 1550 Deum
2099 1526 2164 1550 tam
2180 1520 2383 1551 excellentem
2402 1530 2475 1560 por-

299 1578 365 1600 non
387 1569 429 1599 ad
451 1567 685 1603 necessitatem,
709 1566 764 1596 sed
793 1566 834 1597 ad
860 1564 1134 1596 rationabilitatem
1162 1564 1361 1595 ecclesiastici
1413 1565 1535 1595 tionem
1553 1564 1726 1594 decrevisse
1741 1564 1807 1594 suis
1821 1564 1986 1600 ministris;
2011 1573 2047 1594 ac
2070 1573 2126 1603 per
2148 1564 2219 1600 hoc,
2243 1573 2308 1594 non
2332 1564 2476 1594 detrahas

299 1612 407 1645 statuti
429 1612 469 1643 de
489 1611 640 1643 solvenda
658 1610 781 1641 decima
795 1609 943 1640 omnium
961 1609 1043 1640 iuste
1065 1618 1296 1649 possessorum.
1320 1609 1362 1639 Et
1413 1608 1571 1639 Ecclesiae
1594 1608 1635 1644 si,
1659 1608 1758 1638 divini
1781 1608 1927 1647 exemplo
1952 1608 2065 1638 decreti
2090 1614 2194 1646 mota,
2219 1608 2372 1638 excellens
2394 1618 2475 1648 quo-

298 1663 384 1689 tenet
406 1656 564 1687 discursus
582 1664 660 1686 suus
682 1653 900 1689 subintellecta
922 1653 981 1684 hac
999 1652 1228 1693 propositione,
1244 1652 1362 1683 scilicet
1414 1663 1477 1694 que
1500 1652 1694 1692 stipendium
1716 1651 1776 1682 Dei
1806 1651 1956 1682 ministris
1979 1652 2136 1682 statuerit:
2170 1662 2265 1682 nemo
2293 1651 2377 1682 enim
2405 1652 2475 1682 infi-

299 1701 390 1744 quod
415 1709 482 1731 non
505 1705 552 1731 est
573 1698 676 1730 maior
698 1697 778 1729 ratio
808 1698 848 1728 de
870 1707 936 1729 uno
961 1697 1077 1728 carnali
1104 1707 1202 1738 quam
1225 1697 1264 1727 de
1287 1697 1360 1728 alio.
1413 1697 1483 1728 tiari
1505 1703 1611 1737 potest
1630 1696 1752 1726 iustum
1770 1706 1836 1726 esse
1859 1696 1948 1737 quod
1971 1696 2011 1726 ad
2034 1695 2173 1726 divinam
2196 1695 2231 1726 fit
2252 1695 2474 1727 imitationem.

299 1745 369 1777 Hac
390 1744 477 1779 enim
499 1743 647 1775 adiuncta
669 1742 905 1783 propositione,
929 1747 1015 1782 patet
1042 1742 1169 1772 nullum
1192 1741 1305 1772 vitium
1327 1741 1361 1772 in
1414 1741 1454 1772 Et
1477 1741 1603 1771 adverte
1625 1740 1714 1781 quod
1737 1740 1814 1770 haec
1838 1740 1876 1770 de
1899 1739 2029 1770 decimis
2051 1739 2215 1771 fructuum
2239 1740 2396 1771 dicuntur.
2427 1740 2475 1771 De

298 1788 440 1821 illatione
466 1787 610 1820 inveniri.
643 1786 677 1818 Si
705 1786 791 1817 enirn
818 1785 953 1817 carnalia
978 1786 1147 1822 debentur,
1172 1792 1203 1816 et
1225 1796 1291 1817 non
1315 1792 1361 1817 est
1414 1785 1544 1816 decimis
1567 1791 1675 1815 autem
1698 1784 1860 1815 venalium
1882 1794 1988 1814 rerum
2017 1783 2113 1814 habes
2140 1784 2172 1814 in
2200 1794 2268 1824 cap.
2287 1785 2475 1815 Pastoralis.

299 1833 401 1865 maior
423 1832 503 1863 ratio
533 1832 571 1862 de
594 1841 661 1862 uno
684 1841 784 1871 quam
811 1831 850 1862 de
873 1830 951 1866 alio,
977 1840 1176 1871 consequens
1198 1837 1246 1861 est
1272 1830 1362 1871 quod
1414 1830 1456 1860 Et
1477 1828 1692 1860 universaliter
1715 1829 1753 1859 de
1775 1828 1904 1859 decimis
1927 1828 2145 1868 personalibus
2167 1828 2239 1858 vide
2262 1828 2383 1859 dictum
2402 1828 2475 1859 titu-

299 1877 409 1909 omnia
431 1882 486 1907 aut
508 1875 636 1908 nullum
659 1874 861 1906 decimationi
884 1874 1016 1906 subsint.
1414 1874 1493 1904 lum.
1517 1874 1558 1904 Et
1580 1873 1709 1904 tandem
1723 1872 1817 1903 'defer
1839 1872 2062 1903 consuetudini
2085 1872 2212 1913 patriae.

1097 2035 1415 2078 ARTICULUS
1444 2034 1672 2077 TERTIUS

935 2118 1090 2151 UTRUM
1114 2119 1308 2151 DECIMAE
1333 2119 1429 2150 slNT
1453 2118 1645 2150 CLERICIS
1669 2118 1845 2149 DANDAE

334 2224 401 2266 3432*
417 2225 489 2255 ⁶72<st
512 2222 535 2247 D
553 2220 713 2246 'marium
736 2220 789 2245 slc
818 2219 1057 2245 PROCEDITUR.
1077 2206 1236 2243 Videtur
1255 2207 1360 2255 quod
1414 2206 1532 2243 cimas
1561 2206 1758 2255 accipiunt.
1788 2206 1879 2242 Non
1900 2218 1988 2253 ergo
2008 2205 2159 2242 videtur
2186 2206 2291 2254 quod
2314 2207 2438 2243 solum
2458 2205 2474 2236 β

331 2241 493 2321 Αἱ)
514 2262 685 2299 decimae
714 2273 792 2298 non
820 2261 893 2298 sint
921 2260 1062 2297 clericis
1090 2261 1250 2297 dandae.
1290 2261 1360 2296 Le·
1414 2259 1557 2296 clericis
1577 2271 1706 2296 curam
1736 2259 1948 2295 animarum
1969 2258 2195 2295 habentibus
2218 2259 2387 2295 decimae
2409 2259 2472 2296 de-

319 2306 369 2362 )JV
381 2332 441 2359 κν,
452 2302 597 2357 ’(’νίῒίε
636 2314 736 2351 enim
773 2314 812 2350 in
838 2313 957 2350 veteri
983 2314 1231 2350 Testamento
1262 2313 1360 2349 deci·
1413 2313 1560 2349 bentur.

322 2363 333 2373 ”
359 2345 457 2399 ἐν
472 2363 600 2407 mae
630 2367 817 2404 dabantur
845 2366 934 2415 quia
965 2378 1044 2403 non
1072 2366 1264 2402 habebant
1296 2366 1359 2403 ali·
1467 2363 1558 2402 SED‘
1570 2376 1716 2401 CONTRA
1735 2376 1800 2401 Es‘r
1823 2364 1928 2412 quod
1950 2363 2082 2400 dicitur
2100 2364 2219 2400 Num.
2239 2365 2382 2400 xvu1*:
2410 2365 2473 2401 Fi-

299 2433 417 2474 quam
443 2429 592 2469 partem
621 2421 660 2457 in
679 2419 984 2468 possessionibus
1012 2419 1156 2468 populi,
1175 2426 1217 2455 ut
1244 2419 1359 2455 habe·
1412 2418 1470 2454 liis
1497 2418 1592 2454 Levi
1618 2417 1703 2454 dedi
1728 2429 1856 2454 omnes
1884 2417 2047 2453 decimas
2065 2417 2187 2453 Israel
2213 2417 2249 2453 in
2272 2418 2473 2465 possessio-

299 2478 359 2513 tur
384 2471 503 2511 Num.
524 2485 609 2511 xvm
627 2469 659 2510 ³¹⁸.
690 2472 767 2510 Sed
787 2472 908 2509 clerici
927 2471 965 2508 in
986 2483 1089 2508 novo
1110 2473 1358 2508 Testamento
1413 2483 1510 2516 nem,
1527 2482 1598 2518 pro
1618 2470 1821 2507 ministerio
1844 2481 1916 2518 quo
1939 2470 2106 2506 serviunt
2126 2470 2219 2506 mihi
2245 2470 2282 2506 in
2303 2471 2473 2507 taberna-

298 2522 441 2566 habent
467 2526 744 2577 possessiones:
776 2534 811 2562 et
838 2524 1120 2574 patrimoniales
1147 2524 1358 2571 interdurn,
1413 2523 1508 2560 culo.
1540 2523 1618 2559 Sed
1649 2522 1733 2559 filiis
1772 2523 1866 2559 Levi
1901 2522 2107 2559 succedunt
2145 2522 2267 2559 clerici
2303 2523 2342 2560 in
2369 2535 2472 2561 novo

301 2586 337 2618 et
365 2575 645 2628 ecclesiasticas.
675 2578 878 2628 Recipiunt
904 2578 1059 2627 insuper
1090 2577 1294 2626 primitias,
1325 2584 1361 2613 et
1413 2574 1674 2613 Testamento.
1696 2576 1797 2623 Ergo
1819 2575 1908 2612 solis
1923 2575 2065 2612 clericis
2087 2575 2258 2612 decimae
2274 2575 2471 2613 debentur.

300 2631 512 2671 oblationes
538 2645 608 2682 pro
635 2631 736 2669 vivis
755 2639 792 2668 et
819 2630 989 2668 mortuis.
1021 2630 1266 2680 Superfluum
1296 2630 1360 2678 igi-
1467 2630 1692 2667 RESPONDEO
1720 2640 1904 2666 DicENDUM
1933 2628 2038 2677 quod
2067 2628 2164 2665 circa
2200 2628 2366 2665 decimas
2396 2629 2471 2666 duo

299 2691 360 2724 tur
390 2693 445 2723 est
473 2687 578 2735 quod
607 2683 659 2721 eis
689 2684 860 2722 decimae
890 2683 1035 2720 dentur.
1414 2690 1500 2719 sunt
1528 2681 1820 2719 consideranda:
1851 2680 1989 2718 scilicet
2016 2680 2140 2729 ipsum
2178 2681 2235 2718 ius
2263 2681 2472 2730 accipiendi

355 2751 390 2776 2.
411 2741 643 2784 PRAETEREA,
661 2737 840 2784 contingit
860 2737 1090 2786 quandoque
1106 2735 1212 2784 quod
1227 2735 1359 2784 aliquis
1414 2735 1600 2780 decimas;
1627 2741 1662 2770 et
1680 2734 1783 2782 ipsae
1808 2746 1867 2771 res
1887 2746 1984 2782 quae
2004 2733 2159 2770 nomine
2188 2734 2359 2771 decimae
2381 2735 2472 2772 dan-

300 2792 415 2829 habet
444 2789 677 2828 domicilium
705 2790 742 2826 in
771 2801 849 2826 una
866 2789 1060 2839 parochia,
1081 2795 1117 2825 et
1145 2788 1232 2824 colit
1251 2800 1360 2835 agros
1412 2795 1482 2824 tur.
1514 2789 1575 2824 Ius
1595 2795 1722 2823 autem
1751 2786 1959 2835 accipiendi
1985 2786 2152 2823 decimas
2180 2786 2367 2835 spirituale
2397 2795 2471 2824 est:

301 2845 340 2882 in
364 2843 453 2888 alia3
481 2844 544 2880 vel
564 2841 697 2891 aliquis
715 2849 844 2892 pastor
863 2841 966 2879 ducit
984 2853 1135 2889 gregem
1156 2853 1225 2889 per
1242 2852 1359 2877 unam
1414 2839 1655 2887 consequitur
1677 2839 1779 2876 enim
1807 2839 1896 2876 illud
1921 2839 2090 2876 debitum
2120 2851 2196 2887 quo
2225 2839 2401 2876 ministris
2420 2841 2471 2877 al-

140 2890 146 2897 *
179 2889 212 2924 Ὺ
227 2894 237 2904 ”
256 2920 259 2923 ᾗ
300 2905 449 2947 partem
478 2895 566 2933 anni
594 2895 632 2932 in
659 2894 829 2932 terminis
855 2894 967 2930 unius
994 2893 1210 2943 parochiae,
1231 2900 1267 2929 et
1290 2893 1361 2930 alia
1412 2892 1500 2929 taris
1521 2892 1705 2929 debentur
1723 2897 1738 2920 Υ
1766 2899 1938 2940 sumptus
1958 2892 2005 2928 de
2025 2891 2243 2939 ministerio,
2266 2899 2301 2929 et
2321 2905 2398 2940 quo
2417 2905 2471 2930 se-

301 2958 406 3000 parte
434 2949 524 2986 anni
552 2948 591 2984 in
627 2947 795 2984 terminis
823 2946 992 2992 alterius;
1020 2947 1083 2983 vel
1119 2946 1234 2982 habet
1261 2945 1361 2982 ovile
1413 2945 1639 2982 minantibus
1656 2944 1864 2992 spiritualia
1879 2945 2057 2981 debentur
2075 2945 2295 2992 temporalia
2309 2945 2345 2990 *3
2366 2946 2470 2994 quod

302 3004 341 3040 in
368 3015 445 3039 una
472 2999 663 3050 parochia,
685 3007 721 3036 et
747 2999 867 3049 pascit
896 3010 989 3036 oves
1025 2998 1063 3035 in
1091 2998 1184 3035 alia:
1214 2997 1252 3034 in
1281 2997 1360 3047 qui·
1413 2998 1462 3034 ad
1499 2999 1600 3034 solos
1637 2997 1792 3034 clericos
1819 2998 1980 3046 pertInet
2007 2997 2190 3034 habentes
2228 3010 2360 3034 curam
2393 2999 2471 3035 ani-

303 3057 374 3094 bus
403 3063 438 3091 et
466 3054 648 3091 similibus
667 3058 685 3074 ‘²
714 3052 864 3090 casibus
891 3063 970 3089 non
988 3051 1139 3088 videtur
1165 3063 1278 3099 posse
1309 3050 1361 3088 di·
1414 3062 1576 3088 marum.
1616 3050 1665 3086 Et
1697 3050 1783 3087 ideo
1818 3050 1872 3087 eis
1909 3051 2033 3087 solum
2053 3048 2066 3072 ὅ
2100 3050 2280 3099 competit
2313 3051 2387 3087 hoc
2415 3051 2472 3088 ius

303 3107 439 3156 stingui
472 3107 610 3156 quibus
646 3105 787 3143 clericis
824 3105 896 3142 sint
936 3103 1107 3142 decimae
1142 3103 1360 3141 solvendae.
1413 3104 1565 3140 habere.
1588 3123 1612 3131 -
1638 3104 1715 3140 Res
1751 3110 1878 3140 autem
1916 3115 2012 3152 quae
2048 3103 2204 3140 nomine
2237 3103 2471 3141 decimarum

303 3162 405 3210 Ergo
435 3172 513 3197 non
540 3159 691 3196 videtur
718 3159 823 3208 quod
852 3157 1038 3207 aliquibus
1071 3156 1213 3193 clericis
1242 3156 1362 3194 deter-
1415 3156 1561 3203 dantur,
1583 3157 1799 3204 corporales
1828 3163 1924 3193 sunt.
1962 3156 2073 3194 Unde
2101 3165 2259 3204 possunt
2292 3156 2330 3193 in
2357 3168 2470 3193 usum

302 3215 442 3252 minate
471 3212 544 3250 sint
572 3211 777 3249 solvendae
807 3211 989 3249 decimae.
1415 3209 1671 3257 quorumlibet
1691 3210 1836 3247 cedere.
1866 3209 1916 3246 Et
1943 3209 1994 3246 sic
2012 3216 2172 3258 possunt
2199 3208 2312 3246 etiam
2341 3209 2389 3246 ad
2408 3209 2472 3246 lai-

359 3269 393 3305 3.
413 3266 655 3311 PkAETERssA,
684 3263 867 3312 generalis
905 3262 1141 3300 consuetudo
1179 3262 1293 3299 habet
1324 3261 1362 3299 in
1416 3274 1481 3299 cos
1508 3261 1720 3311 pervenire.

304 3319 533 3369 quibusdam
552 3317 657 3354 terris
687 3317 790 3366 quod
809 3316 944 3353 milites
973 3315 1140 3353 decimas
1159 3315 1207 3352 ab
1232 3315 1361 3352 Eccle-
1468 3316 1527 3352 An
1555 3326 1692 3351 ptumum
1712 3326 1810 3351 ERGO
1839 3326 2021 3351 mCENDuM
2041 3314 2145 3362 quod
2173 3313 2211 3350 in
2229 3313 2347 3350 veteri
2377 3314 2470 3362 lege,

304 3373 359 3410 sia
377 3372 416 3409 in
433 3371 591 3409 feudum
611 3377 749 3407 tenent.
780 3369 958 3418 Religiosi
981 3368 1094 3406 etiam
1122 3367 1278 3417 quidam
1299 3367 1362 3405 de·
1415 3368 1510 3405 sicut
1544 3367 1686 3404 dictum
1723 3375 1779 3404 est
1796 3367 1835 3414 ³¹⁶,
1862 3367 2042 3416 speciales
2077 3367 2267 3414 quaedam
2302 3366 2471 3403 decimae

357 3485 385 3519 α)
403 3485 542 3511 similibus.
554 3498 572 3503 -
589 3482 769 3509 consimilibus
787 3482 816 3507 P.
1383 3481 1387 3546 l
1465 3481 1491 3513 γ)
1512 3481 1648 3506 debentur.
1660 3494 1679 3499 —
1696 3480 1807 3505 debetur
1823 3479 1986 3512 ABCEFIpK
2005 3484 2030 3503 et
2047 3486 2072 3504 a.

358 3519 383 3554 β)
401 3521 498 3547 solum.
509 3533 528 3540 -
545 3519 609 3545 solis
626 3518 738 3543 ABHIL.
1466 3515 1490 3548 ὃ)
1510 3517 1604 3541 solum.
1617 3529 1635 3535 -
1653 3516 1716 3540 solis
1734 3515 1841 3540 ABHIK.

2499 623 2510 633 '⁵
2524 623 2560 645 Cf.
2583 628 2634 650 cap.
2655 623 2711 644 Cum

2500 655 2547 671 non
2561 649 2605 676 eit,
2620 649 2650 671 de
2663 649 2709 671 De-

2500 675 2567 724 ffa'f
2581 680 2638 724 sta.
2659 708 2711 730 0...

2500 728 2560 777 fa
2572 728 2710 782 mee..

2503 782 2553 804 Tua
2568 781 2642 803 nobis.

2499 2370 2509 2379 ⁸
2525 2368 2593 2391 Vera.
2606 2374 2636 2390 21.

2592 2910 2608 2936 Υ

2500 2954 2510 2963 ·
2519 2953 2530 2974 1
2539 2953 2573 2974 ad
2582 2952 2646 2979 Cor„
2658 2959 2708 2981 cap.

2499 2986 2530 3006 ix,
2541 2986 2600 3002 vers.
2612 2986 2638 3001 u.

2596 3054 2610 3080 δ

2499 3377 2680 3404 ’Art.¹,fld4.
