2860 4244
93 1033 104 1044 ⁸
113 1033 123 1055 1
133 1034 167 1056 ad
176 1033 240 1060 Cor„
251 1038 301 1060 cap.

93 1065 141 1087 xva,
155 1065 214 1082 vera.
229 1065 249 1088 5.

93 1091 104 1103 “
116 1090 185 1112 Vm.
199 1096 220 1118 ¹5
234 1096 286 1118 sqq.

93 1248 103 1259 ⁸
113 1246 172 1275 Cnp.
179 1253 228 1273 vm,
237 1252 260 1268 n.
268 1253 302 1268 22.

92 1301 103 1312 ⁸
115 1301 168 1322 Art.
181 1307 204 1326 4.

90 2249 101 2256 ⁴
117 2245 184 2267 Vers.
198 2251 230 2274 33.

955 315 1222 362 QUAESTIO
1252 316 1464 363 LXXXlX,
1494 317 1790 354 ARTICULUS
1818 317 1883 353 Vll

2436 324 2510 360 279

1114 431 1432 474 ARTICULUS
1462 431 1727 474 SEPTIMUS

908 515 1063 546 UTRUM
1087 515 1379 546 IURAMENTUM
1403 516 1579 546 HABEAT
1603 516 1680 546 VIM
1705 516 1937 547 OBLIGANDI

598 587 629 611 111
649 587 731 616 Sent„
751 586 810 611 dist.
828 594 910 616 xxxix,
929 591 977 610 art.
997 584 1020 615 3,
1040 584 1090 617 qu⁸
1113 592 1133 614 1,
1154 591 1182 614 23
1204 585 1299 615 Quodl.
1319 585 1359 615 ΙΙΙ,
1378 593 1423 618 qu.
1442 593 1467 615 v,
1487 591 1534 612 art.
1554 593 1577 616 2,
1596 594 1627 618 43
1647 587 1678 616 V,
1699 595 1743 619 qu.
1761 594 1814 616 xm,
1833 592 1879 611 art.
1900 594 1930 616 25
1949 586 2003 615 x11,
2022 594 2067 618 qu.
2085 593 2134 616 x1V,
2154 591 2200 610 art.
2221 592 2244 609 2.

364 672 424 715 >affl
446 677 518 722 ssa<
543 669 566 695 D
581 669 760 694 SEPTIMUM
779 669 832 693 su:
851 667 1092 693 PROCEDlTUR.
1115 655 1273 692 Videtur
1289 656 1393 704 quod

359 702 520 768 ’ἵνᾼῗ-’ἶο
544 710 799 747 iuramentum
823 721 902 746 non
926 709 1066 745 habeat
1084 708 1164 745 vim
1189 709 1392 756 obligandi.

348 743 468 811 ,visam
489 761 737 805 (lnducitur
764 762 866 798 enim
901 761 1159 798 iuramentum
1189 762 1238 798 ad
1258 762 1395 798 confir-

387 807 728 852 'v‘kmandum
765 815 963 852 veritatem
998 815 1078 851 eius
1106 815 1212 862 quod
1247 814 1392 851 dicitur.

333 868 409 904 Sed
438 868 592 915 quando
627 867 761 916 aliquis
790 868 893 905 dicit‘
910 868 1052 916 aliquid
1081 868 1129 904 de
1157 868 1299 914 futuro,
1326 879 1393 903 ve-

332 932 416 956 rum
446 919 536 957 dicit
555 920 667 958 etiam
694 921 724 957 si
742 933 821 958 non
850 921 1002 958 eveniat
1030 921 1134 969 quod
1164 920 1269 957 dicit:
1299 919 1394 956 sicut

330 974 493 1020 Paulus,
532 974 708 1022 quamvis
749 986 827 1011 non
864 974 974 1011 iverit
1012 974 1259 1020 Corinthum,
1298 972 1395 1008 sicut

331 1026 474 1063 dixerat
500 1027 532 1074 ²¹⁸,
562 1039 640 1064 non
672 1035 801 1064 tamen
839 1035 894 1063 est
922 1027 1122 1073 mentitus,
1156 1033 1198 1062 ut
1229 1033 1332 1074 patet
1360 1026 1391 1060 II

335 1079 494 1116 Cor.1²¹‘.
525 1081 628 1128 Ergo
646 1080 797 1118 videtur
821 1080 926 1127 quod
955 1080 1211 1116 iuramentum
1240 1090 1319 1114 non
1348 1077 1394 1114 sit

331 1132 609 1180 obligatorium.

385 1197 420 1222 2.
436 1186 670 1232 PRAETEREA,
695 1186 815 1222 virtus
843 1197 923 1221 non
951 1192 1007 1221 est
1033 1183 1163 1221 virtuti
1191 1183 1392 1231 contraria,

330 1246 371 1274 ut
399 1238 534 1276 dicitur
561 1240 600 1276 in
627 1238 944 1275 Pruedicamentis
962 1237 992 1274 ²³⁶.
1031 1237 1108 1274 Sed
1136 1237 1392 1273 iuramentum

331 1299 387 1328 est
423 1299 528 1328 actus
555 1291 722 1337 virtutis,
751 1298 793 1327 ut
822 1291 963 1327 dictum
1001 1298 1058 1327 est
1075 1289 1106 1327 ³¹⁶.
1148 1290 1393 1339 Quandoque

330 1351 458 1380 autem
502 1352 600 1381 esset
642 1351 773 1380 contra
810 1343 1011 1390 virtutem,
1055 1351 1119 1380 aut
1160 1343 1198 1379 in
1240 1343 1393 1391 aliquod

330 1396 787 1446 eius-.impedimentum,
826 1397 856 1433 si
895 1396 978 1446 quis
1015 1404 1183 1433 servaret
1217 1396 1253 1432 id
1287 1396 1394 1444 quod

328 1449 486 1486 iuravit:
515 1450 611 1487 sicut
637 1462 726 1487 cum
746 1450 879 1498 aliquis
907 1450 1004 1486 iurat
1027 1449 1210 1486 sefacere
1239 1449 1394 1498 aliquod

328 1511 542 1552 peccatum,
561 1504 625 1540 vel
645 1515 732 1540 curn
757 1503 854 1540 iurat
873 1503 1054 1540 desistere
1070 1499 1118 1539 ab
1135 1503 1260 1550 aliquo
1277 1514 1394 1551 opere

328 1555 488 1593 virtutis.
519 1558 620 1605 Ergo
650 1556 904 1593 iuramentum
935 1568 1013 1593 non
1041 1567 1194 1603 semper
1216 1563 1272 1591 est
1300 1556 1395 1592 obli-

355 1617 530 1646 atorlum.

330 1621 353 1658 g
386 1663 420 1699 3.
450 1663 683 1709 PRAETEREA,
714 1662 947 1710 quandoque
967 1660 1101 1708 aliquis
1130 1660 1270 1697 invitus
1290 1673 1395 1697 com-

329 1715 479 1763 pellitur
498 1716 548 1752 ad
575 1716 650 1752 hoc
669 1716 774 1763 quod
803 1715 874 1751 sub
894 1714 1107 1751 iuramento
1138 1713 1279 1761 aliquid
1307 1726 1394 1762 pro-

330 1768 464 1804 mittat.
514 1768 591 1805 Sed
628 1768 717 1805 tales
745 1780 769 1805 a
798 1768 1001 1804 iuramenti
1027 1767 1184 1804 nexibus
1214 1773 1302 1803 sunt
1321 1779 1394 1816 per

330 1821 528 1857 Romanos
554 1821 751 1869 Pontifices
778 1821 939 1858 absoluti
947 1834 958 1856 .-
999 1828 1040 1857 ut
1067 1821 1229 1857 habetur
1263 1821 1391 1868 Extra,

329 1874 375 1910 de
392 1874 658 1920 Iureiurando,
689 1886 770 1922 cap.
794 1875 932 1911 Verum
953 1874 990 1910 in
1015 1886 1060 1910 ea
1076 1874 1292 1922 quaestione
1321 1881 1390 1911 etc.

330 1927 432 1974 Ergo
461 1927 719 1964 iuramentum
748 1939 826 1964 non
855 1938 1007 1975 semper
1029 1935 1084 1963 est
1112 1926 1392 1974 obligatorium.

381 1991 419 2026 4.
445 1981 687 2028 PRAETEREA,
717 1981 841 2017 nullus
877 1988 1003 2029 potest
1040 1979 1197 2028 obligari
1233 1980 1281 2016 ad
1317 1980 1393 2017 duo

330 2033 518 2082 opposita.
550 2033 627 2070 Sed
647 2034 879 2083 quandoque
899 2033 1116 2082 oppositum
1142 2041 1197 2070 est
1216 2034 1321 2080 quod
1341 2033 1395 2070 in-

330 2085 450 2123 tendit
478 2085 617 2132 iurans,
648 2095 684 2124 et
711 2087 817 2135 quod
844 2086 1002 2124 intendit
1030 2086 1090 2123 ille
1115 2086 1175 2122 cui
1203 2086 1395 2123 iuramen-

330 2147 411 2176 tum
455 2147 675 2188 praestatur.
719 2141 821 2188 Ergo
860 2140 1115 2177 iuramentum
1153 2152 1232 2176 non
1269 2148 1396 2189 potest

331 2204 484 2240 semper
513 2205 594 2229 esse
623 2193 902 2242 obligatorium.

386 2246 461 2282 SED
481 2257 628 2283 CONTRA
656 2258 722 2284 EST
746 2246 851 2296 quod
875 2246 1009 2283 dicitur
1033 2246 1167 2282 Matth.
1188 2257 1213 2282 v
1230 2245 1267 2282 *ε
1296 2247 1395 2283 Red-

331 2298 395 2335 des
415 2304 431 2319 ‘²
459 2299 625 2336 Domino
654 2301 866 2337 iuramenta
895 2305 970 2336 tua.

385 2353 611 2390 RESPONDEO
631 2365 815 2391 mensuum
841 2353 947 2401 quod
967 2351 1147 2399 obligatio
1167 2352 1327 2388 refertur
1346 2352 1395 2389 ad

331 2404 474 2453 aliquid
494 2407 599 2453 quod
620 2414 676 2443 est
695 2406 911 2443 faciendum
930 2406 992 2441 vel
1013 2404 1293 2442 dimittendum.
1316 2405 1394 2442 Un-

332 2457 379 2494 de
394 2470 472 2494 non
486 2459 636 2496 videtur
651 2460 837 2508 respicere
858 2459 1115 2496 iuramentum
1136 2457 1393 2506 assertorium,

333 2511 438 2559 quod
459 2518 513 2548 est
529 2512 575 2548 de
591 2512 779 2560 praesenti
798 2513 861 2549 vel
882 2512 929 2549 de
948 2511 1166 2561 praeterit03
1197 2523 1323 2558 neque
1344 2520 1396 2548 et-

331 2564 406 2600 iam
426 2563 682 2602 iuramentum
704 2567 750 2603 de
770 2566 828 2602 his
844 2577 942 2613 quae
963 2572 1049 2601 sunt
1068 2577 1136 2613 per
1152 2565 1242 2600 alias
1263 2577 1395 2602 causas

331 2617 471 2663 fienda,
493 2618 587 2655 sicut
606 2619 635 2655 si
652 2619 735 2667 quis
754 2619 968 2655 iuramento
989 2625 1172 2654 assereret
1187 2618 1292 2666 quod
1314 2630 1395 2655 cras

331 2670 460 2719 pluvia
490 2680 588 2709 esset
616 2673 755 2717 futura;
786 2673 852 2709 sed
881 2672 1007 2708 solum
1036 2671 1074 2708 in
1101 2670 1159 2707 his
1181 2683 1279 2718 quae
1309 2679 1395 2708 sunt

332 2723 462 2760 fienda
488 2737 558 2772 per
583 2725 689 2762 illum
710 2725 775 2774 qui
795 2725 901 2762 iurat.
933 2724 1037 2762 Sicut
1056 2731 1183 2760 autem
1204 2723 1395 2761 iuramen-

333 2783 414 2812 tum
445 2779 702 2825 assentorium,
731 2779 837 2827 quod
866 2785 922 2815 est
950 2778 996 2814 de
1025 2777 1227 2826 praeterito
1255 2778 1318 2814 vel
1348 2778 1395 2815 de

332 2830 541 2878 praesenti,
572 2831 686 2868 debet
722 2832 863 2868 habere
892 2831 1109 2876 veritatem,
1139 2831 1189 2866 ita
1218 2830 1331 2867 etiarn
1360 2838 1397 2867 et

333 2882 592 2920 iuramentum
621 2885 669 2921 de
697 2884 755 2920 his
774 2896 873 2932 quae
902 2891 988 2920 sunt
1015 2883 1144 2920 fienda
1173 2895 1194 2919 a
1222 2883 1333 2920 nobis
1357 2884 1396 2920 in

332 2935 514 2973 futurum.
553 2937 602 2973 Et
635 2937 722 2974 ideo
751 2945 957 2985 utrumque
994 2936 1252 2972 iuramentum
1281 2937 1397 2972 habet

333 2989 527 3037 quandam
546 2989 831 3038 obligationem:
854 2988 1112 3026 diversimode
1131 2996 1272 3025 tamen.
1295 2989 1396 3035 Quia

333 3041 371 3078 in
391 3041 604 3079 iuramento
624 3043 729 3091 quod
749 3050 805 3079 est
824 3042 871 3079 de
890 3041 1092 3091 praeterito
1113 3042 1175 3078 vel
1195 3042 1395 3089 praesenti,

333 3095 514 3143 obligatio
544 3103 599 3132 est
624 3108 703 3132 non
731 3103 905 3144 respectu
934 3095 987 3131 rei
1015 3106 1114 3142 quae
1143 3093 1220 3131 iam
1248 3094 1316 3131 fuit
1334 3095 1396 3131 vel

333 3155 400 3193 est,
430 3147 498 3185 sed
519 3156 692 3197 respectu
720 3148 838 3197 ipsius
867 3156 972 3185 actus
999 3147 1163 3184 iurandi:
1193 3155 1234 3183 ut
1257 3147 1396 3185 scilicet

313 3196 431 3237 *iuret
457 3201 492 3238 id
523 3202 724 3250 quodiam
743 3214 882 3239 verum
912 3208 967 3238 est
985 3201 1047 3238 vel
1071 3200 1149 3238 fuit.
1181 3200 1258 3237 Sed
1284 3201 1322 3237 in
1341 3201 1395 3238 iu-

333 3262 507 3292 ramento
527 3255 632 3303 quod
659 3262 871 3304 praestatur
890 3254 936 3291 de
960 3253 1019 3291 his
1038 3266 1137 3302 quae
1157 3261 1243 3290 sunt
1266 3254 1396 3291 fienda

332 3319 355 3344 a
382 3308 514 3354 nobis,
545 3308 723 3356 obligatio
753 3308 852 3345 cadit
888 3320 908 3344 e
937 3318 1126 3344 converso
1165 3319 1279 3355 super
1313 3319 1394 3344 rem

332 3373 450 3409 quam
479 3361 612 3409 aliquis
641 3361 859 3398 iuramento
883 3360 1063 3398 firmavit.
1093 3361 1265 3397 Tenetur
1293 3360 1395 3397 enim

386 3474 413 3506 α)
433 3474 538 3499 reddes.
551 3487 570 3493 -
588 3474 687 3499 reddas
706 3474 797 3504 PDLa,
817 3474 901 3500 redde
919 3475 952 3499 H.

386 3508 412 3542 β)
432 3509 541 3534 iuravit.
556 3523 574 3528 -
593 3509 667 3534 iurat
685 3509 731 3534 Pa.

404 3544 412 3576 )
424 3545 499 3577 fieri.
510 3558 530 3564 -
549 3545 610 3570 Om.
629 3545 658 3569 P.

385 3551 411 3612 ἔ)
430 3580 509 3605 enim.
521 3594 540 3599 -
557 3587 623 3614 ergo
641 3581 679 3611 A,
698 3587 760 3605 vero
779 3580 810 3611 Ε,
829 3580 898 3605 enim
922 3580 1103 3613 Augustinum
1129 3580 1207 3605 PBsC
1227 3585 1253 3605 et
1270 3587 1327 3605 α.-
1345 3580 1395 3604 Pro
1430 3607 1432 3610 ,

334 3612 436 3644 horum,
456 3622 546 3640 eorum
566 3616 612 3641 Pa.

1448 655 1581 704 aliquis
1600 665 1641 693 ut
1660 657 1770 694 faciat
1788 670 1924 694 verum
1950 670 2032 694 esse
2051 657 2088 694 id
2108 657 2213 706 quod
2239 657 2389 694 iuravit:
2419 656 2509 692 alio-

1447 709 1538 756 quin
1568 709 1674 746 deest
1701 711 1840 747 veritas
1868 711 2093 747 iuramento.

1501 761 1540 797 Si
1569 770 1697 798 autem
1734 771 1789 800 est
1816 763 1898 799 talis
1927 776 1985 799 res
2013 775 2111 811 quae
2149 763 2187 799 in
2217 762 2296 799 eius
2324 769 2509 811 potestate

1448 826 1523 850 non
1554 814 1632 860 fuit,
1664 815 1770 852 deest
1796 816 2010 852 iuramento
2040 815 2274 853 discretionis
2309 815 2507 853 iudicium:

1448 866 1517 902 nisi
1546 867 1641 903 forte
1670 869 1775 916 quod
1805 877 1882 905 erat
1910 869 1944 905 ei
1971 869 2149 917 possibile
2176 869 2330 917 quando
2359 867 2507 913 iuravit,

1449 919 1481 955 ei
1517 920 1696 956 reddatur
1731 921 1965 969 impossibile
2001 934 2070 970 per
2098 922 2263 969 aliquem
2305 929 2508 966 eventum;

1448 980 1536 1020 puta
1555 985 1643 1009 cum
1663 974 1797 1021 aliquis
1816 974 1953 1010 iuravit
1967 973 1982 1003 β
2001 987 2040 1010 se
2060 975 2263 1023 pecuniam
2284 975 2507 1020 soluturum,

1447 1037 1546 1072 quae
1562 1026 1595 1061 ei
1615 1027 1864 1074 postmodum
1885 1028 1923 1063 vi
1939 1028 2001 1063 vel
2016 1027 2115 1063 furto
2135 1028 2375 1064 subtrahitur.
2397 1028 2510 1063 Tunc

1448 1078 1550 1114 enim
1578 1078 1730 1115 videtur
1749 1087 1947 1116 excusatus
1977 1092 2059 1116 esse
2081 1093 2102 1116 a
2122 1080 2295 1116 faciendo
2326 1080 2430 1128 quod
2454 1080 2509 1116 iu-

1448 1131 1554 1178 ravit,
1584 1131 1669 1168 licet
1697 1139 1868 1169 teneatur
1895 1133 2019 1169 facere
2044 1133 2150 1180 quod
2179 1133 2215 1169 in
2245 1145 2283 1169 se
2314 1141 2386 1169 est:
2416 1132 2509 1169 sicut

1449 1183 1562 1221 etiam
1601 1197 1714 1233 supra
1741 1184 1761 1206 ²¹⁵
1790 1185 1888 1221 circa
1916 1186 2188 1232 obligationem
2217 1185 2296 1222 voti
2334 1185 2507 1223 diximus.

1502 1237 1541 1274 Si
1561 1250 1656 1274 vero
1671 1238 1718 1275 sit
1732 1238 1889 1287 quidem
1905 1238 2085 1287 possibile
2103 1238 2196 1284 fieri,
2214 1238 2281 1275 sed
2299 1239 2382 1275 fieri
2396 1243 2411 1266 Υ
2430 1251 2508 1274 non

1449 1290 1596 1337 debeat,
1625 1292 1687 1328 vel
1715 1291 1805 1339 quia
1832 1299 1887 1328 est
1914 1304 1983 1340 per
2005 1304 2045 1328 se
2074 1292 2231 1336 malum,
2251 1292 2313 1327 vel
2337 1291 2426 1338 quia
2455 1299 2510 1327 est

1448 1343 1538 1380 boni
1565 1344 1846 1393 impeditivum,
1871 1353 1961 1381 tune
1989 1345 2202 1381 iuramento
2229 1344 2334 1380 deest
2360 1344 2507 1381 iustitia.

1449 1397 1497 1433 Et
1524 1396 1611 1433 ideo
1640 1397 1897 1434 iuramentum
1936 1410 2016 1434 non
2045 1405 2100 1434 est
2129 1397 2360 1434 servandum
2395 1397 2433 1433 in
2462 1409 2508 1434 eo

1449 1462 1538 1486 casu
1567 1462 1644 1498 quo
1674 1458 1730 1487 est
1765 1458 1965 1499 peccatum
1994 1451 2056 1487 vel
2095 1450 2186 1487 boni
2220 1450 2507 1498 impeditivum:

1448 1503 1659 1539 secundum
1685 1503 1787 1539 enim
1808 1501 1821 1525 δ
1844 1512 2048 1552 utrumque
2073 1504 2210 1540 horum
2239 1504 2363 1553 vergit
2385 1504 2422 1540 in
2448 1504 2509 1540 de-

1449 1556 1622 1592 teriorem
1651 1557 1793 1592 exitum
1812 1556 1843 1592 ³¹⁶.

1502 1608 1564 1644 Sic
1588 1621 1679 1656 ergo
1701 1609 1908 1646 dicendum
1938 1617 1993 1645 est
2018 1609 2123 1657 quod
2153 1608 2384 1657 quicumque
2413 1609 2510 1645 iurat

1448 1660 1588 1709 aliquid
1618 1673 1658 1698 se
1686 1661 1892 1709 facturum,
1923 1662 2110 1710 obligatur
2138 1662 2186 1698 ad
2213 1661 2250 1698 id
2278 1662 2508 1709 faciendum,

1448 1714 1497 1751 ad
1524 1715 1600 1751 hoc
1619 1715 1725 1762 quod
1743 1715 1883 1751 veritas
1902 1715 2123 1763 impleatur:
2154 1714 2183 1751 si
2202 1722 2331 1751 tamen
2351 1715 2412 1751 alii
2433 1717 2509 1752 duo

1449 1767 1608 1804 comites
1635 1768 1772 1814 adsint,
1802 1768 1942 1804 scilicet
1970 1768 2152 1805 iudicium
2183 1775 2218 1803 et
2245 1767 2394 1805 iustitia.

1501 1822 1559 1857 AD
1588 1833 1725 1858 PR1MUM
1758 1833 1856 1858 ERGO
1891 1833 2077 1858 DICENDUM
2106 1821 2211 1869 quod
2244 1821 2345 1857 aliud
2379 1829 2435 1857 est
2463 1822 2509 1857 de

1449 1873 1609 1922 simplici
1636 1875 1780 1910 verbo:
1819 1874 1920 1911 aliud
1950 1875 1997 1911 de
2025 1874 2257 1920 iuramento,
2286 1874 2324 1910 in
2353 1886 2428 1922 quo
2459 1874 2511 1910 di-

1448 1926 1582 1963 vinum
1611 1927 1870 1964 testimonium
1898 1928 2134 1976 imploratur.
2166 1927 2311 1964 Sufficit
2331 1927 2433 1964 enim
2463 1927 2511 1964 ad

1447 1980 1648 2017 veritatem
1675 1980 1786 2017 verbi
1814 1981 1920 2028 quod
1949 1981 2080 2029 aliquis
2100 1980 2200 2018 dicat
2226 1980 2263 2016 id
2292 1981 2396 2029 quod
2424 1993 2510 2029 pro-

1449 2034 1556 2082 ponit
1583 2046 1624 2070 se
1652 2034 1860 2070 facturum:
1900 2034 1989 2082 quia
2015 2035 2091 2071 hoc
2119 2034 2195 2070 iam
2223 2045 2357 2070 verum
2389 2041 2445 2070 est
2473 2034 2511 2070 in

1450 2099 1517 2123 sua
1547 2099 1672 2134 causa,
1694 2087 1835 2124 scilicet
1859 2087 1896 2123 in
1915 2087 2112 2135 proposito
2142 2087 2321 2123 facientis.
2353 2087 2430 2123 Sed
2457 2086 2510 2123 iu-

1450 2148 1665 2177 ramentum
1694 2140 1865 2177 adhiberi
1893 2153 1970 2177 non
2000 2141 2114 2177 debet
2141 2140 2211 2177 nisi
2239 2139 2276 2176 in
2306 2152 2344 2176 re
2368 2140 2415 2177 de
2435 2152 2511 2188 qua

1449 2193 1581 2241 aliquis
1610 2193 1768 2230 firmiter
1788 2201 1910 2230 certus
1932 2200 1997 2230 est.
2028 2195 2076 2230 Et
2097 2193 2184 2230 ideo
2205 2193 2236 2230 si
2253 2193 2509 2230 iuramentum

1448 2246 1684 2293 adhibeatur,
1714 2255 1868 2296 propter
1886 2247 2139 2284 reverentiam
2161 2246 2278 2284 divini
2306 2246 2511 2283 testimonii

1449 2300 1553 2348 quod
1589 2300 1809 2347 invocatur,
1840 2300 2027 2348 obligatur
2062 2301 2182 2337 homo
2220 2307 2262 2335 ut
2289 2299 2399 2337 faciat
2428 2312 2511 2336 esse

1448 2361 1584 2390 verum
1614 2353 1651 2389 id
1680 2354 1785 2400 quod
1814 2353 1970 2400 iuravit,
2001 2353 2212 2390 secundum
2249 2365 2358 2389 suam
2391 2353 2512 2402 possi-

1450 2406 1652 2443 bilitatem:
1690 2406 1760 2443 nisi
1789 2407 1826 2443 in
1856 2407 2084 2444 deteriorem
2123 2406 2263 2443 exitum
2295 2414 2442 2454 vergat,
2472 2413 2512 2442 ut

1450 2460 1591 2496 dictum
1623 2467 1677 2495 est
1696 2459 1727 2495 ²¹⁵.

1501 2515 1560 2549 AD
1575 2524 1765 2549 SECUNDUM
1785 2524 1970 2549 DlCENDUM
1985 2512 2091 2560 quod
2110 2512 2367 2549 iuramentum
2387 2519 2512 2561 potest

1447 2578 1604 2614 vergere
1625 2565 1662 2602 in
1681 2565 1909 2602 deteriorem
1931 2565 2070 2602 exitum
2092 2565 2300 2614 dupliciter.
2322 2566 2409 2602 Uno
2429 2578 2512 2602 mo-

1449 2620 1511 2666 do,
1533 2619 1623 2667 quia
1643 2619 1690 2655 ab
1710 2619 1793 2667 ipso
1819 2618 2003 2667 principio
2027 2619 2143 2655 habet
2160 2618 2330 2667 peiorem
2357 2618 2509 2655 exitum.

1447 2672 1518 2709 Vel
1538 2671 1627 2720 quia
1647 2679 1703 2708 est
1728 2673 1940 2709 secundum
1959 2684 1999 2709 se
2019 2672 2180 2708 malum:
2211 2671 2307 2708 sicut
2335 2684 2422 2708 cum
2447 2672 2511 2708 ali-

1450 2725 1534 2773 quis
1562 2725 1660 2761 iurat
1685 2737 1726 2761 se
1745 2724 1972 2762 adulterium
2001 2732 2237 2773 patraturum
2257 2730 2281 2761 ⁸.
2312 2724 2402 2762 Sive
2422 2725 2511 2773 quia

1451 2786 1505 2815 est
1532 2777 1688 2814 maioris
1717 2777 1808 2814 boni
1835 2778 2119 2826 impeditivum:
2148 2786 2239 2825 puta
2268 2790 2357 2814 cum
2378 2778 2509 2826 aliquis

1450 2833 1545 2867 iurat
1564 2843 1604 2867 se
1624 2843 1702 2867 non
1722 2831 1948 2867 intraturum
1971 2830 2204 2878 religionem,
2226 2832 2286 2867 vel
2307 2831 2411 2879 quod
2432 2843 2509 2867 non

1449 2885 1514 2920 fiet
1543 2883 1710 2930 clericus,
1731 2891 1796 2919 aut
1815 2883 1919 2932 quod
1947 2895 2025 2919 non
2050 2883 2208 2931 accipiet
2235 2884 2508 2931 praelationem

1450 2937 1487 2973 in
1507 2949 1597 2973 casu
1616 2936 1653 2972 in
1674 2948 1751 2983 quo
1774 2936 1925 2984 expedit
1953 2949 2042 2972 eum
2072 2936 2255 2984 accipere,
2277 2937 2339 2972 vel
2367 2936 2396 2973 si
2418 2936 2509 2985 quid

1449 2989 1548 3034 aliud
1578 2997 1633 3025 est
1659 2989 1893 3026 huiusmodi.
1929 2989 2160 3026 Huiusmodi
2189 2989 2292 3026 enim
2320 2989 2510 3026 iuramen-

1450 3051 1531 3079 tum
1559 3055 1581 3078 a
1609 3041 1794 3090 principio
1824 3050 1880 3079 est
1907 3042 2094 3079 illicitum:
2126 3042 2341 3079 differenter
2367 3050 2507 3080 tamen.

1450 3095 1551 3142 Quia
1570 3095 1599 3131 si
1618 3095 1703 3142 quis
1727 3095 1822 3131 iuret
1841 3108 1881 3132 se
1901 3095 2087 3132 facturum
2117 3095 2268 3143 aliquod
2295 3103 2508 3144 peccatum,

1450 3155 1486 3184 et
1499 3156 1633 3197 peccat
1647 3147 1820 3194 iurando,
1835 3156 1871 3185 et
1884 3155 2018 3197 peccat
2031 3148 2288 3185 iuramentum
2305 3149 2508 3185 servando.

1451 3201 1490 3238 Si
1510 3201 1594 3249 quis
1613 3208 1741 3238 autem
1761 3201 1858 3238 iurat
1881 3214 1921 3238 se
1941 3214 2020 3238 non
2039 3202 2226 3238 facturum
2251 3201 2404 3250 aliquod
2431 3214 2509 3238 me·

1449 3254 1519 3291 lius
1538 3255 1698 3301 bonum,
1719 3254 1824 3303 quod
1842 3262 1972 3291 tamen
1998 3255 2122 3292 facere
2146 3267 2224 3292 non
2243 3262 2401 3301 tenetur,
2421 3267 2509 3303 pec-

1452 3315 1509 3344 cat
1523 3307 1681 3356 quidem
1700 3307 1874 3355 iurando,
1890 3307 2115 3357 inquantum
2134 3307 2243 3356 ponit
2260 3307 2409 3344 obicem
2427 3308 2509 3356 Spi-
2521 3318 2529 3321 ⁷·

1450 3360 1535 3398 ritui
1556 3361 1707 3407 Sancto,
1725 3361 1791 3408 qui
1806 3369 1862 3398 est
1880 3360 1972 3398 boni
1991 3361 2174 3409 propositi
2193 3360 2409 3408 inspirator:
2430 3373 2509 3397 non

1504 3475 1526 3507 ε)
1545 3475 1708 3500 adulterium
1729 3478 1916 3507 patraturum.
1933 3488 1952 3493 --
1975 3474 2136 3499 adulterium
2154 3477 2315 3506 praeturum
2341 3475 2413 3507 HpC,
2432 3475 2509 3499 adul-

1450 3510 1738 3571 23151fgtrssergassturum
1758 3510 1793 3542 D,
1809 3513 1983 3542 patraturum
2002 3509 2163 3534 adulterium
2183 3510 2223 3535 ed.
2242 3517 2272 3540 a,
2286 3513 2507 3543 perpetraturum

2537 1194 2545 1203 ⁸
2566 1193 2613 1220 Qu.
2635 1199 2746 1217 Lxxxvux.

2537 1223 2577 1241 art.
2594 1226 2613 1248 3,
2628 1220 2657 1241 ad
2672 1225 2693 1240 2.

2635 1514 2649 1539 ὃ

2538 1558 2547 1567 ·
2554 1557 2590 1578 Cf.
2597 1557 2736 1578 Bed.1-10mi1

2537 1583 2603 1608 mx,
2619 1583 2643 1604 in
2660 1572 2747 1605 Decoul

2537 1610 2561 1631 S.
2572 1610 2638 1631 Ioan.
2652 1610 2722 1637 Bapt.

2540 2463 2549 2471 ⁸
2562 2461 2588 2482 In
2603 2467 2708 2489 corpore.
