2860 4238
40 553 52 563 ⁸
64 552 162 574 Aristot.
174 551 251 574 Eehic.

40 578 81 601 lib.
95 579 124 605 V,
140 584 167 600 ea
185 594 190 599 .
209 584 251 605 vn,

18 619 20 622 ’
40 611 149 653 isaff'xs..
177 619 183 626 ·

989 263 1255 309 QUAESTIO
1285 260 1408 310 CXX,
1437 265 1734 303 ARTICULUS
1763 267 1776 302 1

277 339 350 369 ideo
373 339 478 371 deficit
500 340 575 381 quia
602 341 690 381 quod
723 340 939 371 universaliter
966 347 1119 371 statutum
1143 348 1188 371 est
1216 341 1249 371 In
1276 341 1337 371 hoc

278 383 457 423 particulari
482 394 555 414 casu
580 384 692 415 deficit.

335 427 371 458 11.
399 428 451 458 Ad
483 438 623 469 quorum
652 428 828 468 pleniorem
855 428 1072 464 intellectum,
1104 428 1181 458 scire
1212 435 1339 468 oportet

278 471 367 511 quod
389 472 439 502 lex
461 472 597 512 positiva
620 473 760 503 continet
784 473 849 503 duo
872 482 986 512 genera
1009 479 1214 503 statutorum:
1240 482 1335 512 quae-

278 515 353 544 dam
375 525 457 556 quae
479 523 633 547 vocantur
656 523 686 547 et
709 523 783 547 sunt
801 516 877 547 iuris
899 516 1037 556 positivi,
1061 526 1154 557 quae,
1175 516 1301 552 scilicet,
1317 526 1337 546 a

273 560 434 599 principio
463 560 542 590 nihil
570 559 680 600 differt
708 561 756 590 sic
778 561 828 590 vel
854 560 950 590 aliter
976 565 1119 591 statuere
1134 560 1166 596 *,
1192 567 1227 590 ut
1249 560 1338 600 quod

277 602 423 634 homines
446 604 490 634 sic
512 604 564 634 vel
585 603 673 634 aliter
696 603 877 640 vestiantur,
901 610 932 634 et
954 603 1156 640 huiusmodi;
1180 604 1338 645 quaedam

277 656 459 697 vero-quae
485 654 641 678 vocantur
662 647 739 678 iuris
761 655 892 678 naturae
915 658 970 678 seu
1003 648 1161 688 gentium,
1185 658 1267 689 quae
1289 648 1339 678 lex

277 698 412 731 positiva
435 691 536 731 magis
558 698 713 722 monstrat
735 702 832 732 quam
856 699 980 723 statuat.

332 735 419 766 Haec
437 742 545 766 autem
563 745 645 776 quae
661 735 701 766 ad
717 736 857 766 naturale
873 736 922 767 ius
939 742 1091 777 spectant,
1109 742 1183 767 sunt
1199 737 1338 766 duorum

277 778 438 810 ordinum.
465 779 548 810 Nam
572 779 729 820 quaedam
753 779 796 810 sic
819 787 894 811 sunt
916 780 1131 811 universaliter
1151 790 1224 810 vera
1249 787 1283 811 ut
1305 779 1337 809 in

277 823 367 853 nullo
391 832 465 854 casu
490 823 649 855 deficiant:
674 831 710 855 ut
733 833 798 855 non
825 834 891 855 esse
921 824 1156 861 mentiendum,
1181 834 1247 854 non
1271 833 1338 854 esse

276 867 467 898 adulterium
490 869 747 908 perpetrandum,
772 875 803 899 et
824 868 1020 899 huiusmodi.
1044 869 1085 900 Et
1107 869 1140 899 in
1162 868 1238 904 istis,
1263 867 1339 908 quia

277 910 409 942 deficere
432 919 606 953 nequeunt,
623 913 751 944 nullum
765 913 875 943 locum
892 913 988 943 habet
1010 913 1162 953 aequitas.
1186 929 1208 934 -
1231 912 1336 948 Quae-

276 955 351 985 dam
373 966 448 986 vero
468 963 542 987 sunt
565 966 647 997 quae
662 963 699 987 ut
712 957 745 987 in
769 956 913 997 pluribus
929 956 1149 987 rectitudinem
1165 956 1337 991 continent,

275 999 309 1030 in
332 1000 442 1040 aliquo
470 1007 578 1031 tamen
610 1011 684 1031 casu
709 1011 727 1031 a
749 1000 936 1032 rectitudine
965 1000 1156 1031 declinarent
1178 998 1204 1029 si
1235 1009 1337 1029 serva-

275 1051 393 1075 rentur.
418 1045 470 1080 Ut,
495 1045 639 1085 deposita
661 1045 819 1075 reddenda
842 1055 910 1075 esse
931 1051 1053 1075 rectum
1084 1051 1130 1075 est
1153 1050 1188 1074 ut
1210 1043 1243 1073 in
1267 1043 1337 1083 plu·

276 1089 379 1119 ribus:
392 1089 468 1129 quia
479 1095 586 1120 tamen
598 1090 804 1130 quandoque,
821 1089 848 1119 si
859 1089 1040 1119 redderetur
1052 1088 1244 1128 depositum,
1257 1094 1338 1117 esset

273 1132 432 1174 iniquum,
457 1133 601 1174 oportuit
613 1133 745 1174 aliquod
760 1133 846 1164 aliud
869 1132 1053 1163 directivum
1069 1132 1202 1163 inveniri
1219 1131 1338 1162 horum

275 1186 413 1219 operum
438 1177 472 1207 in
495 1177 611 1219 quibus
638 1177 688 1208 lex
717 1178 868 1208 naturalis
894 1177 1115 1217 depositorum
1145 1175 1258 1207 deficit.
1297 1176 1338 1206 Et

273 1223 337 1255 hoc
356 1220 546 1266 directivum
565 1227 698 1252 vocatur
715 1221 815 1252 virtus
838 1221 1015 1262 aequitatis.

326 1265 368 1296 Et
391 1264 534 1307 similiter
554 1265 589 1295 in
613 1265 736 1296 statutis
759 1275 841 1307 quae
871 1271 945 1296 sunt
976 1275 1055 1305 pure
1088 1264 1215 1305 positivi
1242 1263 1336 1300 iuris,

264 1306 402 1350 up'oftet
424 1309 526 1340 simile
545 1309 732 1341 directivum
761 1311 879 1341 adesse.
910 1309 1075 1347 Quoniam
1103 1309 1188 1349 leges
1212 1309 1250 1339 de
1273 1308 1336 1338 sin-

272 1354 436 1395 gularibus
449 1354 658 1394 singulariter,
675 1361 786 1395 utpote
801 1354 928 1394 ignotis,
944 1364 1011 1385 non
1027 1354 1154 1384 dantur:
1170 1353 1226 1383 sed
1242 1362 1338 1392 opor-

272 1405 319 1431 tet
339 1398 429 1439 quod
447 1399 486 1429 de
512 1399 725 1439 singularibus
751 1398 966 1430 universaliter
989 1398 1122 1434 dentur;
1147 1403 1224 1437 puta
1247 1397 1337 1437 quod

273 1442 471 1487 quicumque
502 1443 642 1474 ascendit
670 1443 738 1475 sine
762 1443 888 1474 licentia
916 1446 1037 1473 muros'
1051 1441 1192 1478 civitatis,
1213 1440 1336 1481 decapi-

272 1493 373 1526 tatur,
397 1494 434 1518 et
451 1486 496 1518 sic
519 1488 558 1519 de
581 1487 659 1518 aliis.
691 1488 891 1528 Contingunt
913 1494 1021 1519 autem
1051 1485 1223 1526 singulares
1248 1494 1338 1515 casus

271 1529 307 1562 in
335 1530 453 1573 quibus
484 1531 671 1563 huiusmodi
699 1533 784 1573 leges
811 1531 977 1568 deficiunt,
1001 1531 1044 1562 ita
1074 1531 1164 1572 quod
1188 1529 1336 1570 iniquum

273 1579 355 1606 esset
376 1584 428 1606 eas
451 1584 588 1608 servare:
617 1582 730 1617 utpote
753 1576 779 1607 si
801 1577 908 1607 hostes
931 1576 1036 1606 subito
1059 1575 1213 1605 invadunt
1232 1573 1337 1605 civita-

271 1625 348 1657 tem,
371 1625 404 1651 et
424 1628 482 1660 per
510 1620 652 1652 subitum
667 1630 834 1653 ascensum
857 1630 970 1651 eorum
993 1619 1048 1661 qui
1078 1625 1153 1650 sunt
1171 1619 1256 1649 intus
1279 1628 1336 1658 po-

271 1670 333 1695 test
354 1664 509 1695 auxilium
538 1665 610 1696 ferri
634 1673 664 1696 et
687 1666 818 1702 salvari;
847 1665 986 1696 decernit
1007 1664 1165 1704 siquidem
1194 1663 1336 1704 aequitas

270 1707 305 1742 in
326 1708 391 1740 hoc
412 1718 488 1740 casu
510 1719 578 1740 non
601 1719 668 1741 esse
690 1711 794 1751 legem
817 1709 1012 1740 servandam.
1036 1709 1077 1739 Et
1098 1708 1132 1738 in
1150 1707 1200 1738 his
1215 1707 1336 1738 actibus

171 1783 175 1791 χ
223 1757 242 1787 “.
269 1751 342 1795 ipsa
362 1752 504 1795 aequitas
526 1754 641 1794 dirigit.

292 1798 294 1800 ’
325 1796 417 1829 Patet
438 1807 514 1840 ergo
537 1799 628 1840 quod
650 1798 815 1839 utriusque
837 1798 924 1838 legis,
941 1796 1058 1828 scilicet
1080 1806 1159 1837 pure
1182 1796 1336 1836 positivae

270 1844 303 1872 et
323 1842 476 1873 naturalis
498 1843 686 1879 defectivae,
717 1842 858 1884 aequitas
882 1841 1011 1872 directio
1035 1847 1082 1871 est
1103 1841 1137 1871 in
1159 1840 1208 1870 his
1231 1839 1336 1880 operi-

270 1882 332 1916 bus
352 1886 387 1917 in
412 1886 529 1928 quibus
559 1887 710 1918 deficiunt
739 1897 806 1918 non
834 1885 1095 1928 quomodolibet,
1124 1885 1179 1915 sed
1206 1891 1336 1925 propter

269 1930 487 1966 universaliter
508 1941 576 1964 esse
593 1932 722 1973 positas.
743 1933 827 1962 Nam
849 1931 876 1962 si
899 1929 1045 1962 deficeret
1062 1930 1112 1960 lex
1134 1930 1167 1960 in
1185 1939 1258 1960 casu
1283 1929 1336 1959 ali-

269 1985 338 2016 quo
360 1982 490 2017 propter
508 1975 709 2017 privilegium
732 1976 821 2007 aliter
839 1975 1032 2016 praecipiens
1055 1984 1153 2015 quam
1177 1974 1226 2004 lex
1249 1983 1335 2004 com-

270 2019 389 2057 munis,
412 2030 480 2051 non
501 2028 622 2062 spectat
644 2021 775 2051 directio
798 2027 929 2051 actuum
957 2018 1110 2059 privilegii
1133 2018 1174 2048 ad
1196 2017 1334 2058 aequita-

269 2070 352 2096 tem:
384 2064 539 2106 quoniam
561 2076 627 2096 non
651 2064 756 2096 deficit
781 2072 858 2095 tunc
888 2064 937 2094 lex
967 2071 1134 2104 propterea
1164 2061 1240 2103 quia
1271 2067 1336 2092 erat

270 2108 473 2145 universalis,
497 2108 551 2139 sed
574 2109 650 2151 quia
672 2109 832 2149 legislator
860 2107 1022 2148 derogavit
1050 2107 1111 2147 legi
1138 2106 1246 2147 quoad
1275 2105 1335 2135 hos

269 2152 492 2194 privilegiatos.
517 2154 558 2185 Et
580 2153 682 2185 simile
706 2161 752 2184 est
767 2153 793 2183 si
817 2163 853 2183 ex
872 2161 1075 2194 quacumque
1091 2151 1151 2181 alia
1170 2159 1261 2181 causa
1286 2150 1335 2180 lex

270 2196 412 2229 deficiat:
437 2207 605 2239 nunquam
620 2198 706 2228 enim
722 2204 841 2238 spectat
864 2197 994 2228 directio
1011 2197 1050 2226 ad
1067 2195 1258 2236 aequitatem
1274 2195 1335 2225 nisi

270 2241 394 2275 deficiat
415 2249 546 2284 propter
569 2242 756 2274 universale.

323 2286 365 2317 Et
386 2294 555 2328 propterea
573 2297 640 2318 non
663 2292 783 2327 spectat
806 2286 846 2316 ad
868 2284 1060 2326 aequitatem
1082 2283 1108 2314 si
1130 2283 1180 2314 lex
1203 2290 1334 2323 propter

269 2329 496 2362 obscuritatem
518 2338 573 2362 aut
596 2330 835 2371 ambiguitatem
858 2339 1010 2359 sensuum
1035 2327 1173 2364 deficiat,
1198 2333 1254 2358 aut
1280 2327 1334 2357 de-

267 2373 360 2406 ficere
384 2375 554 2407 dubitetur.
585 2375 783 2415 Interpretari
806 2373 892 2404 enim
915 2373 999 2414 leges
1021 2370 1237 2402 auctoritative
1261 2381 1331 2411 spe-

269 2425 332 2450 ctat
346 2419 386 2449 ad
401 2421 591 2461 principem:
609 2419 821 2450 doctrinaliter
836 2424 953 2454 autem,
971 2418 1010 2447 ad
1025 2416 1231 2456 legisperitos.
1255 2416 1333 2446 Pro—

267 2471 338 2506 pter
355 2466 446 2505 quod
468 2465 501 2495 in
524 2464 626 2494 littera
649 2463 771 2499 dicitur,
795 2463 829 2493 in
852 2462 986 2492 articulo
1005 2461 1120 2501 primo,
1144 2459 1177 2489 in
1201 2469 1332 2500 respon-

267 2509 359 2540 sione
382 2509 422 2539 ad
445 2508 583 2545 tertium,
599 2509 688 2549 quod
711 2507 852 2548 aequitas
867 2517 934 2537 non
956 2506 1050 2536 habet
1069 2505 1178 2534 locum
1202 2503 1262 2534 nisi
1277 2503 1332 2534 ubi

267 2553 434 2585 manifeste
450 2552 555 2584 deficit
573 2553 632 2588 lex,
652 2552 707 2583 ubi
723 2562 790 2582 non
810 2550 1053 2586 consultatione,
1069 2548 1125 2579 sed
1147 2547 1332 2579 executione

268 2608 352 2638 opus
375 2605 431 2628 est.
456 2598 498 2628 Et
517 2597 578 2627 hoc
596 2597 677 2627 bene
700 2603 812 2627 notent
834 2596 993 2636 sapientes
1011 2595 1044 2624 in
1069 2593 1172 2623 oculis
1192 2593 1261 2623 suis
1276 2592 1332 2633 qui

268 2641 364 2673 etiam
379 2651 461 2682 quae
475 2641 552 2671 iuris
569 2647 643 2671 sunt
657 2640 754 2671 divini
777 2639 973 2680 interpretari
986 2642 1195 2679 praesumunt
1209 2636 1243 2667 in
1257 2646 1330 2667 casu

269 2696 333 2717 non
357 2696 424 2716 esse
447 2685 660 2725 intelligenda,
677 2691 708 2715 et
731 2684 840 2714 dicunt
856 2694 888 2714 se
904 2683 950 2714 uti
967 2680 1126 2722 epieikeia.
1150 2681 1226 2711 Non
1247 2680 1333 2711 enim

267 2730 435 2772 aequitatis
455 2736 501 2760 est
522 2728 718 2770 interpretari
740 2738 781 2758 an
799 2728 832 2758 in
855 2727 917 2758 hoc
941 2737 1014 2757 casu
1031 2726 1182 2756 servanda
1205 2725 1245 2755 sit
1266 2725 1331 2755 lex:

268 2775 333 2811 sed,
359 2774 413 2804 ubi
437 2773 601 2803 manifeste
624 2773 674 2803 lex
697 2771 802 2802 deficit
825 2778 954 2811 propter
977 2770 1163 2808 universale,
1189 2768 1330 2808 dirigere.

324 2819 376 2849 111.
397 2817 643 2858 Diligentissime
666 2826 796 2857 quoque
821 2815 999 2846 notandum
1022 2821 1068 2845 est
1091 2814 1180 2856 quod
1203 2822 1270 2843 non
1294 2812 1333 2842 de

267 2871 476 2904 quocumque
499 2861 623 2892 defectu
646 2859 724 2900 legis
755 2866 885 2900 propter
907 2859 1082 2890 universale
1105 2865 1151 2890 est
1173 2866 1277 2888 sermo
1300 2855 1334 2886 in

268 2907 327 2938 hac
343 2906 526 2938 definitione
548 2904 736 2941 Aristotelis,
753 2905 807 2935 sed
831 2903 870 2934 de
893 2903 1016 2934 defectu
1039 2901 1242 2944 obliquitatis·
1267 2901 1334 2931 Du—

267 2950 389 2993 pliciter
406 2960 544 2992 namque
561 2948 716 2989 contingit
731 2947 863 2979 deficere
877 2947 980 2987 legem
996 2954 1126 2988 propter
1141 2945 1333 2978 universale:

268 2995 386 3027 scilicet
408 2995 567 3036 negative,
591 2993 641 3024 vel
665 2992 828 3024 contrarie.
859 2991 973 3022 Deficit
1000 2991 1158 3033 siquidem
1179 2991 1230 3021 lex
1259 2999 1332 3031 pro-

267 3046 336 3081 pter
361 3039 536 3070 universale
559 3037 701 3078 negative
724 3043 865 3073 tantum,
890 3036 1020 3077 quando
1049 3035 1163 3066 accidit
1185 3044 1276 3066 casus
1298 3033 1331 3064 in

268 3093 335 3125 quo
360 3090 460 3115 cessat
482 3083 562 3114 ratio
585 3081 672 3122 legis,
690 3091 725 3112 ac
747 3091 803 3121 per
825 3081 888 3111 hoc
902 3079 1027 3111 videtur
1050 3080 1139 3120 quod
1154 3079 1205 3110 lex
1224 3079 1258 3109 in
1276 3077 1331 3108 illo

268 3138 342 3160 casu
366 3137 432 3159 non
456 3127 587 3167 obliget,
613 3125 638 3156 si
661 3132 768 3156 tamen
791 3131 931 3156 servetur
953 3124 1011 3160 lex,
1037 3123 1115 3154 nihil
1138 3122 1228 3161 mali,
1253 3121 1332 3153 nihil

267 3171 438 3203 inordinati
455 3170 675 3202 committitur.
700 3169 795 3206 Verbi
811 3168 918 3210 gratia,
934 3168 996 3199 lata
1012 3175 1059 3199 est
1080 3167 1130 3198 lex
1145 3173 1182 3198 ut
1200 3166 1333 3208 quilibet

266 3216 321 3249 tali
345 3216 395 3247 die
417 3213 568 3246 sacrificet
586 3220 622 3245 ut
645 3212 813 3244 satisfaciat
827 3223 887 3254 pro
903 3212 1038 3254 peccatis
1062 3212 1143 3243 suis:
1169 3211 1281 3242 accidit
1297 3217 1332 3242 ut

268 3271 352 3291 unus
375 3260 452 3291 sciat
470 3266 551 3290 certe
575 3265 651 3290 tunc
666 3268 700 3288 se
724 3257 908 3288 satisfecisse
931 3267 991 3298 pro
1011 3256 1147 3297 peccatis
1170 3255 1245 3286 suis.
1270 3255 1331 3286 De-

266 3304 332 3336 ficit
353 3310 429 3335 tunc
444 3304 493 3334 lex
515 3303 548 3334 in
572 3303 633 3333 hoc
655 3301 834 3343 particulari
857 3308 987 3342 propter
1010 3300 1202 3331 universale:
1228 3299 1333 3330 deficit

267 3355 375 3380 autem
398 3347 522 3379 defectu
546 3356 625 3388 pure
641 3346 797 3387 negativo,
813 3345 887 3386 quia
903 3351 1002 3376 cessat
1017 3344 1096 3375 ratio
1114 3344 1193 3384 legis
1209 3343 1242 3374 in
1264 3343 1331 3379 illo,

266 3399 298 3424 et
321 3399 488 3434 propterea
511 3391 646 3423 creditur
657 3391 759 3431 legem
777 3399 843 3420 non
856 3389 970 3420 habere
985 3388 1051 3419 vim
1067 3388 1270 3428 obligativam
1286 3396 1333 3418 re-

2371 270 2449 317 469

1393 348 1502 381 spectu
1526 341 1628 378 illius,
1653 349 1683 373 et
1707 344 1794 384 quod
1818 344 1844 374 si
1867 344 2027 384 legislator
2050 345 2173 376 adesset
2195 351 2296 375 certus
2316 346 2354 375 de
2377 345 2449 381 hoc,

1393 393 1458 414 non
1489 385 1640 425 obligaret
1662 386 1772 424 illum;
1803 388 1828 417 si
1858 395 1963 418 tamen
1990 389 2043 419 ille
2073 389 2175 428 legem
2199 396 2348 425 servaret,
2373 389 2451 419 nihil

1393 428 1477 464 mali,
1501 429 1579 459 nihil
1601 430 1770 461 inordinati
1792 432 2002 463 committeret
2024 433 2177 463 servando
2193 433 2295 468 illam;
2316 440 2352 464 ut
2366 440 2452 473 patet

1393 471 1431 502 de
1454 473 1595 503 Domino
1619 474 1688 504 Iesu
1706 474 1842 512 Christo,
1859 476 1914 516 qui
1937 476 2070 507 servavit
2085 477 2331 508 circumcisionis
2347 477 2450 517 legem

1391 515 1425 546 in
1448 516 1552 556 seipso
1566 517 1598 553 *;
1623 525 1654 548 et
1676 518 1818 549 similiter
1839 520 1935 550 Beata
1951 520 2048 560 Virgo
2065 521 2168 560 legem
2192 521 2450 561 praesentationis

1391 559 1424 589 in
1447 561 1567 600 templo
1583 561 1610 591 *.
1634 579 1655 585 -—
1679 562 1844 593 Contrarie
1864 571 1970 594 autem
1986 563 2090 595 deficit
2111 565 2160 595 lex
2178 572 2307 606 propter
2327 565 2450 596 univer-

1392 603 1466 640 sale,
1490 606 1620 644 quando
1644 606 1747 637 evenit
1769 617 1859 638 casus
1882 608 1916 638 in
1939 618 2005 648 quo
2029 618 2095 639 non
2118 609 2225 640 solum
2248 616 2348 640 cessat
2369 609 2449 640 ratio

1390 647 1478 687 legis,
1495 649 1550 678 sed
1573 649 1682 690 inique
1697 658 1840 691 ageretur
1862 653 2016 682 servando
2031 652 2150 692 legem:
2176 660 2212 683 ut
2226 659 2312 693 patet
2325 653 2359 683 in
2381 653 2450 693 lege

1391 691 1430 720 de
1457 692 1624 723 reddendis
1653 694 1814 734 depositis,
1837 695 1863 725 si
1886 696 2090 727 redderentur
2111 697 2255 737 poscenti
2281 697 2321 727 ad
2344 697 2448 738 impu-

1391 735 1555 774 gnandum
1571 737 1719 776 patriam;
1744 746 1775 769 et
1790 739 1828 769 de
1847 739 1915 779 lege
1931 749 1996 770 non
2021 741 2207 771 ascendendi
2227 740 2356 771 moenia
2378 741 2451 772 civi-

1391 779 1471 828 tatis,
1488 779 1514 809 si
1529 790 1594 810 non
1618 782 1816 813 ascendendo
1832 784 2024 823 permitteret
2045 784 2202 815 civitatem
2218 784 2302 826 capi;
2327 791 2359 815 et
2381 784 2450 815 aliis

1391 823 1587 860 huiusmodi,
1610 825 1643 855 in
1667 826 1782 866 quibus
1806 837 1928 858 servare
1949 828 2052 868 legem
2075 836 2156 859 esset
2171 839 2189 859 a
2204 836 2289 859 recto
2313 828 2447 860 deviare.

1447 867 1532 897 Cum
1554 868 1649 907 igitur
1667 877 1795 910 propter
1811 871 1986 902 universale
2000 872 2050 902 lex
2065 872 2168 903 deficit
2192 873 2356 908 contrarie,
2372 880 2449 903 tunc

1391 911 1532 950 aequitas
1556 913 1685 944 directio
1700 914 1778 953 legis
1801 922 1857 951 est,
1877 925 1917 946 ne
1932 917 1972 946 ad
1988 916 2118 957 obliqua
2140 917 2284 948 deducat.
2309 917 2448 954 Quando

1391 961 1498 985 autem
1521 955 1624 987 deficit
1653 967 1731 997 pure
1762 959 1917 998 negative,
1946 970 2011 990 non
2041 967 2159 1000 spectat
2188 961 2228 991 ad
2258 960 2449 1000 aequitatem

1391 998 1536 1029 ordinare
1560 1007 1648 1031 actus
1670 1001 1751 1037 illos,
1777 1003 1830 1032 sed
1855 1004 2006 1034 servanda
2029 1011 2075 1035 est
2105 1004 2155 1034 lex
2177 1004 2256 1044 ipsa.
2286 1004 2449 1041 Quoniam

1390 1043 1567 1074 secundum
1590 1044 1767 1082 veritatem,
1792 1046 1857 1076 vim
1886 1047 2087 1087 obligativam
2115 1058 2180 1079 non
2210 1048 2311 1088 perdit
2340 1058 2378 1079 ex
2409 1058 2447 1079 eo

1390 1087 1480 1127 quod
1503 1088 1581 1118 ratio
1605 1088 1682 1128 legis
1706 1097 1804 1120 cessat
1826 1098 1955 1131 propter
1977 1092 2167 1122 universale:
2191 1093 2246 1122 sed
2264 1092 2326 1123 hoc
2341 1103 2379 1123 ex
2394 1102 2448 1123 ua-

1390 1138 1459 1162 tura
1482 1132 1665 1163 universalis
1687 1133 1720 1164 in
1743 1134 1892 1165 humanis
1924 1136 2160 1175 operationibus
2182 1136 2343 1176 contingit,
2367 1147 2448 1177 quo—

1391 1175 1477 1206 niam
1500 1176 1617 1207 scilicet
1641 1187 1706 1208 non
1730 1185 1776 1209 est
1792 1179 1987 1220 quandoque
2010 1179 2146 1211 totaliter
2170 1180 2354 1217 universale,
2370 1180 2448 1221 quin

1391 1219 1562 1261 aliquando
1586 1219 1719 1252 deficiat.

1445 1264 1498 1295 IV.
1522 1265 1679 1296 Probatur
1701 1272 1807 1296 autem
1831 1266 1992 1307 tripliciter
2014 1267 2178 1298 materiam
2194 1267 2358 1308 aequitatis
2381 1278 2447 1299 non

1390 1317 1456 1338 esse
1480 1309 1540 1339 nisi
1563 1316 1652 1340 actus
1675 1309 1730 1350 qui
1750 1310 1872 1350 obliqui
1895 1318 1998 1342 essent
2018 1312 2043 1341 si
2064 1312 2113 1342 lex
2128 1318 2302 1342 servaretur
2324 1312 2448 1342 univer-

1390 1352 1504 1384 saliter.
1534 1353 1658 1389 Primo,
1684 1354 1854 1390 ostensive,
1882 1364 1919 1385 ex
1941 1355 2062 1386 ratione
2089 1356 2188 1395 ipsius
2211 1355 2333 1386 virtutis
2365 1366 2447 1397 quae

1391 1404 1522 1428 vocatur
1544 1397 1696 1437 aequitas.
1729 1398 1815 1429 Cum
1838 1398 1924 1429 enim
1947 1399 1987 1430 sit
2009 1401 2130 1431 iustitia
2153 1401 2326 1440 quaedam,
2351 1407 2387 1431 ut
2413 1401 2447 1431 in

1388 1440 1490 1471 littera
1504 1439 1520 1455 *
1544 1448 1574 1472 et
1596 1441 1629 1472 in
1652 1442 1680 1472 V
1703 1442 1807 1473 Ethic.
1831 1442 1866 1462 **
1888 1450 1995 1484 patet;
2020 1451 2050 1475 et
2071 1444 2189 1475 iustitia
2211 1444 2309 1475 virtus
2341 1454 2446 1475 neces·

1390 1484 1469 1515 saria
1491 1484 1615 1515 homini
1638 1485 1677 1516 sit
1700 1486 1739 1516 ad
1766 1486 1827 1517 hoc
1851 1493 1887 1517 ut
1908 1487 2067 1518 virtuosus
2090 1487 2144 1519 sit:
2173 1498 2371 1528 consequens
2401 1495 2447 1519 est

1391 1535 1426 1559 ut
1453 1529 1583 1560 materia
1606 1529 1689 1566 eius,
1719 1530 1799 1561 sicut
1821 1537 1852 1561 et
1875 1531 2007 1562 aliarum
2034 1532 2211 1573 specierum
2233 1532 2383 1570 iustitiae,
2407 1533 2448 1563 sit

1390 1573 1533 1613 operatio
1556 1573 1610 1603 illa
1633 1583 1715 1614 quae
1741 1574 1807 1605 sine
1838 1575 1937 1615 ipsius
1961 1575 2131 1607 directione
2161 1583 2243 1607 recta
2267 1587 2331 1607 non
2355 1584 2445 1607 esset.

1390 1616 1544 1648 Videmus
1573 1625 1680 1648 autem
1707 1619 1797 1659 quod
1826 1619 2091 1650 commutationes
2123 1620 2190 1650 sine
2221 1621 2447 1651 commutativa

1388 1661 1520 1698 iustitia,
1545 1661 1780 1693 distributiones
1803 1663 1869 1693 sine
1899 1664 2111 1701 distributiva,
2134 1671 2216 1695 recte
2239 1675 2304 1695 non
2326 1664 2446 1696 fierent.

1389 1705 1599 1746 Operationes
1621 1706 1717 1746 igitur
1738 1707 1810 1737 illae
1833 1717 1915 1748 quae
1938 1708 2136 1748 obliquarent
2158 1719 2176 1738 a
2191 1715 2276 1739 recto
2293 1710 2446 1739 servando

1388 1750 1492 1790 legem
1515 1750 1732 1787 universalem,
1749 1758 1823 1782 sunt
1845 1752 1973 1792 propria
1995 1752 2124 1783 materia
2140 1752 2313 1793 aequitatis,
2331 1759 2361 1783 et
2374 1763 2448 1792 pro-

1390 1801 1459 1835 pter
1481 1804 1532 1824 eas
1552 1795 1635 1825 solas
1658 1795 1830 1825 necessaria
1853 1802 1899 1826 est
1922 1796 2062 1827 directio.
2086 1795 2128 1827 Et
2143 1803 2273 1836 propter
2295 1796 2357 1828 hoc
2380 1807 2446 1827 me-

1388 1838 1448 1869 rito
1465 1846 1577 1870 vocata
1601 1845 1647 1869 est
1669 1849 1687 1869 a
1710 1838 1982 1879 Philosophorum
2004 1839 2146 1880 principe
2168 1840 2299 1871 directio
2314 1841 2397 1882 legis
2411 1841 2446 1871 *ε

1389 1893 1455 1914 non
1479 1883 1564 1913 enirn
1589 1891 1659 1923 eget
1678 1882 1850 1914 directione
1871 1884 1921 1914 lex
1944 1884 2003 1915 nisi
2028 1885 2081 1915 ubi
2105 1893 2122 1915 a
2145 1884 2331 1915 rectitudine
2353 1885 2446 1921 cadit,

1389 1927 1443 1958 ubi
1468 1938 1486 1958 a
1511 1934 1595 1958 recto
1618 1927 1795 1959 abduceret.

1444 1972 1591 2002 Secundo
1621 1972 1787 2012 probatur,
1811 1972 1957 2003 ducendo
1979 1973 2018 2003 ad
2046 1972 2282 2003 inconveniens.
2310 1973 2394 2003 Nam
2421 1972 2446 2003 si

1389 2016 1428 2046 ad
1452 2016 1643 2057 aequitatem
1666 2023 1819 2056 spectaret
1841 2016 1972 2056 dirigere
1990 2027 2026 2047 ea
2040 2017 2072 2047 in
2097 2017 2212 2057 quibus
2228 2016 2277 2047 lex
2291 2027 2370 2056 pure
2393 2026 2447 2047 ne-

1388 2060 1490 2099 gative
1513 2059 1618 2090 deficit
1640 2067 1769 2100 propter
1792 2059 1975 2096 universale,
2000 2068 2182 2101 sequeretur
2205 2067 2235 2091 et
2257 2061 2346 2100 quod
2374 2060 2447 2091 sim-

1388 2105 1460 2145 plex
1483 2104 1649 2135 fornicatio
1666 2103 1859 2145 quandoque
1875 2111 1956 2135 esset
1978 2115 2088 2146 aequa,
2106 2111 2136 2135 et
2152 2105 2239 2145 quod
2263 2104 2363 2134 multa
2386 2104 2447 2135 alia

1389 2149 1520 2179 crimina
1542 2149 1736 2189 quandoque
1766 2155 1869 2179 essent
1891 2149 1972 2179 iusta
1995 2156 2026 2179 et
2049 2155 2164 2179 sancta.
2193 2148 2376 2179 Declaratur
2397 2158 2445 2179 se-

1388 2194 1482 2234 quela
1504 2193 1537 2223 in
1552 2193 1688 2233 simplici
1712 2192 1928 2223 fornicatione.
1952 2193 2045 2232 Legis
2063 2202 2201 2233 namque
2220 2192 2299 2223 ratio
2315 2192 2348 2222 in
2371 2192 2446 2223 sim-

1387 2237 1460 2278 plici
1483 2237 1691 2268 fornicatione
1714 2244 1760 2268 est
1779 2238 1902 2268 bonum
1925 2237 2034 2277 prolis,
2059 2247 2125 2267 non
2147 2236 2366 2276 generationis,
2391 2237 2446 2267 sed

1388 2281 1599 2318 educationis,
1631 2281 1859 2317 institutionis,
1893 2291 1985 2311 curae
2022 2287 2054 2311 et
2082 2280 2283 2317 huiusmodi,
2317 2287 2447 2321 propter

1387 2336 1468 2367 quae
1492 2332 1618 2366 oportet
1633 2325 1791 2366 coniugali
1807 2325 1923 2366 copula
1937 2325 2025 2365 iungi
2044 2334 2163 2355 marem
2187 2331 2218 2355 et
2240 2323 2392 2354 feminam
2414 2325 2447 2355 in

1386 2370 1544 2406 humanis,
1558 2380 1597 2400 ne
1613 2369 1729 2400 scilicet
1739 2370 1844 2409 proles
1858 2368 2023 2399 fornicarie
2040 2375 2113 2399 nata
2124 2368 2265 2409 privetur
2279 2368 2333 2398 tali
2348 2369 2446 2406 bono,

1387 2425 1442 2445 seu
1455 2415 1593 2445 incurrat
1608 2414 1669 2444 tale
1685 2414 1849 2450 damnum,
1860 2413 1942 2444 utin
1955 2413 1997 2443 111
2013 2413 2134 2444 Contra
2148 2412 2252 2450 Gent.,
2270 2422 2338 2452 cap.
2356 2422 2446 2450 cxxn,

1386 2461 1508 2490 Auctor
1531 2458 1616 2489 dicit.
1640 2458 1836 2488 Huiusmodi
1859 2464 1966 2488 autern
1989 2456 2066 2497 legis
2088 2456 2167 2487 ratio
2190 2463 2295 2496 potest
2316 2456 2350 2486 in
2374 2467 2447 2488 casu

1386 2503 1494 2544 aliquo
1518 2511 1652 2533 cessare:
1685 2509 1761 2542 puta
1785 2501 1810 2532 si
1835 2509 1968 2542 utraque
1992 2511 2063 2541 pars
2089 2500 2219 2531 carnalis
2250 2501 2383 2540 copulae
2409 2501 2448 2532 sit

1387 2548 1436 2578 sui
1458 2547 1535 2578 iuris
1563 2554 1594 2577 et
1625 2546 1725 2582 dives,
1750 2553 1780 2577 et
1803 2546 2020 2586 provisionem
2043 2555 2174 2576 ornnem
2197 2544 2280 2584 proli
2306 2554 2447 2575 necessa-

1386 2593 1465 2623 riam
1489 2591 1643 2627 ordinent,
1661 2597 1719 2621 etc.
1743 2591 1784 2620 Et
1800 2598 2028 2630 consequenter
2043 2589 2075 2619 in
2098 2589 2152 2619 tali
2172 2599 2245 2619 casu
2266 2588 2349 2618 licita
2367 2597 2448 2621 esset

1386 2636 1456 2667 talis
1481 2636 1596 2676 copula
1619 2635 1750 2665 carnalis
1765 2634 1861 2665 soluti
1885 2643 1958 2664 cum
1977 2634 2090 2664 soluta.
2116 2633 2214 2670 Quod
2237 2639 2360 2663 constat
2380 2643 2447 2664 esse

1387 2681 1521 2711 falsum:
1547 2679 1701 2720 quoniam
1729 2685 1831 2709 essent
1861 2677 2035 2714 fornicarii,
2061 2677 2098 2706 de
2122 2676 2238 2717 quibus
2268 2676 2382 2706 dicitur
2404 2677 2448 2708 ad

1389 2724 1462 2755 Gal.
1477 2735 1497 2754 v
1511 2723 1540 2761 *‚
1557 2723 1646 2764 quod
1669 2732 1806 2763 regnum
1823 2722 1886 2752 Dei
1913 2731 1975 2752 non
1994 2720 2210 2761 possidebunt.
2233 2720 2446 2760 Adimplenda

1387 2775 1433 2799 est
1456 2778 1532 2808 ergo
1549 2768 1600 2798 lex
1623 2766 1805 2798 universalis
1829 2766 1924 2796 etiam
1948 2765 1974 2795 si
2000 2765 2078 2796 ratio
2102 2764 2178 2804 legis
2202 2771 2300 2794 cessat
2314 2764 2347 2794 in
2371 2775 2445 2796 casu

1387 2813 1506 2854 aliquo,
1531 2811 1710 2842 dummodo
1738 2811 1777 2840 ad
1801 2810 1931 2850 obliqua
1960 2819 2026 2839 non
2049 2809 2143 2839 ducat
2165 2808 2198 2837 in
2222 2817 2295 2838 casu
2326 2808 2445 2848 aliquo.

1386 2857 1469 2888 Nam
1493 2857 1518 2887 si
1541 2857 1581 2886 ad
1605 2855 1734 2896 obliqua
1756 2855 1789 2884 in
1813 2864 1886 2884 casu
1910 2853 2053 2889 duceret,
2084 2851 2240 2892 aequitate
2262 2858 2339 2882 tunc
2361 2862 2445 2892 opus

1386 2908 1441 2938 est,
1458 2911 1498 2932 ne
1516 2901 1566 2931 lex
1589 2899 1724 2930 deducat
1744 2899 1782 2928 ad
1799 2898 1930 2934 malum,
1947 2897 2035 2938 quod
2057 2903 2104 2926 est
2127 2902 2236 2926 contra
2250 2895 2326 2935 legis
2342 2896 2444 2927 inten-

1385 2946 1526 2977 tionem:
1551 2945 1577 2975 si
1591 2953 1666 2974 vero
1690 2943 1729 2973 ad
1752 2942 1883 2983 obliqua
1905 2951 1971 2972 non
1994 2941 2097 2976 ducat,
2112 2940 2183 2971 licet
2197 2939 2231 2969 in
2254 2949 2327 2970 casu
2347 2947 2446 2971 cesset

1385 2989 1462 3030 legis
1487 2989 1578 3027 rati0‚
1595 2987 1747 3018 servanda
1770 2994 1816 3017 est
1836 2986 1886 3016 lex
1909 2994 1991 3027 quae
2014 2994 2051 3015 ex
2078 2984 2126 3014 his
2142 2993 2224 3024 quae
2246 2989 2283 3014 ut
2297 2983 2330 3014 in
2347 2984 2444 3024 pluri—

1385 3035 1444 3064 bus
1471 3032 1677 3063 inveniuntur
1705 3037 1820 3062 statuta
1850 3036 1896 3060 est
1918 3029 1961 3060 sic
1984 3035 2021 3060 ut
2047 3036 2214 3068 nunquam
2243 3028 2284 3058 ad
2313 3028 2461 3069 obliqua,

1386 3077 1535 3113 declinet,
1560 3083 1596 3107 ut
1617 3075 1747 3106 inferius
1774 3074 1807 3104 in
1830 3083 1884 3115 qu.
1914 3083 1998 3109 cmv,
2023 3078 2079 3103 art.
2105 3082 2141 3109 2,
2167 3072 2205 3102 de
2235 3071 2443 3103 fornicatione

1386 3125 1508 3153 Auctor
1530 3119 1614 3151 dicit.

1440 3164 1561 3201 Tertio,
1574 3164 1726 3205 probatur
1737 3162 1931 3193 auctoritate.
1943 3161 2027 3191 Nam
2038 3160 2070 3190 in
2083 3160 2124 3190 111
2137 3160 2235 3197 Sem„
2247 3158 2318 3189 dist.
2330 3168 2443 3195 mvn,

1385 3220 1438 3251 qu.
1463 3220 1484 3247 1,
1509 3215 1564 3240 art.
1588 3217 1620 3247 4,
1644 3206 1810 3247 distinguit
1830 3208 1953 3237 Auctor
1974 3205 2054 3235 inter
2077 3213 2185 3234 casum
2208 3203 2240 3233 in
2263 3213 2340 3243 quo,
2358 3203 2443 3234 salva

1385 3254 1560 3285 intentione
1574 3252 1662 3292 legis,
1678 3257 1813 3292 possunt
1831 3256 1996 3291 praecepta
2018 3247 2186 3288 praeteriri,
2204 3257 2222 3277 a
2237 3256 2311 3277 casu
2327 3247 2359 3277 in
2375 3257 2442 3288 quo

1385 3299 1434 3329 lex
1457 3308 1475 3328 a
1497 3296 1573 3338 legis
1603 3295 1778 3327 intentione
1808 3294 1995 3329 discederet,
2024 3292 2130 3323 dicens
2161 3291 2250 3332 quod
2276 3291 2309 3321 in
2337 3291 2442 3331 primo

1386 3352 1459 3373 casu
1483 3351 1566 3381 opus
1593 3348 1640 3371 est
1662 3339 1912 3380 dispensatione,
1936 3337 1969 3367 in
1993 3337 2133 3367 secundo
2157 3342 2264 3366 autem
2287 3344 2363 3372 non,
2387 3335 2442 3366 sed

1386 3385 1538 3427 epieikeia
1560 3385 1600 3415 ad
1622 3384 1684 3415 hoc
1707 3382 1837 3424 perficit.

2476 522 2485 531 ·
2509 521 2565 543 Luc.
2586 528 2637 550 cap.
2660 529 2686 551 11,

2475 553 2572 569 vers-21.

2476 575 2486 585 ¹·
2504 574 2572 602 1bid.,
2588 580 2646 596 vers.
2661 581 2686 596 22

2476 606 2528 629 um·

2471 1447 2482 1458 ⁸
2495 1447 2548 1469 Art.
2561 1452 2582 1473 2,
2596 1453 2625 1469 co
2654 1461 2661 1468 .

2471 1474 2492 1484 ‘⁴'
2503 1473 2560 1501 Cap.
2573 1479 2595 1500 x,
2607 1480 2630 1495 n.
2659 1486 2684 1495 .-

2472 1499 2497 1522 S.
2507 1499 2552 1521 ἸἹι.
2570 1500 2620 1522 lect.
2635 1506 2683 1522 xvi.

2472 1841 2483 1851 ⁴
2497 1840 2534 1862 cf.
2547 1845 2611 1862 num.
2622 1847 2638 1863 1.
2665 1868 2668 1872 η

2472 2752 2483 2773 1
2496 2724 2682 2779 Σὲηὸοῖἶάἷὲῗ

2472 2783 2504 2804 vr,
2519 2783 2577 2799 vers.
2593 2783 2615 2805 9,
2630 2783 2662 2799 ιο.
