2860 4244
293 878 309 894 α

197 928 205 935 '
214 925 249 972 th'i.
260 931 297 952 qu.
309 930 356 951 m,
367 924 404 945 1n-

196 956 231 973 ¹1¹0
250 967 255 972 .

194 1962 203 1970 ⁸
210 1961 245 1982 Ps.
254 1967 334 1988 xxxin,
343 1966 403 1982 vers.

193 1994 212 2015 ¹5

194 2020 203 2028 .

205 2044 210 2065 i

213 2003 295 2039 lomb.
307 2024 335 2039 ex
345 2018 401 2040 Cas-

193 2044 242 2066 sod

440 317 509 353 168

1096 313 1361 361 QUAESTIO
1392 313 1566 360 Lxxlx,
1596 314 1893 351 ARTICULUS
1924 314 1936 349 1

863 519 1274 598 QUAESTIO
1313 519 2178 576 SEPTUAGESIMANONA

787 649 870 689 DE
902 647 1200 688 PARTIBUS
1235 647 1420 699 QUASI
1453 647 1902 703 INTEGRAMBUS
1942 648 2247 690 IUSTITIAE

1208 771 1242 796 IN
1272 771 1445 802 QUATUOR
1471 771 1673 796 ARTICULOS
1701 771 1818 796 DlVlSA

515 877 620 902 E1NDE
650 865 969 902 considerandum
1000 873 1054 902 est
1082 866 1128 902 de
1148 865 1317 914 partibus
1343 865 1451 913 quasi
1472 871 1488 887 ‘²

434 877 752 966 Dintegralibus
780 918 939 955 iustitiae
957 917 988 964 ³¹³,
1019 930 1115 967 quae
1142 926 1229 955 sunt
1264 919 1387 955 facere
1421 919 1487 955 bo·

432 984 524 1009 num
554 978 591 1007 et
618 971 803 1008 declinare
832 983 854 1008 a
882 972 996 1019 malo,
1027 979 1063 1008 et
1091 971 1138 1008 de
1164 971 1264 1008 vitiis
1292 971 1487 1020 oppositis.

433 1026 543 1062 Circa
571 1025 675 1073 quod
703 1032 936 1074 quaeruntur
963 1032 1138 1072 quatuor.
1336 1074 1340 1076 v

484 1078 633 1114 Primo:
669 1086 798 1115 utrum
834 1078 911 1114 duo
943 1077 1136 1126 praedicta
1171 1078 1242 1114 sint
1277 1085 1402 1126 partes
1435 1077 1489 1113 iu—

538 1138 669 1167 stitlae.

1596 865 1794 902 Secundo:
1824 873 1951 902 utrum
1979 866 2226 917 transgressio
2255 866 2302 903 sit
2329 866 2490 915 speciale
2518 877 2606 916 pec-

1650 938 1787 968 catum.

1596 998 1747 1035 Tertio:
1782 1005 1910 1034 utrum
1938 997 2095 1034 omissio
2124 997 2171 1034 sit
2198 998 2359 1046 speciale
2390 1005 2603 1047 peccatum.

1597 1063 1762 1110 Quarto:
1794 1063 1840 1100 de
1861 1062 2146 1112 comparatione
2167 1062 2382 1100 omissionis
2410 1063 2460 1100 ad
2486 1071 2606 1102 trans-

1649 1129 1898 1177 gressionem.

1238 1247 1555 1290 ARTICULUS
1587 1247 1791 1289 PRIMUS
1978 1303 1980 1305 Ι

703 1349 857 1380 UTRUM
881 1348 1127 1379 DECLINARE
1151 1351 1180 1378 A
1203 1347 1325 1378 MALo
1349 1348 1407 1378 ET
1431 1347 1602 1378 FACERE
1625 1347 1779 1378 BONUM
1802 1348 1899 1378 smT
1922 1349 2088 1380 PARTES
2112 1349 2328 1380 IUSTITIAE

1337 1435 1367 1460 In
1387 1435 1486 1460 Psalm.
1505 1442 1590 1464 xxxxii.
1608 1442 1692 1460 xxxvt.

457 1546 479 1590 2⁴
516 1550 520 1562 ι
564 1554 615 1592 ‘³55
640 1545 662 1570 o
691 1544 828 1570 PRlMUM
856 1545 909 1570 sm
929 1544 1168 1570 PROCEDITUR.
1194 1533 1354 1570 Videtur
1382 1532 1488 1581 quod

456 1563 611 1644 ,ἔξᾈὲρ
641 1586 828 1623 declinare
853 1598 875 1623 a
894 1587 996 1623 malo
1027 1594 1063 1623 et
1089 1586 1212 1623 facere
1241 1587 1387 1622 bonum
1410 1598 1488 1623 non

447 1636 484 1684 ’,γ’
507 1653 567 1681 *⁷⁴
582 1628 610 1680 ‘¹6
624 1634 629 1639 ”
641 1640 713 1677 sint
730 1647 856 1688 partes
875 1639 1046 1677 iustitiae.
1075 1639 1138 1676 Ad
1157 1639 1367 1687 quamlibet
1386 1639 1488 1676 enim

448 1683 462 1695 ”
484 1665 583 1730 (ἒ)
599 1681 818 1730 virtutem
853 1693 1015 1741 pertinet
1049 1692 1173 1729 facere
1207 1693 1356 1729 bonum
1389 1705 1487 1741 opus

431 1753 467 1781 et
494 1744 614 1781 vitare
642 1746 799 1783 malum.
838 1746 915 1783 Sed
947 1754 1071 1795 partes
1104 1757 1183 1782 non
1216 1745 1402 1782 excedunt
1434 1752 1489 1782 to-

429 1806 522 1834 tum.
545 1798 646 1846 Ergo
668 1799 855 1836 declinare
875 1811 897 1836 a
917 1800 1018 1836 malo
1040 1806 1076 1835 et
1097 1798 1220 1835 facere
1244 1799 1390 1836 bonum
1410 1810 1488 1835 non

431 1851 571 1887 debent
598 1852 690 1899 poni
716 1860 842 1900 partes
871 1852 1049 1898 iustitiae,
1079 1863 1177 1899 quae
1208 1859 1263 1888 est
1297 1852 1487 1900 quaedam

429 1904 549 1940 virtus
577 1905 760 1952 specialis.

485 1968 519 1993 2.
541 1958 772 2005 PRAETEREA,
794 1969 908 2006 super
935 1957 1026 1994 illud
1055 1957 1195 1993 Psalm.
1216 1956 1252 2003 *,
1282 1957 1437 1993 Diverte
1464 1969 1487 1994 a

430 2009 530 2045 malo
563 2015 598 2046 et
624 2012 692 2057 fac
723 2013 881 2055 honum,
917 2010 1005 2046 dicit
1033 2010 1170 2046 Glossa
1192 2009 1228 2045 *ε
1265 2009 1368 2046 Illud
1397 2010 1491 2046 vitat

429 2062 598 2110 culpam,
628 2064 767 2100 scilicet
799 2063 984 2100 divertere
1017 2075 1039 2099 a
1067 2063 1191 2108 malo3
1226 2063 1297 2099 hoc
1324 2068 1489 2099 meretur

428 2115 543 2151 vitam
578 2121 614 2151 et
639 2117 833 2165 palmam,
870 2115 1010 2152 scilicet
1046 2116 1170 2153 facere
1211 2115 1370 2152 bonum.
1410 2116 1487 2153 Sed

429 2167 616 2216 quaelibet
643 2182 730 2218 pars
749 2169 895 2206 virtutis
915 2177 1081 2206 meretur
1099 2169 1219 2207 vitam
1242 2176 1278 2205 et
1305 2169 1486 2217 palmam.

428 2221 530 2268 Ergo
559 2221 747 2260 declinare
776 2235 798 2259 a
822 2222 924 2259 malo
953 2234 1032 2259 non
1062 2230 1116 2259 est
1143 2233 1231 2270 pars
1260 2221 1433 2258 iustitiae.

483 2275 517 2311 3.
538 2275 769 2322 PRAETEREA,
791 2287 1058 2324 quaecumque
1079 2275 1128 2312 ita
1148 2287 1188 2311 se
1211 2274 1355 2311 habent
1382 2274 1488 2322 quod

427 2339 548 2363 unum
576 2327 779 2366 includitur
797 2329 835 2365 in
855 2328 941 2376 ali0,
971 2341 1048 2365 non
1069 2328 1348 2375 distinguuntur
1367 2328 1415 2364 ab
1434 2327 1488 2364 in-

427 2379 554 2416 vicem
583 2381 677 2418 sicut
703 2389 828 2431 partes
853 2381 1008 2419 alicuius
1037 2382 1162 2419 totius.
1194 2381 1270 2418 Sed
1299 2381 1487 2418 declinare

429 2445 451 2470 a
470 2433 572 2469 malo
596 2434 797 2472 includitur
814 2435 853 2472 in
872 2436 946 2472 hoc
974 2435 1079 2484 quod
1100 2441 1156 2472 est
1175 2435 1298 2471 facere
1318 2435 1485 2471 bonum:

429 2486 553 2523 nullus
578 2487 678 2524 enim
704 2488 815 2525 simul
843 2488 930 2525 facit
957 2489 1102 2525 malum
1132 2494 1168 2524 et
1195 2487 1353 2524 bonum.
1383 2488 1486 2534 Ergo

430 2539 615 2576 declinare
637 2553 658 2577 a
673 2541 774 2578 malo
795 2549 831 2578 et
850 2541 972 2578 facere
992 2542 1139 2578 bonum
1159 2552 1238 2577 non
1257 2548 1344 2577 sunt
1362 2548 1487 2588 partes

428 2592 600 2630 iustitiae.

485 2646 557 2682 SED
587 2657 731 2683 CONTRA
759 2658 824 2683 Esr
856 2646 960 2695 quod
987 2646 1232 2694 Augustinus,
1254 2645 1292 2682 in
1320 2645 1414 2682 libro
1443 2646 1489 2682 de

436 2699 601 2747 Corrept.
630 2704 666 2735 et
696 2699 799 2736 Grat.
819 2699 850 2746 ³¹⁶,
871 2699 978 2748 ponit
1001 2700 1050 2736 ad
1078 2698 1257 2736 iustitiam
1285 2698 1375 2746 legis
1402 2711 1488 2747 per-

430 2752 547 2789 tinere
574 2751 763 2789 declinare
789 2765 813 2789 a
841 2753 941 2790 malo
969 2758 1006 2789 et
1019 2754 1158 2801 facere
1185 2753 1336 2789 bonum.

485 2806 708 2842 RESPONDEO
723 2817 906 2843 DICENDUM
921 2806 1027 2854 quod
1046 2805 1076 2842 si
1097 2807 1298 2854 loquamur
1320 2804 1367 2841 de
1382 2804 1487 2841 bono

432 2865 468 2894 et
488 2858 588 2894 malo
614 2858 650 2894 in
672 2859 882 2905 communi,
905 2859 1027 2896 facere
1047 2860 1193 2896 bonum
1214 2865 1251 2894 et
1268 2857 1387 2894 vitare
1408 2869 1488 2894 ma-

431 2911 509 2947 lum
538 2911 698 2959 pertinet
725 2911 773 2948 ad
802 2924 959 2949 omnem
977 2912 1169 2949 virtutem.
1201 2911 1250 2947 Et
1277 2910 1488 2948 secundum

431 2964 505 3000 hoc
524 2976 602 3001 non
617 2971 775 3012 possunt
793 2965 886 3013 poni
904 2972 1028 3013 partes
1048 2965 1218 3011 iustitiae,
1235 2963 1305 3001 nisi
1325 2964 1420 3000 forte
1434 2963 1488 3000 iu-

338 3026 404 3047 Lv¹¹⁷
432 3016 528 3052 stitia
544 3016 748 3064 accipiatur
766 3026 880 3065 prout
900 3026 954 3054 est
973 3018 1093 3055 omnis
1107 3019 1224 3055 virtus
1237 3016 1268 3053 ³¹⁸.
1299 3017 1488 3063 Quamvis

433 3068 545 3105 etiam
573 3068 708 3105 iustitia
735 3069 809 3105 hoc
837 3071 956 3107 modo
986 3079 1140 3118 accepta
1169 3069 1342 3118 respiciat
1370 3082 1488 3117 quan-

434 3121 522 3157 dam
537 3121 722 3157 rationem
733 3122 824 3158 boni
840 3123 1058 3171 specialem:
1075 3131 1188 3172 prout
1202 3122 1340 3160 scilicet
1354 3130 1410 3159 est
1425 3122 1488 3159 de-

432 3173 550 3210 bitum
571 3174 609 3209 in
630 3173 761 3210 ordine
781 3174 829 3210 ad
849 3176 971 3223 legem
991 3175 1160 3213 divinam
1178 3177 1240 3212 vel
1263 3176 1487 3213 humanam.

487 3225 563 3263 Sed
590 3226 727 3263 iustitia
755 3228 966 3264 secundum
995 3229 1098 3275 quod
1128 3234 1183 3265 est
1217 3227 1389 3276 specialis
1415 3227 1489 3264 vir-

432 3286 508 3325 tus,
539 3279 688 3327 respicit
715 3279 862 3316 bonum
899 3281 968 3317 sub
1002 3280 1145 3317 ratione
1182 3279 1296 3316 debiti
1324 3280 1374 3316 ad
1401 3292 1488 3328 pro-

433 3332 589 3368 ximum.
619 3333 668 3368 Et
689 3332 900 3369 secundum
925 3334 998 3369 hoc
1018 3333 1067 3370 ad
1086 3332 1263 3369 iustitiam
1284 3332 1488 3381 specialem

433 3385 592 3433 pertinet
618 3385 741 3421 facere
761 3386 908 3422 bonum
936 3386 1007 3422 sub
1032 3386 1174 3422 ratione
1195 3384 1307 3422 debiti
1327 3384 1365 3421 in
1386 3397 1489 3422 com-

433 3437 626 3485 paratione
656 3437 703 3474 ad
732 3439 961 3486 proximum,
992 3446 1027 3475 et
1053 3438 1172 3475 vitare
1202 3438 1344 3475 malum
1369 3449 1489 3486 oppo-

487 3568 513 3599 α)
533 3567 616 3599 quasi.
629 3580 648 3586 —-
667 3568 728 3593 Om.
747 3568 896 3593 PDEl-llxa.

487 3603 511 3635 ῤ)
530 3610 694 3628 conservare.
708 3617 726 3622 -
745 3603 770 3628 in
791 3603 831 3628 his
850 3610 917 3635 quae
935 3607 997 3628 sunt
1015 3603 1051 3628 ad
1069 3604 1183 3628 alterum
1204 3604 1300 3628 addunt
1319 3604 1365 3629 Pa.

1542 1532 1675 1579 situm,
1705 1532 1845 1569 scilicet
1879 1532 1984 1581 quod
2019 1539 2076 1569 est
2103 1532 2285 1570 nocivum
2313 1530 2508 1582 proximo.
2545 1535 2609 1572 Ad

1541 1585 1722 1623 iustitiam
1744 1598 1839 1623 vero
1867 1586 2085 1633 generalem
2113 1586 2275 1634 pertinet
2303 1585 2428 1624 faeere
2456 1587 2604 1625 bonum

1543 1638 1714 1676 debitum
1756 1638 1795 1676 in
1837 1638 1969 1676 ordine
2011 1639 2061 1676 ad
2103 1638 2418 1677 communitatem
2454 1641 2518 1678 vel
2556 1640 2606 1681 ad

1542 1693 1683 1738 Deum,
1708 1698 1744 1728 et
1770 1691 1889 1728 vitare
1918 1692 2063 1729 malum
2092 1691 2326 1741 oppositum.

1595 1744 1782 1782 Dicuntur
1807 1751 1935 1781 autem
1964 1745 2060 1782 haec
2096 1745 2184 1782 duo·
2201 1753 2327 1794 partes
2355 1745 2517 1784 iustitiae
2545 1758 2609 1795 ge-

1542 1798 1679 1834 neralis
1698 1798 1761 1834 vel
1780 1797 1951 1846 specialis
1971 1797 2079 1846 quasi
2107 1798 2323 1846 integrales:
2353 1799 2442 1847 quia
2461 1807 2608 1837 utrum—

1542 1863 1615 1899 que
1632 1862 1768 1887 eorum
1783 1850 1984 1899 requiritur
2003 1852 2050 1888 ad
2065 1851 2276 1899 perfectum
2292 1859 2419 1889 actum
2435 1852 2606 1890 iustitiae.

1542 1903 1603 1940 Ad
1634 1903 1810 1940 iustitiam
1845 1903 1946 1940 enim
1981 1903 2144 1952 pertinet
2175 1905 2442 1954 aequalitatem
2472 1905 2609 1943 consti-

1542 1964 1647 1993 tuere
1666 1956 1705 1993 in
1723 1956 1782 1993 his
1811 1968 1908 2005 quae
1929 1964 2016 1994 sunt
2044 1957 2094 1994 ad
2112 1957 2286 2005 alterum,
2309 1965 2352 1995 ut
2370 1970 2417 1995 ex
2435 1957 2607 2008 supradi-

1543 2009 1609 2046 ctis
1630 2009 1649 2031 '¹‘
1676 2017 1791 2058 patet.
1821 2009 2006 2046 Eiusdem
2040 2017 2169 2047 autem
2199 2018 2254 2047 est
2291 2010 2434 2060 aliquid
2471 2011 2608 2050 eonsti-

1541 2070 1658 2109 tuere,
1681 2070 1717 2099 et
1744 2062 1988 2108 constitutum
2018 2075 2246 2100 conservare
2261 2061 2287 2100 ¹³.
2314 2063 2517 2101 Constituit
2544 2076 2609 2102 au—

1541 2123 1618 2152 tem
1635 2115 1767 2164 aliquis
1783 2115 2049 2164 aequalitatem
2068 2115 2229 2153 iustitiae
2249 2116 2423 2154 faciendo
2446 2117 2607 2166 bonum,

1540 2168 1638 2205 idest
1656 2168 1853 2206 reddendo
1882 2169 1987 2206 alteri
2007 2169 2113 2217 quod
2133 2168 2166 2206 ei
2192 2169 2361 2207 debetur.
2395 2169 2610 2209 Conservat

1541 2229 1671 2258 autem
1699 2221 1966 2270 aequalitatem
1995 2221 2155 2259 iustitiae
2183 2222 2261 2259 iam
2288 2222 2514 2261 constitutae
2542 2223 2607 2265 de-

1542 2274 1717 2312 clinando
1739 2287 1761 2311 a
1789 2275 1911 2322 malo,
1941 2275 2037 2312 idest
2057 2276 2203 2313 nullum
2224 2283 2500 2315 nocumentum
2518 2288 2608 2326 pro·

1540 2328 1645 2364 ximo
1674 2327 1884 2365 inferendo.

1593 2382 1652 2418 An
1672 2392 1809 2417 PRIMUM
1830 2391 1928 2417 ERGO
1951 2392 2136 2418 DiCENDUM
2163 2381 2269 2430 quod
2298 2381 2446 2419 bonum
2471 2389 2508 2418 et
2526 2392 2607 2420 ma—

1540 2434 1619 2470 lurn
1647 2433 1709 2470 hic
1729 2433 1964 2482 accipiuntur
1992 2434 2062 2471 sub
2082 2434 2251 2483 quadam
2271 2433 2425 2483 speciali
2445 2434 2604 2483 ratione,

1541 2498 1608 2535 per
1639 2499 1756 2535 quam
1791 2486 2083 2535 appropriantur
2110 2487 2284 2524 iustitiae.
2320 2487 2412 2524 Ideo
2441 2495 2570 2525 autem
2590 2493 2605 2517 Υ

1540 2540 1635 2576 haec
1655 2540 1732 2577 duo
1760 2547 1956 2587 ponuntur
1982 2547 2109 2588 partes
2127 2539 2288 2577 iustitiae
2308 2539 2522 2578 secundum
2542 2541 2606 2579 ali-

1541 2604 1657 2640 quam
1685 2592 1881 2641 propriam
1910 2592 2096 2630 rationem
2124 2593 2217 2630 boni
2245 2600 2281 2629 et
2308 2592 2410 2641 mali,
2441 2605 2520 2631 non
2539 2605 2605 2631 au-

1539 2653 1618 2682 tem
1647 2644 1798 2682 alterius
1826 2645 1983 2682 alicuius
2010 2645 2158 2683 virtutis
2187 2646 2362 2693 moralis,
2392 2646 2482 2694 quia
2509 2647 2605 2684 aliae

1540 2697 1697 2736 virtutes
1731 2699 1896 2735 morales
1932 2698 2142 2736 consistunt
2179 2699 2277 2736 circa
2311 2699 2531 2748 passiones,
2566 2699 2606 2738 in

1542 2751 1679 2800 quibus
1699 2751 1846 2788 bonum
1865 2751 1989 2789 facere
2010 2760 2064 2789 est
2082 2751 2210 2789 venire
2231 2752 2279 2789 ad
2299 2752 2483 2801 medium,
2500 2751 2606 2802 quod

1541 2813 1597 2841 est
1626 2804 1815 2842 declinare
1843 2805 1892 2842 ab
1931 2805 2107 2843 extremis
2139 2805 2248 2854 quasi
2276 2818 2298 2842 a
2326 2805 2457 2843 malis:
2487 2813 2525 2844 et
2552 2805 2606 2844 sic

1540 2858 1579 2894 in
1607 2857 1711 2894 idem
1739 2857 1847 2904 redit,
1877 2866 2062 2907 quantum
2092 2859 2141 2896 ad
2169 2858 2261 2895 alias
2282 2858 2452 2906 virtutes,
2481 2859 2605 2897 facere

1540 2911 1688 2948 bonum
1717 2918 1753 2947 et
1781 2911 1970 2948 declinare
1990 2923 2012 2948 a
2031 2912 2147 2949 malo.
2179 2911 2255 2949 Sed
2276 2911 2415 2949 iustitia
2435 2912 2606 2950 consistit

1541 2963 1639 3001 circa
1658 2964 1899 3012 operationes
1920 2972 1956 3002 et
1974 2976 2034 3001 res
2054 2965 2270 3012 exteriores,
2286 2965 2325 3002 in
2345 2965 2483 3014 quibus
2502 2964 2604 3004 aliud

1542 3024 1596 3054 est
1625 3017 1748 3054 facere
1772 3017 2050 3066 aequalitatem,
2081 3026 2117 3055 et
2145 3017 2248 3056 aliud
2277 3026 2333 3055 est
2359 3018 2498 3056 factam
2525 3029 2605 3056 non

1542 3082 1800 3119 corrumpere.

1594 3125 1653 3159 AD
1672 3135 1863 3160 SECUNDUM
1882 3134 2066 3160 mcENDUM
2089 3123 2195 3172 quod
2218 3123 2409 3161 declinare
2437 3136 2460 3161 a
2486 3124 2602 3172 malo,

1541 3175 1753 3212 secundum
1781 3175 1886 3224 quod
1918 3175 2072 3224 ponitur
2099 3188 2186 3225 pars
2214 3176 2397 3225 iustitiae,
2426 3188 2506 3214 non
2532 3176 2604 3214 im-

1541 3235 1666 3276 portat
1693 3227 1935 3275 negationem
1964 3240 2120 3277 puram,
2150 3230 2254 3278 quod
2285 3237 2340 3266 est
2372 3241 2451 3267 non
2478 3229 2604 3267 facere

1542 3281 1705 3317 malum:
1735 3281 1810 3317 hoc
1829 3280 1930 3317 enim
1950 3293 2028 3318 non
2048 3289 2215 3319 meretur
2232 3282 2416 3331 palmam,
2445 3281 2514 3320 sed
2541 3294 2603 3320 so—

1541 3333 1620 3369 lum
1648 3332 1740 3370 vitat
1766 3345 1946 3381 poenam.
1986 3335 2170 3383 Importat
2198 3343 2325 3373 autem
2355 3342 2504 3373 motum
2532 3346 2602 3372 vo-

1515 3418 1516 3432 ,
1542 3385 1692 3422 luntatis
1720 3385 1951 3434 repudiantis
1972 3388 2128 3431 malum,
2158 3395 2198 3425 ut
2226 3388 2352 3437 ipsum
2370 3399 2514 3425 nomen
2541 3388 2603 3425 de-

1541 3438 1749 3475 clinationis
1769 3439 1943 3476 ostendit.
1973 3441 2022 3477 Et
2040 3441 2114 3478 hoc
2134 3449 2190 3479 est
2209 3440 2466 3478 meritorium:
2495 3452 2603 3489 prae-

1591 3570 1617 3602 γ)
1638 3569 1700 3594 Ideo
1725 3573 1822 3595 autem.
1840 3584 1858 3589 —
1883 3571 1944 3596 Ideo
1963 3574 2051 3596 tamen
2071 3575 2097 3596 et
2115 3571 2280 3601 ABCEFKL,
2301 3571 2364 3596 Ideo
2382 3578 2442 3596 cum
2461 3575 2487 3596 et
2505 3571 2524 3603 1,
2540 3571 2602 3597 Ideo

1540 3608 1627 3629 tamen
1647 3605 1718 3637 quod
1737 3606 1768 3635 H,
1790 3605 1851 3630 Ideo
1870 3610 1958 3631 autem
1978 3610 2004 3631 et
2023 3607 2054 3637 D,
2075 3607 2136 3632 Ideo
2156 3609 2182 3632 et
2200 3614 2235 3639 px
2255 3612 2279 3631 et
2297 3614 2327 3635 a,
2349 3607 2411 3632 Ideo
2430 3610 2519 3632 tamen
2538 3607 2602 3632 Psx.

2635 2018 2645 2029 ⁸
2652 2018 2700 2046 Qu.
2707 2025 2770 2047 tvm,
2775 2023 2817 2042 art.
2825 2026 2845 2042 2.

2734 2072 2750 2107 β

2852 3939 2860 3947 .’
2847 3552 2860 3926 -ᾉιϊ--ε--ω-ιψυ
2852 3528 2860 3545 a...
2854 3417 2860 3517 -—-.=1..

2848 4198 2860 4244 mx
2848 4144 2860 4187 “ιτ-«·,
