2860 4244
124 855 135 865 ⁸
150 853 185 875 Cs.
202 860 240 881 qu.
256 859 299 874 va
311 859 319 874 1

125 879 211 902 Introd.

128 1481 193 1502 ἰὼ.
204 1481 335 1508 1.qu.xxv1.

128 1519 137 1522 -
142 1507 177 1528 Cf.
185 1507 250 1528 Com.
256 1506 335 1528 Faust-

128 1534 167 1554 lib.
191 1533 268 1558 XXII.
285 1539 334 1560 cap.

144 1567 172 1580 xx
185 1566 199 1580 ιι
224 1565 292 1580 xxxiv

129 1804 138 1813 ⁸
152 1802 219 1824 Vers.
235 1809 262 1831 ¹3·

131 2337 139 2345 ⁴
150 2335 205 2356 Can.
213 2334 337 2381 ,Qui-{quiz

131 2368 192 2383 caus.
204 2361 222 2382 λ
236 2367 290 2392 ,qu2
299 2366 338 2386 ¹¹¹3

131 2387 339 2436 ἓῖΡαἿ-,ῖῖἥὲέῗὲῗε

132 2440 168 2461 Ct'.
186 2440 267 2461 Isidor.
281 2439 339 2460 Sen-

133 2469 187 2488 tenl.
196 2467 235 2487 lib.
245 2466 283 2492 111,
290 2471 339 2493 cap.

132 2499 167 2514 ιγ.

372 251 441 287 116

1054 247 1320 293 QUAESTIO
1350 247 1472 292 LXX,
1503 247 1797 284 ARTICULUS
1827 248 1839 283 Ι

899 443 1314 522 QUAESTIO
1352 443 1994 500 SEPTUAGESIMA

656 565 739 604 DE
772 563 1094 604 INIUSTITIA
1128 561 1511 602 PERTINENTE
1544 561 1630 600 AD
1663 561 1995 602 PERSONAM
2028 561 2237 603 TESTIS

1143 677 1178 702 ΙΝ
1207 676 1381 707 QUATUOR
1407 675 1609 701 ARTICULOS
1637 675 1752 700 DIVISA

446 794 550 818 E1NDE
589 779 909 817 considerandum
945 787 999 816 est
1037 779 1083 816 de
1125 779 1301 816 iniustitia
1338 780 1447 831 per-{

365 795 441 877 D
445 849 585 885 tinente
615 837 662 884 ad
690 858 897 895 personam
925 846 1028 883 testis
1048 847 1079 882 *.
1446 841 1447 844 ’

363 915 411 951 Et
440 914 538 950 circa
566 914 640 950 hoc
669 918 903 960 quaeruntur
931 919 1105 960 quatuor.
1446 957 1448 962 y

416 980 565 1016 Primo:
594 986 722 1015 utrum
751 979 871 1014 homo
896 985 1069 1014 teneatur
1089 977 1138 1014 ad
1162 977 1421 1014 testimonium
1446 975 1448 1011 i

1446 1020 1448 1059 l

470 1045 682 1097 fere-ndum.
1446 1063 1447 1081 ι

1530 777 1726 866 Ξεευέἰάφε
1745 785 1870 814 utrum
1887 778 2052 815 duorum
2067 779 2130 816 vel
2142 779 2258 817 trium
2273 778 2534 816 testimonium

1582 843 1625 867 su
1672 837 1754 866 ciat.

1528 883 1681 920 Tertio:
1711 891 1837 919 utrum
1867 882 2024 919 alicuius
2052 883 2312 921 testimonium
2333 885 2537 933 repellatur

1583 937 1726 984 absque
1757 935 1836 972 eius
1866 936 1989 983 culpa.

1530 989 1697 1035 Quarto:
1727 995 1854 1024 utrum
1882 988 2082 1036 perhibere
2110 988 2246 1024 falsum
2275 988 2534 1026 testimonium

1582 1041 1627 1078 sit
1654 1048 1854 1089 peccatum
1885 1041 2057 1077 mortale.

1172 1142 1489 1185 ARTICULUS
1520 1142 1726 1184 PRIMUS

830 1236 985 1266 UTRUM
1010 1234 1139 1266 HOMO
1165 1233 1403 1264 TENEATUR
1426 1233 1483 1263 AD
1508 1232 1812 1263 TESTIMONIUM
1835 1232 2073 1287 FERENDUM

397 1344 456 1369 t
479 1364 483 1372 ,
510 1352 517 1359 ,Ι
575 1336 597 1360 D
617 1335 754 1360 PR1MUM
773 1334 826 1359 sic
855 1333 1094 1358 PROOEDrrUR.
1132 1320 1290 1357 Videtur
1318 1321 1422 1369 quod
1448 1319 1450 1334 ⁸

388 1367 542 1437 js&
574 1377 692 1412 homo
740 1387 818 1412 non
858 1381 1031 1411 teneatur
1077 1374 1126 1410 ad
1162 1338 1450 1418 testimonium]

379 1414 785 1473 Mserendum.
824 1427 925 1463 Dicit
964 1427 1066 1463 enim
1100 1426 1355 1474 Augustinus,
1384 1426 1423 1463 in

383 1476 393 1485 ”
416 1458 508 1511 ’ξέ59
529 1474 561 1516 N
578 1482 727 1523 Quaest.
761 1481 853 1517 Gen.
869 1479 900 1526 ²¹³,
931 1479 1038 1528 quod
1065 1479 1262 1527 Abraham
1292 1479 1422 1517 dicens

365 1535 410 1571 de
446 1546 562 1570 uxore
593 1546 673 1581 sua,
710 1534 830 1570 Soror
857 1544 941 1569 mea
969 1538 1037 1578 est,
1073 1530 1273 1569 veritatem
1311 1533 1422 1570 celari

363 1586 495 1633 voluit,
524 1599 603 1623 non
631 1587 876 1623 mendacium
905 1585 989 1623 dici.
1028 1585 1106 1622 Sed
1133 1585 1333 1622 veritatem
1363 1598 1422 1622 ce-

363 1640 478 1677 lando
508 1639 641 1688 aliquis
669 1651 692 1676 a
709 1638 948 1676 testificando
969 1643 986 1659 ‘²
1015 1638 1186 1674 abstinet.
1217 1639 1318 1686 Ergo
1344 1650 1422 1675 non

364 1700 512 1730 tenetur
540 1692 672 1741 aliquis
701 1692 749 1729 ad
778 1691 1072 1729 testificandum.

419 1757 453 1782 2.
466 1746 699 1792 PRAETEREA,
716 1745 840 1782 nullus
859 1751 1007 1781 tenetur
1027 1743 1283 1780 fraudulenter
1297 1755 1421 1791 agere.

366 1798 442 1835 Sed
461 1799 577 1835 Prov.
598 1811 632 1835 xl
656 1799 675 1820 *
699 1798 853 1835 dicitur:
887 1797 961 1839 Qui
977 1797 1146 1833 ambulat
1154 1797 1424 1845 fraudulenter
1448 1812 1450 1817 >

364 1852 506 1888 revelat
531 1863 697 1888 arcana:
725 1852 791 1899 qui
816 1856 940 1887 autem
958 1850 1087 1897 fidelis
1114 1855 1167 1886 est
1189 1849 1285 1886 celat
1310 1850 1425 1886 amici
1448 1846 1450 1854 '

364 1905 615 1941 commissum.
646 1905 747 1951 Ergo
776 1916 855 1940 non
883 1911 1030 1940 tenetur
1055 1903 1175 1939 homo
1203 1914 1355 1951 semper
1373 1903 1422 1939 ad
1448 1903 1451 1948 ξ

364 1957 666 1994 testificandum:
707 1956 929 2005 praesertim
968 1967 1082 2004 super
1115 1954 1173 1991 his
1201 1967 1300 2004 quae
1337 1963 1424 1992 sunt

365 2011 435 2047 sibi
462 2010 500 2046 in
530 2017 674 2046 secreto
705 2011 752 2046 ab
782 2009 906 2046 amico
937 2008 1155 2046 commissa.

419 2064 453 2100 3.
474 2064 708 2109 PRAETEREA,
739 2063 787 2100 ad
817 2075 861 2099 ea
881 2074 979 2111 quae
1008 2069 1095 2099 sunt
1124 2061 1172 2098 de
1200 2060 1423 2098 necessitate

365 2116 491 2153 salutis
512 2116 678 2153 maxime
698 2123 873 2153 tenentur
890 2114 1013 2152 clerici
1033 2122 1068 2151 et
1087 2114 1315 2151 sacerdotes.
1347 2114 1424 2151 Sed

365 2169 505 2205 clericis
535 2177 569 2206 et
598 2169 858 2206 sacerdotibus
886 2168 1109 2217 prohibetur
1137 2168 1233 2204 ferre
1257 2166 1425 2203 testimo·
1450 2188 1452 2203 ι

365 2222 470 2258 nium
508 2222 545 2259 in
581 2234 694 2258 causa
731 2221 934 2269 sanguinis.
980 2222 1081 2267 Ergo
1123 2220 1313 2257 testificari
1347 2232 1425 2256 non

367 2283 420 2311 est
449 2275 496 2311 de
525 2275 745 2311 necessitate
775 2275 913 2312 salutis.

420 2328 493 2364 SED
523 2339 667 2364 CONTRA
695 2340 760 2364 EST
787 2328 892 2375 quod
920 2325 1186 2374 Augustinus*
1215 2325 1322 2363 dicit:
1354 2326 1428 2367 Qui

366 2381 558 2417 veritatem
583 2381 752 2426 occultat,
774 2387 809 2417 et
827 2382 892 2429 qui
908 2380 1038 2428 prodit
1060 2379 1308 2424 mendacium,
1330 2384 1426 2415 uter-

367 2445 438 2481 que
457 2445 542 2470 reus
561 2439 630 2470 est:
656 2434 717 2469 ille
736 2434 823 2481 quia
837 2434 1016 2482 prodesse
1035 2445 1108 2469 non
1130 2431 1223 2477 vult,
1253 2433 1318 2468 iste
1337 2432 1425 2479 quia
1452 2430 1453 2441 ²

369 2498 504 2523 nocere
530 2487 724 2523 desiderat.

423 2540 647 2575 RESPONDEO
685 2551 868 2576 DICENDUM
902 2538 1007 2587 quod
1044 2537 1082 2573 in
1119 2536 1337 2573 testimonio
1375 2534 1454 2583 fe-}

370 2593 489 2629 rendo
517 2592 823 2639 distinguendum
845 2599 910 2628 est.
942 2590 1042 2637 Quia
1070 2589 1275 2637 aliquando
1305 2589 1427 2638 requi-
1452 2593 1454 2613 ³

371 2645 461 2682 ritur
479 2645 737 2682 testimonium
767 2644 943 2681 alicuius:
974 2642 1178 2690 aliquando
1203 2654 1281 2679 non
1305 2641 1428 2690 requi·
1453 2645 1455 2683 ῑ

372 2698 472 2734 ritur.
516 2698 555 2734 Si
585 2697 785 2745 requiritur
813 2697 1072 2734 testimonium
1108 2695 1264 2731 alicuius
1292 2694 1430 2731 subditi
1454 2721 1456 2740 ἰ

372 2750 590 2788 auctoritate
611 2750 815 2799 superioris
840 2751 898 2786 cui
918 2750 954 2787 in
975 2749 1032 2786 his
1053 2761 1151 2796 quae
1176 2749 1222 2784 ad
1251 2747 1428 2784 iustitiam

371 2804 558 2852 pertinent
585 2803 740 2840 obedire
768 2811 932 2849 tenetur,
962 2815 1039 2839 non
1069 2809 1123 2838 est
1151 2801 1310 2837 dubium
1339 2800 1430 2849 quin

371 2864 543 2893 teneatur
561 2856 821 2893 testimonium
842 2856 938 2892 ferre
958 2856 995 2892 in
1015 2855 1072 2891 his
1092 2855 1129 2891 in
1145 2853 1282 2902 quibus
1298 2865 1431 2890 secun-

373 2909 466 2947 dum
500 2909 671 2946 ordinem
701 2909 788 2946 iuris
817 2908 1075 2946 testimonium
1104 2908 1152 2944 ab
1178 2919 1224 2943 eo
1255 2906 1431 2954 exigitur:

373 2970 464 3010 puta
500 2962 537 2998 in
565 2962 792 3009 manifestis,
823 2970 858 2998 et
886 2962 923 2998 in
951 2962 1007 2998 his
1037 2961 1083 2997 de
1111 2960 1249 3009 quibus
1277 2959 1432 2996 infamia

374 3015 588 3063 praecessit.
619 3015 658 3051 Si
688 3022 813 3051 autem
842 3015 1008 3062 exigatur
1028 3014 1075 3050 ab
1097 3025 1142 3049 eo
1171 3012 1431 3050 testimonium
1457 3026 1458 3048 ι

375 3067 413 3104 in
433 3067 524 3113 aliis,
545 3074 635 3115 puta
655 3067 693 3103 in
713 3067 867 3104 occultis
889 3075 923 3103 et
943 3067 990 3103 de
1010 3067 1146 3114 quibus
1176 3066 1331 3102 infamia
1354 3077 1431 3102 non

376 3119 593 3168 praecessit,
623 3131 701 3156 non
729 3127 876 3156 tenetur
905 3119 953 3156 ad
980 3119 1272 3156 testificandum.

431 3172 470 3208 Si
488 3185 581 3209 vero
603 3172 814 3219 requiratur
830 3172 908 3208 eius
928 3171 1188 3208 testimonium
1208 3183 1287 3207 non
1306 3177 1434 3206 aucto·
1459 3189 1460 3197 ι

378 3225 481 3262 ritate
511 3225 714 3273 superioris
739 3225 798 3261 cui
827 3225 983 3261 obedire
1011 3231 1170 3269 tenetur,
1200 3231 1289 3259 tunc
1309 3222 1435 3258 distin·
1459 3218 1461 3246 ἕ

378 3278 572 3324 guendum
603 3285 668 3314 est.
700 3277 800 3324 Quia
820 3277 849 3313 si
869 3277 1129 3314 testimonium
1158 3275 1369 3323 requiratur
1387 3274 1435 3311 ad

379 3330 617 3367 liberandum
653 3330 850 3367 hominem
878 3330 941 3367 vel
969 3331 1016 3366 ab
1046 3329 1183 3366 iniusta
1217 3335 1339 3365 morte
1369 3339 1436 3363 seu
1460 3328 1462 3335 ⁸

380 3395 504 3431 poena
524 3395 778 3432 quacumque,
799 3383 860 3419 vel
887 3395 909 3419 a
929 3383 1021 3418 falsa
1046 3381 1212 3427 infamia,
1233 3381 1294 3417 vel
1322 3379 1435 3416 etiam
1461 3404 1462 3407 =

381 3436 428 3472 ab
458 3436 587 3483 iniquo
610 3436 763 3482 damno,
792 3444 882 3472 tunc
908 3442 1056 3472 tenetur
1083 3435 1202 3471 homo
1232 3434 1280 3470 ad
1309 3432 1436 3469 testifi-
1461 3431 1462 3469 ἒ

1460 3277 1462 3319 ᾗ
1489 3275 1611 3311 cando
1639 3274 1701 3311 vel
1731 3273 2001 3311 denuntiando.

1478 1319 1654 1356 candum.
1685 1319 1734 1355 Et
1762 1318 1790 1355 si
1822 1318 1902 1355 eius
1930 1318 2191 1355 testimonium
2215 1331 2294 1356 non
2313 1319 2536 1367 requiratur,

1477 1379 1624 1408 tenetur
1659 1371 1784 1407 facere
1813 1371 1918 1422 quod
1946 1370 1985 1407 in
2012 1383 2053 1407 se
2083 1378 2138 1407 est
2172 1378 2214 1407 ut
2245 1371 2445 1408 veritatem
2474 1372 2539 1409 de-

1477 1425 1623 1461 nuntiet
1648 1424 1756 1461 alicui
1777 1425 1841 1472 qui
1862 1424 1910 1461 ad
1929 1424 2004 1460 hoc
2028 1423 2148 1472 possit
2166 1423 2362 1472 prodesse.
2391 1424 2539 1462 Dicitur

1478 1478 1580 1514 enim
1608 1477 1646 1514 in
1675 1477 1814 1514 Psalm.
1835 1475 1876 1513 *z
1905 1476 2050 1524 Eripite
2069 1488 2292 1525 pauperem,
2319 1482 2356 1514 et
2375 1488 2538 1527 egenum

1476 1531 1522 1567 de
1540 1542 1656 1567 manu
1670 1530 1881 1579 peccatoris
1899 1530 2074 1574 liberate;
2095 1537 2130 1566 et
2148 1530 2262 1566 Pron.
2277 1541 2363 1567 xxlv
2375 1529 2411 1566 *z
2432 1530 2539 1568 Erue

1477 1595 1538 1621 eos
1557 1584 1623 1632 qui
1639 1583 1828 1620 ducuntur
1851 1583 1903 1619 ad
1925 1588 2096 1620 mortem.
2126 1583 2175 1619 Et
2193 1583 2306 1620 Rom.
2323 1582 2369 1620 ι*
2386 1582 2538 1621 dicitur:

1475 1637 1599 1686 Digni
1614 1642 1701 1673 sunt
1717 1642 1837 1673 morte
1856 1647 1930 1672 non
1949 1636 2071 1672 solum
2091 1636 2157 1684 qui
2161 1636 2327 1683 faciunt,
2342 1636 2409 1672 sed
2425 1637 2538 1674 etiam

1476 1690 1543 1739 qui
1576 1690 1809 1726 consentiunt
1826 1689 2080 1737 facientibus,
2117 1688 2183 1725 ubi
2220 1686 2309 1725 dicit
2337 1689 2474 1726 Glossa
2497 1689 2537 1726 *ε

1481 1742 1698 1780 Consentire
1725 1747 1780 1779 est
1805 1747 1939 1787 tacere,
1965 1754 2051 1779 cum
2073 1741 2195 1789 possis
2222 1741 2467 1792 redarguere.

1531 1797 1654 1844 Super
1672 1794 1730 1832 his
1743 1807 1837 1832 vero
1858 1807 1956 1843 quae
1977 1793 2162 1843 pertinent
2185 1793 2234 1831 ad
2254 1793 2540 1832 condemnatio-

1476 1861 1567 1886 nem
1595 1848 1768 1894 alicuius,
1798 1860 1876 1885 non
1904 1855 2052 1884 tenetur
2079 1846 2212 1896 aliquis
2240 1847 2336 1884 ferre
2372 1844 2563 1885 testimo?

1477 1902 1584 1939 nium
1608 1901 1679 1938 nisi
1700 1912 1788 1937 curn
1808 1913 1830 1937 a
1858 1900 2045 1948 superiori
2064 1900 2303 1949 compellitur
2326 1900 2541 1938 seeundum

1477 1954 1651 1991 ordinem
1681 1953 1781 1990 iuris.
1826 1953 1927 2000 Quia
1954 1953 1983 1990 si
2019 1953 2117 1990 circa
2143 1953 2219 1989 hoc
2245 1952 2385 1990 veritas
2414 1953 2540 1990 occu}—

1449 2034 1452 2054 ἢ
1477 2015 1585 2054 tetur,
1608 2006 1699 2044 nulli
1719 2018 1763 2044 ex
1778 2007 1852 2043 hoc
1872 2005 2035 2055 speciale
2056 2007 2240 2043 damnum
2261 2005 2436 2043 nascitur.
2456 2005 2540 2053 vet,

1478 2061 1508 2097 si
1528 2059 1725 2097 immineat
1743 2059 1956 2108 periculum
1977 2059 2199 2106 accusatori,
2221 2071 2300 2096 non
2324 2066 2380 2096 est
2405 2071 2540 2097 curan·

1479 2114 1591 2151 dum:
1613 2112 1702 2161 quia
1721 2112 1801 2161 ipse
1822 2125 1862 2149 se
1882 2112 1921 2149 in
1940 2113 2015 2149 hoc
2033 2113 2246 2161 periculum
2266 2119 2402 2160 sponte
2416 2112 2543 2160 inges-

1479 2167 1536 2203 sit.
1570 2165 1655 2202 Alia
1684 2173 1811 2202 autern
1840 2165 1934 2202 ratio
1965 2172 2020 2202 est
2048 2166 2095 2202 de
2125 2178 2211 2212 reo,
2242 2164 2302 2201 cui
2330 2164 2541 2214 periculum

1451 2239 1452 2265 ς
1478 2219 1653 2256 imminet
1683 2231 1728 2255 eo
1757 2219 1921 2255 nolente.

1531 2274 1589 2308 Αι)
1618 2283 1756 2308 PRIMUM
1784 2283 1882 2308 ERGO
1902 2283 2086 2309 DicENDUM
2105 2271 2211 2320 quod
2234 2270 2466 2318 Augustinus
2486 2270 2542 2307 lo-

1451 2333 1453 2377 }
1480 2325 1606 2374 quitur
1623 2326 1669 2362 de
1685 2324 1935 2361 occultatione
1950 2323 2116 2361 veritatis
2138 2324 2175 2361 in
2197 2336 2287 2360 casu
2307 2323 2368 2360 illo
2385 2323 2540 2371 quando

1452 2391 1453 2416 1
1480 2378 1614 2425 aliquis
1643 2390 1722 2414 non
1742 2377 1981 2425 compellitur
2000 2376 2206 2425 superioris
2233 2376 2455 2413 auctoritate
2474 2387 2539 2412 ve-

1480 2432 1628 2468 ritatem
1657 2431 1876 2478 propalare3
1907 2438 1943 2466 et
1971 2429 2125 2478 quando
2153 2429 2354 2466 occultatio
2374 2428 2541 2465 veritatis

1452 2501 1453 2532 3
1481 2483 1571 2520 nulli
1601 2483 1811 2531 specialiter
1839 2490 1895 2519 est
1923 2482 2122 2519 damnosa.

1534 2537 1592 2572 Ao
1622 2547 1811 2573 SECUNDUM
1841 2547 2025 2572 memnon
2054 2535 2157 2583 quod
2187 2535 2233 2571 de
2262 2533 2329 2571 illis
2354 2546 2452 2582 quae
2471 2534 2539 2570 ho-

1482 2588 1575 2625 mini
1594 2596 1681 2625 sunt
1701 2588 1907 2625 commissa
1925 2588 1963 2624 in
1983 2595 2126 2624 secreto
2154 2599 2223 2635 per
2247 2586 2540 2634 confessionem,

1482 2642 1585 2678 nullo
1606 2641 1725 2678 modo
1746 2641 1860 2678 debet
1878 2640 2138 2678 testimonium
2158 2639 2275 2676 ferre:
2305 2639 2395 2688 quia
2413 2638 2542 2676 huius-

1483 2694 1590 2731 modi
1619 2706 1696 2730 non
1725 2694 1792 2730 scit
1819 2701 1860 2730 ut
1888 2695 2029 2740 homo,
2060 2694 2125 2731 sed
2155 2700 2337 2740 tanquam
2373 2692 2444 2729 Dei
2473 2691 2543 2728 mi-

1483 2747 1609 2792 nister,
1632 2754 1668 2783 et
1687 2746 1810 2783 maius
1831 2754 1886 2783 est
1903 2747 2100 2783 vinculum
2127 2745 2352 2782 sacramenti
2373 2745 2543 2793 quolibet

1483 2799 1649 2837 hominis
1677 2807 1893 2848 praecepto.

1538 2852 1648 2890 Circa
1677 2864 1722 2890 ea
1744 2864 1838 2889 vero
1859 2864 1958 2900 quae
1987 2851 2094 2888 aliter
2122 2850 2269 2887 homini
2296 2851 2367 2887 sub
2397 2857 2543 2888 secreto

1485 2905 1790 2952 committuntur,
1834 2905 2142 2952 distinguendum
2185 2911 2250 2940 est.
2298 2903 2543 2951 Quandoque

1456 2975 1458 2999 ι
1485 2959 1585 2995 enim
1625 2966 1711 2995 sunt
1744 2958 1831 2995 talia
1858 2969 1979 3007 quae,
2009 2957 2134 2994 statim
2164 2968 2251 2993 curn
2287 2956 2337 2993 ad
2370 2955 2542 2992 notitiam

1484 3011 1650 3048 hominis
1675 3010 1860 3058 venerint,
1890 3011 2010 3047 homo
2036 3023 2080 3047 ea
2107 3009 2348 3046 manifestare
2376 3015 2542 3046 tenetur:

1457 3058 1459 3102 f
1485 3072 1576 3113 puta
1604 3065 1635 3101 si
1655 3064 1858 3112 pertineret
1877 3062 1892 3092 β
1921 3064 1969 3100 ad
1990 3061 2274 3112 corruptionem
2293 3060 2543 3098 multitudinis

1458 3147 1460 3151 ,
1486 3117 1718 3166 spiritualem
1735 3117 1798 3153 vel
1818 3116 2070 3164 corporalem,
2089 3115 2152 3152 vel
2171 3115 2208 3151 in
2227 3126 2342 3161 grave
2359 3114 2544 3151 damnum

1487 3169 1643 3206 alicuius
1680 3181 1882 3218 personae,
1911 3169 1974 3205 vel
2011 3168 2042 3205 si
2071 3168 2162 3217 quid
2190 3167 2290 3204 aliud
2327 3174 2382 3204 est
2415 3165 2544 3203 huius·

1487 3221 1614 3268 modi,
1653 3222 1757 3269 quod
1790 3221 1874 3269 quis
1910 3222 2111 3270 propalare
2147 3228 2295 3257 tenetur
2321 3220 2383 3257 vel
2417 3218 2544 3256 testifi-

2041 3274 2089 3310 Et
2118 3281 2248 3310 contra
2272 3273 2346 3309 hoc
2375 3271 2543 3309 debiturn

1489 3326 1645 3374 obligari
1665 3338 1742 3363 non
1771 3334 1895 3374 potest
1914 3338 1983 3374 per
2002 3326 2133 3363 secreti
2158 3325 2426 3363 commissum:
2457 3323 2545 3372 quia

1489 3381 1528 3416 in
1548 3381 1622 3416 hoc
1642 3380 1828 3427 frangeret
1846 3379 1964 3416 fidem
1984 3391 2100 3428 quam
2115 3378 2219 3416 alteri
2240 3378 2363 3415 debet.
2375 3397 2399 3404 -
2415 3377 2545 3422 Quan-

1491 3433 1619 3481 doque
1637 3444 1731 3469 vero
1761 3439 1847 3469 sunt
1875 3433 1962 3469 talia
1981 3444 2079 3481 quae
2099 3431 2182 3480 quis
2210 3430 2372 3479 prodere
2397 3441 2474 3466 non
2494 3436 2546 3465 te-

433 3549 460 3580 α)
480 3549 651 3582 testificando.
665 3562 683 3567 -
702 3549 850 3573 testimonio
870 3548 941 3572 PGa.

1540 3544 1565 3577 β)
1582 3545 1737 3576 pertineret.
1751 3558 1769 3563 -
1791 3545 1910 3576 pertinet
1928 3544 1958 3573 D,
1984 3543 2032 3568 hoc
2052 3542 2201 3574 pertineret
2219 3541 2256 3571 G,
2277 3540 2414 3573 pertinent
2441 3540 2548 3565 ΡΗΙΚΚ.

2565 1488 2621 1510 ’Pa
2627 1493 2707 1516 uni,
2716 1493 2776 1510 ven.

2564 1520 2659 1563 2'‘Vn-⁸.
2674 1546 2701 1563 n.

2565 1593 2577 1604 ·
2589 1592 2657 1615 Ven-
2671 1598 2706 1622 ³²·

2567 1694 2579 1706 ⁸
2592 1693 2719 1717 Lonbnrd.
2734 1695 2778 1716 sub

2566 1726 2635 1744 nom.
2649 1721 2760 1743 Ambros.
