2860 4244
457 248 532 294 396

1162 238 1427 285 QUAEsrlo
1458 237 1558 283 cvl,
1588 236 1884 273 ARTlCULUS
1915 236 1927 271 1

944 432 1353 533 QUAES'TIO
1393 423 2150 508 CENTESIMASEXTA

1071 574 1155 613 DE
1189 572 1420 613 GRATIA
1454 571 1590 612 SIVE
1625 570 2042 611 GRATITUDINE

1289 688 1323 713 IN
1352 688 1415 713 SEX
1446 686 1648 712 ARTICULOS
1675 686 1792 711 DIVISA

536 799 642 824 ΕῙΝΒΕ
671 784 990 822 considerandum
1021 791 1076 820 est
1105 783 1151 820 de
1178 782 1295 830 gratia
1320 782 1400 818 sive
1434 793 1515 829 gra·
1541 780 1543 798 ³

216 847 276 868 'Cf.
293 852 331 873 qu.
327 850 423 870 .1.xxx1,

215 873 241 911 ,ῃ
245 877 280 894 πο
267 873 306 893 d
536 839 691 877 titudine
710 838 742 886 ²⁸,
773 845 808 874 et
835 836 1099 885 ingratitudine
1118 835 1169 872 *ἦ

454 894 565 931 Circa
597 891 753 940 gratiam
783 898 911 927 autem
942 895 1173 949 quaeruntur
1202 899 1277 924 sex,

507 945 656 983 Primo.
686 952 811 981 utrum
831 942 950 991 gratia
969 942 1014 979 sit
1032 942 1152 979 virtus
1176 940 1347 990 specialis
1366 940 1414 976 ab
1435 939 1515 976 aliis
1541 948 1543 970 ι

562 998 744 1035 distincta.

315 1060 331 1075 ‘²
509 1051 706 1088 Secundo:
747 1049 830 1098 quis
868 1055 1015 1085 tenetur
1041 1053 1059 1069 α
1097 1047 1145 1084 ad
1183 1045 1347 1082 maiores
1384 1045 1516 1092 gratia-

562 1116 646 1140 rum
676 1103 843 1140 actiones
863 1103 960 1148 Deo,
982 1107 1109 1137 utrum
1142 1099 1324 1136 innocens
1343 1099 1405 1134 vel
1425 1110 1517 1146 poe-

562 1163 694 1193 mtens.

1623 779 1775 816 Tertio:
1806 786 1931 814 utrum
1961 789 2111 826 semper
2138 785 2310 814 teneatur
2332 777 2452 813 horno
2473 776 2521 813 ad
2548 787 2628 824 gra·

1675 831 1744 868 tias
1772 830 1949 868 humanis
1978 829 2172 867 beneficiis
2191 827 2207 859 β
2234 829 2459 867 reddendas.

1624 885 1795 932 Quarto:
1825 891 1952 921 utrum
1982 882 2177 920 retributio
2214 881 2417 930 gratiarum
2446 882 2493 920 sit
2525 881 2630 954 diffe-

1675 937 1805 975 renda.

1624 991 1783 1037 Quinto:
1813 998 1940 1026 utrum
1970 988 2016 1026 sit
2044 987 2302 1025 mensuranda
2320 952 2542 1024 secundum
2570 999 2630 1024 ac-

1677 1051 1828 1091 ceptum
1850 1041 2094 1089 beneficium,
2113 1041 2176 1078 vel
2205 1040 2418 1090 secundum
2437 1039 2560 1077 dantis
2579 1040 2630 1076 af·

1676 1097 1829 1132 fectum.
2586 1138 2589 1140 ,

1625 1149 1756 1185 Sexto:
1776 1155 1905 1186 utrum
1927 1154 2101 1196 oporteat
2115 1146 2256 1196 aliquid
2271 1145 2395 1183 maius
2411 1144 2631 1194 rependere.

1261 1257 1580 1300 ARTICULUS
1610 1250 1816 1299 PRIMUS

885 1354 1040 1386 UTRUM
1065 1352 1229 1384 GRATIA
1252 1351 1318 1382 s1T
1342 1350 1500 1382 VIRTUS
1523 1349 1736 1381 SPECIALIS
1761 1349 1815 1380 AB
1838 1349 1947 1380 AL11s
1970 1349 2203 1380 DisrmcrA

1377 1429 1401 1455 1⁸
1421 1429 1478 1461 11⁸²,
1498 1437 1542 1462 qu.
1561 1436 1602 1459 Lx,
1621 1433 1667 1453 art.
1688 1427 1712 1452 3.

490 1655 523 1701 λζ
544 1668 599 1707 ΥΞ·
622 1616 704 1708 &et
732 1684 754 1708 a
742 1618 1000 1720 parentibus
1029 1670 1257 1730 accepimus.
1289 1669 1366 1706 Sed
1392 1670 1518 1705 honor

458 1739 574 1775 quem
602 1727 686 1762 Deo
715 1724 968 1771 retribuimus,
998 1723 1158 1772 pertinet
1186 1724 1234 1760 ad
1254 1722 1431 1759 virtutem
1461 1734 1518 1757 re-

458 1778 622 1828 ligionis.
652 1779 777 1814 honor
806 1785 934 1814 autem
963 1789 1080 1825 quem
1110 1776 1351 1813 retribuimus
1383 1786 1518 1833 paren-

459 1887 538 1923 sive
567 1884 754 1932 gratitudo
789 1895 867 1920 non
902 1891 957 1920 est
983 1883 1100 1920 virtus
1137 1883 1186 1919 ab
1219 1881 1298 1918 aliis
1334 1880 1516 1918 distincta.

514 1950 548 1975 2.
578 1938 820 1984 PRAETEREA,
851 1936 1045 1973 retributio
1080 1934 1375 1984 proportionalis
1407 1933 1518 1982 perti-

220 2050 271 2071 'Ca
332 2048 430 2096 n.6,71.-

223 2076 246 2097 S.
281 2076 302 2097 Ιι.
303 2055 366 2097 lect.

459 2044 749 2091 Philosophum,
775 2043 812 2079 in
841 2042 875 2078 V
893 2042 1012 2079 Ethic.
1033 2041 1053 2063 ’¹‘
1082 2041 1159 2078 Sed
1186 2041 1336 2091 gratiae
1359 2040 1518 2076 reddun-

459 2103 520 2133 tur
548 2102 588 2133 ut
613 2096 804 2132 retributio
822 2095 879 2142 sit,
909 2103 949 2132 ut
967 2094 1110 2131 ibidem
1131 2094 1274 2132 dicitur.
1304 2094 1406 2141 Ergo
1435 2093 1518 2130 red—

317 2159 334 2184 τ
460 2150 550 2187 ditio
579 2148 795 2196 gratiarum,
816 2149 921 2196 quod
940 2153 955 2176 Υ
984 2148 1144 2197 pertinet
1164 2149 1210 2185 ad
1239 2146 1516 2195 gratitudinem,

462 2255 562 2292 cialis
589 2255 708 2291 virtus
737 2255 784 2291 ab
814 2254 892 2290 aliis
922 2254 1103 2291 distincta.

463 2361 586 2397 citiam
612 2361 932 2397 conservandam:
963 2367 1002 2396 ut
1021 2367 1123 2408 patet
1141 2371 1210 2407 per
1228 2358 1518 2407 Philosophum,

224 2422 409 2469 'rhitxx

342 2472 434 2495 --STh-
464 2467 512 2504 ad
542 2478 677 2502 omnes
705 2466 871 2511 virtutes,
901 2473 1056 2513 propter
1085 2477 1178 2514 quas
1207 2465 1326 2501 homo
1360 2471 1518 2500 amatur.

464 2521 566 2566 Ergo
595 2518 711 2565 gratia
739 2518 819 2555 sive
847 2518 1045 2565 gratitudo,
1067 2518 1115 2554 ad
1141 2530 1255 2565 quarn
1284 2517 1445 2565 pertinet
1464 2529 1519 2553 re-
1546 2537 1548 2562 ᾗ

466 2583 713 2620 compensare
743 2570 940 2617 beneficia,
962 2583 1040 2607 non
1071 2578 1125 2607 est
1154 2570 1325 2619 specialis
1344 2569 1474 2606 virtus.

227 2630 437 2684 {affimat
558 2677 564 2684 ,
698 2677 704 2683 ,
772 2677 805 2683 ,,

228 2690 275 2705 L¹¹¹·
466 2678 668 2727 specialem
697 2684 855 2713 iust1t1ae
884 2683 1042 2725 partem.

228 2737 437 2764 ·1³11³⁴’‚<1u-u=‚
519 2732 743 2767 RESPONDEO
760 2741 942 2767 DlCENDUM
963 2729 1079 2777 quod,
1097 2728 1192 2765 sicut
1211 2740 1326 2776 supra
1340 2727 1361 2749 '¹‘
1380 2727 1523 2765 dictum

229 2769 271 2786 art.
287 2770 307 2792 3.

468 2837 636 2883 debetur,
665 2848 819 2873 necesse
850 2843 905 2872 est
933 2834 1178 2872 diversificari
1208 2833 1322 2872 debiti
1342 2833 1524 2871 reddendi

468 2890 675 2926 rationem:
706 2889 755 2926 ita
775 2897 903 2926 tamen
924 2889 1027 2937 quod
1047 2900 1199 2936 semper
1227 2887 1263 2924 in
1283 2886 1417 2923 maiori
1434 2887 1525 2924 illud
1550 2915 1552 2939 ;

469 2943 573 2991 quod
602 2942 726 2978 minus
748 2950 803 2979 est
823 2941 1045 2978 continetur.
1077 2942 1118 2977 In
1138 2942 1222 2977 Deo
1243 2948 1369 2977 autem
1398 2940 1523 2989 primo

470 3003 506 3031 et
533 2995 784 3043 principaliter
812 2994 1001 3032 invenitur
1034 3006 1146 3030 causa
1176 2993 1309 3030 debiti:
1346 3006 1391 3030 eo
1421 2993 1524 3042 quod
1551 2997 1552 3048 {
1580 3006 1695 3042 supra
1720 2993 1899 3030 virtutem
1919 2994 2107 3041 fundetur,
2128 2994 2313 3054 quidquid
2333 3002 2388 3031 est
2404 2994 2532 3032 virtuti
2551 3007 2639 3032 con-

470 3048 550 3096 ipse
580 3056 634 3084 est
662 3048 828 3095 primum
863 3047 1089 3096 principium
1120 3047 1294 3083 omniurn
1332 3047 1553 3083 bonorum
1551 3049 1553 3056 '

468 2791 532 2830 est,
563 2783 772 2820 secundum
803 2783 971 2820 diversas
1001 2794 1132 2818 causas
1153 2794 1196 2818 ex
1217 2781 1355 2830 quibus
1384 2780 1524 2829 aliquid
1549 2799 1551 2823 ι
1578 2781 1716 2819 scilicet
1752 2781 1886 2829 aliquis
1922 2789 2057 2830 sponte
2087 2782 2183 2819 facit.
2221 2783 2333 2820 Unde
2367 2782 2554 2831 gratitudo
2583 2791 2639 2820 est

1571 1519 1647 1556 quo
1677 1506 1804 1556 aliqua
1830 1506 2071 1556 particularia
2099 1514 2136 1544 et
2163 1506 2313 1555 privata
2336 1506 2527 1549 beneficia
2549 1500 2634 1558 pe'rss

1572 1560 1756 1608 cepimus,
1776 1572 1847 1608 pro
1878 1560 2018 1608 quibus
2045 1559 2317 1609 particulariter
2344 1561 2378 1598 ei
2408 1560 2633 1610 obligamur.

1572 1613 1674 1660 Quia
1702 1625 1792 1661 ergo
1812 1625 1891 1650 non
1919 1613 2104 1662 quidquid
2134 1613 2318 1651 debemus
2342 1614 2429 1651 Deo
2447 1615 2510 1652 vel
2537 1614 2634 1665 patri

1570 1668 1633 1704 vel
1660 1678 1849 1715 personae
1878 1666 2055 1714 dignitate
2083 1667 2335 1716 praecellenti,
2356 1666 2543 1705 debemus
2570 1667 2634 1714 ali-

1571 1719 1632 1756 cui
1659 1720 1949 1756 benefactorum
1978 1732 2000 1756 a
2028 1731 2106 1768 quo
2135 1720 2290 1770 aliquod
2317 1721 2541 1770 particulare
2568 1721 2634 1759 be-

1542 1779 1544 1809 ἒ
1571 1772 1751 1810 neficium
1779 1772 2010 1821 recepimus;
2040 1773 2129 1810 inde
2158 1782 2214 1811 est
2242 1775 2348 1822 quod
2375 1782 2464 1823 post
2485 1773 2634 1824 religio-

458 1834 568 1879 tibus,
597 1831 758 1881 pertinet
785 1831 834 1867 ad
861 1831 1040 1867 virtutem
1069 1829 1228 1878 pietatis.
1265 1829 1366 1877 Ergo
1401 1827 1518 1875 gratia

1571 1838 1673 1873 nem,
1703 1837 1779 1874 qua
1807 1825 1979 1863 debitum
2009 1827 2152 1864 cultum
2175 1827 2261 1864 Deo
2289 1827 2572 1876 impendimus3
2598 1835 2634 1865 et

1570 1879 1763 1928 pietatem,
1785 1891 1861 1927 qua
1881 1879 2040 1916 colimus
2059 1888 2256 1928 parentes,
2248 1892 2256 1900 ·
2281 1888 2318 1916 et
2335 1879 2632 1928 observantiam,

1543 1970 1545 1978 .
1572 1944 1648 1981 qua
1668 1932 1829 1969 colimus
1847 1944 2032 1981 personas
2052 1932 2231 1981 dignitate
2260 1935 2549 1984 praecellentes3
2578 1939 2635 1979 est

459 1999 522 2042 net
560 1990 608 2027 ad
643 1966 822 2026 iustitiani
863 1988 1196 2026 commutativam:
1235 1996 1276 2025 ut
1313 1994 1416 2036 patet
1451 1998 1519 2035 per
1543 1983 1545 2029 i
1572 1985 1688 2033 gratia
1725 1985 1805 2022 sive
1842 1985 2046 2033 gratitudo,
2077 1998 2178 2034 quae
2213 1987 2521 2026 benefactoribus
2548 1999 2634 2038 gra-

1544 2062 1545 2071 .
1571 2039 1661 2075 tiam
1696 2046 1972 2087 recompensat.
2007 2039 2056 2075 Et
2091 2039 2329 2088 distinguitur
2361 2053 2383 2077 a
2417 2038 2635 2090 praemissis

1543 2094 1545 2133 ἕ
1571 2091 1773 2129 virtutibus
1792 2091 1823 2138 *,
1853 2092 1949 2129 sicut
1977 2092 2167 2140 quaelibet
2185 2098 2198 2114 ²
2225 2093 2480 2142 posteriorum
2506 2092 2634 2132 distin·
2663 2094 2674 2105 ¹

1544 2157 1545 2185 I
1572 2145 1696 2193 guitur
1723 2157 1745 2181 a
1772 2145 1901 2193 priori,
1931 2145 2038 2194 quasi
2067 2146 2114 2182 ab
2144 2158 2191 2182 eo
2222 2146 2415 2184 deficiens.

462 2211 516 2239 est
544 2210 648 2238 actus
677 2201 848 2238 iustitiae.
889 2202 980 2237 Non
1010 2213 1098 2248 ergo
1129 2200 1314 2249 gratitudo
1345 2207 1401 2236 est
1435 2211 1518 2248 spe·
1544 2196 1545 2235 ἔ

1625 2200 1684 2235 An
1700 2210 1836 2235 ramum
1851 2209 1950 2235 ERGO
1969 2210 2154 2236 mcsnoum
2183 2200 2288 2248 quod
2308 2199 2402 2236 sicut
2420 2199 2550 2248 religio
2581 2208 2636 2237 est

1544 2273 1545 2280 ι
1573 2251 1763 2300 quaedam
1785 2252 2085 2299 superexcellens
2100 2251 2232 2301 pietas,
2249 2253 2298 2290 ita
2313 2261 2369 2290 est
2387 2252 2500 2290 etiam
2519 2265 2635 2303 quae-

517 2310 550 2345 3.
567 2309 799 2354 PRAETEREA,
816 2307 1119 2355 recompensatio
1139 2305 1339 2354 requiritur
1358 2305 1407 2342 ad
1426 2305 1519 2341 ami·
1544 2304 1546 2329 ³

1574 2305 1662 2341 dam
1693 2305 1878 2341 excellens
1897 2304 2015 2352 gratia
2043 2317 2111 2341 seu
2138 2305 2338 2353 gratitudo.
2367 2306 2480 2344 Unde
2499 2314 2536 2344 et
2553 2318 2635 2355 gra-

409 2420 425 2442 S
463 2414 501 2450 in
527 2414 614 2450 VIII
633 2413 653 2434 ³⁶
683 2421 718 2449 et
746 2414 798 2449 IX
815 2413 855 2435 ²¹²*
883 2414 992 2449 Ethic
1039 2414 1114 2450 Sed
1144 2412 1304 2448 amicitia
1337 2423 1378 2448 se
1406 2411 1521 2447 habet
1545 2384 1547 2424 l
1572 2358 1709 2394 timum
1739 2357 1835 2394 aetio
1856 2357 1904 2394 ad
1923 2358 2051 2394 Deum
2081 2370 2195 2406 supra
2213 2358 2234 2380 ,Β
2260 2358 2383 2408 pogita
2403 2366 2458 2396 δεῖ
2476 2359 2572 2397 inter
2591 2371 2636 2397 ea
2662 2364 2671 2373 .

1574 2423 1673 2460 quae
1703 2411 1751 2447 ad
1780 2410 2000 2457 religionem
2029 2411 2226 2459 pertinent.

1628 2466 1686 2500 AD
1706 2475 1897 2500 SECUNDUM
1917 2475 2102 2500 DlCENDuM
2129 2464 2234 2513 quod
2254 2464 2447 2501 retributio
2476 2476 2635 2514 propor-

1574 2516 1722 2553 tionalis
1740 2515 1901 2564 pertinet
1920 2517 1968 2553 ad
1989 2516 2166 2553 iustitiam
2188 2517 2502 2555 commutativam
2518 2530 2636 2567 quan-

1547 2587 1549 2615 3
1576 2569 1626 2606 do
1657 2569 1858 2605 attenditur
1886 2569 2099 2606 secundum
2120 2570 2291 2607 debitum
2319 2571 2457 2618 legale:
2487 2578 2579 2619 puta
2606 2570 2637 2608 si

519 2626 593 2661 SED
632 2635 777 2660 CONTRA
805 2635 870 2660 EST
898 2624 1003 2671 quod
1023 2623 1172 2660 Tullius
1191 2623 1210 2644 '¹‘
1239 2622 1345 2671 ponit
1363 2622 1521 2670 gratiam
1547 2630 1549 2632 ’

1575 2630 1687 2671 pacto
1717 2623 1889 2659 firmetur
1916 2630 1957 2659 ut
1985 2630 2132 2660 tantum
2166 2635 2235 2671 pro
2265 2631 2369 2660 tanto
2399 2624 2635 2661 retribuatur.

1578 2674 1656 2712 Sed
1684 2675 1733 2712 ad
1761 2675 1939 2712 virtutem
1959 2675 2098 2723 gratiae
2119 2676 2198 2713 sive
2218 2676 2454 2724 gratitudinis
2477 2677 2640 2725 pertinet

1577 2727 1773 2766 retributio
1794 2740 1891 2777 quae
1907 2728 1949 2765 fit
1971 2741 2015 2765 ex
2035 2730 2117 2765 solo
2138 2729 2266 2766 debito
2284 2730 2504 2777 honestatis,
2520 2742 2638 2780 quam

1579 2834 1705 2871 minus
1742 2841 1846 2882 grata
1883 2833 1913 2871 si
1941 2834 1985 2871 sit
2022 2843 2170 2872 coacta:
2210 2843 2250 2872 ut
2288 2837 2434 2873 Seneca
2463 2835 2570 2884 dicit,
2599 2836 2639 2873 in

1578 2888 1674 2925 libro
1703 2888 1749 2924 de
1775 2887 1972 2936 Beneficiis
1990 2887 2021 2924 *.

1632 2943 1691 2977 An
1718 2952 1877 2977 TER-num
1906 2952 2090 2978 mei-:noum
2119 2941 2224 2989 quod
2244 2953 2332 2978 cum
2355 2954 2448 2979 vera
2477 2941 2640 2979 amicitia

1580 3047 1736 3084 Uarium
1764 3059 1802 3084 ln
1831 3046 1953 3083 amico
1984 3055 2040 3084 est
2068 3047 2254 3085 amlCltlae
2288 3047 2575 3096 lmpedltlvum,
2605 3055 2642 3085 et

329 3102 342 3126 ὃ
471 3108 700 3137 nostrorum.
732 3100 964 3137 Secundario
994 3108 1138 3146 autem,
1169 3099 1206 3136 in
1234 3107 1358 3148 patre,
1389 3100 1493 3148 quod
1512 3097 1525 3121 ⁶
1552 3092 1553 3119 l
1552 3099 1764 3154 quidquid
1794 3107 1850 3136 est
1876 3099 2089 3137 virtuosum
2122 3108 2178 3137 est
2205 3100 2391 3138 amicitiae
2427 3100 2641 3150 provocati-

472 3161 527 3190 est
554 3153 771 3212 proximum
800 3161 951 3189 nostrae
979 3152 1231 3200 generationis
1253 3160 1288 3188 et
1308 3152 1526 3201 disciplinae
1553 3155 1554 3196 l
1580 3165 1687 3189 vum.
1717 3153 1766 3189 Et
1793 3152 2005 3189 secundum
2041 3153 2127 3200 hoc,
2148 3166 2216 3202 per
2245 3153 2640 3213 recompensationem

472 3206 708 3255 principium.
739 3205 869 3242 Tertio
890 3213 1027 3251 autem,
1049 3205 1087 3241 in
1106 3217 1269 3253 persona
1289 3217 1387 3253 quae
1410 3205 1555 3252 digni

1581 3205 1856 3242 beneficiorum
1887 3205 2049 3242 amicitia
2082 3214 2348 3252 conservatur;
2383 3207 2558 3256 quamvis
2585 3217 2642 3242 re-

472 3267 546 3295 tate
574 3259 775 3308 praecellit,
806 3271 851 3295 ex
880 3271 954 3307 qua
983 3257 1202 3294 communia
1227 3257 1413 3294 beneficia
1440 3270 1526 3306 pro·
1554 3252 1556 3305 ᾖ
1583 3258 1844 3306 compensatio
1865 3258 2140 3296 beneficiorum
2169 3259 2379 3309 specialiter
2397 3261 2444 3298 ad
2463 3259 2641 3297 virtutem

474 3312 621 3355 cedunt.
660 3312 805 3358 Quarto
835 3319 985 3358 autem,
1016 3311 1052 3347 in
1082 3310 1208 3358 aliquo
1237 3310 1477 3346 benefactore
1507 3322 1528 3346 a
1555 3317 1556 3327 ¹

526 3424 553 3453 α)
573 3426 684 3447 tenetur.
696 3436 714 3442 -
733 3426 855 3448 teneatur
874 3423 969 3448 PDHa.

526 3457 550 3490 β)
570 3458 691 3482 humanis
710 3458 846 3491 beneficiis.
859 3472 879 3477 -
893 3466 945 3490 pro
962 3458 1028 3492 (om.
1049 3459 1089 3483 ed.
1108 3457 1138 3491 a)
1156 3458 1284 3491 beneficiis
1307 3458 1429 3483 humanis
1448 3458 1495 3483 Pa.

526 3495 552 3526 γ)
571 3493 680 3525 quod.-
698 3500 765 3525 quae
783 3493 943 3518 PADGHIK.
962 3494 1027 3518 Hinc
1048 3494 1111 3525 sigla
1124 3495 1147 3519 K
1167 3493 1283 3525 designat
1300 3493 1450 3518 Vaticanum
1470 3493 1531 3526 745.

1582 3310 1814 3358 gratitudinis
1842 3311 2034 3359 pertineat.

1638 3422 1663 3456 ὃ)
1682 3424 1791 3456 quod.-
1808 3424 1854 3456 qui
1872 3425 1926 3453 HL
1945 3425 2008 3456 quia
2027 3426 2055 3451 P.

1638 3460 1659 3491 ε)
1675 3459 1844 3491 quaelibet-
1863 3460 1995 3491 quodlibet
2014 3461 2073 3491 PH;
2093 3468 2140 3492 pro
2155 3461 2344 3493 posteriorum,
2359 3460 2494 3492 posterius
2514 3461 2546 3485 Η.

2665 2885 2677 2897 ⁸
2694 2885 2746 2907 Lib.
2765 2884 2805 2911 111,
2827 2889 2860 2911 en!

2666 2917 2707 2934 vu.
