2860 4244
174 807 182 815 ⁸
212 805 262 826 'crs
280 811 298 825 2.

417 240 466 275 60
1076 237 1343 284 QUAESTIO
1374 237 1494 284 an,

414 318 619 355 tutionibus
640 317 818 354 faciendis
838 324 962 365 potest
981 316 1063 352 fieri
1093 316 1232 361 dilatio,
1263 315 1327 351 sed
1350 315 1504 351 statim

414 371 606 408 restituere
636 377 795 418 oportet.

467 426 692 461 RESPONDEO
723 434 906 459 DICENDUM
935 421 1039 468 quod
1070 420 1165 457 sicut
1193 420 1365 479 accipere
1395 432 1474 456 rem
1502 425 1504 467 ξ

414 477 574 513 alienam
604 484 660 512 est
679 483 879 524 peccatum
910 481 1041 510 contra
1068 473 1259 519 iustitiam,
1290 473 1341 509 ita
1361 472 1503 510 etiam

414 530 580 580 detinere
602 541 708 565 eam:
738 528 826 575 quia
855 539 923 575 per
949 527 1023 562 hoc
1049 526 1153 573 quod
1182 525 1316 574 aliquis
1336 526 1476 563 detinet

414 595 494 619 rem
516 583 676 618 alienam
695 581 813 616 invito
835 578 1005 625 domino,
1034 578 1195 637 impedit
1219 591 1307 615 eum
1336 580 1383 615 ab
1403 591 1474 616 usu

414 635 465 672 rei
490 647 592 679 suae,
623 641 658 670 et
687 633 739 669 sic
768 633 801 668 ei
821 632 907 668 facit
934 631 1121 668 iniuriam.
1152 632 1399 668 Manifestum
1420 640 1475 669 est

411 858 434 882 a
451 846 560 892 facie
587 845 733 881 colubri
756 845 860 893 fuge
882 849 1092 892 peccatum.
1130 844 1189 886 Et,
1205 843 1292 881 ideo
1319 844 1475 891 quilibet

411 906 557 934 tenetur
586 897 711 934 statim
740 897 933 933 restituere
953 894 980 943 β,
1009 897 1071 932 vel
1099 903 1227 945 petere
1253 897 1475 934 dilationem

411 951 458 988 ab
489 963 534 987 eo
565 950 628 999 qui
658 957 783 999 potest
810 961 923 986 usum
953 949 1006 986 rei
1036 949 1259 987 concedere.

463 1005 522 1040 AD
543 1015 680 1040 PRIMUM
704 1014 802 1040 ERGO
822 1014 1007 1039 o1CENuuM
1027 1002 1132 1051 quod
1157 1010 1404 1051 praeceptum
1427 1002 1474 1039 de
1502 1010 1503 1014 ’

412 1057 644 1094 restitutione
663 1056 849 1102 facienda,
871 1055 1045 1103 quamvis
1074 1055 1285 1092 secundum
1309 1056 1474 1092 formam

411 1110 457 1146 sit
477 1109 760 1156 affirmativum,
791 1109 959 1157 implicat
986 1116 1115 1145 tamen
1136 1108 1175 1145 in
1194 1120 1234 1145 se
1254 1108 1476 1156 negativum

1524 237 1820 292 ARTICUlLUS
1849 238 1934 274 Vlll

1503 337 1504 362 i
1529 323 1796 374 praeceptum,
1828 329 1906 364 quo
1939 316 2187 366 prohibemur
2225 329 2305 353 rem
2349 317 2498 354 alterius
2527 317 2590 355 de-

1502 372 1504 392 V
1529 368 1657 405 tinere.

1583 422 1642 458 AD
1658 433 1848 459 SECUNDUM
1867 433 2051 459 mcaNDUM
2067 422 2172 481 quod
2192 422 2345 470 quando
2366 422 2498 470 aliquis
2513 435 2591 459 non

1502 480 1654 535 potest
1682 474 1807 512 statim
1836 474 2041 520 restituere,
2071 474 2153 523 ipsa
2181 474 2405 522 impotentia
2429 475 2592 512 absolvit

1502 504 1503 570 i
1531 538 1620 562 eum
1639 527 1687 562 ab
1707 527 1858 564 instanti
1878 527 2111 564 restitutione
2131 527 2323 564 facienda:
2353 527 2450 564 sicut
2477 527 2591 564 etiam

1501 574 1691 639 ⁴totaliter
1726 592 1748 616 a
1777 580 2010 616 restitutione
2047 580 2256 617 absolvitur
2285 580 2314 617 si
2352 580 2509 617 omnino
2547 580 2594 617 sit

1501 640 1503 679 i
1529 638 1731 680 impotens.
1762 633 1887 670 Debet
1914 641 2043 669 tamen
2072 633 2337 670 remissionem
2364 633 2428 670 vel
2448 633 2592 670 dilatio-

413 695 538 724 autem
569 687 671 735 quod
710 698 780 722 nec
808 697 877 733 per
905 684 1103 722 modicum
1136 691 1286 733 tempus
1322 685 1408 722 licet
1435 685 1474 722 in
1501 689 1503 724 i

412 748 569 788 peccato
598 738 751 785 morari,
781 737 850 774 sed
878 737 1034 785 quilibet
1061 745 1209 774 tenetur
1238 738 1361 775 statim
1388 750 1475 786 pec·
1501 766 1502 785 ἶ

413 801 538 829 catum
553 792 744 828 deserere:
766 790 980 827 secundum
996 790 1086 827 illud
1100 791 1217 827 Eccli.
1233 790 1338 827 xxl*:
1360 791 1478 833 Quasi
1501 787 1503 805 ³

1530 697 1618 721 nem
1647 691 1776 732 petere
1806 685 1854 722 ab
1875 697 1922 722 eo
1943 685 2002 722 cui
2032 685 2157 733 debet,
2187 693 2252 723 aut
2278 698 2347 735 per
2367 699 2407 723 se
2436 693 2500 723 aut
2524 698 2593 735 per

1530 737 1659 774 alium.
2171 761 2173 763 >

1581 791 1640 826 An
1660 801 1821 826 TERTIUM
1845 801 2031 827 DICENDUM
2057 792 2161 838 quod
2180 796 2196 819 Υ
2223 791 2497 840 cuiuscumque
2524 791 2592 828 cir-

1530 842 1777 880 cumstantiae
1807 842 1963 878 omissio
1993 843 2243 881 contrariatur
2268 844 2408 891 virtuti,
2438 856 2507 893 pro
2528 845 2593 882 de-

1501 930 1503 935 .
1528 896 1729 933 terminata
1758 902 1814 931 est
1840 895 2030 942 habenda,
2062 903 2098 932 et
2125 903 2275 944 oportet
2302 897 2404 934 illam
2433 897 2593 935 circum-

1529 949 1707 986 stantiam
1727 949 1944 985 observare.
1975 949 2024 985 Et
2043 948 2132 997 quia
2151 961 2218 997 per
2243 949 2461 987 dilationem
2489 950 2592 987 resti-

1528 1002 1683 1039 tutionis
1699 1001 1948 1038 committitur
1961 1009 2162 1050 peccatum
2179 1001 2339 1039 iniustae
2355 1002 2592 1050 detentioniS‚

1529 1055 1635 1104 quod
1654 1054 1814 1092 iustitiae
1843 1054 2062 1103 opponitur,
2082 1054 2169 1092 ideo
2189 1067 2346 1092 necesse
2365 1062 2421 1092 est
2442 1063 2595 1104 tempus

1530 1120 1613 1144 esse
1642 1108 1958 1154 determinatum,
1988 1115 2030 1144 ut
2058 1108 2182 1144 statim
2216 1107 2398 1144 restitutio
2427 1108 2504 1144 fiat.

464 1231 489 1264 β)
509 1232 657 1257 restituere.
670 1245 688 1250 -
706 1233 730 1257 si
743 1235 835 1264 potest
854 1233 952 1256 addunt
970 1232 1016 1256 Pa.
1037 1232 1150 1256 Eaedem
1171 1239 1218 1263 pro
1233 1234 1332 1263 potest,
1352 1231 1438 1256 habet.

462 1268 488 1302 γ)
508 1268 587 1300 quod.
601 1281 620 1286 -
637 1268 700 1300 quia
719 1268 788 1291 addit
806 1268 838 1298 P;
858 1275 905 1299 pro
919 1267 1113 1295 contrariatur,
1129 1274 1196 1299 quae
1214 1266 1400 1291 contrariatur
1413 1266 1475 1296 IsK;

410 1311 458 1336 pro
478 1303 656 1328 determinata
675 1306 714 1327 est
733 1302 862 1332 habenda,
876 1301 1055 1327 determinata
1074 1305 1114 1327 est
1131 1301 1280 1326 habendum
1299 1301 1413 1331 BCEFx,
1431 1301 1476 1325 de—

1530 1232 1676 1256 terminata
1695 1234 1735 1255 est
1752 1231 1965 1263 consequendum
1987 1231 2037 1274 pK,
2057 1231 2236 1256 determinato
2253 1234 2293 1256 est
2310 1231 2460 1256 habendum
2479 1231 2532 1259 Pa,·
2549 1237 2598 1263 pro

1530 1269 1563 1295 et,
1583 1269 1609 1291 et
1627 1266 1688 1291 ideo
1707 1266 1738 1297 D,
1757 1266 1829 1298 quod
1847 1266 1893 1290 Pa.

1093 1384 1424 1416 Commentaria
1447 1382 1697 1415 Cardinalis
1720 1365 1919 1415 Caietam

440 1476 459 1495 N
475 1465 569 1495 titulo
586 1464 708 1494 articuli
725 1463 828 1494 octavi
845 1463 988 1493 eiusdem
1005 1462 1212 1504 quaestionis,
1231 1462 1356 1493 adverte
1376 1463 1476 1503 quod,

413 1478 592 1550 Iexpeditis
615 1508 765 1538 omnibus
793 1517 875 1548 quae
900 1508 938 1537 de
961 1507 1159 1538 restitutione
1183 1506 1315 1537 dicenda
1339 1513 1430 1537 sunt:
1454 1524 1475 1530 —

409 1554 524 1584 scilicet
547 1553 624 1594 quid
647 1553 687 1582 sit
709 1551 874 1587 restitutio,
899 1552 932 1581 in
956 1551 1060 1592 primo
1077 1551 1225 1587 articulo;
1251 1561 1307 1581 cur
1325 1551 1364 1581 sit
1386 1550 1475 1581 resti-

409 1599 574 1634 tuendum,
599 1597 632 1627 in
656 1596 812 1632 secundm
837 1596 916 1636 quid
939 1596 980 1626 sit
1001 1596 1249 1631 restituendum,
1273 1595 1307 1625 in
1329 1595 1422 1626 tertio
1446 1601 1478 1625 et

409 1649 539 1683 quarto;
564 1642 614 1672 cui
638 1641 679 1671 sit
701 1640 940 1676 restituendum,
965 1640 997 1670 in
1021 1640 1151 1681 quint0;
1176 1639 1248 1680 quis
1271 1647 1416 1670 teneatur
1431 1649 1477 1669 re-

409 1687 552 1722 stituere,
583 1686 615 1715 in
646 1692 733 1715 sexto
763 1691 794 1715 et
820 1684 971 1724 septimo:
1002 1702 1023 1708 —
1053 1684 1213 1725 reliquum
1240 1683 1302 1714 fuit
1327 1693 1477 1724 quaerere

409 1731 538 1772 quando
555 1737 601 1760 est
623 1729 863 1764 restituendum,
880 1739 920 1758 an
936 1728 1052 1759 scilicet
1066 1728 1181 1764 statim,
1206 1738 1247 1758 an
1270 1737 1344 1758 cum
1368 1727 1476 1768 aliquo

410 1782 494 1806 certo
518 1782 671 1814 tempore.
703 1773 744 1804 Et
766 1780 813 1804 est
835 1773 915 1803 ratio
939 1772 1028 1803 dubii
1058 1773 1133 1813 quia
1157 1779 1250 1803 sonat
1272 1779 1477 1812 praeceptum

409 1819 647 1854 affirmativum,
680 1818 770 1848 cuius
799 1824 910 1848 natura
941 1823 987 1847 est
1017 1817 1156 1857 obligare
1186 1817 1226 1846 ad
1257 1816 1478 1847 executionem

409 1864 552 1904 quodam
574 1870 729 1902 tempore.

465 1908 502 1938 11.
527 1908 562 1937 In
587 1907 701 1936 eodem
724 1906 856 1936 articulo
881 1906 1007 1935 adverte
1031 1905 1120 1945 quod
1143 1905 1176 1935 in
1201 1911 1369 1945 praecepto
1389 1904 1478 1934 resti-

409 1951 540 1983 tutionis
558 1951 748 1981 clauduntur
765 1950 849 1980 duo:
875 1949 1015 1989 primum
1031 1956 1078 1980 est
1097 1949 1186 1990 quod
1205 1948 1314 1990 animo
1333 1958 1401 1978 non
1424 1948 1479 1978 de-

409 1997 546 2027 tineatur
568 1995 707 2025 alienum
730 1994 830 2024 invito
855 1994 1007 2030 domino;
1039 1994 1217 2024 secundum
1241 1999 1288 2023 est
1317 1993 1406 2033 quod
1429 2002 1477 2023 se-

410 2040 551 2071 cundum
575 2046 682 2070 actum
706 2038 890 2069 exteriorem
921 2048 987 2068 non
1015 2038 1191 2069 detineatur
1214 2037 1356 2068 alienum
1378 2036 1478 2068 invito

410 2084 553 2115 domino.
577 2083 721 2113 Primum
740 2083 826 2113 enim
849 2082 982 2122 exigitur
1005 2082 1045 2112 ad
1068 2082 1130 2112 hoc
1153 2088 1190 2112 ut
1213 2081 1356 2112 detinens
1380 2087 1480 2112 cesset

409 2140 427 2159 a
448 2129 613 2159 voluntate
636 2127 802 2167 peccandi,
827 2126 982 2157 mutando
1007 2136 1078 2157 eam
1102 2133 1132 2157 et
1163 2126 1365 2156 deliberando
1389 2125 1477 2156 resti-

408 2181 509 2204 tuere:
538 2173 715 2202 secundum
739 2178 845 2202 autem
870 2171 1002 2211 exigitur
1025 2171 1064 2200 ad
1088 2171 1150 2201 hoc
1174 2177 1209 2201 ut
1233 2169 1366 2200 domino
1390 2169 1478 2200 satis-

408 2217 478 2254 fiat;
509 2227 575 2246 non
603 2216 689 2246 enim
717 2215 912 2246 satisfactum
939 2222 986 2245 est
1014 2215 1042 2245 ei
1072 2225 1108 2245 ex
1138 2214 1362 2245 deliberatione
1390 2214 1479 2244 resti-

409 2261 529 2297 tuendi,
554 2261 609 2290 sed
632 2270 669 2290 ex
692 2260 755 2290 hoc
778 2260 868 2300 quod
891 2260 1033 2290 redditur
1056 2259 1084 2290 ei
1107 2260 1197 2300 quod
1212 2269 1308 2289 suum
1324 2265 1381 2289 est.
1405 2259 1479 2289 Hoc

409 2312 517 2336 autem
541 2305 715 2335 secundum
741 2304 841 2335 oritur
864 2314 901 2334 ex
924 2304 1029 2343 primo
1057 2303 1138 2335 sicut
1168 2310 1255 2334 actus
1283 2303 1417 2334 exterior
1439 2303 1478 2333 ab

409 2350 519 2380 habitu
538 2349 671 2379 virtutis.
697 2349 738 2379 Et
760 2355 796 2379 ut
818 2349 851 2378 in
874 2348 975 2379 littera
998 2348 1030 2378 in
1055 2348 1263 2388 responsione
1287 2348 1326 2378 ad
1350 2347 1479 2378 tertium

410 2400 505 2435 patet,
517 2393 750 2423 circumstantia
766 2392 918 2433 temporis
933 2391 1144 2422 diversimode
1160 2402 1192 2422 se
1208 2392 1302 2422 habet
1318 2392 1358 2422 ad
1372 2398 1479 2422 actum

410 2437 616 2469 restitutionis
633 2444 663 2467 et
678 2438 716 2467 ad
732 2437 811 2467 alios
829 2443 915 2467 actus
931 2436 1063 2467 virtutis.
1084 2437 1167 2466 Nam
1184 2436 1217 2466 in
1234 2436 1343 2467 multis
1359 2435 1479 2466 actibus

410 2490 476 2514 tam
490 2481 626 2512 iustitiae
643 2491 739 2522 quam
757 2481 890 2511 aliarum
905 2481 1059 2511 virtutum
1075 2480 1310 2511 circumstantia
1326 2480 1479 2519 temporis

410 2527 452 2557 ita
480 2536 512 2556 se
536 2526 630 2556 habet
658 2526 747 2566 quod
777 2525 961 2565 prudentiae
991 2525 1229 2555 determinanda
1253 2524 1476 2555 committitur:

411 2578 447 2601 ut
469 2576 555 2610 patet
577 2570 610 2600 in
634 2570 755 2600 actibus
779 2569 982 2605 fortitudinis,
1008 2575 1039 2599 et
1061 2569 1094 2599 in
1113 2568 1247 2605 iudiciis,
1273 2567 1479 2599 accusationi-

411 2616 488 2651 bus,
520 2613 792 2645 testificationibus
821 2621 851 2645 et
881 2613 1077 2644 huiusmodi.
1112 2613 1147 2643 In
1177 2612 1375 2644 restitutione
1402 2622 1478 2643 vero

410 2666 537 2699 tempus
559 2668 624 2688 non
648 2658 837 2698 relinquitur
853 2657 1127 2689 determinandum
1144 2656 1339 2697 prudentiae,
1356 2656 1411 2686 sed
1427 2657 1479 2687 de-

411 2703 616 2734 terminatum
639 2709 685 2733 est
706 2702 746 2732 ad
763 2702 884 2733 statim:
910 2702 985 2742 quia
1009 2701 1141 2732 omissio
1162 2701 1256 2732 huius
1276 2701 1479 2731 circumstan-

411 2747 471 2778 tiae
496 2746 704 2777 contrariatur
725 2746 833 2777 virtuti
857 2747 1008 2782 iustitiae;
1033 2756 1108 2776 nam
1128 2746 1187 2776 nisi
1202 2745 1308 2776 statim
1323 2745 1479 2776 restitutio

410 2791 474 2828 fiat,
500 2791 657 2822 detinetur
679 2790 820 2821 alienum
843 2791 943 2821 invito
964 2790 1108 2825 domino.
1126 2790 1214 2831 quod
1238 2796 1284 2820 est
1308 2796 1417 2820 contra
1432 2789 1480 2820 iu—

412 2836 539 2867 stitiam.
565 2835 707 2866 Omissio
731 2842 839 2866 autem
862 2835 958 2865 huius
981 2835 1056 2866 certi
1079 2834 1242 2875 temporis,
1263 2841 1340 2874 puta
1363 2833 1478 2871 statim,

411 2881 444 2910 in
467 2879 535 2910 aliis
559 2879 679 2910 actibus
704 2889 770 2909 non
795 2879 1004 2910 contrariatur
1025 2879 1148 2910 virtuti:
1174 2889 1241 2909 non
1263 2878 1349 2909 enim
1372 2885 1481 2909 contra

411 2924 565 2955 iustitiam
589 2930 635 2954 est
658 2923 683 2954 si
707 2933 773 2953 non
798 2923 903 2954 statim
927 2933 1058 2960 accuso,
1086 2923 1111 2953 si
1136 2933 1201 2954 non
1226 2923 1332 2954 statim
1355 2922 1478 2959 iudico,

413 2969 439 2998 si
463 2978 530 2998 non
554 2968 659 2998 statim
683 2978 809 3008 expono
834 2977 885 2998 me
909 2968 1020 2999 mortis
1044 2967 1205 3008 periculo,
1227 2974 1257 2998 et
1280 2966 1479 3003 huiusmodi;

412 3012 568 3053 quoniam
600 3013 679 3042 haec
716 3022 783 3042 non
812 3012 977 3052 implicant
1006 3012 1039 3042 in
1069 3021 1102 3042 se
1132 3011 1253 3052 aliquid
1286 3010 1480 3042 contrarium

412 3063 531 3087 virtuti.

469 3100 568 3138 Quod
591 3106 698 3130 autem
721 3099 856 3130 dicimus
886 3100 992 3131 statim
1021 3099 1253 3132 restitutionem
1284 3099 1479 3136 faciendam,

414 3154 480 3174 non
505 3144 639 3175 dicimus
662 3144 751 3184 quod
774 3143 800 3174 si
823 3144 856 3174 in
881 3144 983 3174 media
1003 3151 1106 3180 nocte,
1130 3151 1185 3174 aut
1208 3144 1288 3174 inter
1311 3143 1479 3174 missarum

414 3188 578 3225 solemnia,
596 3188 745 3218 deliberet
769 3188 840 3229 quis
860 3188 1038 3224 restituere,
1062 3195 1204 3219 teneatur
1228 3198 1244 3218 e
1268 3187 1384 3218 lectulo
1413 3197 1480 3217 sur—

413 3242 485 3272 gere
509 3239 564 3263 aut
586 3232 715 3262 missam
740 3232 916 3273 relinquere
940 3239 971 3263 et
993 3231 1173 3263 restituere:
1199 3232 1253 3262 sed
1277 3231 1382 3262 statim
1406 3231 1480 3262 dici-

414 3286 486 3307 mus
509 3276 575 3307 fieri
605 3277 695 3318 quod
721 3287 787 3307 non
811 3276 966 3314 differtur,
996 3277 1050 3307 sed
1078 3276 1158 3306 hora
1185 3276 1315 3316 negotio
1339 3285 1480 3315 congrua

414 3321 591 3352 executioni
615 3321 791 3352 mandatur.
821 3321 924 3352 Habet
947 3321 1032 3352 enim
1055 3320 1221 3356 restitutio,
1246 3326 1402 3361 quatenus
1426 3319 1482 3350 ali-

415 3365 492 3406 quid
516 3364 732 3396 affirmationis
748 3365 851 3406 exigit,
872 3373 907 3397 ut
930 3364 1115 3406 prudentiae
1131 3364 1239 3405 aliquo
1256 3364 1355 3395 modo
1375 3364 1407 3394 in
1424 3373 1480 3394 sua

415 3409 606 3440 exhibitione
630 3409 798 3440 subiaceat.

471 3453 558 3484 Haec
581 3460 688 3484 autem
715 3454 915 3494 intelligenda
940 3461 1013 3484 sunt
1041 3453 1238 3493 regulariter,
1264 3459 1294 3482 et
1323 3458 1480 3492 quantum

416 3504 462 3527 est
485 3507 521 3527 ex
542 3505 652 3528 natura
673 3505 760 3529 actus
784 3506 814 3529 et
835 3498 972 3529 virtutis:
999 3498 1087 3538 quod
1112 3505 1157 3528 est
1182 3497 1267 3527 dictu
1291 3497 1379 3537 quod
1403 3496 1480 3527 haec

416 3548 490 3571 sunt
513 3552 585 3572 vera
609 3549 644 3572 ut
666 3542 698 3572 in
723 3542 875 3582 pluribus.
909 3542 1074 3582 Contingit
1098 3541 1182 3572 enim
1206 3541 1238 3571 in
1263 3541 1386 3572 casibus
1410 3550 1479 3580 par-

1526 1461 1719 1498 ticularibus,
1745 1469 1874 1502 propter
1889 1461 2117 1502 impedimenta
2133 1461 2339 1512 occurrentia,
2359 1463 2448 1502 quod
2471 1469 2600 1507 oportet

1529 1506 1689 1537 exterioris
1704 1506 1911 1537 restitutionis
1927 1513 2034 1537 actum
2053 1506 2093 1536 ad
2110 1514 2289 1546 congruum
2308 1512 2437 1546 tempus
2459 1504 2599 1538 differre:

1529 1557 1565 1581 ut
1587 1557 1672 1591 patet
1701 1550 1734 1580 in
1757 1550 1955 1581 restitutione
1985 1550 2120 1591 depositi
2147 1550 2277 1591 quando
2301 1550 2453 1581 dominus
2475 1557 2523 1581 est
2548 1549 2600 1581 fu-

1528 1595 1632 1625 riosus
1654 1594 1705 1625 vel
1727 1594 1876 1625 inimicus
1900 1593 2027 1634 patriae.

1585 1639 1637 1670 111.
1663 1638 1755 1670 Circa
1786 1638 2083 1669 determinationem
2107 1638 2203 1669 huius
2227 1638 2350 1669 articuli
2381 1638 2519 1668 dubium
2544 1648 2600 1670 ot:-v

1529 1737 1647 1767 magno
1671 1727 1860 1758 detrimento
1884 1727 2088 1763 restitutoris‚
2111 1727 2214 1766 possit
2237 1726 2366 1762 differri,
2391 1733 2427 1757 ut
2454 1736 2599 1766 congruo

1530 1771 1589 1802 sibi
1611 1778 1757 1811 tempore
1779 1771 1844 1802 fiat.
1869 1772 1909 1802 Et
1931 1778 1979 1802 est
2001 1771 2080 1802 ratio
2099 1771 2188 1802 dubii
2212 1771 2372 1802 diversitas
2395 1770 2597 1811 scriptorum.

1529 1816 1613 1846 Nam
1636 1815 1768 1856 quidam
1791 1815 1891 1846 solius
1914 1822 2070 1846 extremae
2089 1815 2280 1846 necessitatis
2302 1815 2460 1846 rationem
2481 1815 2599 1846 haben—

1530 1859 1604 1890 dam
1628 1859 1662 1890 in
1685 1859 1936 1890 restitutionibus
1959 1860 2151 1890 docuerunt:
2176 1859 2308 1900 quidam
2321 1866 2430 1890 autem
2444 1868 2599 1899 magnum

1530 1904 1756 1934 detrimentum
1779 1904 2046 1934 considerandum
2068 1913 2200 1945 quoque
2224 1912 2291 1933 esse
2314 1903 2469 1934 dixerunt.

1586 1948 1665 1979 Mihi
1683 1955 1791 1979 autem
1815 1948 2076 1988 distinguendum
2091 1947 2226 1984 videtur,
2250 1954 2281 1978 et
2303 1947 2476 1978 dicendum
2498 1947 2599 1988 quod,

1530 1993 1606 2024 citra
1633 1999 1805 2023 extremam
1832 1992 2050 2023 necessitatem
2080 2001 2205 2032 semper
2234 1991 2411 2032 loquendo,
2439 1991 2603 2031 tripliciter

1530 2037 1662 2077 intelligi
1691 2044 1797 2077 potest
1823 2036 2058 2068 restitutionem
2086 2046 2152 2067 non
2182 2045 2276 2076 posse
2305 2035 2374 2066 fieri
2395 2035 2502 2066 statim
2532 2035 2602 2066 sine

1531 2091 1648 2121 magno
1673 2081 1873 2112 detrimento.
1903 2081 2029 2118 Primo,
2054 2087 2090 2111 ut
2120 2080 2346 2111 detrimentum
2377 2079 2416 2110 sit
2445 2089 2600 2120 magnum

1531 2125 1606 2166 quia
1629 2135 1677 2156 res
1701 2125 1892 2156 restituenda
1916 2132 1963 2156 est
1985 2135 2110 2165 magna,
2127 2131 2158 2155 et
2172 2124 2264 2154 valde
2280 2130 2474 2164 opportuna.
2497 2123 2539 2155 Et
2556 2123 2602 2155 sic

1531 2170 1644 2210 procul
1667 2169 1776 2206 dubio,
1801 2179 1868 2199 non
1892 2170 2036 2200 obstante
2058 2169 2113 2200 tali
2137 2168 2336 2205 detrimento,
2355 2174 2481 2199 tenetur
2494 2168 2601 2205 statim

1531 2214 1704 2245 restituere.
1737 2213 1902 2251 Quoniam
1924 2213 1982 2244 iste
2010 2213 2042 2244 in
2072 2213 2266 2244 restituendo
2296 2219 2362 2243 tam
2385 2221 2540 2252 magnum
2566 2212 2601 2243 in

1531 2259 1622 2289 nullo
1639 2257 1874 2289 damnificatur:
1895 2257 2048 2298 quoniam
2065 2257 2144 2287 nihil
2159 2257 2204 2287 rei
2219 2266 2295 2288 suae
2309 2256 2422 2297 perdit.
2445 2256 2602 2298 Alioquin

1531 2303 1670 2334 melioris
1695 2302 1886 2333 conditionis
1910 2308 2014 2333 essent
2037 2301 2092 2344 qui
2111 2311 2243 2341 magnas
2267 2301 2408 2332 fecerunt
2430 2301 2604 2341 rapinaset

1531 2357 1643 2378 usuras
1666 2357 1764 2388 quam
1788 2347 1844 2388 qui
1867 2346 2033 2377 modicum
2055 2352 2238 2386 rapuerunt.
2312 2376 2316 2379 .

1587 2391 1745 2428 Secundo,
1762 2398 1798 2422 ut
1821 2390 2046 2422 detrimentum
2062 2390 2102 2421 sit
2125 2399 2280 2430 magnum
2302 2389 2424 2420 ratione
2421 2383 2522 2420 lucri
2539 2398 2602 2420 ces-

1531 2436 1637 2467 santis,
1658 2435 1753 2466 Verbi
1769 2435 1877 2476 gratia,
1898 2441 2022 2465 tenetur
2037 2441 2193 2465 mercator
2209 2434 2249 2464 ad
2264 2433 2498 2464 restitutionem
2513 2432 2600 2464 mille

1532 2480 1738 2510 ducatorum:
1760 2487 1791 2510 et
1807 2479 1831 2509 si
1849 2479 1920 2509 illos
1936 2478 2042 2510 statim
2057 2478 2201 2515 restituit,
2218 2487 2293 2508 cum
2309 2487 2375 2507 non
2391 2477 2505 2508 habeat
2520 2476 2600 2507 alios

1531 2534 1607 2555 cum
1641 2523 1759 2564 quibus
1789 2524 1962 2554 lucraretur
1993 2529 2029 2553 ut
2054 2523 2138 2552 vivat
2166 2521 2390 2553 convenienter
2424 2521 2600 2552 secundum

1532 2575 1650 2599 statum
1678 2577 1790 2604 suum,
1815 2577 1969 2607 magnum
1999 2567 2154 2597 damnum
2182 2565 2262 2596 lucri
2285 2565 2433 2596 cessantis
2459 2565 2599 2597 incurrit.

1531 2613 1573 2643 Et
1595 2618 1725 2654 propter
1748 2611 1935 2642 huiusmodi
1957 2621 2088 2652 quoque
2112 2610 2336 2641 detrimentum
2353 2619 2419 2640 non
2436 2616 2602 2640 excusatur

1532 2667 1550 2687 a
1573 2656 1676 2687 subita
1699 2655 1906 2692 restitutione,
1931 2655 1984 2686 sed
2009 2661 2133 2686 tenetur
2156 2654 2268 2695 procul
2291 2653 2390 2685 dubio
2413 2654 2453 2684 ad
2475 2654 2601 2684 restitu-

1531 2700 1654 2731 tionem
1677 2700 1793 2731 statim.
1817 2700 1891 2730 Non
1915 2699 2001 2730 enim
2024 2697 2075 2742 (ut
2097 2698 2272 2730 Richardus
2297 2705 2327 2729 et
2350 2698 2480 2735 Scotus,
2504 2698 2537 2728 in
2559 2707 2600 2728 xv

1532 2744 1734 2775 distinctione
1749 2744 1766 2764 *
1790 2743 1912 2782 Quarti,
1930 2743 2048 2779 dicunt,
2065 2750 2095 2774 et
2109 2741 2202 2783 bene)
2220 2742 2342 2773 licitum
2359 2749 2406 2773 est
2420 2752 2479 2782 pro
2502 2749 2601 2773 status

1533 2789 1770 2820 conservatione
1790 2789 1929 2819 alienum
1954 2787 2101 2819 detinere.
2125 2787 2166 2817 Et
2188 2787 2221 2817 in
2249 2793 2402 2826 promptu
2429 2786 2509 2817 ratio
2537 2793 2599 2818 est:

1532 2833 1608 2875 quia
1630 2833 1710 2864 ratio
1732 2833 1812 2863 lucri
1835 2832 1984 2863 cessantis
2013 2832 2208 2873 quandoque
2234 2830 2318 2862 licite
2346 2831 2479 2862 habetur
2500 2831 2535 2861 in
2556 2830 2601 2862 rei

1532 2877 1679 2918 propriae
1699 2876 1908 2913 distractione,
1926 2883 1962 2907 ut
1977 2883 2063 2917 patet
2084 2876 2117 2906 in
2134 2886 2173 2907 eo
2199 2875 2256 2916 qui
2273 2885 2340 2906 non
2365 2882 2431 2906 erat
2451 2884 2538 2906 nunc
2549 2875 2600 2907 vel

1532 2921 1583 2952 hic
1606 2921 1791 2952 venditurus
1815 2931 1863 2951 res
1887 2929 1977 2957 suas;
2009 2930 2176 2961 nunquam
2207 2925 2314 2950 autem
2346 2919 2480 2950 habetur
2507 2918 2542 2950 in
2567 2928 2602 2950 re

1533 2966 1643 2997 aliena.
1669 2965 1756 3004 Quin
1772 2965 1880 3006 potius
1903 2964 2046 2996 detinens
2061 2964 2201 2995 alienum
2220 2969 2344 2994 tenetur
2366 2963 2530 2994 restituere
2543 2963 2601 2997 do—

1533 3010 1622 3041 mino
1647 3020 1713 3040 non
1736 3010 1844 3040 solum
1867 3019 1944 3048 rem,
1969 3009 2024 3039 sed
2047 3008 2143 3040 etiam
2165 3008 2313 3039 interesse
2336 3007 2417 3038 lucri
2433 3006 2601 3039 cessantis:

1533 3061 1569 3086 ut
1591 3061 1679 3094 patet
1701 3064 1738 3085 ex
1760 3060 1873 3095 quarto
1896 3053 2029 3085 articulo
2045 3053 2063 3072 *
2085 3053 2181 3083 huius
2203 3051 2408 3094 quaestionis.

1588 3098 1698 3129 Tertio
1718 3105 1826 3130 autem
1842 3098 1941 3128 modo
1965 3104 2070 3138 potest
2092 3096 2224 3137 intelligi
2239 3103 2275 3127 ut
2293 3096 2519 3127 detrimentum
2534 3105 2602 3127 ma—

1534 3153 1635 3183 gnum
1658 3142 1697 3172 sit
1720 3142 1828 3172 damni
1853 3141 2038 3182 emergentis
2061 3140 2093 3171 in
2118 3140 2263 3181 propriis,
2288 3140 2384 3171 Verbi
2406 3139 2522 3180 gratia,
2546 3139 2600 3170 de-

1532 3187 1635 3218 tinens
1659 3186 1745 3216 mille
1769 3196 1882 3217 aureos
1906 3185 2042 3222 alterius,
2068 3195 2125 3215 nec
2149 3184 2267 3215 habens
2291 3184 2470 3225 pecuniam,
2494 3183 2519 3214 si
2538 3189 2600 3214 sta-

1532 3230 1591 3261 tim
1614 3230 1775 3261 restituere
1798 3230 1900 3266 vellet‚
1925 3235 2089 3269 cogeretur
2110 3229 2245 3259 vendere
2269 3229 2405 3259 domum
2418 3228 2470 3258 vel
2487 3236 2599 3267 agrum

1533 3275 1637 3305 multo
1661 3274 1769 3305 minus
1791 3284 1890 3315 quam
1912 3273 2022 3309 valeat,
2046 3273 2096 3303 vel
2119 3273 2195 3314 quia
2214 3283 2281 3304 non
2297 3272 2501 3304 inveniuntur
2523 3277 2600 3302 tunc

1534 3325 1703 3359 emptores,
1719 3318 1770 3349 vel
1792 3318 1868 3359 quia
1890 3318 2039 3349 ultronea
2063 3317 2236 3349 vilescunt.-
2258 3323 2289 3349 et
2311 3317 2338 3348 si
2361 3315 2495 3347 differret
2513 3315 2600 3346 resti-

1533 3363 1710 3400 tutionem,=
1725 3373 1791 3393 non
1813 3363 1985 3393 incurreret
2008 3362 2069 3393 tale
2093 3361 2258 3392 damnum.
2289 3362 2330 3392 Et
2353 3361 2392 3391 de
2413 3359 2600 3391 huiusmodi

1533 3407 1666 3438 notabili
1697 3407 1815 3438 damno
1843 3406 1876 3437 in
1905 3406 2039 3447 propriis
2067 3406 2250 3446 loquendo,
2274 3411 2401 3446 oportet
2430 3403 2599 3435 subdistin-

1531 3460 1643 3492 guere:
1668 3451 1743 3492 quia
1766 3451 1815 3481 vel
1839 3450 1908 3482 talis
1933 3450 2040 3481 dilatio
2065 3457 2145 3481 esset
2169 3460 2243 3481 cum
2266 3449 2370 3480 multo
2394 3449 2512 3478 damno
2538 3457 2600 3478 cre-

1532 3495 1642 3526 ditoris
1661 3506 1717 3526 seu
1737 3495 1873 3531 domini;
1898 3502 1952 3526 aut
1972 3505 2046 3526 cum
2066 3494 2198 3535 parvulo
2218 3503 2273 3524 seu
2290 3493 2390 3524 nullo.
2416 3492 2448 3523 Si
2467 3492 2599 3533 quidem

1534 3540 1643 3570 dilatio
1667 3547 1746 3570 esset
1775 3549 1849 3570 curn
1876 3539 2008 3571 notabili
2036 3539 2154 3570 damno
2183 3537 2344 3569 creditoris
2374 3547 2430 3567 seu
2458 3536 2595 3572 domini,

1530 1683 1644 1719 currit,
1669 1693 1727 1719 an,
1752 1683 1883 1724 quando
1906 1683 2061 1714 restitutio
2085 1692 2152 1713 non
2171 1689 2281 1724 potest
2309 1681 2376 1713 fieri
2399 1682 2504 1713 statim
2531 1682 2605 1714 sine«

2628 2746 2763 2769 ·Ri011.m.
2772 2753 2791 2774 §v
2800 2753 2839 2775 qu.

2627 2779 2651 2800 4
2657 2772 2717 2802 ad5,
2728 2773 2791 2795 Scor.
2800 2779 2838 2802 qu.

2627 2805 2648 2825 2,
2657 2803 2700 2821 art.
2706 2789 2770 2827 4,ιά
2777 2805 2840 2828 argg.

2627 3055 2638 3066 ⁸
2651 3054 2688 3076 cf.
2698 3054 2839 3077 Commeat.

2627 3081 2682 3103 ibid.
