2860 4238
1276 223 1440 260 INDEX

581 302 773 336 QUAESTIO
799 301 1016 330 CENTESLMA

681 375 730 405 De
751 375 912 405 simonia,
1352 352 1354 383 ξ

266 429 432 478 annuimus
445 455 456 475 1
516 447 619 476 Utrum
647 447 772 476 simonia
797 446 833 475 sit
859 446 987 475 studiosa
1015 446 1147 474 voluntas

546 487 660 514 emendi
673 492 702 514 et
716 485 860 514 vendendi
872 485 982 522 aliquid
995 485 1144 522 spirituale

546 526 594 554 vel
613 523 769 564 spirituali
778 533 926 553 annexum
930 545 1141 553 ........
1164 534 1236 563 pag.
1268 524 1323 552 352

348 575 364 590 »
444 573 466 593 11
514 566 618 593 Utrum
639 573 753 601 semper
773 563 808 591 sit
828 563 956 591 illicitum
977 573 1030 600 pro
1053 573 1145 592 sacra-

545 604 649 632 mentis
671 602 828 640 pecuniam
855 603 925 631 dare
927 624 1143 632 ........
1228 615 1242 630 »
1268 603 1324 638 354

348 654 364 669 ι
445 652 477 672 111
517 644 620 672 Utrum
640 642 750 671 licitum
771 641 807 670 sit
828 643 896 670 dare
913 650 940 670 et
954 643 1081 679 accipere
1096 653 1145 679 pe-

542 682 660 711 cuniam
679 691 734 718 pro
754 682 948 718 spiritualibus
965 682 1113 711 actibus..
1137 705 1144 711 .
1227 694 1242 710 ι
1266 682 1322 710 358

347 733 363 749 ο
444 730 475 750 1v
514 723 618 752 Utrum
637 721 746 749 licitum
776 721 812 749 sit
836 722 989 758 pecuniam
1016 722 1145 758 accipere

542 770 598 797 pro
606 760 651 789 his
665 770 741 798 quae
750 767 816 789 sunt
826 761 1018 798 spiritualibus
1025 771 1144 791 annexa.
1227 772 1242 788 2
1267 761 1323 788 360

346 811 363 827 o
443 808 476 829 v.
511 800 718 829 Utrumliceat
738 801 896 837 spiritualia
916 802 985 829 dare
1005 811 1059 837 pro
1081 811 1145 829 rnu-

347 890 363 906 ,
442 886 474 906 Ἦ
512 841 798 908 υὲῑτςὲᾳέἓάεὲῗιῑναί)
808 841 950 886 obsequio
965 841 1145 886 velalingua.
1227 851 1243 867 ι
1267 839 1323 867 362

543 925 575 946 111
595 919 722 956 privetur
742 889 1147 957 eringiilgdsup’gnlffriigsi‘ittini

544 959 695 996 acquisivit
697 980 1146 988 ................
1228 969 1244 985 ι
1269 957 1323 984 363
1353 987 1355 1004 ν

442 1045 444 1048 -
471 1044 475 1048 -
520 1032 712 1068 ρυΑεετιο
739 1032 1075 1061 CENTESIMAPRJMA
1353 1011 1355 1020 ²

690 1106 740 1136 De
759 1106 900 1142 pietate.

265 1183 431 1206 numus
443 1185 456 1205 1
514 1177 618 1204 Utrum
638 1175 730 1212 pietas
751 1184 781 1205 se
802 1175 936 1203 extendat
955 1175 993 1202 ad
1014 1174 1148 1202 determi-

544 1221 626 1243 natas
647 1223 787 1251 personas
801 1213 966 1251 aliquorum
985 1214 1146 1243 hominum.
1230 1224 1246 1240 ι
1271 1214 1326 1242 368

263 1276 309 1298 S‘,
345 1265 362 1287 v
444 1264 476 1291 11,
501 1255 618 1294 ,Unum
639 1254 730 1291 pietas
755 1254 887 1283 exhibeat
913 1254 1079 1291 parentibus
1101 1264 1147 1282 su·
1355 1268 1356 1271 =

332 1329 356 1334 Μ
375 1294 758 1329 Η,Ᾰκ”ῑ1011ω110110111.
785 1314 1148 1323 .............
1230 1304 1245 1320 ι
1271 1294 1326 1331 369

239 1333 322 1371 ’ΥΤ
343 1346 364 1369 2
443 1343 478 1371 m
519 1334 620 1363 Utrum
634 1333 725 1370 pietas
738 1334 775 1362 sit
788 1333 919 1370 specialis
933 1334 1022 1362 virtus
1035 1335 1071 1362 ab
1087 1333 1148 1361 aliis
1355 1329 1356 1343 ¹

545 1373 679 1402 distincta
689 1394 1146 1402 ................
1231 1383 1246 1398 ι
1271 1373 1327 1410 370

347 1425 363 1440 ι
403 1427 410 1441 ι
442 1420 474 1443 ιν
512 1414 616 1443 Utrum
637 1413 790 1442 occasione
809 1412 955 1450 religionis
982 1413 1039 1440 sint
1066 1421 1167 1448 prue-¹

543 1453 729 1492 termittenda
738 1452 852 1495 pietatis
861 1450 996 1489 officiain
1004 1459 1147 1491 parentes.
1231 1462 1245 1476 »
1288 1450 1326 1479 ib.
1354 1485 1356 1492 y

492 1532 684 1573 QUAESTIO
707 1531 1102 1561 CENTESIMASECUNDA

261 1600 309 1625 Μ’
344 1603 356 1614 “
454 1642 455 1646 ¹
594 1612 597 1614 ·
644 1607 694 1637 De
712 1605 949 1637 observantia

264 1669 456 1713 memmi
514 1679 628 1715 Utrum
638 1676 821 1706 observantia
841 1676 878 1704 sit
903 1665 1035 1713 specialis
1061 1677 1150 1705 virtus

519 1717 590 1747 ab
595 1716 659 1746 ‘aliis
677 1716 810 1745 distincta
813 1737 1146 1745 ............
1230 1726 1245 1743 1
1270 1716 1324 1752 373

263 1752 321 1783 ’,ὒν
346 1759 365 1788 S
443 1766 478 1787 11
514 1758 620 1786 Utrum
639 1758 686 1785 ad·
698 1755 911 1786 observantiam
931 1755 1074 1792 pertineat
1100 1765 1147 1784 ex-

543 1797 642 1825 hibere
663 1796 771 1830 cultum
800 1802 829 1824 et
855 1794 999 1824 honorem
1026 1795 1070 1824 his
1098 1795 1148 1833 qui

202 1840 210 1843 ⁴
262 1837 311 1862 T'Ii
344 1839 354 1851 ⁴
442 1850 445 1853 ·
471 1850 473 1852 ·
544 1843 612 1865 sunt
630 1835 829 1874 inu'dignitate‘
844 1835 991 1864 constituti
993 1857 1147 1864 ......
1231 1846 1246 1862 »
1271 1835 1328 1871 374

265 1907 274 1912 ,
347 1889 363 1906 ι
442 1884 476 1906 m
515 1877 620 1906 Utrum
654 1875 836 1904 observantia
865 1875 901 1903 sit
929 1875 1027 1912 potior
1059 1875 1148 1903 virtus

262 1907 319 1938 (3⁸
443 1928 445 1931 ¹
544 1925 631 1954 quam
651 1915 749 1952 ‘pietas
752 1937 1147 1944 ..............
1231 1925 1245 1940 »
1270 1913 1324 1950 375

263 1986 298 2012 Μ
306 1996 319 2019 ³·
511 1997 703 2033 QUAEsTto
720 1996 1085 2024 >CENTESIMATERT1A

704 2072 753 2101 De
781 2070 880 2100 dulia.

266 2134 432 2185 nummus
445 2160 456 2180 1
515 2151 619 2179 Utrum
647 2150 744 2177 honor
774 2148 912 2184 importet
945 2147 1054 2184 aliquid
1084 2156 1147 2175 cor-

543 2189 644 2226 porale
663 2208 1148 2216 .................
1231 2197 1246 2212 ›
1271 2186 1326 2223 377

347 2242 364 2259 2
444 2239 467 2260 11
511 2229 616 2257 Utrum
629 2229 724 2256 honor
738 2226 854 2264 proprie
868 2227 1006 2255 debeatur
1019 2226 1147 2263 superio·
1355 2225 1357 2250 ἱ

545 2269 624 2297 ribus
633 2287 1146 2296 ..................
1229 2275 1245 2292 2
1271 2265 1327 2301 378

347 2321 364 2339 υ
445 2318 478 2338 111
518 2310 620 2337 Utrum
641 2307 721 2335 dulia
742 2307 777 2335 sit
791 2306 921 2343 specialis
935 2306 1025 2334 virtus
1037 2315 1054 2334 a
1068 2305 1150 2334 latria

546 2347 680 2376 distincta
695 2364 1148 2376 ................
1231 2354 1246 2370 »
1271 2345 1327 2381 379

345 2401 362 2418 ι
443 2398 474 2418 1v
514 2389 618 2417 Utrum
639 2387 716 2415 dulia
737 2387 842 2414 habeat
855 2385 981 2414 diversas
1001 2385 1118 2421 species.
1141 2407 1147 2412 .
1230 2394 1246 2410 ι
1272 2384 1323 2412 381

507 2475 699 2511 QUAESTIO
710 2473 1089 2508 CENTESIMAQUARTA

658 2550 707 2579 De
733 2547 936 2578 obedientia.
1334 2581 1338 2586 ⁵

267 2637 430 2663 mmm-us
444 2637 456 2656 1
514 2627 616 2655 Utrum
627 2635 703 2654 unus
712 2626 803 2654 horno
817 2631 948 2653 teneatur
962 2624 1010 2652 alii
1024 2623 1151 2653 obedire.
1231 2633 1248 2651 ι
1272 2623 1327 2652 383

347 2680 365 2697 o
445 2676 468 2696 11
515 2667 619 2694 Utrum
639 2665 804 2693 obedientia
824 2665 861 2692 sit
874 2663 1004 2700 specialis
1022 2664 1120 2692 virtus.
1142 2685 1150 2692 .
1233 2674 1248 2689 ι
1272 2662 1330 2698 384

348 2719 364 2736 ι
446 2716 479 2736 111
517 2707 621 2734 Utrum
636 2704 801 2733 obedientia
815 2704 851 2732 sit
865 2703 990 2731 maxima
1002 2703 1150 2732 virtutum.
1230 2712 1247 2728 ι
1273 2701 1329 2739 387

348 2758 364 2776 2
445 2755 476 2775 rv
516 2746 619 2773 Utrum
630 2745 659 2772 in
669 2744 806 2772 omnibus
816 2743 851 2771 sit
866 2744 929 2771 Deo
944 2742 1149 2771 obediendum.
1231 2752 1246 2767 ›
1273 2742 1327 2770 388

347 2797 364 2816 ι
445 2795 465 2815 v
513 2786 616 2814 Utrum
637 2783 744 2812 subditi
763 2789 914 2811 teneantur
934 2782 992 2810 suis
1019 2782 1149 2819 superio·
1356 2790 1358 2808 ε

366 2848 370 2851 .
545 2825 625 2853 ribus
646 2824 676 2852 in
705 2823 842 2851 omnibus
870 2822 988 2850 obedire
991 2843 1146 2851 ......
1230 2830 1246 2847 ι
1272 2821 1327 2858 389

347 2877 364 2894 ι
445 2874 476 2894 vr
516 2865 620 2894 Utrum
631 2863 785 2892 Christiani
796 2869 947 2890 teneantur
957 2861 1150 2890 saecularibus

547 2903 738 2941 potestatibus
752 2899 869 2930 obedire
873 2922 1147 2930 ..........
1232 2911 1246 2926 x·
1271 2900 1323 2937 391

509 2976 702 3012 QUAESTIO
723 2974 1088 3008 CENTESIMAQUINTA

646 3051 694 3080 De
707 3049 949 3079 inobedientia.

267 3133 431 3158 numus
445 3133 456 3153 1
515 3125 618 3152 Utrum
640 3122 836 3151 inobedientia
856 3120 892 3149 sit
905 3127 1055 3158 peccatum
1070 3129 1148 3148 mor-

350 3216 366 3232 ,
447 3213 470 3233 Π
517 3163 620 3232 υζῖἓ.
629 3181 1149 3237 1111111111,1111111111,’ρῷ
1229 3168 1245 3185 ’
1272 3158 1325 3195 ³⁹³

546 3249 643 3271 catum
665 3260 1147 3270 .................
1230 3248 1246 3264 »
1272 3238 1328 3274 394

517 3321 709 3358 QUAESTIO
738 3319 1080 3349 CENTESIMASEXTA

536 3404 586 3433 De
608 3402 723 3439 gratia
743 3402 820 3432 sive
840 3399 1060 3437 gratitudine.
1099 3428 1102 3431 Δ

515 3483 619 3511 Utrum
648 3481 738 3519 gratia
767 3481 803 3509 sit
831 3480 919 3508 virtus
949 3478 1079 3516 specialis
1113 3478 1149 3506 ab
1198 3500 1201 3507 „

268 3491 432 3514 numus
444 3492 456 3512 1

367 3537 370 3539 *
548 3522 611 3550 aliis
631 3521 763 3549 distincta
783 3539 1149 3549 .............

1231 3493 1358 3552 »3961

2361 224 2438 271 493

1382 308 1545 328 Aercums
1564 309 1586 328 11
1634 300 1847 337 Utrum-magis
1867 307 1998 329 teneatur
2017 301 2054 328 ad
2074 299 2177 338 gratias
2197 301 2263 328 red-

1661 340 1769 368 dendas
1779 341 1841 368 Deo
1853 340 1993 368 innocens
2004 349 2091 376 quarn
2103 339 2263 376 poenitens.
2282 348 2354 378 pag.
2385 340 2440 377 397

1464 390 1479 405 ι
1560 387 1592 407 111
1632 380 1735 407 Utrum
1763 380 1853 407 homo
1882 386 2013 408 teneatur
2039 380 2078 407 ad
2107 378 2263 416 gratiamm

1659 419 1787 447 actiones
1809 419 1890 447 omni
1903 419 2015 447 homini
2036 418 2233 447 benefacienti.
2255 439 2262 446 .
2344 428 2360 444 »
2382 427 2441 453 400

1462 467 1478 484 »
1560 466 1590 486 1v
1628 458 1731 486 Utrum
1753 459 1844 486 homo
1865 459 1968 487 debeat
1981 458 2076 486 statim
2089 457 2263 487 beneficium

1658 506 1880 534 recompensare
1896 517 2261 526 .............
2346 507 2360 522 x
2381 505 2436 531 401

1462 547 1478 563 »
1559 546 1579 564 v
1627 537 1728 565 Utrum
1751 537 1958 565 beneficiorum
1975 537 2205 573 recompensatio
2226 536 2263 564 sit

1658 577 1834 605 attendenda
1848 578 2005 605 secundum
2022 576 2156 605 affectum
2172 577 2260 605 bene-

1658 615 1788 651 ficiantis,
1810 625 1848 644 an
1869 617 2028 644 secundum
2056 615 2198 644 effectum.
2221 637 2228 644 .
2251 636 2257 643 .
2342 625 2357 640 ²
2381 621 2439 649 402

1462 665 1477 680 ›
1559 664 1590 683 Vl
1630 656 1731 700 Utrum
1747 662 1879 692 oporteat
1893 656 2019 700 aliquem
2041 656 2104 692 plus
2126 655 2258 699 exhibere

1654 704 1683 722 m
1705 701 1971 731 recompensatione
1991 704 2078 732 quam
2100 700 2256 730 susceperit

1655 734 1685 762 in
1705 734 1845 763 beneficio
1862 753 2252 763 ..............
2334 742 2350 760 ›
2373 733 2430 768 403

1608 802 1800 836 QUAESTIO
1821 800 2202 829 CENTESIMASEFTIMA

1743 867 1793 896 De
1813 866 2066 903 ingratitudine.

1384 946 1547 967 Διὶ-11001115
1560 946 1571 965 1
1630 939 1732 966 Utrum
1743 937 1915 974 ingratitudo
1927 946 2040 973 semper
2054 936 2089 964 sit
2102 919 2261 973 peccatum.
2343 946 2358 962 ι
2381 945 2441 971 404

1562 986 1583 1005 11
1633 978 1735 1005 Utrum
1757 977 1932 1013 ingratitudo
1955 976 1990 1004 sit
2011 976 2133 1012 speciale
2162 985 2262 1012 pecca-

1661 1023 1723 1044 tum
1735 1036 2259 1045 ..................
2343 1024 2359 1041 2
2379 1014 2438 1050 405

1464 1065 1480 1082 »
1561 1065 1594 1084 111
1633 1056 1735 1084 Utrum
1756 1055 1931 1092 ingratitudo
1958 1064 2072 1108 semper
2098 1054 2135 1083 sit
2161 1063 2261 1090 pecca-

1658 1102 1720 1123 tum
1742 1095 1863 1122 mortale
1866 1115 2260 1122 ..............
2338 1103 2357 1119 2
2399 1093 2439 1121 ib.

1463 1145 1479 1162 v
1562 1143 1592 1162 1v
1632 1136 1733 1163 Utrum
1756 1134 1873 1171 ingratis
1901 1133 1958 1161 sint
1983 1133 2124 1161 beneficia
2150 1134 2261 1161 subtra-

1661 1174 1757 1220 henda
1759 1193 2260 1202 ..................
2343 1181 2359 1198 ι
2381 1171 2439 1206 408

1623 1239 1815 1274 QUAESTIO
1826 1238 2203 1267 CENTESIMAOCTAVA

1753 1306 1802 1336 De
1827 1304 2067 1335 vindicatione

1382 1388 1546 1410 ⁴urrlcums
1559 1387 1571 1407 1
1630 1379 1733 1406 Utrum
1754 1376 1908 1405 vindicatio
1937 1376 1973 1404 sit
1999 1376 2075 1404 licita
2077 1397 2261 1405 .......
2344 1387 2360 1403 ι
2381 1364 2440 1412 4ίο

1465 1430 1482 1446 ι
1563 1427 1585 1446 11
1630 1418 1731 1446 Utrum
1753 1416 1908 1444 vindicatio
1929 1416 1964 1444 sit
1979 1415 2108 1453 specialis
2122 1415 2211 1444 virtus
2225 1416 2262 1444 ab
2337 1448 2340 1451 ¹

1661 1456 1723 1485 aliis
1733 1455 1866 1484 distincta
1868 1476 2261 1485 ..............
2342 1465 2358 1481 »
2380 1465 2435 1491 411

1463 1508 1479 1524 »
1559 1505 1592 1525 m
1630 1497 1734 1524 Utrum
1748 1494 1902 1523 vindicatio
1924 1496 2026 1523 debeat
2046 1494 2107 1523 fieri
2121 1504 2172 1532 per
2192 1504 2262 1531 poe-

1659 1536 1712 1564 nas
1732 1535 1810 1571 apud
1831 1534 1964 1563 homines
1981 1541 2132 1563 consuetas
2135 1555 2260 1563 .....
2342 1544 2358 1560 ι
2380 1541 2439 1570 412

1462 1586 1477 1602 s
1559 1584 1590 1604 tv
1629 1575 1731 1604 Utrum
1746 1575 1871 1603 vindicta
1885 1574 1919 1603 sit
1933 1574 2090 1602 exercenda
2104 1573 2134 1602 in
2148 1584 2198 1603 eos
2213 1574 2266 1611 qui'

1661 1614 1852 1642 involuntarie
1866 1621 2056 1650 peccaverunt
2077 1635 2261 1642 .......
2342 1623 2358 1639 ι
2381 1614 2438 1648 413

1641 1679 1833 1714 QUAESTIO
1858 1679 2182 1707 CENTESIMANONA

1799 1748 1848 1776 De
1867 1746 2027 1776 veritate.

1354 1802 1355 1816 ἵ
1381 1823 1546 1847 navemus
1559 1823 1570 1843 1
1629 1814 1731 1842 Utrum
1752 1812 1856 1840 veritas
1876 1812 1911 1840 sit
1929 1811 2016 1839 virtus
2020 1833 2262 1840 .........
2344 1821 2360 1837 ι
2381 1811 2440 1846 416

1463 1867 1479 1883 2
1559 1862 1582 1886 11
1632 1854 1734 1882 Utrum
1762 1851 1866 1880 veritas
1891 1851 1928 1879 sit
1951 1851 2080 1888 specialis
2106 1850 2202 1879 virtus.
2226 1873 2233 1879 .
2255 1873 2262 1879 .
2342 1860 2359 1878 ι
2382 1859 2440 1886 417

1465 1906 1479 1922 ι
1560 1902 1594 1922 111
1633 1894 1735 1922 Utrum
1757 1892 1859 1920 veritas
1887 1891 1922 1919 sit
1949 1900 2015 1928 pars
2042 1890 2174 1919 iustitiae.
2198 1912 2204 1919 .
2226 1911 2234 1920 .
2256 1912 2264 1920 .
2344 1899 2360 1917 ι
2382 1890 2440 1925 418

1463 1945 1480 1962 ι
1561 1942 1592 1962 rv
1631 1934 1735 1962 Utrum
1743 1932 1833 1961 virtus
1842 1931 1967 1960 veritatis
1978 1930 2101 1959 declinet
2114 1930 2144 1959 in
2158 1930 2263 1960 minus.
2344 1939 2360 1956 ι
2382 1939 2440 1966 419

1621 2011 1813 2048 QUAEsrlo
1840 1990 2202 2039 CENTESIMADECIMA

1649 2087 1698 2116 De
1718 2085 1813 2115 vitiis
1834 2084 2006 2121 oppositis
2026 2083 2177 2114 veritati.

1383 2167 1549 2190 sanemus
1562 2168 1573 2187 1
1631 2158 1734 2201 Utmm
1755 2155 1938 2201 mendacium
1959 2163 2073 2190 semper
2099 2160 2264 2191 opponatur

1661 2202 1772 2224 veritati
1779 2215 2262 2223 .................
2343 2203 2360 2219 »
2381 2200 2436 2228 421

1465 2251 1480 2266 »
1536 2247 1584 2266 ’Π
1632 2238 1733 2265 Utrum
1746 2234 1930 2263 mendacium
1939 2232 2264 2262 sufficienterdividatur

1662 2285 1713 2313 per
1735 2274 1917 2303 mendacium
1939 2272 2114 2309 officiosum,
2131 2273 2263 2301 iocosum

1662 2323 1690 2344 et
1703 2314 1896 2352 perniciosum
1900 2333 2262 2342 .............
2346 2322 2361 2338 »
2382 2312 2439 2347 423

1465 2369 1480 2385 ι
1562 2365 1595 2386 111
1634 2357 1736 2384 Utrum
1751 2363 1838 2382 omne
1858 2353 2042 2382 mendacium
2056 2353 2092 2381 sit
2105 2359 2263 2389 peccatum.
2344 2361 2361 2387 ἢ
2383 2359 2443 2387 424

1466 2409 1481 2424 »
1563 2405 1594 2424 1v
1632 2396 1734 2424 Utrum
1756 2403 1843 2422 omne
1865 2393 2047 2422 mendacium
2061 2392 2097 2421 sit
2114 2398 2263 2429 peccatum

1664 2434 1785 2463 mortale
1808 2453 2263 2462 ................
2346 2440 2361 2456 2
2383 2431 2442 2466 426

1597 2513 1790 2550 QUAESTIO
1816 2496 2232 2540 CENTE51mAUNDE01MA

1588 2623 1590 2627 ¹
1635 2588 1687 2618 De
1713 2587 1931 2616 simulatione
1951 2586 1987 2615 et
2006 2585 2193 2622 hypocrisi.

1385 2659 1549 2696 anemius
1562 2669 1575 2689 1
1633 2661 1735 2688 Utrum
1757 2658 1852 2687 omnis
1879 2657 2024 2686 simulatio
2046 2657 2081 2685 sit
2105 2664 2263 2694 peccatum.
2347 2668 2362 2683 »
2383 2664 2442 2693 429

1465 2712 1482 2729 »
1563 2709 1585 2729 11
1630 2701 1732 2728 Utrum
1754 2698 1912 2735 hypocrisis
1933 2698 1968 2725 sit
1982 2697 2058 2725 idem
2074 2698 2154 2734 quod
2175 2696 2264 2724 simu-

1663 2739 1732 2767 latio
1747 2757 2262 2766 ..................
2346 2746 2362 2762 »
2382 2735 2442 2770 430

1465 2792 1480 2808 ι
1562 2788 1595 2808 m
1634 2780 1737 2807 Utrum
1758 2777 1916 2814 hypocrisis
1930 2783 2095 2814 opponatur
2108 2775 2202 2803 virtuti
2215 2784 2263 2803 ve-

1663 2818 1753 2846 ritatis
1779 2836 2261 2846 .................
2345 2825 2361 2842 )
2382 2815 2437 2850 431

1466 2871 1481 2887 2
1563 2867 1594 2886 1v
1634 2859 1736 2886 Utrum
1758 2856 1917 2893 hypocrisis
1938 2865 2051 2892 semper
2065 2855 2100 2883 sit
2113 2861 2264 2891 peccatum

1662 2897 1784 2925 mortale
1803 2915 2262 2924 ................
2344 2904 2360 2920 »
2382 2893 2441 2929 432

1583 2975 1775 3016 QUAESTIO
1801 2972 2246 3002 CENTESIMADUODECIMA

1788 3042 1838 3071 De
1859 3040 2037 3070 iactantia.

1383 3117 1547 3140 nummus
1561 3117 1573 3137 1
1631 3108 1734 3136 Utru'm
1754 3105 1887 3135 iactantia
1908 3111 2074 3141 opponatur
2100 3103 2196 3131 virtuti
2216 3112 2264 3131 ve-

1661 3146 1752 3175 ritatis
1774 3163 2262 3174 .................
2344 3151 2360 3168 »
2382 3141 2443 3177 434

1464 3199 1480 3215 ι
1561 3196 1583 3216 11
1629 3187 1732 3215 Utrum
1753 3185 1887 3214 iactantia
1907 3184 1943 3212 sit
1963 3190 2112 3220 peccatum
2133 3182 2262 3210 mortale.
2344 3191 2360 3207 ι
2382 3181 2439 3216 435

1555 3260 1746 3298 QUAESTIO
1768 3256 2273 3287 CENTESIMADECIMATERTIA

1818 3326 1867 3355 De
1884 3324 2004 3354 ironia.

1383 3403 1546 3425 Alimentus
1559 3403 1570 3423 1
1630 3394 1732 3422 Utrum
1742 3391 1844 3426 ironia,
1859 3399 1910 3428 per
1923 3399 2010 3427 quam
2025 3389 2128 3426 aliquis
2148 3388 2262 3417 minora

1663 3434 1699 3460 de
1720 3441 1750 3460 se
1773 3431 1862 3468 fingit,
1891 3430 1926 3460 sit
1953 3436 2102 3467 peccatum
2106 3449 2261 3457 ......
2342 3437 2358 3454 ι
2381 3427 2439 3464 437

1464 3485 1480 3501 1»
1562 3482 1583 3502 11
1630 3473 1733 3501 Utrum
1746 3471 1840 3499 ironia
1854 3470 1889 3499 sit
1903 3470 1998 3498 minus
2012 3476 2160 3506 peccatum
2175 3477 2263 3506 quam

1664 3511 1798 3540 iactantia
1807 3529 2262 3539 ................
2342 3515 2359 3533 ι
2381 3506 2439 3541 438
