2860 4244
123 1465 135 1477 ·
149 1465 187 1488 cr.
200 1469 266 1487 mm.
278 1455 303 1487 ἰ

121 1551 135 1588 ξ
149 1551 217 1575 Van·
230 1556 248 1579 ι,
262 1556 283 1573 a.

122 1640 215 1664 ‘vu-s.
227 1646 251 1668 7.

123 1945 337 2052 5352&

1025 238 1292 284 QUAESTIO
1321 240 1475 287 LXVII,
1504 241 1800 279 ARTICULUS
1830 243 1861 278 11

2481 256 2530 291 99

361 327 476 365 quam
505 314 585 364 ipse
614 316 826 364 cognoscit,
855 329 934 353 non
963 316 1172 353 secundum
1209 318 1284 353 hoc
1311 318 1415 366 quod
1442 318 1444 363 l
1469 319 1659 356 evidentia
1685 320 1771 356 facti
1799 320 2046 357 convincitur.
2077 321 2115 357 Si
2143 329 2270 358 autem
2304 321 2349 358 sit
2376 321 2532 358 manife-

327 414 331 419 “
361 369 408 405 ab
437 367 516 405 aliis
544 369 690 418 accipit.
719 370 768 406 Et
795 370 930 407 eadem
958 368 1052 406 ratio
1081 376 1137 405 est
1169 369 1215 406 de
1245 370 1415 418 Christo,

362 486 424 511 ces
443 486 522 511 non
540 475 707 512 iudicant
733 475 944 513 secundum
960 475 1158 534 propriam
1179 483 1417 523 potestatem.

361 527 411 564 Et
437 527 525 564 ideo
553 540 632 565 non
659 535 716 564 est
743 528 874 565 similis
902 527 1008 565 ratio.

360 632 399 669 in
428 645 515 669 casu
554 633 708 682 quando
737 633 878 681 aliquid
896 645 985 672 non
1020 634 1146 670 solum
1177 642 1231 671 est
1263 634 1420 671 manife-

361 693 460 722 stum
490 685 614 731 iudici,
635 685 701 722 sed
726 685 796 723 sibi
825 693 860 723 et
888 685 980 734 aliis,
1000 685 1050 723 ita
1077 687 1182 735 quod
1202 700 1288 724 reus
1316 687 1420 724 nullo

361 738 479 774 modo
509 738 651 775 crimen
671 738 818 776 infitiari
847 737 1015 788 potestl‘,
1036 739 1102 777 sed
1123 739 1247 777 statim
1277 753 1322 777 ex
1340 740 1450 788 ipsa

414 867 439 901 β)
453 871 553 900 potest.
567 883 584 887 -
604 871 633 893 ut
651 869 677 893 in
698 869 811 895 notoriis
830 870 926 895 addunt
944 870 991 895 Pa.

360 903 560 972 om.-f}‚(1'3udicii.
579 918 597 923 -
616 904 712 930 iudicis
738 905 790 934 ΡΙ),
815 905 948 931 iudicialis
970 906 1005 935 E,
1030 905 1112 931 iudici
1134 906 1176 930 Ha
1183 913 1192 934 ‚·
1215 908 1305 930 tunc...
1330 903 1423 929 iudicii

1471 379 1570 409 stum
1599 372 1712 409 iudici
1741 380 1777 409 et
1805 385 1883 410 non
1911 373 2007 421 aliis,
2027 374 2088 410 vel
2117 373 2197 410 aliis
2228 381 2263 410 et
2292 385 2371 411 non
2398 373 2531 421 iudi'ci,

361 421 426 469 qui
455 429 511 458 est
541 434 656 459 verus
694 423 799 459 Deus
828 429 863 459 et
889 423 1021 460 homo.
1051 421 1125 458 Alii
1162 430 1287 460 autem
1325 423 1417 460 iudi·
1443 426 1445 430 ’

1471 433 1561 461 tunc
1590 433 1644 461 est
1672 426 1883 463 necessaria
1911 426 2036 464 iudicii
2056 431 2073 453 Ὺ
2102 426 2297 464 discussio.

1525 479 1584 513 An
1613 489 1785 520 QUAR‘rum
1805 490 1988 526 mensuum
2017 480 2122 527 quod
2149 479 2268 516 homo
2288 478 2328 516 in
2354 478 2413 516 his
2435 491 2531 527 quae

1445 569 1446 572 Ἰ
1473 529 1520 566 ad
1541 530 1734 589 propriam
1755 543 1960 579 personam
1980 532 2177 580 pertinent,
2198 532 2310 569 debet
2328 531 2531 569 informare

414 582 473 616 An
500 591 659 617 TER‘HUM
687 591 870 618 mcennun
898 581 1000 629 quod
1020 582 1227 629 Apostolus
1255 581 1420 630 loquitur
1446 622 1447 632 γ

1474 582 1743 619 conscientiam
1781 596 1890 620 suam
1920 596 1965 620 ex
1991 585 2147 633 propria
2183 585 2350 621 scientia.
2390 585 2474 621 Sed·
2495 585 2531 621 in

1474 634 1531 670 his
1560 646 1657 682 quae
1685 635 1872 683 pertinent
1900 637 1947 674 ad
1975 638 2166 696 publicam
2196 645 2437 686 potestatem,
2468 637 2531 674 de-

1446 697 1448 736 f
1474 687 1538 723 bet
1565 687 1772 724 informare
1792 689 2062 727 conscientiam
2087 703 2196 727 suam
2215 688 2228 712 ὅ
2256 691 2467 728 secundum
2489 702 2532 727 ea

1476 751 1574 788 quae
1601 739 1639 776 in
1667 740 1818 788 publico
1847 741 1985 779 iudicio
2014 742 2098 780 sciri
2126 751 2285 792 possunt
2301 748 2326 789 ι,
2347 751 2417 780 etc.

1527 868 1552 901 δ)
1571 876 1656 894 suam.
1669 882 1688 889 ·-
1706 870 1805 895 scilicet
1823 870 2010 902 ABOEFl-lxx,
2028 872 2076 896 sed
2093 872 2111 902 Ι,
2131 879 2184 896 om.
2203 871 2259 896 DG.

1527 904 1549 937 ε)
1568 904 1632 929 sciri
1646 908 1768 936 possunt.
1780 918 1799 923 —-
1810 905 1872 930 Om.
1890 907 1939 938 pA,
1952 906 2057 931 audivit
2075 908 2120 931 sA.
2132 920 2152 926 -
2169 907 2220 931 Pro
2238 911 2296 937 etc„
2315 910 2341 932 et
2359 914 2391 932 ea
2409 908 2483 940 sequi
2501 907 2535 938 G,

1473 947 1528 965 om.
1546 940 1658 971 ADHpL
1678 945 1704 964 et
1721 947 1748 965 a.

1022 1027 1355 1060 commentaria
1377 1025 1628 1059 Oardjnalis
1651 1027 1851 1060 Caietani

364 1117 411 1179 Iu
439 1107 572 1138 articulo
603 1108 744 1137 secundo
767 1107 910 1137 eiusdem
932 1106 1296 1147 sexagesimaeseptimae
1323 1115 1419 1146 quae·

1445 1105 1447 1110 '
1472 1107 1513 1136 ad
1536 1116 1603 1137 non
1630 1108 1830 1147 sequendum
1853 1107 1937 1148 leges
1962 1109 2092 1148 scriptas
2115 1110 2292 1139 secundum
2316 1120 2396 1150 quas
2419 1117 2466 1140 est
2488 1119 2534 1140 se-

392 1151 504 1182 stionis
527 1151 662 1181 dubium
681 1151 818 1181 occurrit
840 1150 1018 1181 multorum
1041 1151 1081 1181 de
1097 1150 1301 1181 conclusione
1323 1150 1420 1181 huius
1444 1156 1446 1182 l
1473 1151 1616 1181 cundum
1632 1151 1764 1191 allegata
1787 1159 1818 1182 et
1840 1153 1972 1191 probata
1987 1152 2210 1183 iudicandum:
2234 1153 2388 1193 quoniam
2411 1153 2473 1184 hoc
2489 1161 2535 1184 est

360 1194 483 1226 articuli
498 1195 726 1230 dubitantium
742 1194 792 1224 vel
808 1194 980 1225 dicentium
996 1203 1067 1224 eam
1082 1204 1150 1225 esse
1165 1194 1286 1230 falsam,
1304 1201 1334 1225 et
1349 1204 1420 1234 pec-

360 1248 429 1270 care
453 1238 627 1269 mortaliter
645 1238 847 1275 iudicantem,
870 1239 1046 1269 secundum
1070 1239 1202 1279 allegata
1225 1245 1255 1269 et
1277 1239 1419 1278 probata,

361 1282 655 1314 contra-veritatem
678 1291 776 1323 quam
799 1282 889 1313 novit
911 1289 947 1314 ut
969 1283 1089 1323 privata
1112 1293 1257 1323 persona.
1285 1282 1326 1313 Et
1349 1283 1421 1314 licet

359 1327 497 1358 rationes
520 1336 633 1358 eorum
656 1326 835 1357 coincidunt
858 1336 932 1357 cum
946 1327 1014 1358 istis
1037 1337 1116 1367 quas
1132 1330 1254 1358 Auctor
1268 1326 1302 1356 in
1319 1326 1420 1358 littera

360 1370 464 1407 solvit,
489 1380 547 1411 pro
571 1371 708 1402 claritate
731 1378 837 1402 tamen
860 1371 973 1402 maiori
996 1371 1173 1402 tractandae
1192 1378 1276 1409 sunt,
1297 1377 1333 1401 ut
1355 1381 1420 1402 ma-

355 1415 484 1447 iterim
501 1414 603 1445 littera
621 1415 733 1445 clarior
748 1414 812 1446 fiat.
836 1415 982 1446 Afferunt
995 1415 1092 1455 igitur
1106 1416 1250 1456 quinque
1266 1415 1305 1445 ad
1325 1425 1421 1446 suum
1446 1439 1448 1462 j

361 1459 566 1500 propositum
589 1459 822 1490 ostendendum
836 1459 864 1489 *.

417 1504 541 1541 Primo,
566 1503 642 1544 quia
669 1503 807 1534 iudicare
836 1509 945 1537 contra
967 1503 1130 1533 veritatem
1160 1510 1207 1533 est
1235 1509 1344 1533 contra
1370 1503 1420 1533 ius

362 1547 519 1584 naturale3
535 1554 575 1578 ‘et
597 1554 706 1578 contra
723 1547 773 1577 ius
792 1547 946 1583 divinum,
969 1547 1074 1577 Exod.
1090 1557 1164 1577 xxm
1177 1546 1207 1577 *ε
1235 1547 1305 1577 Non
1321 1548 1419 1578 susci-

356 1593 430 1632 pies
456 1601 562 1622 vocem
586 1591 742 1622 mendacii
749 1599 761 1628 ;
793 1600 894 1631 neque
921 1592 953 1621 in
978 1591 1094 1622 iudicio
1118 1591 1337 1631 plurimorum
1368 1601 1420 1621 ac-

361 1637 504 1677 quiesces
525 1636 701 1666 sententiae
718 1640 754 1665 ut
771 1644 792 1665 a
808 1636 943 1666 veritate
956 1635 1064 1666 devies
1070 1643 1082 1672 ;
1105 1642 1136 1666 et
1154 1634 1342 1666 subditur*:
1367 1635 1422 1665 In·
1447 1640 1448 1643 ’

363 1685 526 1712 nocentem
550 1685 580 1710 et
603 1681 720 1710 iustum
746 1689 809 1709 non
833 1679 965 1710 occides.

417 1723 579 1761 Secundo,
604 1723 679 1765 quia
701 1723 809 1759 Extra,
832 1723 872 1754 de
886 1723 1022 1764 Regalis
1041 1723 1139 1760 Iuris,
1165 1733 1234 1763 cap.
1254 1723 1420 1760 Quiscan-

361 1768 569 1809 daliqaverit,
595 1767 725 1798 dicitur:
762 1767 879 1798 Utilius
900 1766 1089 1799 scandalum
1114 1768 1203 1798 nasci
1220 1768 1422 1807 permittitur

361 1822 456 1853 quam
481 1813 600 1843 veritas
621 1812 800 1843 deseratur.
825 1812 908 1842 Hinc
929 1811 1015 1842 enim
1037 1818 1123 1852 patet
1145 1812 1235 1852 quod
1251 1811 1359 1842 utilius
1375 1818 1421 1842 est

361 1857 542 1908 permittere
565 1863 601 1887 ut
623 1855 872 1887 scandalizentur
895 1863 981 1887 actor
1004 1862 1035 1886 et
1056 1856 1140 1886 cives
1162 1866 1199 1886 ex
1215 1862 1326 1896 negata
1350 1866 1421 1886 sen-

361 1901 459 1932 tentia
481 1907 590 1932 contra
612 1900 784 1936 veritatem,
809 1909 907 1950 quam
929 1900 1092 1931 veritatem
1115 1900 1266 1931 deserere.

422 1946 547 1982 Tertio,
572 1944 647 1985 quia
669 1944 846 1974 secundum
874 1944 980 1974 iura*

355 2043 419 2074 per
444 2034 586 2074 gratiam
616 2038 675 2063 aut
695 2032 806 2064 sordes
829 2033 954 2063 testium
979 2033 1132 2063 iudicare.
1164 2033 1211 2063 Ex
1242 2033 1305 2063 hoc
1335 2033 1421 2063 enim

360 2077 494 2108 habetur
517 2077 606 2118 quod
629 2086 694 2107 non
718 2087 774 2117 per
789 2077 896 2108 sordes
919 2076 1072 2107 falsorum
1095 2077 1234 2119 testium,
1259 2083 1289 2107 et
1313 2084 1422 2108 contra

361 2121 524 2162 propriam
547 2121 772 2152 conscientiam
794 2128 825 2151 et
848 2121 999 2152 iustitiam
1025 2127 1056 2151 et
1078 2120 1191 2151 interni
1216 2121 1328 2152 iudicis
1350 2131 1421 2152 sen-

360 2165 493 2196 tentiam
507 2164 646 2196 iudicare
661 2165 762 2202 debet,
776 2172 812 2196 ut
827 2164 941 2196 faceret
955 2165 1125 2195 iudicando
1139 2171 1247 2196 contra
1258 2165 1422 2196 veritatem

361 2216 481 2240 notam.

362 2297 576 2337 subterfugere
599 2296 632 2327 in
655 2295 797 2327 favorem
818 2297 966 2327 veritatis.
999 2297 1040 2327 Et
1062 2297 1087 2327 si
1111 2297 1199 2328 aliter
1228 2307 1293 2327 non
1318 2304 1423 2337 potest

361 2341 500 2378 evadere,
526 2341 619 2371 debet
641 2341 748 2382 potius
772 2340 877 2371 officio
901 2341 1090 2371 renuntiare.

419 2385 550 2422 Quinto,
575 2385 650 2426 quia
673 2385 742 2415 iura
765 2394 830 2415 non
851 2392 969 2425 cogunt
991 2385 1129 2416 iudicem
1153 2386 1191 2415 ad
1215 2385 1422 2416 iudicandum
1447 2378 1449 2399 ²

361 2429 538 2460 secundum
561 2429 693 2468 allegata
716 2435 747 2459 et
769 2429 916 2468 probata,
941 2429 995 2458 sed
1019 2429 1059 2458 ad
1081 2429 1286 2459 iudicandum
1309 2439 1421 2460 secun-

325 2495 334 2505 ,
360 2473 436 2504 dum
461 2474 550 2514 leges
572 2478 603 2503 et
625 2474 699 2503 iura
714 2472 740 2503 *.
769 2473 879 2508 Modo,
904 2473 988 2503 aliud
1013 2479 1059 2503 est
1081 2473 1220 2503 iudicare
1244 2474 1420 2504 secundum

327 2519 334 2526 ”
361 2517 445 2558 leges
468 2524 499 2548 et
521 2517 598 2553 iura,
623 2524 653 2548 et
675 2516 762 2547 aliud
784 2517 963 2547 secundum
978 2517 1109 2556 allegata
1125 2523 1155 2547 et
1174 2517 1319 2557 probata:
1344 2518 1420 2558 quia

360 2561 444 2601 leges
468 2568 498 2592 et
519 2561 588 2591 iura
610 2561 724 2591 volunt
747 2567 782 2591 ut
805 2561 979 2601 unicuique
1001 2561 1051 2591 ius
1070 2571 1166 2591 suurn
1189 2561 1353 2598 reddatur;
1379 2562 1421 2592 al-

361 2649 412 2680 vel
435 2650 653 2680 membrorum
676 2649 726 2679 vel
749 2658 855 2679 rerum
877 2649 1038 2679 innocenti
1061 2649 1230 2680 auferatur.
1258 2667 1279 2672 -
1302 2650 1343 2680 Et
1365 2659 1422 2690 per

361 2693 423 2724 hoc
451 2693 583 2724 solvitur
605 2692 684 2724 ratio
707 2693 838 2728 litterae,
862 2693 992 2724 fundata
1016 2703 1110 2733 super
1133 2693 1195 2724 hoc
1217 2694 1305 2734 quod
1330 2694 1422 2724 debet

360 2737 455 2768 iudex
477 2737 654 2768 secundum
677 2737 761 2777 leges
784 2736 941 2767 iudicares

416 2781 552 2811 Additur
575 2788 606 2812 et
620 2781 668 2811 his
683 2786 820 2818 sextum,
842 2781 1023 2811 roborando
1046 2781 1175 2811 tertium
1198 2788 1422 2821 argumentum
1447 2811 1448 2814 ,

360 2825 496 2861 litterae,
520 2825 574 2855 sic.
604 2825 690 2855 Finis
713 2831 744 2855 et
766 2824 909 2855 medium
932 2825 1115 2855 ordinatum
1138 2825 1178 2854 ad
1200 2824 1297 2855 finem
1321 2826 1364 2855 sic
1387 2836 1420 2856 se

361 2869 478 2899 habent
500 2869 604 2909 quod,
629 2868 654 2898 si
679 2868 782 2899 media
813 2869 934 2899 ducunt
963 2869 1002 2898 ad
1026 2868 1219 2899 contrarium
1242 2868 1329 2903 finis,
1355 2879 1420 2899 non

1446 1674 1448 1714 f
1473 1679 1618 1719 superius
1638 1679 1671 1709 in
1690 1689 1744 1720 qu.
1761 1689 1841 1716 thv,
1859 1686 1915 1710 art.
1934 1681 1964 1716 6,
1982 1681 2020 1710 ad
2041 1681 2073 1716 3;

1472 1194 1504 1224 in
1528 1194 1670 1225 favorem
1692 1195 1902 1232 innocentiae,
1927 1203 1958 1227 et
1980 1195 2051 1226 finis
2073 1197 2174 1236 ipsius
2195 1197 2283 1227 iuris.

1527 1239 1680 1279 Arguitur
1697 1245 1872 1279 postremo,
1897 1240 1973 1281 quia
1997 1247 2090 1271 testes
2114 1250 2171 1281 per
2193 1251 2275 1281 quos
2299 1249 2408 1272 contra
2423 1241 2535 1272 verita—

1473 1290 1538 1314 tem
1561 1283 1713 1314 innocens
1737 1283 1901 1315 convictus
1925 1284 2124 1315 damnandus
2148 1292 2208 1321 est,
2233 1286 2365 1316 veniunt
2388 1286 2419 1315 in
2444 1287 2535 1316 vesti-

1474 1329 1589 1358 mentis
1611 1329 1729 1365 ovium,
1752 1333 1783 1358 et
1805 1329 1998 1359 intrinsecus
2019 1334 2096 1359 sunt
2117 1330 2186 1369 lupi
2203 1339 2338 1370 rapaces
2360 1339 2467 1359 rerum
2487 1330 2535 1359 vel

1472 1371 1565 1402 vitae.
1603 1374 1650 1402 Ac
1675 1382 1731 1412 per
1757 1372 1835 1408 hoc,
1860 1372 1886 1402 si
1916 1372 2010 1403 iudex
2040 1379 2142 1404 certus
2172 1374 2211 1404 de
2238 1373 2419 1404 innocentia
2450 1374 2536 1404 iuxta

1473 1425 1586 1445 eorum
1609 1415 1691 1446 dicta
1713 1416 1845 1452 iudicat,
1871 1416 2012 1447 minister
2034 1423 2081 1448 est
2110 1417 2345 1448 homicidarum
2367 1424 2422 1448 aut
2445 1427 2534 1457 prae-

1473 1460 1607 1490 donum.
1632 1460 1673 1490 Et
1694 1459 1739 1490 sic
1761 1470 1826 1490 non
1852 1467 2026 1497 excusatur,
2050 1461 2144 1492 etiarn
2163 1461 2189 1491 si
2212 1471 2269 1501 per
2283 1461 2381 1492 alium
2395 1462 2535 1492 iudicem

1473 1503 1607 1537 omnino
1631 1504 1843 1534 damnaretur.
1867 1504 2027 1544 Scriptum
2051 1512 2097 1535 est
2120 1505 2206 1535 enirn
2221 1503 2253 1535 *2
2277 1506 2414 1536 Necesse
2433 1510 2479 1536 est
2500 1511 2535 1536 ut

1474 1548 1604 1578 veniant
1625 1547 1801 1578 scandala:
1831 1554 2040 1579 veruntamen
2065 1559 2125 1579 vae
2143 1550 2263 1580 homini
2292 1550 2340 1580 illi
2357 1559 2420 1590 per
2442 1559 2534 1590 quem

1472 1591 1663 1622 scandalum
1689 1592 1784 1622 uenit.

1528 1635 1569 1665 Et
1591 1635 1746 1676 quoniam
1769 1636 1809 1665 ad
1832 1635 1918 1666 hunc
1941 1636 2052 1666 locum
2073 1637 2203 1667 remissa
2222 1644 2269 1667 est
2291 1637 2436 1677 quaestio
2459 1637 2535 1668 haec

2098 1681 2181 1717 ideo,
2206 1688 2241 1712 ut
2261 1681 2459 1721 compleatur
2475 1681 2535 1711 dis-

1473 1723 1596 1759 cussio,
1621 1723 1762 1763 arguitur
1785 1723 1880 1754 etiam
1903 1734 1921 1754 a
1943 1724 2137 1764 quibusdam
2161 1731 2269 1755 contra
2291 1725 2335 1755 ibi
2359 1724 2455 1761 dicta,
2479 1725 2536 1756 sci-

1471 1767 1545 1798 licet
1574 1768 1663 1808 quod
1687 1767 1720 1798 in
1743 1768 1806 1798 hoc
1829 1777 1902 1798 casu
1926 1768 2058 1799 inferior
2079 1768 2190 1805 iudex,
2216 1769 2241 1798 si
2265 1779 2330 1799 non
2354 1775 2459 1808 potest
2488 1769 2534 1799 in-

1473 1819 1643 1842 nocentem
1666 1811 1797 1842 liberare
1821 1812 2014 1848 convictum,
2038 1813 2130 1844 debet
2152 1813 2192 1843 ad
2214 1813 2411 1853 superiorem
2430 1813 2535 1844 remit-

1446 1855 1448 1896 ξ
1472 1863 1548 1887 tere.
1565 1856 1694 1892 Contra,
1711 1856 1874 1896 inquiunt:
1892 1856 1917 1886 si
1929 1857 1992 1887 hoc
2007 1856 2131 1893 faceret,
2148 1864 2320 1897 exponeret
2333 1857 2536 1888 innocentem

1446 1898 1448 1932 ἓ
1473 1900 1645 1931 discrimini
1668 1900 1796 1930 mortis:
1827 1901 1982 1941 quoniam
2005 1901 2164 1941 superior,
2188 1911 2253 1931 non
2278 1901 2397 1932 habens
2420 1909 2536 1932 certam

1006 1944 1100 1975 iudex
1130 1944 1222 1975 debet
1244 1945 1419 1975 secundum
1446 1948 1448 1951 “

239 1999 336 2027 ,inSe-
361 1989 466 2020 Deum
491 1994 522 2019 et
543 1989 631 2020 illius
653 1989 833 2028 imperium,
854 1989 1018 2019 veritatem
1042 1994 1072 2019 et
1095 1989 1332 2026 conscientiam,
1357 1999 1419 2019 non
1447 1989 1448 1993 ’

1473 1944 1620 1975 notitiam
1642 1944 1744 1980 illius,
1770 1945 1933 1976 damnaret
1955 1945 2056 1976 illum.
2087 1963 2108 1968 -
2138 1945 2179 1975 Et
2201 1946 2313 1976 eadem
2336 1945 2416 1976 ratio
2441 1952 2487 1976 est
2510 1946 2535 1976 si

1473 1989 1676 2019 substitueret
1698 1988 1853 2019 iudicem:
1879 1999 1945 2019 non
1968 1989 2054 2019 enim
2077 1990 2222 2020 evaderet
2243 1996 2382 2026 reatum,
2408 2000 2535 2020 causam

1474 2034 1552 2063 dans
1576 2033 1672 2063 morti
1694 2033 1883 2063 innocentis.

1529 2077 1567 2108 ΙΙ.
1592 2077 1627 2107 In
1651 2076 1709 2107 hac
1732 2077 1917 2117 quaestione
1945 2077 2038 2108 multi
2062 2077 2270 2117 scripserunt:
2301 2077 2353 2107 alii
2379 2077 2534 2114 dicentes,

1474 2131 1549 2152 cum
1572 2124 1726 2156 Auctore,
1750 2122 1839 2161 quod
1861 2121 1956 2151 iudex
1979 2128 2084 2161 potest
2106 2129 2136 2152 et
2160 2122 2268 2157 debet,
2292 2121 2469 2160 secundum
2492 2123 2535 2153 al-

1447 2171 1449 2199 1]
1473 2166 1576 2205 legata
1599 2172 1630 2196 et
1659 2165 1807 2204 probata,
1831 2172 1939 2196 contra
1961 2165 2123 2196 veritatem
2151 2166 2210 2196 sibi
2239 2172 2355 2196 certam
2381 2165 2535 2202 iudicare;

1448 2241 1449 2245 ,
1474 2209 1526 2239 alii
1549 2209 1687 2239 totaliter
1710 2209 1907 2249 oppositum,
1932 2210 2020 2250 quod
2043 2219 2101 2240 nec
2123 2209 2230 2246 debet,
2258 2219 2315 2240 nec
2338 2216 2443 2249 potest
2469 2210 2535 2240 sine

419 2253 554 2291 Quarto,
579 2252 655 2294 quia
677 2252 818 2283 officium
840 2252 952 2283 iudicis
971 2261 1017 2283 est
1039 2253 1240 2290 latissimum,
1265 2259 1296 2283 et
1318 2260 1423 2293 potest
1448 2248 1449 2268 ³

1474 2260 1604 2293 peccato
1627 2253 1768 2289 mortali;
1799 2253 1851 2283 alii
1874 2254 1963 2303 quod
1987 2253 2020 2283 in
2043 2253 2146 2285 causis
2169 2253 2386 2284 criminalibus
2409 2261 2440 2284 et
2463 2254 2536 2284 civi-

1447 2332 1449 2343 }
1474 2296 1558 2328 libus
1581 2307 1714 2337 magnae
1733 2297 1954 2337 importantiae
1970 2307 2047 2333 non,
2071 2297 2103 2327 in
2127 2297 2230 2337 parvis
2246 2304 2353 2328 autem
2370 2297 2422 2328 sic.

1529 2341 1686 2372 Nonnulli
1709 2341 1804 2371 etiam
1825 2341 1941 2372 volunt
1970 2342 2059 2382 quod
2081 2342 2260 2372 remedium
2283 2342 2322 2372 de
2344 2341 2535 2373 remittendo

1474 2386 1518 2415 ad
1537 2377 1735 2425 superiorem
1762 2385 1801 2415 sit
1823 2386 1963 2422 malum,
1987 2391 2117 2426 propter
2139 2386 2266 2416 allatam
2294 2385 2327 2415 in
2350 2386 2536 2426 oppositum

1447 2424 1449 2438 ³
1474 2430 1639 2465 rationem,
1665 2429 1802 2459 dicentes
1825 2430 1913 2470 quod
1937 2429 1972 2465 si,
1997 2440 2053 2470 per
2070 2429 2276 2469 impossibile,
2301 2440 2391 2460 casus
2414 2430 2465 2460 hic
2489 2440 2536 2460 ac-

1474 2473 1605 2509 cideret,
1630 2473 1809 2513 praemissis
1836 2473 1987 2503 omnibus
2014 2474 2267 2514 praemittendis,
2292 2474 2418 2504 deberet
2444 2474 2539 2505 iudex

1447 2549 1448 2554 ¹
1474 2517 1672 2548 manifestare
1695 2517 1819 2557 populo
1849 2527 1946 2558 quare
1974 2527 2040 2548 non
2064 2525 2169 2557 potest
2199 2519 2347 2548 damnare
2370 2518 2481 2554 illum,
2507 2525 2537 2548 et

1446 2564 1448 2599 -ξ
1474 2561 1651 2602 relinquere
1674 2561 1718 2591 eis
1742 2571 1850 2591 curam
1874 2572 1913 2592 an
1936 2561 2033 2592 velint
2056 2562 2095 2591 ad
2118 2562 2315 2602 superiorem
2338 2562 2536 2592 remittere.—

359 2605 461 2646 legata
491 2612 598 2636 autem
626 2612 656 2635 et
685 2606 818 2644 probata
841 2605 955 2636 volunt
985 2605 1180 2645 quandoque
1209 2613 1244 2636 ut
1267 2606 1316 2635 ius
1340 2605 1421 2636 vitae
1447 2608 1448 2611 ’

1447 2685 1448 2688 ¹
1474 2649 1524 2680 hic
1547 2649 1676 2685 accidat,
1700 2649 1816 2680 scilicet
1840 2650 1928 2689 quod
1951 2650 2028 2680 sciat
2046 2650 2278 2686 innocentiam;
2302 2657 2332 2680 et
2351 2661 2422 2690 pars
2441 2657 2536 2690 atque

1446 2694 1448 2727 ξ
1474 2694 1616 2734 populus
1639 2700 1724 2733 petat
1746 2693 1914 2724 iustitiam:
1939 2693 2016 2734 quid
2040 2694 2141 2724 facere
2158 2694 2249 2724 debet
2272 2692 2437 2734 princeps?
2460 2694 2535 2730 Quo

1474 2605 1536 2636 Sed
1558 2605 1591 2636 hi
1614 2615 1680 2635 non
1703 2605 1872 2645 provident
1895 2605 1991 2636 casui.
2017 2606 2101 2643 Quia
2124 2606 2150 2635 si
2165 2616 2316 2646 supremo
2332 2606 2429 2636 iudici
2445 2616 2536 2636 casus

1474 2748 1507 2768 se
1529 2736 1646 2768 vertet?
1671 2737 1810 2767 [udicare
1834 2744 1943 2768 contra
1965 2738 2169 2768 innocentem
2193 2748 2259 2767 non
2282 2744 2401 2777 potest,
2426 2747 2535 2768 secun-

1475 2782 1554 2812 dum
1577 2782 1669 2817 istos;
1695 2781 1856 2811 absolvere
1880 2792 1944 2812 non
1970 2788 2084 2821 potest,
2109 2782 2284 2811 secundum
2307 2781 2394 2817 iura;
2427 2791 2535 2821 super-

1446 2818 1448 2865 ¹j
1473 2826 1580 2855 sedere
1603 2835 1669 2855 non
1693 2831 1807 2864 potest,
1831 2832 1919 2865 parte
1943 2831 1973 2855 et
1995 2825 2118 2864 populo
2135 2825 2285 2860 instante;
2311 2825 2452 2865 delegare
2469 2835 2534 2855 non

1474 2875 1595 2909 potest,
1620 2869 1797 2899 secundum
1819 2869 1907 2899 istos.
1939 2869 2007 2899 Erit
2029 2878 2103 2908 ergo
2131 2869 2298 2908 perplexus
2322 2878 2374 2898 rex
2396 2875 2451 2899 aut
2474 2869 2534 2898 lm-

361 2920 435 2944 sunt
457 2913 562 2943 media
577 2913 616 2943 ad
635 2912 742 2948 finem,
759 2922 816 2943 nec
831 2922 850 2942 a
870 2912 1010 2952 sapiente
1029 2912 1205 2942 executioni
1220 2913 1420 2949 mandantur,
1446 2898 1448 2951 ἰ
1473 2919 1600 2953 perator
1622 2913 1655 2942 in
1677 2912 1739 2942 hoc
1762 2922 1846 2948 casu,
1870 2912 1930 2942 nisi
1953 2912 2111 2943 renuntiet
2133 2922 2230 2952 regno
2252 2919 2307 2942 aut
2325 2912 2470 2952 imperio,
2488 2923 2533 2943 se-

362 2964 397 2988 ut
420 2963 505 2998 patet
527 2957 560 2987 in
584 2956 714 2987 sanitate
737 2963 768 2987 et
793 2955 972 2987 medicinis:
1005 2956 1030 2985 si
1058 2956 1144 2986 enim
1173 2956 1345 2987 medicinas
1371 2956 1420 2986 in·
1446 2954 1448 2988 Ῑ
1474 2957 1618 2987 cundum
1639 2956 1727 2986 istos.

361 3002 474 3032 ducere
503 3007 626 3031 constat
655 2999 869 3031 infirmitatem
896 2999 1084 3030 contrariam
1115 2999 1237 3030 sanitati
1265 3000 1419 3036 intentae,

361 3045 468 3076 fatuus
484 3052 564 3076 esset
586 3054 782 3085 prosequens
802 3044 870 3074 illas
894 3050 1023 3084 propter
1038 3053 1175 3074 canones
1191 3044 1340 3074 omnium
1355 3053 1421 3074 me-

362 3089 517 3122 dicorum.
549 3089 610 3120 Sed
633 3089 836 3129 probationes
858 3088 891 3118 in
914 3087 1032 3118 iudicio
1056 3095 1130 3118 sunt
1153 3094 1188 3118 ut
1211 3088 1315 3118 media
1338 3088 1421 3118 ordi-

361 3140 434 3164 nata
453 3133 491 3163 ad
506 3132 603 3163 finem
617 3132 755 3164 veritatis
771 3132 1014 3163 innotescendae
1028 3138 1059 3162 et
1073 3132 1122 3162 ius
1137 3141 1234 3162 suum
1249 3132 1421 3173 unicuique
1445 3141 1447 3146 ’

1474 3176 1558 3207 nitur
1586 3176 1636 3206 hic
1664 3175 1763 3206 facere
1785 3176 1957 3212 iniustum,
1981 3182 2036 3206 aut
2059 3185 2135 3206 non.
2169 3175 2201 3206 Si
2225 3183 2272 3206 est
2298 3175 2348 3206 hic
2371 3175 2531 3211 iniustitia,

361 3228 467 3252 menta
491 3221 562 3251 facti
585 3221 617 3251 in
634 3220 762 3257 iudicio,
787 3227 822 3251 ut
845 3227 939 3260 patet.
964 3220 996 3251 Si
1013 3230 1086 3259 ergo
1103 3226 1226 3251 constat
1249 3221 1338 3261 quod
1360 3220 1420 3251 hu·
1445 3230 1447 3262 ς

360 3265 500 3296 iusmodi
517 3265 620 3295 media
639 3265 761 3295 ducunt
776 3265 816 3295 ad
831 3264 1024 3295 contrarium
1039 3264 1176 3295 veritatis
1190 3270 1221 3294 et
1238 3263 1314 3294 iuris
1329 3264 1420 3295 istius
1445 3277 1447 3282 ·

317 3201 324 3207 ,
361 3177 527 3208 reddendi:
558 3177 713 3217 quoniam
735 3176 852 3207 idcirco
875 3176 1047 3206 afferuntur
1069 3182 1162 3206 testes
1186 3182 1216 3207 et
1239 3176 1300 3206 alia
1323 3177 1420 3207 docu-

361 3309 510 3345 hominis,
536 3318 733 3349 consequens
756 3315 803 3339 est
825 3315 860 3339 ut
883 3308 922 3338 ad
945 3308 1119 3348 sapientem
1141 3308 1279 3338 iudicem
1303 3302 1447 3350 spectet}

362 3364 426 3384 non
451 3353 601 3394 prosequi
625 3353 698 3383 talia
720 3352 824 3382 media
852 3359 960 3383 contra
983 3351 1090 3382 finem.
1122 3352 1163 3382 Et
1185 3352 1228 3382 sic
1257 3352 1360 3388 fatue,
1384 3363 1420 3383 ac
1445 3351 1447 3396 ξ

362 3408 418 3438 per
440 3397 502 3428 hoc
525 3397 607 3427 male
631 3397 720 3433 facit,
744 3396 914 3426 iudicando
937 3396 969 3426 in
993 3396 1055 3426 hoc
1078 3406 1151 3426 casu
1176 3396 1352 3426 secundum
1377 3396 1419 3426 al-

361 3442 462 3482 legata
485 3448 515 3472 et
537 3442 678 3482 probata.
701 3459 722 3463 -
747 3441 787 3471 Et
811 3439 1024 3471 confirmatur.
1056 3440 1139 3477 Quia
1163 3440 1243 3470 sicut
1269 3440 1447 3480 epieikeia
1445 3414 1447 3472 i

1528 3000 1765 3040 Distinguentes
1781 3006 1888 3030 autem
1902 2999 1936 3029 in
1951 2999 2117 3039 proposito
2137 3000 2217 3030 inter
2233 3010 2342 3030 causas
2358 3000 2535 3030 criminales

1473 3051 1528 3075 aut
1551 3043 1657 3074 civiles
1680 3054 1810 3083 magnas
1832 3051 1887 3074 aut
1910 3053 2021 3083 parvas
2051 3041 2126 3085 (nisi
2149 3054 2207 3084 pro
2230 3050 2351 3084 quanto
2375 3045 2532 3074 modicum

1445 3098 1531 3138 pro
1560 3088 1658 3118 nihilo
1686 3093 1913 3128 reputaretur:
1941 3088 2030 3128 quod
2059 3094 2165 3118 tamen
2195 3088 2227 3117 in
2251 3088 2405 3118 iudicium
2428 3088 2534 3118 venire

1474 3142 1540 3163 non
1563 3130 1672 3174 solet),
1696 3131 1946 3162 irrationabiliter
1966 3132 2153 3171 loquuntur.
2185 3132 2348 3169 Quoniam
2371 3139 2425 3162 aut
2448 3132 2534 3162 inve-

1473 3220 1615 3261 sequitur
1638 3220 1726 3261 quod
1750 3229 1816 3250 non
1837 3220 1938 3250 liceat.
1962 3220 2003 3250 Et
2026 3219 2051 3249 si
2075 3230 2141 3250 non
2158 3226 2203 3250 est
2225 3219 2386 3255 iniustitia,
2411 3226 2533 3249 constat

1445 3265 1563 3311 quod
1585 3264 1665 3299 licet,
1690 3274 1912 3305 quaecumque
1936 3270 2078 3294 occurrat
2101 3263 2229 3294 materia
2252 3273 2367 3299 rerum,
2391 3263 2532 3298 honoris,

1473 3309 1566 3344 vitae,
1583 3314 1641 3339 etc.

1529 3352 1580 3383 111.
1605 3352 1648 3382 Ut
1671 3358 1793 3382 autem·
1800 3352 1912 3382 veritas
1931 3351 2045 3381 melius
2061 3351 2224 3386 elucescat,
2244 3361 2309 3381 non
2326 3361 2344 3380 a
2360 3350 2533 3381 rationibus

1474 3396 1661 3427 ducentibus
1685 3396 1725 3426 ad
1743 3395 1978 3430 inconveniens,
1995 3395 2150 3434 quoniam
2165 3395 2270 3424 minus
2287 3394 2426 3425 efficaces
2443 3401 2531 3429 sunt;

1473 3440 1528 3470 sed
1551 3450 1568 3470 a
1592 3439 1765 3470 rationibus
1789 3439 1951 3470 ostensivis
1975 3438 2096 3469 moveri
2120 3439 2282 3469 debemus.
2306 3439 2347 3469 Et
2370 3439 2408 3469 ad
2429 3446 2532 3468 osten-

362 3486 453 3516 debet
475 3485 614 3516 iudicem
636 3485 803 3520 inclinare,
827 3484 859 3514 in
884 3483 1022 3520 casibus,
1052 3484 1091 3514 ad
1118 3484 1324 3514 iudicandum
1354 3494 1419 3514 non
1474 3484 1616 3514 dendum
1640 3484 1771 3524 quidem
1798 3483 1886 3524 quod
1909 3483 2003 3513 iudex
2027 3490 2134 3522 peccat
2156 3482 2325 3513 iudicando
2350 3490 2457 3513 contra
2480 3492 2530 3512 ve-

363 3529 538 3560 secundum
561 3530 645 3568 leges
669 3529 815 3569 scriptas;
847 3528 888 3558 ita
913 3528 1003 3558 debet
1026 3527 1058 3557 in
1083 3528 1143 3558 hoc
1166 3537 1239 3558 casu
1269 3527 1418 3558 inclinare
1445 3545 1447 3549 .
1472 3527 1594 3558 ritatem
1619 3528 1687 3564 sibi,
1712 3536 1747 3558 ut
1770 3527 1907 3567 privatae
1931 3534 2037 3556 tamen
2060 3536 2222 3567 personae,
2247 3533 2371 3562 notam,
2397 3526 2428 3556 in
2452 3536 2530 3566 quo-

2561 1509 2653 1531 ‘Mania
2658 1515 2773 1537 capax-ui,

2561 1542 2621 1558 vers.
2636 1542 2657 1563 7.
