2860 4244
401 258 476 305 374

452 338 510 372 An
539 346 697 372 Teanum
736 345 918 371 DicENDuM
958 332 1061 380 quod
1090 331 1138 368 ad
1167 330 1344 367 iustitiam
1373 342 1456 378 spe-

401 388 534 425 cialem
571 387 723 436 proprie
762 394 952 434 sumptam
992 384 1153 433 pertinet
1196 383 1353 420 reddere
1397 394 1458 418 ae-

401 441 510 490 quale
540 440 573 477 ei
602 440 660 476 cui
680 439 820 488 aliquid
851 438 1020 475 debetur.
1051 436 1168 483 Quod
1195 436 1351 484 quidem
1381 447 1459 472 non

399 501 522 543 potest
549 493 629 530 fieri
650 492 698 529 ad
717 492 918 537 virtuosos,
940 497 976 527 et
995 490 1043 526 ad
1065 502 1131 526 eos
1150 489 1216 537 qui
1244 489 1343 526 bene
1363 495 1459 525 statu

401 546 585 595 dignitatis
622 553 794 582 utuntur:
824 544 920 580 sicut
947 555 1018 580 nec
1047 542 1095 580 ad
1132 543 1280 589 Deum,
1310 553 1381 578 nec
1409 541 1458 578 ad

1107 252 1373 299 QUAESTIO
1403 251 1489 299 CII,
1519 251 1815 289 ARTICULUS
1846 253 1877 288 II

1511 329 1699 378 parentes.
1739 331 1788 367 Et
1820 330 1906 368 ideo
1936 330 1984 366 ad
2013 329 2209 378 quandam
2237 329 2417 367 virtutem
2445 330 2578 367 adiun-

1514 390 1613 418 ctam
1642 383 1717 419 hoc
1745 384 1926 431 pertinet:
1957 394 2036 419 non
2064 390 2192 419 autem
2214 382 2264 420 ad
2282 382 2462 420 iustitiam
2491 395 2576 432 spe-

1514 435 1661 482 cialem,
1690 448 1788 484 quae
1809 444 1864 473 est
1893 435 2107 484 principalis
2126 435 2257 472 virtus.
2279 456 2303 464 -
2323 434 2466 472 Iustitia
2483 447 2578 472 vero

1513 487 1643 535 legalis
1671 500 1712 525 se
1750 488 1916 526 extendit
1953 488 2141 528 adactus
2174 488 2349 525 omniurn
2376 487 2579 536 virtutum,

1514 548 1555 577 ut
1583 553 1699 589 supra
1717 541 1738 563 ’¹⁹
1766 542 1908 578 dictum
1939 549 2005 578 est.

1075 640 1407 672 comment-,aria
1430 638 1681 671 cardinalis
1702 637 1905 671 Caietam

430 732 449 751 N
473 721 604 751 articulo
628 720 733 760 primo
757 719 951 760 quaestionis
976 718 1332 757 centesimaesecundae,
1352 718 1462 748 iuncto

403 734 504 796 Icum
528 764 659 795 articulo
683 763 786 799 tertio,
811 763 946 793 dubium
970 763 1105 794 occurrit
1128 763 1167 793 de
1187 762 1359 793 differentia
1383 762 1463 792 inter

398 810 546 850 pietatem
578 815 609 839 et
632 807 863 839 observantiam
887 807 967 838 circa
990 817 1141 848 personas
1166 807 1198 837 in
1219 806 1370 847 dignitate
1388 816 1462 836 con-

399 854 532 884 stitutas.
556 853 596 883 Et
619 859 665 883 est
688 851 766 883 ratio
787 851 874 882 dubii
898 851 973 892 quia
990 851 1132 882 eiusdem
1146 851 1271 882 virtutis
1290 857 1336 881 est
1360 851 1462 881 colere

398 897 547 938 patriam,
573 904 603 927 et
626 896 744 937 patriae
771 896 961 936 principem:
994 895 1075 927 sicut
1105 895 1248 926 eiusdem
1271 895 1394 926 virtutis
1418 901 1464 925 est

400 941 501 972 colere
516 947 648 981 patrem,
666 948 696 971 et
712 939 1194 980 reliquamvconsanguineorum
1211 939 1372 970 familiam.
1388 939 1462 970 Non

399 991 517 1026 spectat
537 993 611 1025 ergo
635 985 675 1015 ad
698 984 931 1015 observantiam
955 984 1056 1015 colere
1080 983 1255 1024 principem
1273 983 1413 1020 civitatis,
1434 990 1465 1013 et

399 1031 438 1060 ad
461 1029 610 1069 pietatem
635 1029 737 1060 colere
761 1029 905 1069 patriam.

454 1073 486 1104 Si
510 1073 648 1110 dicatur,
673 1080 709 1104 ut
735 1073 837 1103 littera
861 1072 1001 1103 insinuat
1027 1072 1059 1102 in
1083 1072 1175 1103 tertio
1199 1072 1349 1108 articulo,
1373 1071 1462 1112 quod

399 1117 498 1158 pietas
515 1117 590 1148 colit
608 1117 783 1158 principem
807 1117 915 1157 quoad
932 1117 1126 1153 communia,
1144 1116 1341 1146 observantia
1355 1115 1463 1156 quoad

399 1162 585 1202 personalia,
610 1169 686 1192 tunc
705 1161 840 1192 dubium
863 1161 968 1201 primo
987 1167 1043 1196 est,
1067 1170 1164 1201 quare
1187 1160 1287 1200 pietas
1311 1160 1387 1190 colit
1409 1170 1463 1200 pa-

400 1214 480 1237 trem
503 1206 610 1247 quoad
634 1213 816 1246 utrumque,
842 1205 957 1235 scilicet
981 1212 1014 1235 et
1036 1214 1206 1244 personam
1231 1211 1261 1234 et
1285 1204 1464 1234 communi-

401 1250 557 1281 cationem
588 1250 741 1287 familiae,
766 1257 796 1281 et
824 1249 1022 1280 observantia
1045 1248 1121 1279 colit
1149 1248 1325 1288 principem
1356 1248 1464 1288 quoad

400 1304 569 1335 personam
593 1301 726 1325 tanturn.
751 1294 884 1325 Videtur
907 1293 992 1323 enim
1016 1292 1104 1333 quod
1128 1299 1210 1323 recta
1232 1291 1311 1322 ratio
1330 1291 1405 1322 velit
1429 1299 1464 1322 ut

400 1339 498 1379 pietas
522 1339 561 1368 ad
585 1345 729 1379 parentes
753 1344 783 1368 et
807 1337 1080 1376 consanguineos,
1105 1336 1302 1367 observantia
1325 1346 1400 1366 vero
1425 1336 1464 1366 ad

400 1383 611 1423 praesidentes
635 1389 665 1413 et
689 1381 934 1413 communitates
958 1380 1118 1423 referatur.

455 1426 599 1457 Dubium
634 1427 774 1457 secundo
798 1433 859 1462 est,
886 1435 967 1466 quae
1002 1425 1064 1456 sint
1091 1432 1156 1456 tam
1182 1424 1335 1465 obsequia
1365 1434 1464 1465 quam

400 1471 538 1501 honores
559 1471 598 1501 de
619 1471 735 1512 quibus
758 1471 810 1501 hic
826 1469 940 1500 dicitur
955 1470 1043 1510 quod
1066 1475 1208 1510 spectant
1223 1469 1263 1499 ad
1285 1469 1465 1509 praesiden—

400 1566 469 1590 tum
492 1559 568 1600 quia
590 1559 640 1589 hic
664 1569 731 1590 non
754 1558 972 1599 intelliguntur
995 1558 1105 1588 omnia
1125 1557 1247 1588 servitia
1271 1557 1464 1598 personalia:

400 1604 475 1644 quia
498 1614 565 1634 non
589 1603 712 1635 servitia
733 1602 868 1634 exhibita
884 1613 902 1633 a
918 1602 1023 1638 servis,
1049 1611 1106 1632 nec
1130 1612 1148 1632 a
1171 1601 1252 1638 filiis,
1278 1612 1335 1632 nec
1351 1612 1369 1632 a
1384 1612 1464 1632 mer-

401 1648 539 1679 cenariis.
571 1648 606 1678 In
630 1657 696 1688 quo
720 1647 814 1688 igitur
838 1647 1042 1677 discernenda
1066 1653 1140 1676 sunt
1163 1646 1222 1676 ista
1246 1646 1425 1686 personalia
1448 1657 1465 1676 a

401 1689 649 1723 communibus?
671 1709 692 1715 —
715 1692 804 1722 Tum
828 1691 902 1732 quia
923 1690 1002 1721 ratio
1020 1690 1175 1731 cuiusque
1191 1690 1306 1721 servitii
1330 1697 1385 1721 aut
1406 1690 1464 1721 ho-

401 1736 487 1767 noris
510 1736 699 1777 praesidenti
723 1746 740 1766 a
755 1735 887 1766 subditis
907 1734 1035 1765 exhibiti
1059 1741 1105 1766 est
1128 1735 1273 1775 dignitas.
1299 1734 1465 1776 Quidquid

401 1788 508 1812 autern
530 1780 725 1821 impenditur
748 1789 901 1820 personae
924 1779 1045 1810 ratione
1069 1779 1243 1819 dignitatis,
1268 1789 1334 1809 non
1358 1789 1465 1819 perso-

401 1835 469 1861 nae,
487 1825 541 1855 sed
565 1824 796 1859 communitati,
820 1824 870 1855 vel
885 1823 1023 1864 Principi
1047 1823 1138 1854 cuius
1160 1823 1244 1854 vices
1267 1823 1355 1863 gerit,
1380 1824 1464 1854 exhi-

401 1871 507 1900 betur:
534 1876 570 1900 ut
584 1871 706 1900 Auctor
728 1869 842 1899 fatetur
865 1867 996 1898 inferius
1019 1867 1051 1897 in
1076 1877 1129 1908 qu.
1155 1877 1230 1908 seq„
1248 1874 1303 1898 art.
1323 1877 1352 1904 2,
1369 1868 1409 1898 ad
1434 1878 1463 1898 2.

400 1914 441 1944 Et
457 1914 500 1944 sic
520 1913 629 1944 omnia
645 1913 780 1943 exhibita
803 1912 1052 1952 praesidentibus
1070 1911 1263 1953 inquantum
1286 1912 1464 1952 praesiden-

400 1965 446 1988 tes
470 1964 553 1994 sunt‚
572 1964 714 1998 spectant
730 1957 770 1987 ad
789 1957 948 1996 pietatem,
966 1964 996 1987 et
1012 1966 1077 1986 non
1102 1956 1141 1986 ad
1159 1956 1402 1987 observantiam.

456 2002 494 2033 11.
518 2002 569 2032 Ad
591 2002 687 2032 huius
713 2001 800 2032 dubii
824 2001 1095 2036 dilucidationem,
1121 2000 1286 2031 sciendum
1306 2006 1352 2031 est
1375 2001 1464 2041 quod

400 2046 583 2086 regulariter
606 2046 748 2077 eiusdem
767 2045 896 2076 rationis
920 2051 966 2075 est
989 2045 1263 2081 communitatem,
1282 2044 1463 2085 collegium,

401 2097 431 2121 et
454 2090 670 2121 universaliter
693 2089 1016 2120 communicationem
1041 2089 1191 2129 aliquam,
1216 2096 1247 2119 et
1269 2089 1353 2120 illius
1369 2096 1465 2130 caput

401 2134 514 2165 colere.
538 2135 579 2165 Et
601 2141 768 2175 propterea
791 2134 830 2164 ad
854 2133 1087 2164 observantiam
1111 2140 1229 2173 spectat
1253 2141 1318 2164 tam
1342 2133 1464 2174 episco-

400 2189 480 2220 pum
504 2189 601 2219 quam
626 2178 796 2209 canonicos
821 2178 938 2214 colere,
963 2184 1028 2208 tarn
1051 2177 1238 2217 magistrum
1267 2188 1364 2218 quam
1389 2188 1464 2209 con-

401 2223 590 2263 discipulos,
615 2229 680 2253 tam
710 2223 825 2253 ducem
856 2232 954 2263 quam
978 2222 1166 2258 exercitum,
1191 2229 1222 2252 et
1249 2222 1292 2252 sic
1317 2222 1355 2252 de
1379 2222 1461 2252 aliis:

401 2268 461 2298 nisi
489 2267 577 2308 quod
601 2268 639 2298 ab
663 2267 722 2298 ista
745 2267 853 2307 regula
876 2266 1028 2306 excipitur
1055 2266 1201 2306 princeps
1224 2266 1357 2306 patriae,
1389 2276 1464 2296 nam

402 2311 528 2342 alterius
550 2311 673 2342 virtutis
697 2318 743 2342 est
772 2311 875 2341 colere
903 2309 1053 2350 patriam,
1079 2317 1110 2341 et
1137 2310 1263 2341 alterius
1287 2310 1463 2351 principem

402 2356 529 2396 patriae.
562 2356 603 2386 Et
631 2355 711 2386 ratio
738 2354 930 2395 exceptionis
955 2354 1044 2385 istius
1069 2361 1115 2385 est
1144 2354 1220 2395 quia
1247 2355 1393 2396 princeps
1417 2362 1463 2386 est

403 2399 608 2430 solummodo
640 2399 832 2440 principium
864 2398 1118 2439 gubernationis:
1151 2399 1251 2439 patria
1281 2406 1388 2430 autern
1418 2406 1463 2430 est

403 2444 496 2475 etiam
520 2443 713 2484 principium
736 2442 835 2473 nostri
859 2453 934 2474 esse.
965 2443 1007 2473 Et
1030 2449 1196 2483 propterea
1219 2443 1335 2483 patriae
1360 2443 1464 2474 cultus

403 2489 442 2518 ad
466 2488 599 2518 eandem
622 2487 771 2518 virtutem
795 2493 914 2527 spectat
943 2487 982 2516 ad
1009 2497 1107 2527 quam
1130 2494 1249 2527 spectat
1280 2488 1382 2518 colere
1410 2498 1463 2528 pa-

403 2540 492 2568 trem,
510 2532 565 2572 qui
582 2538 628 2562 est
647 2531 745 2562 nostri
762 2541 828 2561 esse
852 2530 1053 2571 principium.
1077 2530 1237 2571 Principes
1256 2538 1373 2568 autem,
1389 2532 1465 2572 quia

403 2587 469 2607 non
493 2576 609 2606 habent
632 2575 786 2606 rationem
809 2574 955 2615 principii
978 2575 1117 2611 essendi,
1142 2575 1197 2605 sed
1221 2575 1327 2606 solum
1353 2577 1464 2616 guber-

404 2620 515 2656 nandi,
545 2620 754 2650 excluduntur
783 2619 821 2649 ab
849 2618 903 2649 illa
932 2619 1142 2650 excellentiori
1164 2619 1295 2656 virtute,
1320 2620 1464 2651 videlicet

403 2665 526 2705 pietate,
551 2674 632 2705 quae
656 2663 730 2695 colit
754 2662 906 2704 principia
931 2663 1052 2694 essendi
1077 2670 1107 2694 et
1129 2663 1325 2703 gubernandi
1350 2664 1462 2700 simul,

404 2709 519 2740 scilicet
542 2714 662 2749 patrem
686 2714 716 2739 et
739 2707 885 2748 patriam;
911 2714 941 2738 et
964 2707 1106 2748 sequenti
1130 2707 1247 2744 virtuti,
1269 2708 1385 2739 scilicet
1409 2709 1464 2739 ob-

1516 716 1699 753 servantiae,
1723 717 1957 758 relinquuntur.
1982 718 2016 748 ln
2033 717 2162 758 reliquis
2185 725 2293 749 autem
2317 717 2581 748 communicatio-

1516 761 1619 797 nibus,
1643 767 1721 801 puta
1744 761 1905 798 exercitus,
1931 761 2067 798 scholae,
2092 761 2226 802 collegii,
2243 769 2320 798 etc.,
2345 772 2411 792 non
2436 769 2482 793 est
2505 762 2582 793 haec

1516 805 1668 835 admixtio
1692 805 1923 845 principiorum
1943 806 2066 836 essendi
2090 812 2122 836 et
2143 806 2349 846 gubernandi,
2367 806 2449 837 sicut
2471 806 2504 836 in
2527 816 2582 847 pa-

1516 849 1574 880 tria
1597 856 1628 880 et
1650 849 1683 879 in
1706 849 1847 889 principe
1871 849 2005 890 patriae,
2030 850 2085 880 sed
2115 859 2228 880 omnes
2255 851 2295 880 ad
2317 851 2583 890 gubernationem

1517 900 1667 934 spectant.
1685 894 1726 924 Et
1738 894 1819 924 hanc
1831 894 1987 925 rationem
1999 894 2095 924 habes
2110 894 2149 924 ab
2162 896 2302 925 Auctore
2313 894 2347 925 in
2359 905 2413 936 qu.
2426 895 2581 936 praeced„

1517 945 1573 968 art.
1596 949 1620 974 1,
1646 938 1686 968 ad
1706 938 1773 974 ult.‚
1795 938 1849 968 ubi
1873 938 1975 969 reddit
2000 937 2157 968 rationem
2180 947 2278 979 quare
2301 938 2402 978 patria
2424 939 2540 971 colitur
2564 950 2582 971 a

1517 982 1650 1023 pietate,
1675 982 1752 1012 aliae
1780 988 1887 1013 autem
1911 981 2218 1013 communicationes
2241 991 2319 1013 non.

1573 1027 1624 1057 111.
1642 1026 1683 1057 Et
1703 1037 1758 1067 per
1781 1027 1856 1057 haec
1880 1033 1965 1067 patet
1988 1026 2154 1067 responsio
2179 1026 2218 1056 ad
2241 1026 2347 1067 primo
2364 1026 2487 1058 obiecta
2501 1026 2528 1064 *,
2553 1034 2583 1059 et
2611 1029 2621 1039 ⁸

1517 1081 1615 1111 quare
1631 1071 1829 1102 observantia
1844 1081 1909 1101 non
1925 1070 2051 1111 respicit
2065 1070 2243 1112 principem
2258 1071 2367 1112 quoad
2386 1071 2582 1108 communia,

1517 1125 1599 1156 quae
1611 1122 1753 1155 spectant
1769 1115 1808 1145 ad
1825 1115 1975 1156 patriam:
1996 1115 2071 1156 quia
2087 1115 2205 1146 scilicet
2218 1115 2418 1156 praevenitur
2429 1125 2447 1145 a
2458 1114 2584 1155 pietate,

1517 1166 1647 1199 propter
1663 1159 1878 1190 excellentiam
1902 1154 2001 1200 quam
2023 1159 2118 1190 habet
2137 1159 2238 1200 patria
2263 1158 2308 1202 (et
2330 1169 2395 1190 non
2411 1157 2583 1202 princeps),

1518 1203 1594 1243 quia
1617 1203 1734 1234 scilicet
1757 1210 1803 1235 est
1826 1203 2019 1244 principium
2043 1203 2143 1235 nostri
2159 1213 2236 1235 esse.
2261 1204 2304 1234 Et
2326 1204 2371 1234 sic
2386 1203 2489 1234 solida
2504 1204 2584 1235 ratio

1517 1247 1660 1287 primum
1683 1247 1818 1278 dubium
1841 1248 1947 1279 solvit.

1538 1318 1540 1320 ,
1574 1291 1758 1322 Secundum
1782 1301 1856 1322 vero
1881 1291 2016 1322 dubium
2037 1291 2055 1311 *
2085 1291 2220 1323 solvitur
2243 1292 2379 1324 dicendo
2402 1292 2492 1334 quod
2514 1301 2585 1333 per·

1519 1334 1639 1365 sonalia
1671 1335 1733 1366 hoc
1755 1335 1788 1366 in
1811 1335 1885 1366 loco
1909 1335 2056 1366 dicuntur
2091 1345 2157 1366 non
2185 1336 2294 1367 omnia
2324 1345 2407 1378 quae
2430 1345 2586 1377 personae

1491 1405 1493 1418 ι
1518 1379 1669 1420 principis
1686 1390 1704 1410 a
1720 1389 1927 1421 quocumque
1944 1379 2131 1410 exhibentur
2144 1378 2233 1422 (nam
2249 1381 2339 1422 quod
2353 1379 2401 1411 illi
2416 1391 2435 1412 a
2450 1379 2518 1412 filio
2534 1390 2585 1413 ex—

1491 1419 1493 1456 ξ
1518 1423 1653 1460 hibetur,
1670 1424 1812 1464 pietatis;
1833 1424 1923 1465 quod
1937 1434 1955 1454 a
1970 1434 2071 1461 servo,
2089 1423 2212 1461 duliae;
2236 1425 2326 1465 quod
2345 1434 2364 1455 a
2378 1425 2585 1464 mercenario,

1491 1490 1493 1497 ,
1518 1467 1655 1499 iustitiae
1679 1466 1753 1510 est):
1777 1468 1832 1499 sed
1856 1479 1894 1499 ea
1911 1478 1994 1509 quae
2018 1477 2086 1499 non
2104 1467 2166 1498 alia
2181 1468 2303 1500 ratione
2321 1468 2384 1499 illis
2399 1468 2587 1501 exhibentur

399 1515 481 1546 tium
497 1516 702 1556 personalem
722 1515 890 1546 utilitatem
907 1514 958 1545 vel
971 1514 1124 1555 gloriam.
1149 1513 1190 1544 Et
1208 1513 1287 1544 ratio
1304 1513 1392 1544 dubii
1408 1520 1464 1550 est,
1492 1514 1493 1550 i
2613 1555 2615 1557 Ι

1492 1565 1493 1586 ;
1519 1566 1631 1587 eorum
1655 1566 1817 1597 personas.
1842 1557 1905 1588 Ubi
1928 1558 2054 1588 adverte
2078 1557 2168 1598 quod
2190 1557 2250 1588 hac
2271 1557 2305 1588 in
2324 1567 2358 1588 re
2380 1557 2587 1599 inveniunnjr

1520 1512 1579 1543 nisi
1609 1512 1685 1553 quia
1708 1520 1782 1543 sunt
1810 1513 1844 1543 in
1867 1512 2019 1553 dignitate
2042 1513 2222 1550 constituti,
2247 1519 2278 1544 et
2307 1512 2519 1545 terminantur
2538 1513 2587 1548 ad

1520 1601 1604 1631 duo:
1630 1601 1745 1632 scilicet
1769 1601 1847 1632 ratio
1871 1601 2038 1636 exhibendi
2062 1601 2202 1639 cultum,
2227 1608 2257 1633 et
2279 1601 2434 1633 terminus
2457 1601 2509 1634 cui
2533 1611 2586 1635 ex-

1519 1645 1654 1677 hibetur.
1678 1645 1902 1676 Universaliter
1924 1645 2082 1687 siquidem
2098 1645 2177 1676 ratio
2197 1645 2364 1677 exhibendi
2380 1645 2446 1677 istis
2463 1645 2587 1679 cultum

1519 1697 1565 1720 est
1589 1690 1723 1730 dignitas
1747 1688 1846 1732 (unde
1870 1689 1935 1720 sive
1958 1690 2034 1720 boni
2059 1689 2123 1721 sive
2138 1690 2216 1721 mali
2231 1690 2294 1722 sint
2316 1690 2464 1722 homines
2487 1689 2522 1722 in
2540 1689 2587 1722 di-

2607 530 2619 584 Ξ
2633 529 2682 578 ἳιι.
2695 534 2761 556 utu,
2777 532 2820 551 art.

2621 572 2627 583 ,
2659 570 2666 577 .

1518 1734 1636 1774 gnitate
1660 1734 1840 1771 constituti,
1866 1734 1991 1765 colendi
2014 1732 2118 1776 sunt):
2143 1734 2298 1766 terminus
2321 1741 2430 1766 autem
2451 1734 2508 1776 qui
2531 1743 2586 1766 co—
2642 1740 2644 1742 ’

1518 1778 1592 1809 litur
1624 1788 1680 1818 per
1702 1778 1918 1809 observantiae
1940 1778 2111 1815 virtutem,
2135 1785 2182 1810 est
2205 1789 2341 1820 persona
2363 1778 2418 1810 illa
2444 1789 2527 1820 quae
2552 1779 2587 1811 in

1519 1822 1670 1863 dignitate
1693 1829 1739 1854 est
1763 1822 1943 1853 constituta.
1968 1823 2014 1854 Ita
2036 1823 2126 1864 quod
2149 1822 2323 1854 differentia
2344 1823 2426 1855 inter
2449 1822 2588 1855 exhibita

1518 1877 1536 1896 a
1559 1867 1674 1908 pietate
1698 1873 1728 1898 et
1751 1867 1789 1898 ab
1818 1867 2016 1898 observantia
2040 1866 2246 1908 principibus,
2273 1873 2334 1898 stat
2354 1867 2388 1899 in
2411 1867 2474 1899 hoc
2496 1868 2588 1910 quod

1519 1911 1655 1942 exhibita
1679 1921 1696 1941 a
1711 1911 1827 1952 pietate
1851 1911 1967 1942 directe
1986 1911 2196 1942 terminantur
2210 1912 2250 1942 ad
2269 1920 2443 1942 commune
2461 1912 2587 1943 bonum

1518 1955 1661 1986 utilitatis
1681 1956 1732 1986 vel
1755 1954 1896 1992 honoris,
1914 1963 1944 1987 et
1967 1955 2124 1996 principes
2148 1962 2224 1987 tunc
2248 1965 2281 1986 se
2299 1955 2418 1987 habent
2439 1961 2476 1987 ut
2498 1965 2587 1997 prae·

1519 2000 1679 2040 cipientes,
1705 2007 1735 2031 et
1758 2009 1824 2030 non
1848 2006 1884 2030 ut
1906 1999 2047 2031 termini:
2072 1999 2154 2031 sicut
2177 2009 2253 2031 cum
2274 1999 2347 2040 quis
2370 1999 2548 2032 instituitur
2568 2010 2588 2031 a

1517 2044 1659 2085 principe
1689 2044 1722 2074 in
1746 2044 1876 2085 publico
1901 2043 2007 2075 officio
2031 2044 2239 2085 reipublicae,
2264 2051 2300 2075 ut
2322 2041 2356 2075 in
2378 2044 2482 2076 littera
2503 2044 2588 2077 tertii

1517 2088 1641 2119 articuli
1664 2088 1786 2120 dicitur.
1812 2088 1844 2119 Si
1868 2088 1939 2129 quis
1955 2098 2030 2120 vero
2056 2089 2094 2119 ad
2111 2088 2346 2120 sublevandum
2368 2089 2523 2130 principis
2544 2089 2587 2121 la-

1517 2133 1630 2163 borem
1657 2133 1864 2170 ministraret,
1889 2133 1930 2163 ad
1960 2132 2194 2164 observantiam
2222 2140 2376 2174 spectaret
2399 2139 2487 2165 actus
2510 2133 2586 2166 iste:

1517 2177 1593 2218 quia
1617 2178 1656 2208 ad
1680 2187 1850 2218 personam
1878 2177 2028 2218 principis
2056 2177 2219 2208 servitium
2249 2177 2311 2208 hoc
2340 2177 2514 2210 ordinatur.
2545 2177 2588 2215 Et

1518 2231 1535 2251 e
1560 2228 1678 2257 contra,
1705 2231 1778 2252 cum
1803 2221 1903 2262 patria
1925 2221 2060 2262 gloriam
2077 2231 2168 2252 suam
2184 2229 2342 2254 ostentare
2358 2221 2588 2254 rationabiliter

1518 2266 1621 2302 vellet,
1646 2273 1676 2296 et
1699 2265 1796 2306 aliqui
1820 2266 1903 2296 cives
1926 2266 2044 2306 patriae
2068 2273 2163 2308 caput
2186 2273 2354 2307 propterea
2372 2266 2511 2308 amplius
2533 2275 2588 2298 co—

1518 2310 1632 2346 lerent,
1658 2310 1779 2351 pietati,
1803 2319 1870 2340 non
1898 2310 2116 2342 observantiae
2139 2320 2273 2351 operam
2297 2311 2423 2342 darent:
2447 2310 2524 2352 quia
2546 2311 2588 2342 ad

1518 2354 1653 2395 patriam
1675 2354 1733 2385 iste
1757 2354 1861 2386 cultus
1884 2354 2080 2386 terminatur.
2106 2355 2294 2386 Honoratur
2317 2365 2392 2395 ergo
2407 2355 2586 2396 semperab

1518 2399 1716 2430 observantia
1739 2398 1772 2430 in
1796 2398 1940 2439 personis
1963 2398 1995 2429 in
2021 2398 2171 2440 dignitate
2196 2399 2374 2431 constitutis
2405 2399 2586 2431 communi-

1517 2450 1575 2479 tas,
1600 2453 1655 2474 seu
1680 2443 1776 2480 Deus,
1794 2442 1884 2474 cuius
1901 2450 1975 2474 sunt
1990 2442 2136 2482 ministri,
2161 2450 2198 2474 ut
2213 2443 2293 2475 ratio
2309 2443 2505 2475 honorandi:
2531 2444 2587 2475 sed

1518 2497 1654 2528 persona
1677 2487 1747 2528 ipsa
1770 2494 1805 2518 ut
1828 2487 1982 2518 terminus
2005 2494 2036 2518 et
2059 2497 2195 2528 persona
2218 2497 2301 2528 quae
2324 2487 2510 2519 honoratur.

1573 2532 1615 2562 Et
1645 2541 1702 2571 per
1729 2532 1806 2562 haec
1836 2538 1922 2571 patet
1946 2531 2064 2562 solutio
2089 2531 2236 2562 omnium
2260 2532 2470 2563 obiectorum.
2501 2532 2587 2564 Nam

1518 2575 1676 2616 quidquid
1698 2575 1894 2615 impenditur
1916 2586 2071 2616 personae
2094 2575 2128 2607 in
2151 2576 2302 2616 dignitate
2325 2577 2515 2608 constitutae
2538 2586 2587 2608 ra—

1517 2619 1604 2650 tione
1629 2619 1797 2659 dignitatis,
1821 2619 2017 2660 impenditur
2041 2620 2273 2658 communitati,
2298 2621 2348 2652 vel
2371 2621 2455 2658 Deo,
2481 2627 2517 2652 ut
2539 2630 2587 2652 ra-

1518 2663 1598 2694 tioni
1621 2663 1752 2694 honoris
1769 2671 1800 2694 et
1816 2665 1929 2700 cultus,
1955 2671 1985 2695 et
2008 2674 2074 2695 non
2099 2672 2134 2696 ut
2157 2665 2305 2696 termino.
2329 2666 2484 2697 Personas
2500 2665 2587 2697 enim

1517 2708 1611 2748 ipsas,
1635 2708 1707 2739 licet
1731 2708 1839 2745 malas,
1864 2709 2062 2740 honoramus
2086 2709 2207 2740 ratione
2232 2709 2402 2750 dignitatis.

1175 2847 1493 2891 ARTICULUS
1524 2848 1824 2891 SECUNDUS

674 2939 829 2970 UTRUM
852 2938 910 2969 AD
936 2937 1272 2985 OBSERVANTIAM
1295 2940 1542 2972 PERTINEAT
1567 2941 1782 2973 EXHIBERE
1807 2942 1990 2974 CULTUM
2014 2942 2072 2974 ET
2096 2942 2315 2974 HONOREM

1024 2991 1092 3023 HIS
1117 2992 1191 3029 QUI
1216 2993 1329 3024 SUNT
1354 2993 1396 3024 IN
1427 2993 1666 3025 DIGNITATE
1691 2994 1958 3026 CONSTITUTI

1162 3071 1203 3096 De
1223 3071 1287 3097 Dec.
1307 3072 1468 3105 Praeceptis,
1489 3081 1546 3107 cap.
1565 3074 1598 3099 de
1619 3074 1660 3098 IV
1674 3074 1828 3107 Pi-aecepro.

524 3172 591 3214 fx<
614 3162 637 3187 D
653 3161 910 3195 SECUNDUM-sm
926 3161 1164 3187 PROCEDITUR.
1181 3151 1341 3189 Videtur
1360 3153 1465 3201 quod

530 3193 586 3247 (ἡὴ
614 3203 664 3240 ad
684 3202 966 3240 observantiam
983 3215 1060 3239 non
1076 3204 1238 3251 pertinet
1252 3210 1269 3226 α
1289 3205 1463 3242 exhibere

422 3254 541 3301 'JV-
557 3253 758 3297 cultum
788 3263 824 3292 et
851 3256 1039 3292 honorem
1068 3255 1126 3292 his
1155 3256 1219 3305 qui
1248 3257 1392 3294 suntin
1411 3258 1465 3295 di-

434 3304 436 3307 ’
459 3283 549 3340 (223²
573 3300 754 3357 Kgnitate
792 3308 992 3345 constituti.
1029 3308 1130 3354 Quia
1165 3317 1205 3345 ut
1232 3310 1465 3358 Augustinus

408 3360 513 3408 dicit,
543 3361 581 3398 in
610 3363 644 3399 X
681 3362 726 3398 de
758 3362 836 3399 Civ.
866 3361 995 3408 Dei*,
1027 3362 1151 3398 colere
1186 3362 1348 3399 dicimur
1386 3363 1464 3400 illas

407 3426 589 3461 personas
618 3427 713 3463 quas
741 3414 779 3451 in
808 3414 977 3462 quodam
1014 3415 1160 3451 honore
1194 3415 1398 3453 habemus:
1431 3424 1466 3453 et

461 3528 487 3559 α)
503 3528 630 3559 pertinet.
646 3542 665 3547 —
678 3528 815 3560 pertineat
835 3529 990 3555 PADEFsC.

462 3562 485 3595 ’,3)
505 3564 583 3595 quod.
601 3577 619 3582 -
638 3567 662 3589 et
682 3564 762 3588 PDIa.

1519 3153 1572 3190 sic
1599 3153 1702 3191 idern
1730 3154 1883 3191 videtur
1916 3166 1997 3191 esse
2027 3155 2149 3192 cultus
2181 3153 2322 3205 quodss
2348 3156 2485 3194 honor.
2525 3157 2584 3196 ln·

1519 3207 1791 3244 convenienter
1819 3207 1929 3255 igitur
1957 3207 2229 3245 determinatur
2248 3208 2355 3257 quod
2377 3209 2585 3249 observan-

1518 3258 1569 3295 tia
1598 3259 1749 3296 exhibet
1775 3259 1814 3296 in
1844 3259 2021 3308 dignitate
2051 3261 2260 3299 constitutis
2279 3263 2424 3300 cultum
2453 3269 2489 3300 et
2514 3262 2585 3301 ho-

1519 3323 1666 3349 norem.

1575 3376 1609 3401 2.
1641 3365 1884 3413 PRAETEREA‚
1924 3367 1972 3404 ad
2010 3366 2188 3404 iustitiam
2222 3367 2386 3416 pertinet
2421 3367 2583 3405 reddere

1521 3416 1703 3455 debitum.
1733 3419 1844 3456 Unde
1874 3426 1910 3456 et
1938 3419 1987 3456 ad
2021 3420 2326 3468 observantiam,
2356 3432 2453 3469 quae
2472 3425 2488 3448 Υ
2515 3433 2584 3469 po-

1571 3532 1602 3591 tss)
1621 3532 1659 3592 qd
1676 3532 1880 3563 observantiam,
1894 3541 1972 3566 quae.
1990 3546 2009 3554 -
2027 3534 2197 3560 observantia
2215 3533 2252 3565 ῦς
2270 3538 2330 3566 post
2343 3540 2412 3566 pars
2431 3533 2470 3559 Pa
2488 3534 2586 3559 addunt

1517 3574 1569 3598 per
1584 3574 1625 3592 me
1639 3586 1645 3592 .
