2860 4244
215 700 223 710 ·
241 698 304 719 Vers.
321 703 356 723 24.

218 1492 226 1501 “
242 1491 297 1517 Cap.
314 1497 337 1511 x.

454 259 526 304 184

1090 255 1356 302 QUAEsT1o
1386 254 1562 301 LXXXI,
1591 254 1887 292 AR‘rlcULUS
1915 254 1983 291 vn

1233 370 1549 412 ARTICULUS
1580 370 1847 413 SEPTIMUS

920 457 1072 488 UTRUM
1097 456 1257 486 LATRIA
1281 455 1458 485 HABEAT
1481 454 1678 492 ALIQUEM
1701 455 1985 487 EXTERIOREM
2009 454 2163 486 ACTUM

570 531 643 559 Infra
663 538 707 562 qu.
726 536 822 557 mxxiv,
843 534 888 552 art.
910 535 938 557 23
958 527 989 551 Ill
1011 527 1086 551 Cont.
1109 527 1194 555 Geni„
1215 533 1270 557 cap.
1290 532 1362 556 cx1x3
1382 525 1413 549 111
1433 525 1515 554 Sent„
1536 525 1594 549 dist.
1613 532 1646 555 lx,
1666 532 1710 556 qu.
1729 532 1746 554 1.
1765 530 1812 550 art.
1833 525 1856 556 3,
1876 525 1926 557 qu*
1946 524 2026 556 331n
2046 525 2121 549 Boet.
2141 525 2174 549 de
2196 524 2277 555 Τνίνιυ
2298 533 2343 557 qu.
2361 533 2398 555 111.
2417 530 2464 551 art.
2486 533 2510 551 2.

540 605 545 618 ¹
588 615 625 632 ιχ
663 603 684 627 D
702 601 880 626 SEPTIMUM
896 600 948 625 stc
969 599 1208 624 PROCEDlTUR.
1224 587 1384 624 Videtur
1404 586 1508 635 quod
1535 585 1538 636 l
1563 594 1699 634 potest,
1729 587 1796 624 sed
1823 594 1980 635 propter
2007 599 2097 624 nos:
2126 586 2215 635 quia
2242 586 2422 624 videlicet
2457 600 2526 638 per
2552 590 2627 627 hoc

479 608 644 700 aa<

473 730 494 750 ᾗ,
510 708 632 776 Cf?
607 696 634 736 (ι
663 703 799 732 actum.
838 694 982 731 Dicitur
1011 693 1112 730 enirn
1147 695 1308 731 Ioan.1v
1327 693 1366 730 *.

596 754 606 773 ’)

453 855 568 891 riores
590 861 694 890 actus
714 866 793 890 non
811 853 999 902 pertinent
1019 853 1068 890 ad
1093 853 1276 902 spiritum,
1298 853 1365 889 sed
1392 852 1511 900 magis

453 907 501 944 ad
530 919 680 956 corpus.
710 907 812 955 Ergo
841 906 983 954 religio,
1013 906 1063 943 ad
1091 918 1208 955 quam
1237 906 1398 955 pertinet
1420 906 1511 942 ado·
1538 923 1539 942 1

453 960 559 1007 ratio,
590 972 667 996 non
695 960 810 996 habet
839 959 1042 996 exteriores
1071 967 1188 1006 actus,
1210 959 1278 996 sed
1302 958 1509 995 interiores.

506 1025 541 1050 2.
563 1014 795 1060 PRAETEREA,
826 1012 1015 1060 religionis
1041 1012 1126 1050 finis
1156 1020 1212 1049 est
1231 1013 1316 1048 Deo
1337 1023 1512 1048 reveren-

451 1066 558 1106 tiam,
579 1074 615 1102 et
642 1067 831 1103 honorem
867 1066 1056 1103 exhibere.
1097 1066 1174 1103 Sed
1201 1065 1353 1102 videtur
1381 1065 1429 1102 ad
1466 1065 1512 1101 ir-

454 1119 705 1156 reverentiam
743 1119 900 1156 alicuius
937 1118 1150 1156 excellentis
1186 1118 1374 1167 pertinere
1409 1118 1439 1154 si
1469 1130 1513 1154 ea

454 1172 523 1209 sibi
554 1172 801 1209 exhibeantur
820 1184 919 1220 quae
947 1171 1099 1220 proprie
1129 1171 1177 1208 ad
1205 1171 1401 1208 inferiores
1429 1183 1513 1219 per—

453 1226 581 1262 tinent.
626 1226 725 1262 Cum
759 1225 866 1273 igitur
895 1237 939 1261 ea
968 1236 1067 1272 quae
1096 1224 1246 1261 exhibet
1282 1225 1401 1260 homo
1432 1235 1513 1259 cor-

453 1278 646 1327 poralibus
665 1278 809 1315 actibus
829 1277 981 1326 proprie
1001 1277 1202 1313 videantur
1222 1277 1269 1313 ad
1289 1276 1513 1323 indigentias

455 1331 656 1369 hominum
677 1331 851 1377 ordinari,
872 1331 934 1367 vel
954 1330 1002 1366 ad
1018 1330 1270 1366 reverentiam
1291 1329 1513 1366 inferiorum

455 1392 726 1428 creaturarum;
749 1396 826 1420 non
845 1383 996 1420 videtur
1010 1383 1116 1430 quod
1133 1380 1147 1411 β
1167 1394 1332 1430 congrue
1353 1389 1514 1431 possunt

455 1437 596 1474 assumi
625 1437 662 1473 in
692 1436 862 1473 divinam
892 1435 1156 1472 reverentiam.

508 1491 543 1526 3.
565 1491 797 1536 PRAETEREA,
821 1489 1066 1536 Augustinus,
1092 1488 1129 1525 in
1149 1489 1200 1525 VI
1221 1488 1266 1525 de
1289 1488 1368 1524 Ciu.
1389 1488 1464 1524 Dei
1480 1487 1511 1534 ²¹⁸,

455 1543 700 1579 commendat
742 1543 930 1579 Senecam
974 1542 1020 1579 de
1062 1542 1137 1578 hoc
1179 1541 1286 1589 quod
1326 1541 1514 1589 vituperat

455 1596 643 1644 quosdam
672 1595 737 1643 qui
774 1595 883 1632 idolis
921 1607 965 1632 ea
1001 1594 1230 1631 exhibebant
1257 1606 1357 1641 quae
1392 1595 1515 1631 solent

453 1649 674 1685 hominibus
712 1648 899 1685 exhiberi:
935 1648 1023 1697 quia
1060 1647 1202 1684 scilicet
1237 1647 1541 1700 immortalibus}

455 1714 532 1738 non
568 1702 801 1738 conveniunt
837 1714 880 1738 ea
909 1713 1008 1749 quae
1042 1708 1128 1737 sunt
1160 1700 1391 1737 mortalium.
1436 1701 1512 1737 Sed
1540 1730 1541 1737 ,

663 642 766 679 latria
787 647 802 663 α
831 654 909 678 non
937 642 1076 678 habeat
1095 641 1262 688 aliquem
1283 639 1508 677 exteriorem
1536 643 1537 669 l
1565 638 1669 688 quod
1698 640 1825 676 Deum
1850 652 2074 676 reveremur
2103 646 2139 676 et
2157 640 2408 688 honoramus,
2429 653 2539 679 mens
2557 654 2628 681 no-

1406 694 1538 730 Deus
1536 709 1538 738 ;

622 736 811 796 &spiritus
848 753 920 783 est:
959 752 995 783 et
1023 759 1086 784 eos
1114 747 1179 795 qui
1213 747 1376 784 adorant
1410 758 1508 792 eum,

452 803 488 838 in
517 801 646 849 spiritu
675 807 710 837 et
735 801 890 838 veritate
917 801 1081 837 adorare
1109 805 1262 848 oportet.
1307 799 1383 836 Sed
1412 806 1511 836 exte·
1537 811 1538 848 ξ

1538 863 1539 894 3
1565 851 1781 889 vivificatur
1809 850 1857 887 ab
1886 850 2030 897 anima,
2061 858 2098 888 et
2125 863 2189 888 aer
2216 864 2285 900 per
2310 853 2386 890 hoc
2414 854 2519 902 quod
2547 855 2628 892 illu-

1565 700 1640 729 stra
1677 692 1710 728 ei
1737 692 1949 738 subiicitur,
1981 701 2017 730 et
2043 693 2082 729 in
2109 693 2184 730 hoc
2213 692 2293 730 eius
2328 683 2510 742 perfectio
2539 707 2628 733 con-

1565 745 1677 790 sistit;
1707 745 1898 793 quaelibet
1927 745 2028 782 enim
2049 758 2108 782 res
2127 746 2320 794 perficitur
2339 758 2408 795 per
2426 748 2502 784 hoc
2521 748 2628 798 quod

1565 798 1737 836 subditur
1756 809 1827 834 suo
1847 797 2044 846 superiori,
2066 798 2162 835 sicut
2181 811 2319 847 corpus
2339 812 2408 848 per
2426 801 2502 838 hoc
2521 801 2627 850 quod

1566 904 1732 941 minatur
1750 916 1772 940 a
1792 904 1882 941 sole.
1913 904 2026 940 Mens
2050 911 2178 940 autem
2206 905 2376 943 humana
2403 906 2545 956 indiget
2579 907 2628 945 ad

1565 959 1640 995 hoc
1669 957 1773 1006 quod
1812 956 2060 1004 coniungatur
2086 957 2194 1003 Deo,
2223 958 2458 997 sensibilium
2492 972 2629 998 manu-

1567 1010 1762 1048 ductione:
1793 1009 1881 1059 quia
1900 1009 2098 1047 invisibilia
2113 1007 2126 1031 δ
2139 1021 2215 1058 per
2232 1021 2276 1047 ea
2294 1013 2511 1060 quaefacta
2529 1019 2628 1059 sunt,

1539 1071 1540 1103 l
1566 1063 1768 1109 intellecta,
1799 1063 2096 1111 conspiciuntur,
2125 1071 2168 1100 ut
2201 1064 2410 1112 Apostolus
2439 1065 2544 1112 dicit,
2579 1066 2632 1103 ad

1539 1134 1541 1146 ι
1566 1118 1679 1154 Rom.
1700 1116 1720 1138 '¹‘
1743 1117 1793 1153 Et
1811 1116 1898 1153 ideo
1917 1116 1957 1153 in
1978 1116 2107 1153 divino
2129 1116 2230 1154 cultu
2249 1128 2405 1155 necesse
2425 1125 2481 1156 est
2500 1118 2631 1168 aliqui·
2656 1125 2667 1136 ⁸
2723 1139 2754 1153 -‚

1539 1173 1541 1188 ²
1567 1170 1638 1207 bus
1669 1169 1928 1218 corporalibus
1952 1169 2017 1216 uti,
2038 1176 2080 1206 ut
2109 1170 2172 1217 eis,
2199 1170 2307 1219 quasi
2334 1170 2448 1219 signis
2476 1171 2630 1221 quibus-

1569 1223 1670 1269 dam,
1691 1234 1801 1260 mens
1819 1222 1984 1259 hominis
2007 1221 2187 1260 excitetur
2206 1223 2254 1259 ad
2274 1223 2486 1272 spirituales
2511 1233 2630 1273 actus,

1567 1275 1706 1323 quibus
1741 1276 1827 1312 Deo
1857 1275 2105 1323 coniungitur.
2144 1277 2194 1313 Et
2230 1276 2318 1313 ideo
2347 1277 2477 1325 religio
2515 1278 2632 1316 habet

1568 1328 1723 1377 quidem
1743 1327 1939 1364 interiores
1958 1335 2063 1365 actus
2078 1329 2188 1375 quasi
2205 1329 2432 1389 principales
2453 1338 2490 1368 et
2505 1343 2575 1380 per
2589 1344 2630 1369 se

1567 1381 1615 1418 ad
1644 1380 1865 1440 religionem
1893 1380 2142 1429 pertinentes:
2173 1382 2378 1420 exteriores
2402 1394 2496 1421 vero
2524 1392 2631 1422 actus

1540 1454 1541 1462 κ
1568 1434 1676 1483 quasi
1714 1433 1980 1480 secundarios,
2011 1441 2048 1470 et
2081 1433 2131 1471 ad
2159 1434 2354 1473 interiores
2392 1443 2499 1473 actus
2531 1437 2632 1475 ordi-

1540 1502 1541 1512 *
1568 1494 1692 1525 natos.

1620 1542 1679 1577 An
1708 1551 1845 1577 PRIMUM
1877 1551 1976 1577 ERGO
2005 1551 2191 1578 mcENDUM
2219 1541 2323 1589 quod
2351 1541 2542 1580 Dominus
2576 1543 2637 1580 lo—¹

1540 1605 1541 1646 ᾗ
1567 1593 1694 1642 quitur
1713 1600 1899 1641 quantum
1928 1593 1977 1630 ad
2005 1592 2043 1630 id
2062 1594 2169 1641 quod
2197 1601 2253 1630 est
2279 1594 2487 1643 principale
2507 1603 2545 1633 et
2561 1607 2635 1645 per

1568 1659 1608 1683 se
1637 1646 1825 1683 intentum
1854 1646 1892 1683 in
1921 1647 2020 1683 cultu
2051 1646 2196 1683 divino.

1620 1701 1679 1736 Αι)
1708 1711 1899 1737 SECUNDUM
1928 1711 2112 1736 DICENDUM
2141 1701 2244 1748 quod
2276 1699 2496 1738 huiusmodi
2531 1708 2635 1739 exne-‘-

2832 807 2860 938 ,istis

454 1756 549 1791 haec
585 1755 704 1792 multo
743 1755 869 1791 minus
907 1754 1140 1790 conveniunt
1173 1754 1258 1790 Deo
1293 1766 1409 1799 vero,
1449 1754 1513 1802 qui
1540 1794 1541 1810 χ
1568 1752 1666 1789 riora
1694 1764 1773 1789 non
1802 1752 2024 1789 exhibentur
2051 1754 2136 1790 Deo
2166 1753 2273 1802 quasi
2292 1753 2350 1791 his
2373 1753 2555 1802 indigeat:
2575 1767 2634 1792 se-

455 1815 509 1845 est
543 1808 710 1844 excelsus
743 1820 856 1856 super
887 1819 1016 1844 omnes
1043 1807 1130 1843 deos
1158 1806 1188 1843 ³⁸².
1229 1807 1330 1854 Ergo
1364 1806 1514 1843 videtur
1568 1806 1737 1842 cundum
1757 1805 1847 1842 illud
1866 1806 2006 1842 Psalm.
2023 1805 2059 1842 *t
2077 1806 2278 1855 Numquid
2295 1808 2532 1845 manducabo
2550 1819 2635 1846 car-

456 1861 745 1910 reprehensibile
767 1873 847 1897 esse
868 1860 972 1908 quod
993 1860 1125 1908 aliquis
1146 1859 1406 1908 corporalibus
1426 1858 1541 1896 acti-
1568 1871 1633 1895 nes
1660 1865 1870 1905 taurorum,
1899 1864 1968 1896 aut
1990 1859 2216 1908 sanguinem
2249 1860 2443 1898 hircorum
2462 1860 2636 1909 potabo?

455 1915 525 1951 bus
553 1915 681 1951 Deum
711 1915 818 1950 colat.
850 1914 940 1966 Non
970 1925 1058 1960 ergo
1086 1913 1203 1950 habet
1230 1912 1356 1960 religio
1380 1925 1515 1962 corpo·
1540 1919 1542 1935 ¹
1569 1911 1646 1949 Sed
1675 1911 1899 1948 exhibentur
1926 1912 2012 1948 Deo
2049 1919 2232 1960 tanquam
2266 1913 2372 1961 signa
2409 1914 2600 1962 quaedam
2619 1918 2632 1936 ⁸
2762 1921 2773 1935 ²

455 1969 550 2004 rales
579 1975 695 2004 actus.
1540 1985 1542 2009 1
1568 1964 1788 2002 interiorum
1819 1972 1856 2001 et
1883 1964 2129 2013 spiritualium
2164 1977 2340 2014 operum,
2367 1978 2467 2015 quae
2493 1978 2565 2016 per
2588 1978 2635 2004 se

218 1812 226 1822 ⁸
233 1811 269 1833 Pe.
277 1817 424 1840 xciv‚vers.3.
2659 1816 2671 1827 ⁸
2679 1815 2718 1838 Ρι-
2733 1820 2796 1842 xux,
2810 1819 2860 1840 vet·

2659 1848 2690 1871 ¹3·

219 3109 263 3155 ριιιι.
299 3108 427 3135 LXXXIII,

218 3214 226 3222 ⁸
238 3213 273 3234 Pa.
285 3219 321 3239 xv,
337 3219 394 3234 vers.
406 3219 428 3235 2.

216 2021 274 2070 {3⁸52
289 2028 400 2076 3ffx¹¹¹¹b
509 2021 582 2056 SED
609 2031 754 2057 CONTRA
780 2031 846 2056 EST
864 2018 995 2066 quod
988 2031 1026 2055 in
1045 2019 1185 2055 Psalm.
1206 2018 1226 2040 '¹‘
1253 2018 1404 2056 dicitur:
1439 2019 1542 2055 Cor
1568 2019 1674 2055 Deus
1703 2026 1884 2066 acceptat.
1923 2017 2034 2055 Unde
2062 2018 2297 2066 Augustinus
2331 2019 2430 2066 dicit,
2458 2019 2498 2057 in
2525 2020 2563 2058 X
2586 2020 2636 2058 de

455 2085 578 2109 meum
608 2080 643 2110 et
660 2085 750 2109 caro
780 2084 864 2109 mea
889 2072 1154 2108 exultaverunt
1170 2072 1207 2109 in
1228 2072 1353 2108 Deum
1371 2072 1512 2109 vivum.
1541 2048 1543 2118 i
1574 2071 1652 2108 (Σίν.
1670 2072 1745 2108 Dei
1761 2071 1796 2108 *ε
1822 2072 2059 2119 Sacrificium
2080 2071 2221 2108 visibile
2246 2072 2439 2109 invisibilis
2456 2073 2636 2122 sacrificii
2661 2078 2773 2108 ‘Cap-v

456 2127 530 2163 Sed
551 2126 646 2163 sicut
665 2125 860 2162 interiores
880 2133 985 2162 actus
1004 2125 1192 2174 pertinent
1211 2125 1260 2162 ad
1287 2137 1363 2171 cor,
1384 2125 1435 2162 ita
1453 2137 1515 2161 ex·
1541 2132 1543 2137 ’
1567 2130 1860 2170 sacramentum,
1890 2124 1982 2160 idest
2006 2136 2159 2162 sacrum
2187 2125 2352 2175 signum,
2381 2131 2446 2163 est.

454 2179 609 2216 teriores
634 2187 738 2215 actus
765 2178 954 2237 pertinent
973 2179 1022 2215 ad
1041 2179 1217 2215 membra
1246 2178 1380 2215 carnis.
1411 2178 1543 2226 Ergo
1541 2193 1543 2217 ι
1621 2179 1679 2214 An
1708 2189 1868 2214 TERTuJM
1906 2189 2092 2215 mCENDUM
2130 2179 2235 2227 quod
2277 2178 2500 2216 idololatrae
2536 2178 2634 2217 deri—

453 2232 604 2269 videtur
631 2232 735 2281 quod
771 2233 876 2268 Deus
905 2231 950 2268 sit
978 2231 1159 2268 colendus
1189 2243 1267 2268 non
1306 2232 1431 2268 solum
1461 2231 1514 2267 in·
1541 2233 1543 2279 l
1569 2232 1706 2268 dentur
1735 2242 1780 2267 ex
1817 2231 1891 2268 hoc
1919 2231 2023 2279 quod
2053 2243 2098 2268 ea
2127 2243 2226 2284 quae
2256 2231 2304 2269 ad
2339 2231 2517 2270 homines
2549 2244 2635 2282 per-

455 2285 652 2321 terioribus
681 2285 837 2331 actibus,
868 2285 934 2321 sed
964 2285 1077 2321 etiam
1107 2284 1366 2322 exterioribus.
1569 2284 1688 2320 tinent
1714 2283 1824 2321 idolis
1853 2283 2081 2321 exhibebant
2099 2296 2178 2321 non
2198 2284 2412 2334 tanquamt
2440 2285 2547 2334 signa
2572 2297 2633 2323 ex-
2759 2285 2775 2315 ἶ

508 2339 732 2375 Responmzo
752 2350 936 2375 Diei-:nonu
957 2338 1061 2387 quod
1090 2339 1175 2374 Deo
1205 2337 1456 2374 reverentiam
1480 2345 1516 2374 et
1568 2337 1717 2374 citantia
1746 2349 1812 2374 eos
1850 2338 1898 2374 ad
1927 2337 2052 2386 aliqua
2081 2337 2307 2397 spiritualia,
2346 2338 2414 2376 sed
2449 2346 2634 2389 tanquam

313 2402 328 2427 τ
455 2392 641 2428 honorem
664 2390 885 2428 exhibemus
914 2403 992 2428 non
1012 2398 1167 2439 propter
1187 2390 1311 2439 ipsum
1331 2396 1359 2437 Υ,
1385 2390 1449 2439 qui
1477 2390 1515 2426 in
1569 2402 1638 2439 per
1657 2402 1696 2426 se
1718 2389 1770 2426 eis
1797 2397 1963 2439 accepta.
1994 2391 2044 2427 Et
2070 2390 2275 2440 praecipue
2295 2391 2385 2440 quia
2409 2399 2515 2430 erant
2533 2402 2635 2434 vana

455 2444 579 2493 seipso
601 2451 656 2481 est
675 2444 792 2492 gloria
812 2445 958 2493 plenus,
982 2444 1041 2480 cui
1060 2443 1150 2481 nihil
1171 2456 1193 2480 a
1213 2451 1383 2481 creatura
1408 2443 1515 2481 adiici
1542 2461 1544 2484 ι
1569 2451 1605 2480 et
1633 2443 1767 2491 turpia.

509 2567 535 2598 α)
555 2567 645 2592 latria.
658 2581 676 2586 —
695 2568 789 2600 religio
809 2568 881 2592 PGa.
1623 2566 1649 2598 γ)
1670 2566 1765 2597 ipsum.
1783 2578 1801 2586 -
1818 2566 1932 2598 seipsum
1950 2567 1996 2591 Pa.
2010 2580 2029 2585 —
2047 2566 2098 2591 Pro
2116 2567 2164 2599 qui
2182 2567 2218 2596 in,
2238 2567 2301 2600 quia
2321 2567 2349 2592 P.

508 2602 532 2635 β)
554 2610 604 2627 non
631 2603 737 2627 videtur
755 2603 864 2635 quod.—
889 2603 946 2628 ideo
966 2603 1072 2627 videtur
1091 2603 1163 2634 quod
1188 2602 1367 2633 AEFLpCKx,
1394 2601 1453 2626 ideo
1478 2601 1516 2625 νί-
1623 2600 1647 2632 ὅ)
1667 2601 1818 2626 invisibilia.
1831 2616 1850 2620 -
1872 2602 1922 2627 Dei
1941 2602 2037 2627 addunt
2057 2602 2181 2627 PDlsCK.

455 2639 533 2663 detur
551 2639 622 2671 quod
641 2646 693 2663 non
714 2639 766 2663 Psx
792 2644 817 2663 et
840 2646 865 2666 a,
886 2639 945 2664 ideo
970 2646 1020 2663 non
1047 2638 1154 2663 videtur
1172 2637 1243 2670 quod
1262 2637 1306 2667 sK,
1331 2637 1390 2662 ideo
1410 2637 1517 2661 videtur
1544 2637 1546 2671 l
1624 2637 1646 2668 ε)
1665 2637 1805 2669 quaedam.
1818 2651 1837 2656 —
1855 2638 1917 2662 Om.
1938 2637 1966 2662 Ρ.

455 2674 525 2706 quod
548 2675 677 2707 (congrue
696 2675 760 2706 non)
780 2675 818 2703 H,
839 2674 898 2699 ideo
918 2674 1023 2699 videtur
1042 2674 1113 2706 quod
1138 2673 1309 2705 (incongrue)
1330 2673 1353 2703 15
1378 2679 1425 2704 pro
1444 2679 1517 2696 reve·
1544 2674 1546 2705 ᾗ
1625 2671 1649 2702 ζ)
1670 2680 1720 2697 non
1742 2675 1879 2704 tanquam.
1892 2687 1911 2691 -
1930 2676 2058 2705 tanquam
2077 2680 2128 2697 non
2150 2673 2344 2706 ABCEFHIpx.

455 2709 576 2738 rentiam,
598 2710 799 2734 irreverentiam
820 2711 865 2734 sA.
1544 2707 1547 2721 ¹

1132 2778 1464 2810 commentam
1487 2776 1737 2809 cardinalis
1760 2777 1961 2810 Caietani

458 2869 504 2931 IN
540 2859 671 2889 articulo
711 2859 847 2899 septimo
879 2858 1021 2889 eiusdem
1053 2858 1387 2899 octogesimaeprimae
1415 2866 1512 2898 quae·
1569 2857 1677 2897 ipsum
1699 2858 1786 2888 Deus
1809 2858 1843 2888 in
1866 2859 1994 2899 propria
2018 2858 2130 2890 notitia
2154 2865 2184 2889 et
2207 2859 2311 2896 laude,
2336 2868 2559 2901 quaecumque
2581 2860 2637 2891 ad-

485 2903 605 2939 stionis‚
626 2910 702 2933 nota
725 2904 799 2933 du0.
830 2902 947 2939 Primo,
970 2903 1059 2943 quod
1083 2912 1156 2933 cum
1180 2903 1302 2938 dicitur,
1326 2903 1396 2932 Deo
1419 2902 1515 2932 hono·
1571 2901 1632 2932 dita
1658 2901 1730 2932 facit
1753 2902 1917 2934 maiorem.
1948 2903 1982 2933 In
2006 2903 2099 2933 nobis
2123 2913 2198 2943 ergo
2221 2902 2415 2943 glorificatur
2437 2903 2524 2935 Deua
2547 2903 2635 2935 cultu

455 2957 521 2978 rem
547 2947 729 2977 exhibemus
753 2957 814 2977 non
834 2952 968 2987 propter
990 2948 1140 2987 seipsum,
1165 2947 1198 2987 ly
1215 2951 1351 2987 propter
1373 2956 1439 2976 non
1463 2946 1514 2976 de·
1571 2953 1689 2982 nostro,
1706 2946 1738 2976 in
1759 2946 1906 2977 universo
1922 2953 2006 2978 extra
2022 2947 2146 2978 Deum:
2172 2957 2238 2978 non
2253 2947 2286 2978 in
2303 2948 2418 2988 seips0.
2444 2948 2506 2979 Sed
2529 2954 2636 2980 tamen

455 2998 543 3021 notat
559 3001 685 3021 causam
701 2991 839 3026 finalem,
855 2992 910 3021 sed
926 2991 1098 3022 terminum
1112 2991 1263 3022 utilitatis.
1281 2991 1414 3022 Constat
1430 3000 1517 3020 nam·
1570 2990 1631 3021 hoc
1658 2990 1764 3030 ipsum
1788 2991 1876 3032 quod
1901 2998 1947 3022 est
1977 2991 2100 3022 extendi
2123 2991 2260 3032 gloriam
2283 2992 2366 3029 eius,
2392 2992 2431 3023 ad
2454 2991 2563 3033 ipsum
2585 3001 2636 3023 οι·-

455 3045 516 3075 que
533 3036 621 3074 quod
635 3035 769 3065 colimus
782 3036 887 3065 Deum
903 3042 1033 3075 propter
1045 3035 1186 3075 seipsum
1199 3042 1234 3066 ut
1248 3034 1355 3071 finem,
1373 3035 1515 3075 alioquin
1570 3035 1746 3065 dinandum
1770 3042 1816 3066 est
1846 3042 1881 3066 ut
1910 3034 2007 3066 finem
2039 3043 2168 3076 propter
2191 3046 2289 3077 quem
2319 3037 2413 3068 debet
2435 3035 2518 3073 fieri,
2543 3035 2636 3068 et'ad

218 3084 287 3109 ’Aug
292 3082 373 3103 DeD¹
366 3088 426 3103 v-ers
455 3089 618 3119 perversus
634 3079 713 3108 ordo
729 3086 809 3109 esset
825 3081 871 3109 uti
881 3078 1072 3119 fruendo*
1098 3080 1152 3110 sed
1176 3090 1242 3109 non
1266 3086 1396 3119 propter
1414 3079 1513 3119 ipsius
1569 3079 1658 3120 quod
1681 3079 1818 3110 universi
1842 3081 1927 3110 bona
1951 3079 2147 3116 ordinantur,
2172 3080 2247 3121 quia
2270 3088 2317 3111 est
2339 3081 2437 3112 Deus.

455 3123 523 3159 Dei,
549 3123 603 3152 sed
627 3122 725 3153 nostri
749 3122 931 3159 utilitatem,
956 3123 999 3153 ita
1022 3124 1111 3163 quod
1135 3133 1192 3154 nec
1215 3131 1423 3162 augmentum
1446 3123 1514 3163 glo-

455 3167 516 3197 riae
541 3176 597 3197 nec
618 3167 845 3207 quodcumque
869 3167 954 3197 aliud
968 3167 1037 3197 Deo
1062 3177 1098 3197 ex
1115 3174 1223 3197 nostro
1240 3167 1327 3197 cultu
1344 3177 1515 3197 accrescere

455 3218 579 3250 potest,
603 3211 642 3241 de
665 3221 730 3251 quo
756 3211 908 3250 scriptum
932 3211 1023 3241 est*:
1047 3211 1212 3241 Bonorum
1244 3216 1425 3241 nostrorum
1451 3221 1513 3241 non

456 3255 588 3296 indiges.
609 3255 830 3286 Recolendum
847 3262 892 3285 est
909 3255 994 3285 enirn
1009 3255 1097 3295 quod
1113 3255 1193 3285 sicut
1209 3264 1430 3295 quaecumque
1446 3265 1515 3294 per-

455 3299 548 3330 fectio
565 3307 665 3330 creata
688 3299 835 3335 adiuncta
859 3298 981 3329 divinae
1005 3308 1070 3328 non
1094 3298 1167 3329 facit
1190 3298 1367 3338 perfectius,
1391 3299 1434 3329 ita
1458 3308 1515 3329 nec

455 3354 676 3385 quaecumque
707 3343 807 3383 gloria
835 3350 936 3374 creata
966 3343 1114 3373 adiuncta
1143 3343 1261 3382 gloriae
1289 3342 1411 3372 divinae
1443 3342 1515 3373 facit

455 3388 632 3427 gloriosius.
666 3389 731 3418 Nec
755 3389 859 3418 obstat
881 3387 1093 3428 quod‘gloria
1117 3386 1155 3416 de
1178 3396 1291 3426 genere
1314 3396 1374 3417 suo
1397 3386 1436 3417 sit
1459 3387 1514 3417 bo-

456 3442 534 3462 num
558 3432 775 3468 extrinsecum,
801 3438 911 3471 utpote
936 3431 1110 3462 consistens
1133 3430 1166 3460 in
1186 3431 1343 3470 cognosci,
1359 3431 1515 3461 aestimari

456 3486 490 3505 ac
514 3476 643 3506 laudari.
668 3477 750 3506 Nam
775 3476 854 3506 sicut
878 3475 1066 3515 cognitioni,
1091 3475 1316 3511 aestimationi,
1340 3474 1515 3505 laudationi

456 3520 572 3550 activae
588 3520 685 3559 ipsius
702 3520 758 3550 Dei
785 3520 870 3550 nulla
888 3520 992 3550 addita
1009 3519 1158 3559 cognitio,
1176 3519 1352 3550 aestimatio
1372 3526 1427 3550 aut
1449 3519 1515 3549 lau-

1625 3123 1783 3160 Secundo,
1800 3124 1875 3164 quia
1891 3124 2011 3154 actibus
2027 3124 2232 3155 exterioribus
2247 3125 2347 3156 utitur
2362 3124 2472 3165 religio
2487 3130 2525 3156 ut
2538 3123 2635 3164 signis

1569 3167 1774 3197 excitantibus
1790 3167 1953 3198 interiores
1976 3168 2009 3198 in
2033 3178 2066 3199 se
2089 3168 2139 3198 vel
2161 3168 2195 3199 in
2210 3168 2289 3200 aliis.
2313 3170 2354 3200 Et
2376 3174 2543 3210 propterea
2565 3167 2635 3199 talis

1569 3211 1661 3241 debet
1690 3221 1757 3241 esse
1787 3211 1904 3241 modus
1934 3212 1967 3242 in
1999 3212 2150 3242 omnibus
2177 3212 2363 3244 huiusmodi
2388 3220 2440 3250 ut,
2465 3212 2491 3244 si
2513 3212 2634 3253 privata

1569 3261 1748 3295 secretaque
1773 3262 1864 3291 sunt,
1889 3256 1928 3286 ad
1952 3256 2055 3286 solam
2078 3256 2266 3288 interiorum
2290 3258 2496 3298 propriorum
2519 3256 2634 3288 excita-

1569 3298 1699 3335 tionem,
1717 3299 1990 3330 conservationem
2011 3300 2062 3330 vel
2086 3301 2379 3341 augmentationem
2395 3306 2632 3332 mensurentur:

1569 3343 1595 3373 si
1610 3350 1718 3373 autem
1733 3343 1918 3374 communia
1941 3351 1996 3374 aut
2020 3345 2157 3384 publica,
2182 3346 2222 3375 ad
2246 3355 2453 3377 communem
2475 3350 2507 3376 et
2530 3344 2634 3385 publi—

1542 3396 1543 3427 }
1569 3397 1639 3417 cam
1662 3387 1865 3418 devotionem
1888 3389 2096 3428 spectandum
2121 3395 2175 3420 est.
2201 3390 2294 3421 Unde
2317 3396 2348 3421 et
2369 3390 2403 3420 in
2427 3389 2634 3428 responsione

1569 3431 1608 3461 ad
1632 3431 1759 3462 tertium
1787 3431 1917 3471 gentiles
1941 3433 2215 3473 reprehenduntur
2245 3434 2320 3475 quia
2348 3433 2436 3464 cibos
2459 3439 2632 3474 potusque,

1569 3482 1599 3506 et
1622 3475 1806 3506 huiusmodi
1836 3476 1875 3506 ad
1899 3486 1958 3507 nos
1983 3477 2173 3517 spectantia,
2198 3478 2268 3508 Deo
2291 3477 2464 3509 offerebant
2491 3477 2579 3519 quasi
2605 3476 2634 3508 ei

1542 3548 1543 3558 ¹
1569 3529 1624 3559 per
1648 3529 1680 3549 se
1703 3527 1797 3559 grata.

457 3564 540 3594 datio
566 3563 638 3595 facit
655 3564 821 3600 maiorem;
847 3565 888 3594 ita
912 3574 969 3594 nec
993 3563 1109 3603 gloriae
1133 3574 1230 3604 quam
1255 3563 1347 3594 habet
1367 3564 1451 3604 apud
1469 3573 1513 3594 se·
1542 3560 1544 3605 ᾗ
