2860 4238
419 206 496 251 456
1083 198 1348 244 QUAESTIO
1379 197 1552 242 CXVIII,
1582 196 1877 233 ARTICULUS
1909 197 1922 231 l

420 291 500 320 tum
529 283 647 318 homo
675 287 829 330 propter
858 281 1001 315 bonum
1030 277 1239 325 temporale
1269 275 1475 312 contemnit
1500 273 1502 311 ³
1528 274 1704 323 quamvis
1733 287 1861 322 senes,
1890 281 2045 323 propter
2081 280 2235 310 naturae
2274 274 2481 321 defectum,
2511 275 2589 311 avi-

421 345 627 373 aeternum.
1500 356 1502 361 f
1530 327 1613 363 dius
1642 326 1869 364 exteriorum
1897 339 2023 363 rerum
2049 326 2238 374 inquirant
2256 331 2268 347 ‘
2296 327 2475 374 subsidia,
2496 327 2592 364 sicut
2717 337 2728 353 ε

473 391 530 424 AD
558 398 715 423 TERTmM
745 395 927 421 nicENDuM
956 382 1060 430 quod
1089 380 1348 418 inclinationes
1369 387 1474 416 natu·
1500 380 1502 418 ζ
1529 387 1565 415 et
1585 379 1709 416 omnis
1729 379 1900 428 indigens
1920 379 2066 428 quaerit
2085 392 2176 416 suae
2192 379 2418 427 indigentiae
2439 381 2590 429 supple—

421 442 515 477 rales
544 447 628 476 sunt
658 437 882 485 regulandae
912 435 1122 472 secundum
1153 434 1350 479 rationem,
1377 444 1474 481 quae
1501 424 1503 499 f
1529 439 1720 478 mentum;
1751 445 1830 469 non
1848 440 1975 469 tamen
1997 445 2019 469 a
2038 440 2196 482 peccato
2217 440 2455 479 excusantur,
2477 433 2507 469 si
2527 433 2591 469 de-

419 493 669 542 principatum
706 497 806 527 tenet
839 489 875 525 in
914 496 1046 524 natura
1083 488 1263 523 humana.
1304 487 1352 522 Et
1387 485 1473 522 ideo
1501 502 1503 534 i
1530 484 1647 521 bitarn
1668 485 1821 521 rationis
1849 497 2069 522 mensuram
2100 486 2197 522 circa
2224 485 2372 523 divitias
2398 486 2590 522 excedant.

471 607 492 637 ε)
513 606 656 638 inquirant.
674 618 693 623 —
712 603 850 636 requirant
868 601 1059 630 ABCDEFHK,
1084 603 1217 633 quaerant
1235 601 1264 630 L,
1284 599 1426 632 acquirant
1445 599 1477 623 G.

1081 679 1413 712 Commentario.
1437 677 1687 710 Cardinalis
1709 677 1910 710 Caietam

270 2890 302 2911 tu,
311 2891 332 2906 n.
342 2891 374 2914 ²3·
384 2897 394 2901 -

188 2885 269 2932 chpli.
285 2912 335 2933 lect.
345 2917 395 2933 vin.

423 774 468 836 IN
499 763 629 793 articulo
665 762 769 802 primo
793 760 987 801 quaestionis
1011 758 1473 790 centesimaedecimaeoctavae
1500 788 1502 804 Ι

450 808 491 838 du

495 808 583 838 bium
613 806 748 837 occurrit
778 805 857 836 circa
890 805 983 835 illud:
1014 806 1172 834 Mensura
1204 803 1389 833 divitiarum
1428 807 1476 832 est

414 857 513 892 prout
535 856 610 882 sunt
633 850 832 880 necessariae
850 849 893 879 ad
916 850 1010 879 vitam
1035 848 1171 879 hominis
1185 846 1359 877 secundum
1383 855 1474 876 suam

419 896 646 931 conditionem,
671 896 714 925 ita
738 894 821 934 quod
844 894 875 923 in
900 902 1030 923 excessu
1059 893 1154 922 huius
1180 900 1350 921 mensurae
1377 891 1477 921 consi-

418 941 471 970 stit
495 945 661 979 peccatum
695 939 861 968 avaritiae.
893 938 976 967 Nam
1006 937 1122 967 falsum
1152 935 1276 966 videtur
1305 935 1368 965 hoc
1399 944 1476 964 esse.

419 983 502 1021 Quia
534 990 715 1024 sequeretur
738 982 826 1022 quod
850 991 945 1011 nemo
976 988 1083 1021 posset
1114 980 1197 1010 licite
1226 979 1388 1010 cumulare
1419 978 1477 1008 sibi

419 1028 567 1067 pecunias
592 1034 627 1057 ut
650 1033 751 1057 mutet
767 1032 884 1057 statum
907 1035 1004 1066 quem
1027 1025 1121 1055 habet
1135 1024 1168 1054 in
1185 1023 1350 1054 maiorem.
1376 1022 1478 1054 Cuius

419 1072 605 1112 oppositum
633 1070 775 1111 quotidie
805 1069 858 1104 fit,
891 1071 1009 1110 absque
1040 1078 1183 1099 remorsu
1215 1067 1424 1098 conscientiae
1448 1074 1478 1097 et

419 1116 660 1155 reprehensione
692 1115 806 1155 aliqua.
831 1132 849 1137 -
874 1114 914 1144 Et
937 1121 1022 1153 patet
1050 1113 1186 1154 sequela.
1221 1112 1303 1149 Quia
1327 1112 1352 1142 si
1376 1112 1476 1142 homo

419 1170 484 1190 non
507 1166 613 1200 potest
636 1160 781 1190 excedere
812 1168 993 1188 mensuram
1022 1157 1271 1188 necessariorum
1299 1157 1339 1186 ad
1367 1156 1476 1186 condi-

418 1204 540 1235 tionem
563 1214 663 1240 suam,
688 1213 884 1243 consequens
905 1210 950 1232 est
974 1209 1017 1237 ut,
1035 1201 1060 1231 si
1083 1202 1123 1231 ad
1147 1200 1361 1231 conditionem
1386 1210 1477 1230 suam

419 1249 614 1279 abundanter
630 1247 789 1278 sufficiunt
813 1247 908 1282 mille,
926 1246 1014 1286 quod
1036 1256 1100 1275 non
1125 1245 1226 1285 possit
1242 1245 1299 1275 iste
1316 1244 1478 1275 cumulare
1504 1256 1505 1260 ¹

419 1300 556 1333 quatuor
571 1294 620 1323 vel
644 1293 751 1323 decem
769 1291 866 1321 millia
891 1291 957 1320 sine
974 1300 1099 1320 excessu
1124 1299 1291 1320 mensurae
1311 1289 1478 1329 requisito-

418 1347 489 1367 rum
513 1337 551 1366 ad
575 1337 790 1367 conditionem
813 1345 913 1366 suam.
938 1337 985 1365 Ac
1008 1344 1063 1374 per
1086 1335 1164 1370 hoc,
1194 1344 1259 1364 non
1283 1341 1390 1374 posset
1420 1333 1478 1363 hac

419 1381 468 1411 via
492 1388 612 1411 mutare
637 1388 753 1411 statum
777 1379 843 1410 sine
867 1386 1006 1419 peccato.
1037 1379 1078 1409 Et
1102 1379 1145 1409 sic
1170 1378 1322 1409 rusticum
1351 1385 1478 1418 oporte·
1504 1391 1505 1395 ¹

418 1432 463 1456 ret
487 1435 610 1465 semper
633 1426 700 1456 fore
724 1424 886 1460 rusticum,
905 1430 935 1454 et
951 1422 1102 1454 artificem
1126 1433 1251 1463 semper
1270 1421 1431 1459 artificem,
1449 1429 1480 1452 et

420 1470 519 1501 civem
539 1480 663 1510 semper
686 1470 802 1500 civem:
828 1475 858 1499 et
874 1478 1039 1508 nunquam
1063 1477 1156 1507 posse
1173 1477 1276 1498 emere
1294 1466 1351 1497 sibi
1375 1466 1479 1497 domi-
1504 1483 1505 1487 =

419 1514 508 1544 nium
532 1514 671 1555 aliquod.
693 1514 784 1551 Quae
808 1519 882 1543 sunt
905 1511 1069 1542 manifeste
1094 1511 1239 1542 absurda.

474 1559 510 1589 II.
536 1559 587 1589 Ad
611 1558 671 1588 hoc
695 1558 808 1588 dicitur
831 1557 928 1598 quod,
954 1566 1028 1586 cum
1053 1555 1212 1596 appetitus
1236 1554 1404 1586 cuiuslibet
1430 1555 1478 1585 in-

419 1602 584 1633 strumenti
606 1602 639 1632 in
662 1601 822 1633 infinitum
846 1601 1010 1631 manifeste
1036 1600 1177 1631 dissonet
1199 1610 1217 1630 a
1240 1607 1324 1630 recta
1347 1599 1478 1635 ratione,

420 1657 499 1687 quae
524 1647 618 1677 dictat
641 1647 730 1687 quod
746 1646 974 1687 quodcumque
990 1654 1055 1675 non
1072 1645 1132 1675 alia
1147 1644 1269 1674 ratione
1288 1651 1334 1674 est
1356 1645 1480 1674 bonum

420 1691 478 1722 nisi
502 1698 631 1731 propter
654 1691 754 1726 aliud,
779 1697 958 1720 mensurate
985 1696 1160 1729 appetatur,
1184 1695 1341 1729 quantum
1365 1688 1482 1720 scilicet

420 1745 502 1775 opus
526 1743 573 1766 est
595 1742 723 1775 propter
744 1735 835 1765 illum
865 1733 961 1764 finem
985 1732 1140 1775 (signum
1168 1740 1275 1764 autem
1305 1733 1393 1773 quod
1425 1743 1479 1773 ap-

420 1779 535 1821 petitus
559 1780 651 1810 debet
675 1789 740 1810 esse
764 1786 972 1814 mensuratus,
998 1785 1044 1808 est
1066 1778 1154 1818 quod
1179 1777 1312 1807 exterior
1344 1787 1421 1808 usus
1443 1777 1480 1807 il'-

419 1824 480 1854 Iius
495 1823 695 1855 instrumenti
711 1833 766 1854 seu
787 1823 882 1854 medii
898 1829 1024 1863 oportet
1039 1822 1127 1862 quod
1144 1821 1183 1851 sit
1203 1829 1478 1852 commensuratus

420 1867 484 1903 fini,
502 1868 544 1898 ita
567 1868 655 1909 quod
678 1875 743 1899 tam
767 1877 910 1898 excessus
933 1877 1031 1907 quam
1055 1865 1195 1897 defectus
1211 1866 1251 1896 ab
1267 1865 1418 1896 omnibus
1433 1866 1479 1896 vi—

419 1919 597 1952 tuperatur:
623 1920 659 1943 ut
681 1919 766 1952 patet
796 1912 828 1941 in
860 1911 1016 1942 medicina
1042 1917 1186 1950 respectu
1211 1909 1368 1947 sanitatis,
1393 1917 1424 1940 et
1446 1910 1478 1940 in

420 1956 576 1987 excisione
605 1957 766 1996 lignorum
796 1963 850 1986 aut
882 1955 1026 1995 lapidum
1056 1962 1186 1995 propter
1216 1954 1347 1994 aliquod
1377 1964 1478 1994 opus,
1503 1949 1505 1962 '

419 2007 496 2040 puta
519 2001 608 2041 quod
634 2007 794 2041 ponantur
823 2000 855 2030 in
880 2000 998 2039 angulo
1029 2006 1084 2030 aut
1111 1998 1189 2029 fiant
1216 1998 1386 2039 laquearia,
1403 2005 1478 2035 etc.;

419 2045 491 2075 hinc
515 2045 599 2075 enirn
622 2045 791 2075 laudantur
815 2043 954 2083 opifices,
971 2044 1059 2084 quod
1084 2049 1340 2074 commensurata
1362 2041 1479 2073 finibus

418 2099 514 2129 opera
538 2087 709 2130 efficiunt):
735 2095 857 2119 constat
879 2095 985 2118 autem
1001 2087 1090 2128 quod
1109 2087 1252 2127 pecunia,
1271 2094 1301 2117 et
1324 2087 1480 2128 quidquid

418 2133 569 2174 pecuniae
591 2133 664 2164 loco
681 2133 869 2173 possidetur,
886 2133 918 2162 in
942 2142 1054 2172 genere
1070 2133 1232 2162 bonorum
1252 2131 1380 2162 utilium
1405 2142 1480 2162 con-

417 2179 534 2208 tinetur
557 2178 601 2208 sic
618 2178 706 2218 quod
729 2187 794 2207 non
819 2176 878 2207 nisi
901 2183 1031 2216 propter
1054 2176 1139 2206 aliud
1155 2176 1319 2216 expetitur,
1337 2176 1481 2216 posside-

417 2230 467 2253 tur
483 2229 513 2252 et
529 2222 729 2262 expenditur:
755 2227 882 2261 oportet
897 2231 972 2260 ergo
985 2220 1154 2261 pecuniam
1170 2227 1200 2251 et
1216 2220 1321 2260 appeti
1336 2227 1367 2251 et
1382 2221 1479 2251 amari
1504 2234 1506 2259 ς

418 2273 448 2297 et
470 2267 576 2297 haberi
600 2272 788 2301 mensurate,
813 2265 1111 2306 quantum'scilicet
1133 2275 1215 2305 opus
1240 2272 1286 2295 est
1309 2265 1347 2295 ad
1371 2264 1478 2296 finem.
1504 2264 1506 2307 ξ

472 2310 558 2340 Finis
582 2318 687 2341 autem
713 2309 859 2350 proprius
882 2310 914 2340 in
939 2319 1138 2349 unoquoque
1161 2316 1292 2349 propter
1311 2319 1408 2349 quem
1433 2309 1479 2339 di·
1504 2322 1506 2329 ν

417 2354 508 2384 vitiae
533 2362 605 2385 sunt
628 2355 803 2385 secundum
826 2354 980 2384 rationem
1005 2362 1132 2389 rectam,
1157 2361 1204 2383 est
1227 2354 1355 2393 propria
1371 2353 1480 2383 unius-

419 2398 571 2439 cuiusque
594 2399 656 2428 vita
680 2399 855 2429 secundum
884 2409 974 2428 suam
1003 2397 1234 2428 conditionem:
1258 2397 1300 2428 ita
1330 2398 1418 2437 quod
1446 2398 1479 2428 in

418 2442 481 2473 vita
505 2443 631 2483 propria
648 2443 837 2482 intelligatur
854 2443 948 2473 etiam
965 2452 1077 2473 eorum
1093 2442 1156 2473 vita
1171 2452 1311 2482 quorum
1329 2442 1387 2472 sibi
1405 2452 1479 2472 cura

418 2487 584 2517 incumbit.
608 2487 648 2517 Et
663 2487 873 2527 appellatione
890 2488 974 2518 vitae
989 2486 1127 2526 intellige
1153 2496 1219 2516 non
1239 2486 1346 2516 solum
1371 2486 1479 2516 cibum

420 2538 450 2561 et
473 2538 597 2571 potum,
619 2531 672 2561 sed
697 2541 918 2572 quaecumque
943 2537 1125 2571 opportuna
1149 2531 1320 2561 commoda
1347 2537 1377 2561 et
1399 2530 1480 2560 dele-

420 2575 551 2611 ctabilia,
573 2575 655 2605 salva
671 2575 843 2606 honestate.
875 2575 963 2606 Ultra
980 2575 1065 2605 hunc
1081 2582 1189 2606 autem
1212 2573 1308 2605 finem
1325 2584 1390 2604 non
1407 2574 1481 2605 sinit

419 2627 500 2650 recta
523 2620 602 2650 ratio
631 2620 735 2659 appeti
760 2627 814 2650 aut
841 2619 947 2650 haberi
975 2619 1116 2655 divitias,
1146 2619 1205 2649 nisi
1229 2625 1358 2659 propter
1386 2618 1479 2655 alios,

420 2671 496 2703 puta
518 2670 647 2704 propter
669 2663 870 2700 liberalitatis,
895 2663 1126 2694 misericordiae
1151 2670 1206 2693 aut
1228 2662 1480 2702 magnificentiae
1504 2690 1506 2701 ,

421 2718 525 2747 opera,
543 2714 573 2738 et
597 2708 621 2738 si
645 2708 722 2748 quid
746 2715 792 2739 est
814 2708 1017 2739 huiusmodi:
1041 2707 1096 2738 ubi
1120 2707 1215 2738 etiarn
1239 2714 1370 2748 apparet
1392 2717 1480 2737 men—

421 2762 492 2782 sura
516 2752 673 2792 appetitus
703 2763 739 2782 ex
768 2752 840 2783 fine.
874 2753 966 2783 Unde
997 2759 1143 2792 appetere
1169 2751 1292 2782 divitias
1315 2751 1347 2781 in
1375 2751 1480 2782 infini-

421 2804 499 2832 tum,
524 2804 555 2827 et
570 2796 613 2826 sic
637 2806 739 2826 amare
763 2804 817 2827 aut
839 2797 919 2827 velle
942 2796 1065 2833 habere,
1083 2806 1101 2826 a
1117 2803 1199 2826 recta
1223 2796 1343 2826 ratione
1367 2795 1480 2827 deviat.
1505 2805 1506 2811 ¹

422 2841 461 2870 Et
485 2847 647 2880 propterea
664 2841 835 2879 negotiatio
860 2847 989 2881 propter
1004 2841 1110 2870 solum
1134 2840 1274 2876 lucrum,
1298 2846 1410 2880 utpote
1433 2840 1480 2870 in-

423 2883 518 2920 finita,
542 2885 736 2924 vituperatur
759 2895 776 2915 a
799 2884 1005 2924 Philosopho,
1030 2885 1062 2914 in
1086 2885 1098 2914 I
1118 2885 1211 2914 Polit.
1226 2884 1244 2903 *

424 3016 564 3055 quidem,
581 3017 756 3047 secundum
780 3017 995 3048 conditionem
1019 3026 1129 3047 suam:
1155 3017 1262 3057 quoad
1286 3016 1365 3047 alios
1387 3026 1481 3052 vero,

423 3059 508 3089 iuxta
524 3070 619 3100 opera
636 3060 798 3091 virtutum.
823 3061 1005 3091 Secundum
1029 3068 1075 3091 est
1097 3061 1186 3102 quod
1209 3060 1367 3101 appetitus
1386 3060 1418 3091 in
1434 3060 1481 3091 in-

424 3102 548 3133 finitum
567 3103 718 3143 pecuniae
742 3111 788 3134 est
806 3104 943 3140 illicitus,
959 3112 1071 3144 utpote
1087 3115 1105 3135 a
1119 3111 1201 3135 recta
1217 3104 1338 3135 ratione
1363 3104 1480 3135 discor-

425 3147 510 3178 dans.
528 3165 548 3170 -
572 3148 714 3178 Dubium
731 3155 837 3179 autem
867 3155 974 3184 restat,
992 3148 1069 3189 quid
1093 3149 1263 3179 dicendum
1283 3149 1321 3179 de
1338 3148 1479 3189 appetitu

1529 764 1652 787 mutare
1673 756 1852 786 volentium
1875 762 1994 787 statum
2017 766 2054 786 ex
2073 757 2291 787 cumulatione
2305 756 2459 797 pecuniae
2483 766 2593 797 super-

1529 800 1610 831 fluae
1634 800 1791 840 praesenti
1814 800 1882 831 eius
1906 800 2093 831 conditioni.

1584 845 1624 875 Et
1648 844 1819 875 dicendum
1834 844 1958 875 videtur
1973 845 2062 885 quod
2078 844 2219 876 conditio
2239 844 2378 875 hominis
2394 851 2441 875 est
2460 845 2594 885 duplex:

1530 899 1593 919 una
1617 898 1816 929 consequens
1839 889 1978 929 speciem
2001 889 2190 925 humanam;
2218 895 2249 919 et
2271 888 2366 920 altera
2394 899 2593 930 consequens

1528 932 1701 963 individua.
1726 933 1852 973 Species
1867 933 2025 974 siquidem
2046 933 2196 968 humana,
2210 942 2247 963 ex
2262 942 2301 963 eo
2318 933 2408 974 quod
2423 933 2594 974 praesentis

1529 977 1683 1007 felicitatis
1707 987 1803 1017 capax
1827 983 1889 1013 est,
1915 977 2029 1008 rationi
2059 983 2310 1008 consentaneum
2333 987 2400 1007 esse
2431 977 2595 1009 constituit

1529 1029 1564 1052 ut
1587 1021 1720 1061 quilibet
1743 1031 1781 1052 eo
1806 1031 1908 1062 usque
1931 1021 2073 1062 seipsum
2097 1031 2238 1062 suosque
2261 1021 2375 1052 ducere
2403 1028 2536 1052 conetur
2558 1028 2595 1056 ut

1528 1065 1684 1096 felicitatis
1699 1065 1780 1096 vitae
1805 1065 1976 1106 praesentis
2001 1065 2156 1106 particeps
2180 1075 2247 1096 esse
2263 1065 2373 1106 possit.
2398 1066 2439 1096 Et
2462 1065 2537 1106 quia
2555 1066 2595 1097 ad

1528 1109 1711 1140 felicitatem
1734 1117 1932 1150 praesentem
1957 1109 2100 1148 divitiae,
2123 1110 2196 1141 licet
2226 1120 2292 1140 non
2316 1119 2466 1150 magnae,
2491 1110 2596 1151 requi-

1530 1161 1642 1185 runtur
1658 1154 1815 1195 organice,
1840 1161 1876 1185 ut
1898 1154 2068 1192 diciturvin
2090 1155 2120 1185 X
2142 1155 2246 1185 Ethic.
2261 1154 2293 1190 *;
2317 1154 2451 1191 idcirco,
2476 1154 2596 1195 absque
2621 1156 2633 1166 ⁸

1530 1243 1645 1273 ducere
1669 1243 1708 1273 de
1736 1253 1872 1283 operum
1903 1243 2065 1273 servilium
2095 1243 2435 1284 mechanicorumque,
2469 1253 2596 1274 necnon
2622 1268 2642 1284 ,-

1529 1287 1784 1327 negotiationum
1807 1287 2000 1324 necessitate,
2025 1293 2055 1317 et
2078 1287 2256 1318 moderatas
2280 1287 2404 1318 divitias
2423 1287 2595 1328 acquirere,

1529 1338 1686 1373 quatenus
1710 1331 1865 1362 felicitatis
1889 1331 2070 1372 praesentis,
2095 1341 2176 1372 quae
2196 1331 2373 1362 secundum
2396 1331 2519 1362 virtutis
2543 1341 2595 1362 su-

1530 1386 1658 1416 premae
1681 1376 1936 1406 exercitationem
1959 1383 2015 1412 est,
2033 1376 2189 1416 particeps
2212 1385 2279 1406 esse
2294 1375 2396 1417 possit
2418 1376 2596 1407 secundum

1531 1430 1628 1451 suum
1643 1421 1825 1451 modulum.

1586 1464 1766 1505 singulares
1790 1471 1897 1495 autem
1917 1474 2068 1505 personas
2084 1464 2200 1495 multas
2217 1465 2256 1495 ab
2270 1463 2442 1496 intrinseco
2465 1464 2599 1497 domm

1531 1509 1747 1549 conspicimus
1777 1510 1916 1550 quadam
1946 1508 2115 1549 sapientia,
2149 1515 2204 1540 aut
2227 1519 2244 1539 a
2272 1515 2384 1539 natura
2411 1508 2510 1540 indita
2542 1515 2600 1545 em

1530 1553 1752 1584 exercitatione
1776 1559 1958 1593 comparata
1981 1562 2036 1583 seu
2061 1560 2162 1589 aucta,
2179 1553 2222 1584 ita
2245 1553 2334 1593 quod
2350 1553 2432 1584 inter
2449 1551 2599 1594 homines

1530 1598 1618 1628 velut
1640 1598 1776 1628 aliorum
1801 1597 1924 1628 domini
1948 1597 2012 1628 nati
2035 1597 2086 1627 vel
2109 1597 2183 1634 facti
2206 1597 2278 1634 sint,
2303 1596 2450 1638 quamvis
2473 1593 2599 1629 domitii

1531 1653 1597 1672 non
1621 1642 1693 1673 sint.
1721 1642 1763 1672 Et
1785 1642 1860 1683 quia
1884 1642 1932 1672 his
1955 1641 2091 1672 naturali
2120 1641 2278 1682 aequitate
2302 1642 2434 1673 debetur
2456 1642 2599 1682 regimen

1531 1687 1684 1723 aliorum,
1715 1686 1832 1717 idcirco
1860 1685 1886 1716 si
1916 1686 1966 1716 isti
1998 1692 2153 1726 appetunt
2191 1686 2389 1723 dominium,
2415 1686 2441 1716 si
2471 1687 2512 1717 ad
2535 1686 2598 1718 hoc

1530 1731 1695 1761 cumulant
1710 1730 1861 1771 pecunias
1887 1736 1921 1760 ut
1943 1730 2124 1761 dominium
2147 1731 2324 1771 temporale
2347 1737 2464 1767 emant,
2481 1737 2518 1762 ut
2540 1739 2597 1762 cu-

1528 1775 1643 1816 iusque
1666 1775 1755 1805 decet
1778 1773 1975 1814 sapientiam,
1993 1785 2011 1805 a
2034 1773 2164 1805 rationis
2187 1782 2289 1806 rectae
2312 1774 2437 1806 tramite
2460 1785 2527 1805 non
2551 1784 2598 1806 re-

1531 1820 1657 1850 cedunt.
1688 1819 1729 1850 Et
1751 1818 1854 1849 simile
1879 1825 1925 1849 est
1947 1818 2102 1849 iudicium
2126 1818 2164 1848 de
2188 1818 2256 1849 aliis
2279 1819 2451 1850 virtutibus
2480 1818 2598 1860 quibus

1530 1864 1631 1894 homo
1655 1863 1790 1894 idoneus
1813 1863 1954 1893 redditur
1977 1863 2016 1893 ad
2040 1863 2232 1894 mutandum
2256 1869 2392 1894 statum:
2417 1869 2495 1903 puta
2523 1873 2598 1894 cum

1530 1908 1601 1949 quis
1625 1909 1665 1938 ad
1688 1907 1880 1938 fortitudinis
1904 1914 1991 1938 actus
2015 1907 2208 1947 praeclaros,
2233 1907 2423 1948 experientia
2445 1913 2542 1944 teste,
2564 1907 2599 1940 in

1530 1953 1614 1983 bello
1635 1952 1828 1992 conspicitur
1844 1958 2057 1992 praeparatus,
2075 1958 2111 1982 ut
2133 1958 2301 1992 propterea
2317 1951 2431 1992 dignus
2455 1951 2495 1983 sit
2510 1961 2598 1993 prae-

1530 2007 1597 2028 esse
1621 1997 1699 2027 aliis.
1725 1997 1760 2026 In
1784 1996 1933 2027 omnibus
1957 1996 2043 2026 enim
2065 1996 2252 2027 huiusmodi
2276 2002 2477 2028 mensuratur
2503 2006 2600 2037 appe-

1530 2042 1606 2072 titus
1630 2040 1782 2081 pecuniae
1806 2051 1843 2071 ex
1865 2039 1928 2070 vita
1947 2040 2087 2071 hominis
2111 2040 2289 2071 secundum
2319 2050 2412 2071 suam
2441 2039 2598 2071 conditio-

1531 2095 1616 2121 nem,
1641 2092 1677 2115 ut
1698 2091 1793 2125 patet.

1587 2132 1630 2160 At
1653 2129 1678 2159 si
1702 2129 1773 2170 quis
1797 2127 1988 2159 sufficienter
2011 2128 2097 2158 dives
2120 2138 2180 2168 pro
2204 2128 2339 2159 naturali
2354 2127 2503 2160 felicitate
2522 2137 2598 2160 con-

1531 2174 1702 2214 sequenda,
1727 2183 1764 2204 ex
1787 2173 1857 2204 solo
1881 2172 2023 2213 appetitu
2047 2173 2237 2204 ascendendi
2258 2179 2289 2204 et
2310 2172 2440 2213 gloriae,
2456 2173 2601 2205 cumulat

1531 2218 1681 2259 pecunias
1704 2217 1859 2258 praesenti
1875 2227 1950 2247 suae
1975 2217 2150 2248 conditioni
2166 2216 2352 2258 superfluaS,
2370 2217 2483 2258 procul
2499 2217 2599 2250 dubio

1531 2263 1743 2293 immoderato
1767 2262 1865 2292 fertur
1888 2270 2012 2292 amore:
2038 2261 2119 2292 sicut
2141 2261 2187 2292 illi
2210 2262 2266 2303 qui
2291 2262 2361 2292 solo
2386 2271 2495 2292 amore
2517 2261 2599 2295 lucri

1531 2307 1744 2348 negotiantur.
1779 2306 1952 2346 Utriusque
1983 2316 2121 2347 namque
2152 2306 2310 2346 appetitus
2341 2306 2408 2336 sine
2435 2305 2498 2336 fine
2533 2313 2598 2338 est:

1531 2352 1687 2393 quoniam
1717 2358 1782 2381 tam
1815 2351 1981 2380 ascendere
2005 2360 2103 2390 quarn
2126 2350 2255 2387 lucrari,
2281 2350 2426 2381 absolute
2454 2357 2598 2391 sumpta,

1531 2396 1668 2427 termino
1693 2402 1807 2425 carent.

1585 2441 1626 2471 Et
1649 2440 1731 2470 sicut
1754 2449 1819 2469 non
1844 2438 1888 2469 sic
1911 2438 2067 2478 contingit
2081 2438 2304 2478 appetentibus
2325 2438 2452 2469 lucrum
2467 2445 2600 2479 propter

1530 2491 1748 2526 opportunam
1771 2483 1869 2514 vitam
1892 2492 1967 2513 suae
1988 2482 2124 2513 familiae
2150 2489 2206 2513 aut
2227 2482 2445 2514 necessitatem
2468 2482 2598 2524 patriae,

1531 2529 1607 2569 quia
1637 2534 1839 2558 mensuratur
1868 2536 1981 2558 eorum
2012 2526 2171 2567 appetitus
2202 2536 2239 2557 ex
2268 2527 2356 2558 bono
2386 2526 2598 2558 oeconomico

1531 2580 1586 2603 aut
1605 2572 1754 2612 politico;
1778 2571 1820 2602 ita
1844 2581 1910 2601 non
1934 2570 1977 2601 sic
2001 2571 2114 2601 accidit
2127 2570 2189 2601 illis
2205 2571 2244 2601 de
2260 2571 2376 2612 quibus
2400 2571 2599 2611 praedictum

1532 2624 1578 2648 est
1601 2616 1690 2658 quod
1715 2616 1880 2646 cumulant
1903 2615 2073 2655 pecuniam
2097 2622 2132 2646 ut
2155 2615 2291 2646 habeant
2316 2615 2514 2656 superiorem
2538 2621 2600 2646 sta-

1530 2669 1601 2692 tum
1625 2670 1806 2691 consonum
1837 2669 1912 2690 suae
1941 2659 2069 2690 virtuti:
2106 2666 2309 2690 mensuratur
2337 2660 2457 2700 quippe
2480 2660 2599 2690 horum

1532 2705 1691 2746 appetitus
1721 2703 1911 2735 ascendendi
1943 2713 2041 2744 penes
2065 2704 2275 2744 quantitatem
2302 2714 2377 2735 suae
2400 2704 2534 2735 virtutis.
2558 2704 2600 2736 Et

1531 2757 1700 2790 propterea
1719 2748 1780 2785 isti,
1805 2755 1978 2789 postquam
2001 2748 2199 2779 ascenderint
2221 2749 2262 2779 ad
2284 2749 2419 2789 gradum
2441 2759 2518 2780 suae
2540 2748 2600 2779 vir-

1531 2794 1592 2826 tuti
1616 2803 1807 2830 consonum,
1824 2799 1902 2833 puta
1926 2793 2125 2829 comitatum,
2143 2793 2321 2834 quiescent:
2347 2799 2378 2823 et
2400 2803 2466 2824 non
2490 2802 2600 2824 cumu-

1531 2839 1643 2869 labunt
1665 2838 1797 2873 iterum,
1821 2844 1856 2867 ut
1879 2837 2049 2868 ascendant
2073 2837 2112 2867 ad
2135 2847 2286 2877 regnum,
2312 2843 2424 2878 utpote
2447 2837 2598 2868 excedens

1505 2893 1507 2922 g
1531 2883 1680 2913 virtutem
1705 2892 1805 2913 suam.
1832 2881 1896 2919 Qui
1919 2891 1995 2912 vero
2019 2881 2087 2912 sola
2110 2881 2239 2912 libidine
2263 2881 2452 2912 ascendendi
2475 2888 2506 2912 et
2529 2880 2598 2921 glo-

478 2928 529 2958 111.
554 2928 634 2959 Sunt
649 2928 743 2968 igitur
765 2929 815 2959 hic
832 2929 896 2959 duo
913 2929 1041 2959 indubie
1055 2939 1138 2959 vera.
1162 2928 1306 2958 Primum
1323 2935 1368 2959 est
1391 2928 1480 2968 quod
1505 2951 1507 2956 .

423 2982 512 3002 amor
533 2972 683 3012 pecuniae
708 2973 799 3003 debet
828 2983 894 3003 esse
918 2980 1117 3003 mensuratus
1147 2972 1288 3008 homini,
1313 2972 1419 3012 quoad
1448 2981 1480 3002 se
1505 3007 1507 3014 Ι

1532 2927 1595 2957 riae
1615 2926 1794 2962 cumulant,
1820 2935 1894 2956 cum
1917 2925 2038 2966 aliquid
2062 2925 2144 2956 nacti
2168 2925 2285 2956 fuerint
2307 2925 2457 2962 dominii,
2482 2925 2599 2956 iterum

1533 2971 1709 3007 cumulant,
1726 2977 1762 3001 ut
1783 2970 1895 3001 altiora
1911 2970 2140 3001 conscendant:
2166 2977 2197 3001 et
2219 2969 2263 3001 sic
2278 2970 2311 3000 in
2333 2969 2504 3001 infinitum.
2522 2986 2542 2993 -
2557 2969 2599 3002 Et

1533 3025 1589 3056 per
1612 3015 1688 3046 haec
1711 3021 1797 3055 patet
1820 3014 1940 3046 solutio
1964 3014 2175 3046 obiectorum.

1589 3060 1706 3090 Utrum
1737 3066 1844 3090 autern
1872 3059 1906 3089 hi
1929 3059 1985 3100 qui
2013 3058 2119 3090 illicite
2148 3058 2313 3090 cumulant
2342 3065 2472 3098 propter
2495 3057 2598 3088 solam

1532 3103 1698 3134 libidinem
1721 3103 1924 3140 ascendendi,
1945 3109 2076 3144 peccent
2099 3102 2282 3140 mortaliter,
2306 3102 2339 3133 in
2363 3109 2419 3133 art.
2443 3110 2480 3142 4,
2498 3102 2537 3132 ad
2562 3111 2596 3139 2,

1507 3177 1509 3183 ,
1535 3147 1703 3178 disseretur
1717 3147 1745 3177 *.

1037 3292 1990 3373 maffia—

2623 3132 2835 3156 ‘Commeat-nuni.
