2860 4244
7 208 21 276 ἐ

19 316 21 321 .

935 233 1202 279 QUAESTIO
1231 235 1365 283 LXIV,
1393 236 1687 274 ARTICULUS
1716 237 1783 274 Vll
2395 240 2443 287 75

331 310 381 341 Ad
403 310 466 340 hoc
489 310 602 341 dicitur
625 311 722 351 quod,
744 310 816 341 licet
834 320 966 350 magnae
994 311 1126 342 caritatis
1151 320 1231 343 esset
1253 320 1289 344 ut
1311 313 1337 343 is

276 354 366 385 cuius
387 353 451 384 vita
474 364 539 384 non
563 360 610 384 est
632 354 803 384 necessaria
826 354 944 384 alienae
968 355 1060 386 saluti
1084 356 1250 396 spirituali,
1274 357 1337 396 pri-

274 397 340 428 vari
363 407 396 428 se
414 404 572 437 pateretur
586 397 651 428 vita
665 398 820 438 praesenti
844 405 879 428 ut
901 398 1027 429 invasor
1049 399 1175 430 haberet
1198 401 1337 440 spatium

275 441 506 482 poenitentiae,
531 448 562 472 et
584 441 628 472 sic
650 451 683 472 se
705 442 776 473 Deo
799 442 957 478 redderet,
981 443 1021 472 ad
1047 443 1109 474 hoc
1137 451 1243 474 tamen
1273 455 1338 475 non

276 492 408 516 tenetur.
433 485 597 522 Quoniam
612 495 731 525 ponere
745 486 843 516 vitam
859 495 917 526 pro
934 486 1039 516 anima
1058 488 1194 526 proximi
1210 498 1275 518 non
1293 496 1339 519 est

276 536 364 560 actus
383 529 517 560 caritatis
535 529 575 562 ad
595 539 693 569 quem
717 530 755 560 de
772 529 954 560 necessitate
972 537 1126 567 tenemur,
1144 532 1202 561 nisi
1217 533 1249 562 in
1265 542 1338 563 casu

276 583 343 614 quo
365 579 511 604 tenemur
525 573 593 603 eius
608 573 702 603 saluti
717 573 880 613 providere
894 582 900 603 ε
923 580 958 604 ut
980 575 1124 614 superius
1143 575 1174 605 in
1190 586 1244 616 qu.
1257 586 1338 612 xxvr,

276 623 333 648 art.
355 617 388 653 5,
411 617 452 646 ad
475 617 545 654 ult„
568 616 689 647 dictum
713 624 768 647 est.
801 617 937 648 Constat
959 624 1066 648 autem
1089 620 1176 659 quod
1200 619 1250 650 hic
1274 629 1338 650 non

277 668 323 692 est
345 669 436 692 casus
459 660 544 691 talis:
567 660 723 700 quoniam
744 660 802 691 iste
825 661 858 691 in
881 661 972 692 nullo
996 669 1042 693 est
1065 663 1265 700 necessitatis,
1285 664 1339 694 sed

275 704 407 745 iniquae
427 703 599 735 voluntatis
622 704 756 735 articulo
779 705 980 736 constitutus.
1011 706 1096 743 Quia
1118 707 1212 747 igitur
1234 707 1340 737 defen-

277 746 341 778 sori
371 746 527 778 incumbit
549 757 624 778 cura
651 748 838 787 providendi
865 749 959 780 saluti
989 750 1134 790 propriae
1157 751 1254 787 vitae,
1282 760 1340 782 nec

276 795 400 823 tenetur
428 791 594 831 providere
617 791 698 822 vitae
721 792 877 832 corporali
907 800 962 824 aut
988 793 1141 834 spirituali
1168 794 1339 831 invasoris;

277 843 474 875 consequens
497 841 544 866 est
570 841 607 866 ut
633 845 707 866 cum
735 836 878 867 ordinata
905 837 1071 869 dilectione
1095 837 1228 869 caritatis
1258 845 1342 868 amet

220 896 223 900 ι
276 877 376 918 magis
398 878 535 910 salutem
550 879 746 920 spiritualem
768 880 905 920 proximi
928 891 1026 921 quam
1047 882 1146 912 vitam
1169 881 1340 921 propriam,

277 929 309 956 et
329 929 436 954 nmen
458 923 547 954 hunc
568 931 676 954 actum
698 925 814 955 tutelae
837 934 904 955 non
927 925 1154 964 praetermittat
1174 934 1248 955 cum
1268 935 1342 955 con-

277 973 428 1006 sequente
457 967 576 997 damno
607 968 773 1009 utriusque
795 967 878 998 vitae
905 969 1050 1000 alterius:
1083 968 1158 1009 quia
1188 968 1228 998 ad
1257 968 1342 999 hunc

277 1009 423 1041 effectum
446 1020 512 1041 non
535 1017 659 1043 tenetur
681 1011 742 1043 nisi
763 1011 797 1043 in
820 1022 904 1048 casu,
928 1012 1002 1053 quia
1026 1021 1092 1042 non
1107 1018 1153 1042 est
1177 1011 1236 1042 sibi
1255 1022 1342 1043 com-

277 1053 372 1084 missa
395 1063 470 1085 cura
497 1054 536 1084 de
558 1055 631 1092 illo,
656 1056 712 1086 sed
739 1055 778 1086 de
801 1065 934 1095 corpore
949 1055 1090 1096 proprio.
1120 1056 1161 1086 Et
1185 1055 1229 1086 sic
1252 1057 1342 1094 ratio,

277 1107 359 1138 quae
382 1107 478 1139 super
497 1107 572 1129 cura
590 1109 666 1130 suae
681 1099 854 1139 corporalis
869 1098 950 1129 vitae
973 1098 1134 1136 fundatur,
1151 1105 1211 1130 stat
1226 1100 1342 1131 solida:

278 1148 310 1173 et
331 1148 420 1173 tanto
443 1142 516 1182 plus
539 1150 661 1183 quanto
685 1143 759 1174 satis
781 1153 800 1173 a
816 1143 956 1179 remotis,
973 1143 1034 1174 hoc
1051 1149 1097 1174 est
1119 1153 1175 1184 per
1190 1143 1343 1181 accidens,

277 1184 406 1219 effectus
421 1185 506 1217 iuius
521 1186 724 1218 defensionis.
748 1186 856 1218 Potest
871 1187 956 1218 enim
969 1187 1002 1218 in
1018 1187 1147 1218 instanti
1168 1189 1343 1227 poenitere:

170 1251 224 1264 ,,,.
241 1247 246 1251 ·
277 1237 309 1273 ,er
330 1230 527 1270 estlalterius
549 1230 669 1261 ordinis
691 1231 733 1261 ab
751 1230 912 1262 effectibus
927 1231 1154 1271 corporalibus,
1174 1232 1230 1272 qui
1249 1233 1344 1264 etiam

179 1271 254 1292 ¹
277 1269 341 1318 per
356 1267 500 1309 accidens
524 1281 598 1305 sunt
621 1284 639 1305 a
661 1274 845 1308 defensione
867 1274 932 1306 illa.

323 1312 387 1347 nr.
411 1317 448 1347 In
470 1317 741 1361 eodem-articulo
765 1319 912 1359 septimo,
936 1318 969 1348 in
993 1318 1122 1349 materia
1145 1320 1275 1350 secundi
1298 1330 1344 1350 ar-

276 1357 591 1402 'gui'nemirdubium
615 1360 752 1393 occurrit
774 1372 824 1398 an,
846 1361 1045 1393 defendendo
1067 1373 1127 1402 res,
1150 1363 1242 1394 liceat
1264 1364 1345 1395 occi-

247 1393 428 1436 ff&
449 1412 496 1436 eat
514 1405 594 1436 ratio
609 1406 709 1442 dubii,
732 1413 803 1437 tum
818 1407 894 1447 quia
908 1406 1008 1437 homo
1031 1413 1155 1437 tenetur
1177 1407 1249 1447 plus
1271 1418 1345 1448 pro-

275 1448 528 1485 addereralienae
544 1449 627 1481 vitae
649 1460 749 1490 quam
770 1451 907 1491 propriis
930 1451 1036 1481 rebus:
1061 1457 1186 1482 tenetur
1207 1461 1346 1492 namque

275 1501 474 1538 flmepqnere
496 1493 596 1525 vitam
610 1494 755 1535 ,alienam
777 1494 927 1525 omnibus
951 1495 1044 1525 rebus
1067 1495 1286 1532 exterioribus3
1310 1503 1346 1527 ut

277 1535 366 1577 patet
387 1547 424 1568 ex
447 1546 486 1568 eo
517 1534 621 1578 quod„
630 1538 688 1579 qui
709 1544 815 1578 potest
837 1544 868 1569 et
890 1547 956 1568 non
979 1538 1078 1578 pascit
1100 1538 1183 1569 fame
1207 1539 1345 1570 morien-

225 1599 251 1613 -‚
277 1587 355 1617 tem,
370 1580 533 1629 homicida
551 1588 599 1613 est
610 1580 639 1613 *-
662 1581 752 1612 Tum
773 1581 848 1623 quia
867 1581 972 1612 Exod.
988 1591 1050 1612 xxu
1065 1581 1100 1601 ²⁸²*
1123 1582 1236 1613 dicitur
1257 1584 1345 1624 quod

276 1622 431 1665 fflurnum
448 1622 568 1663 sunm,
591 1625 688 1656 etiam
710 1625 935 1666 infringentem
958 1626 1102 1662 domum,
1127 1625 1153 1656 si
1177 1627 1248 1667 quis
1265 1628 1346 1658 occi-

275 1668 457 1706 mant-us
472 1668 530 1701 erit
543 1669 717 1701 homicidii.
741 1687 764 1693 -
782 1670 816 1700 In
833 1669 1020 1710 oppositum
1037 1677 1084 1700 est
1098 1677 1131 1701 et
1145 1670 1243 1701 civilis
1259 1671 1346 1708 iuris,

277 1712 513 1750 animorum
532 1713 701 1745 auctoritas
725 1714 905 1744 doctorum.

275 1774 311 1803 ῃ,
331 1756 403 1808 &d
457 1756 638 1795 c-dulxinm
666 1768 685 1788 a
707 1758 901 1799 quibusdam
923 1757 1036 1788 dicitur
1065 1758 1154 1799 quod
1180 1759 1347 1799 dupliciter

274 1809 295 1832 c
449 1798 616 1835 defendere
630 1810 694 1833 res:
719 1802 837 1844 scilicet
855 1801 1094 1842 recuperabiles,
1117 1802 1167 1832 vel
1189 1802 1346 1844 irrecupe-

277 1806 470 1877 §ffissffit
492 1842 583 1885 quod
604 1845 735 1886 quando
759 1845 871 1876 accidit
894 1846 982 1886 quod
1006 1845 1133 1876 invasor
1155 1846 1277 1877 auferre
1300 1847 1346 1878 ni-

276 1885 423 1920 fflff'res
446 1897 543 1925 meas,
560 1886 675 1929 'siego
699 1899 834 1929 possum
855 1899 904 1920 res
928 1899 1014 1920 meas
1038 1890 1132 1920 etiam
1155 1890 1181 1920 si
1202 1890 1346 1921 auferen-

275 1937 626 1973 tua‘1nempemre‘1per
639 1933 724 1964 viam
739 1933 864 1971 iudicis,
887 1943 953 1964 non
977 1943 1121 1974 possum,
1145 1933 1345 1966 defendendo

275 1979 351 2014 ιβ,-
369 1975 513 2011 occidere
528 1983 707 2017 raptorem.
740 1977 774 2009 Si
796 1984 905 2009 autem
933 1987 998 2008 non
1026 1987 1155 2018 possem
1182 1988 1240 2018 per
1261 1979 1346 2010 viam

276 2018 391 2051 iudicis
412 2029 597 2060 recuperare
619 2030 668 2051 res
690 2031 778 2052 meas
801 2022 826 2052 si
850 2020 1046 2058 auferuntur,
1069 2031 1213 2062 possum,
1238 2023 1346 2054 defen-

276 2063 383 2112 dendo
405 2073 455 2099 res
476 2074 575 2108 meaa,
597 2065 682 2096 licite
706 2064 858 2099 occidere.
882 2062 949 2097 Nec
972 2065 1033 2097 alia
1048 2065 1174 2097 affertur
1189 2066 1269 2098 ratio
1285 2067 1344 2097 nisi

276 2106 354 2157 quia
378 2106 527 2142 defensio.
543 2116 650 2139 rerum
673 2115 720 2141 est
741 2109 835 2140 licita.
859 2109 901 2140 Et
922 2109 972 2140 ius
994 2109 1056 2140 hoc
1079 2110 1233 2147 concedit,
1256 2117 1291 2141 ut
1313 2111 1346 2141 in

245 2171 252 2184 ,
276 2147 300 2182 ἓ.
310 2143 446 2189 «Parem,
467 2150 510 2188 ff„
524 2149 571 2183 'ad
585 2152 689 2193 legem
716 2153 900 2184 Corneliam
919 2153 960 2184 de
973 2153 1077 2184 Sicar.
1089 2153 1108 2173 *
1122 2171 1143 2176 -
1158 2153 1222 2184 Alii
1238 2161 1344 2185 autem

277 2194 391 2226 &unt
409 2193 505 2236 qnod
521 2195 594 2227 licet
615 2196 749 2237 impune
768 2198 911 2228 occidere
934 2197 1085 2238 salvando
1106 2207 1164 2234 res,
1187 2205 1346 2238 quantum

277 2239 318 2270 ad
336 2237 445 2269 forum
468 2239 574 2270 civile:
598 2241 654 2271 sed
676 2241 710 2270 in
733 2240 804 2271 foro
821 2241 1030 2272 conscientiae
1050 2251 1115 2272 non
1137 2241 1221 2274 licet.
1242 2242 1284 2275 Et
1299 2242 1345 2273 af-

277 2281 377 2314 fertur
392 2283 432 2312 ad
454 2282 517 2313 hoc
539 2293 608 2323 cap.
631 2284 839 2325 [merses-isti,
862 2285 966 2320 Extra,
991 2285 1030 2316 de
1043 2286 1237 2316 Homicidio.

333 2326 413 2357 Mihi
436 2333 543 2357 autem
571 2328 660 2358 aliter
683 2329 819 2359 occurrit
848 2339 884 2359 ex
911 2329 1072 2369 principiis
1101 2329 1214 2360 habitis
1242 2330 1345 2360 dicen-

277 2369 376 2401 dum:
399 2370 518 2401 scilicet
539 2372 630 2411 quod
653 2373 783 2413 quando
807 2373 878 2413 quis
897 2382 963 2403 non
978 2379 1084 2412 potest
1099 2373 1188 2404 aliter
1206 2383 1254 2404 res
1273 2384 1346 2404 suas

277 2413 447 2445 defendere
475 2414 554 2454 quin
580 2422 731 2455 sequatur
759 2426 799 2446 ex
824 2416 1008 2447 defensione
1035 2417 1151 2447 occisio
1175 2417 1345 2454 invasoris,

274 2457 499 2498 {titepotesn
523 2458 737 2496 defendendo,
762 2460 904 2491 occidere
925 2460 1029 2491 illum.
1057 2461 1100 2491 Et
1121 2467 1168 2491 est
1190 2461 1270 2491 ratio
1293 2462 1346 2491 illa

277 2501 389 2532 eadem
404 2511 487 2542 quae
501 2503 677 2542 assignatur
689 2503 723 2534 in
738 2504 840 2534 littera
855 2504 887 2534 *z
913 2504 988 2544 quia
1004 2503 1120 2535 scilicet
1135 2505 1208 2544 plus
1224 2512 1348 2536 tenetur

277 2544 393 2586 aliquis
415 2555 523 2576 curam
546 2546 660 2578 habere
683 2557 789 2578 rerum
805 2558 945 2584 suarum,
962 2558 1044 2589 quae
1063 2555 1137 2578 sunt
1155 2549 1346 2580 adminicula

277 2588 360 2620 vitae
382 2599 458 2620 suae
481 2597 512 2620 et
533 2590 658 2621 virtutis
681 2598 777 2631 atque
799 2591 966 2628 felicitatis,
990 2602 1090 2632 quam
1113 2592 1231 2623 alienae
1254 2593 1346 2624 vitae.

279 2632 379 2671 Quod
400 2634 562 2673 probatur,
586 2635 662 2675 quia
681 2635 810 2666 cuilibet
831 2636 978 2667 imminet
991 2646 1067 2668 cura
1081 2645 1190 2668 rerum
1204 2646 1345 2673 suarum,

277 2675 312 2708 in
333 2676 444 2708 ordine
467 2678 636 2718 praecipue
658 2679 698 2709 ad
720 2679 890 2715 virtutem,
914 2690 980 2710 non
1003 2687 1110 2711 autem
1135 2690 1209 2711 cura
1229 2681 1347 2711 alienae

276 2719 362 2751 witae
389 2721 506 2751 nisi·in
535 2731 609 2752 casu
632 2723 840 2754 necessitatis:
875 2730 998 2754 constat
1025 2730 1133 2755 autem
1162 2725 1252 2765 quod
1274 2725 1347 2765 plus

277 2770 404 2796 metm·
424 2765 498 2805 quis
521 2766 755 2805 providentiam·
776 2767 891 2798 habere
906 2776 1020 2798 eorum
1042 2777 1183 2808 quorum
1199 2778 1274 2799 cura
1288 2769 1347 2799 sibi

277 2806 426 2839 imaainet
447 2808 633 2848 simpliciter
649 2816 679 2841 et
693 2811 850 2847 absolute,
866 2821 965 2851 quam
979 2821 1092 2842 eorum
1115 2821 1256 2852 quorum
1272 2822 1347 2843 cura

280 2861 349 2883 non
370 2850 430 2882 sibi
451 2851 599 2883 imminet
620 2854 679 2884 nisi
702 2854 736 2885 in
759 2864 845 2886 casu.
867 2872 888 2878 -
911 2855 953 2885 Et
972 2855 1190 2886 manifestatur
1208 2856 1346 2896 amplius

279 2895 344 2926 hoc
359 2905 396 2926 a
418 2905 514 2936 supra
537 2896 628 2928 dictis
649 2897 683 2927 in
706 2903 761 2928 art.
779 2898 798 2928 8
811 2898 830 2917 *
850 2908 905 2939 qu.
927 2907 1003 2928 xxv:
1027 2899 1117 2939 quod
1140 2899 1258 2930 scilicet
1279 2909 1346 2930 non

280 2945 406 2971 tenetur
427 2939 528 2970 homo
551 2940 585 2970 in
608 2941 736 2980 speciali
754 2941 897 2982 singulos
911 2942 1075 2981 proximos
1091 2942 1219 2982 diligere
1243 2953 1280 2974 ex
1295 2953 1346 2974 ca-

280 2983 381 3020 ritate,
404 2992 510 3024 neque
530 2985 708 3015 secundum
722 2991 831 3016 actum
846 2985 1028 3016 interiorem
1042 2996 1146 3027 neque
1169 2987 1346 3017 secundum

281 3033 370 3058 actus
385 3027 564 3059 exteriores.
586 3028 620 3059 Si
634 3028 730 3068 igitur
745 3039 813 3060 non
831 3035 941 3060 teneor
964 3030 1091 3070 diligere
1109 3030 1142 3060 in
1165 3030 1345 3071 particulari

279 3070 483 3108 invasorem,
503 3071 591 3102 nulla
617 3072 697 3103 mihi
723 3083 798 3104 cura
824 3080 872 3104 est
901 3073 939 3104 de
967 3073 1053 3105 illius
1076 3074 1140 3105 vita
1163 3075 1344 3106 commissa.

276 3115 330 3147 De
352 3115 552 3146 adminiculis
574 3122 683 3147 autem
704 3116 788 3148 vitae
809 3118 956 3157 propriae
985 3124 1016 3148 et
1039 3118 1205 3155 virtutum,
1223 3125 1346 3150 constat

276 3153 429 3200 *oportere
450 3168 503 3189 me
525 3169 636 3190 curam
657 3161 781 3192 habere.
811 3161 911 3198 Quod
934 3161 1033 3192 simus
1056 3168 1163 3193 autern
1186 3169 1271 3193 extra
1294 3172 1345 3193 ca-

281 3213 356 3234 sum
378 3203 569 3234 necessitatis
591 3214 631 3235 ex
652 3214 691 3235 eo
706 3211 792 3245 patet
814 3205 904 3246 quod
925 3205 1053 3236 invasor
1075 3206 1216 3246 seipsum
1231 3213 1344 3247 sponte

281 3246 316 3277 in
330 3246 386 3278 mli
401 3257 475 3278 casu
493 3247 595 3287 ponit,
610 3247 776 3280 inferendo
794 3249 890 3280 talem
913 3249 1061 3280 iniuriam
1083 3250 1230 3291 proximo
1246 3260 1345 3291 quam

281 3290 336 3321 ille
357 3300 424 3321 non
447 3297 552 3332 potest
581 3292 712 3323 evadere
734 3292 795 3323 nisi
827 3293 1019 3324 occidendo:
1054 3293 1088 3324 in
1111 3294 1244 3325 articulo
1268 3304 1343 3335 ergo

282 3334 411 3375 iniquae
433 3334 606 3367 voluntatis
629 3342 660 3366 et
686 3336 798 3368 mortis
824 3337 965 3378 seipsum
987 3338 1095 3379 ponit,
1119 3345 1156 3369 ut
1178 3338 1344 3369 iniurietur

283 3378 383 3410 alteri.

1444 313 1577 353 Signum
1599 320 1707 344 autem
1730 314 1817 354 quod
1841 314 1918 344 haec
1937 314 1976 345 sit
1999 315 2146 345 Auctoris
2162 314 2294 346 intentio
2319 315 2450 347 habetur

1389 366 1425 387 ex
1437 356 1499 387 hoc
1511 357 1599 398 quod
1611 358 1781 397 Augustini
1796 358 1828 388 in
1842 358 1852 388 1
1869 358 1908 388 de
1924 358 1990 388 Lib.
2004 358 2080 389 Arb.
2093 358 2111 377 *
2127 359 2293 390 auctoritas
2310 360 2451 401 loquitur

1388 410 1454 430 non
1477 401 1584 431 solum
1608 402 1646 431 de
1664 401 1728 432 vita
1751 402 1917 442 corporali,
1942 402 1997 432 sed
2021 403 2059 432 de
2075 402 2142 432 aliis
2165 413 2246 443 quae
2269 403 2358 434 inviti
2382 414 2449 444 per-

1388 445 1460 474 dere
1487 455 1669 484 possumus.
1699 446 1740 476 Et
1761 445 1794 475 in
1817 445 1944 486 speciali
1967 445 2010 476 ibi
2037 445 2168 486 quidem
2195 447 2233 477 de
2256 447 2396 478 libertate
2421 456 2452 479 et

1388 487 1539 527 pudicitia
1553 489 1710 529 loquitur:
1730 490 1939 528 postmodum
1950 489 1968 509 *
1982 499 2067 526 vero,
2084 490 2116 519 in
2133 491 2354 530 prosecutione
2370 492 2451 522 eius-

1390 532 1463 561 dem
1486 532 1580 571 primi
1603 532 1690 568 libri,
1715 534 1773 563 sub
1797 534 1911 563 eodem
1934 533 2062 570 ordine,
2086 534 2202 565 scilicet
2230 544 2342 565 eorum
2370 546 2451 576 quae

1389 574 1478 605 inviti
1501 576 1630 615 perdere
1653 586 1840 616 possumus,
1865 577 1956 617 ponit
1981 578 2118 608 honores
2143 585 2173 608 et
2195 578 2328 610 divitias.
2360 579 2452 610 Unde

1391 628 1466 649 cum
1487 618 1519 648 in
1544 619 1602 649 hac
1623 621 1828 659 responsione
1851 624 1973 652 Auctor
1995 621 2113 661 glosset
2130 622 2218 652 illam
2232 622 2451 659 universalem,

1391 661 1518 698 scilicet,
1532 672 1594 702 pro
1613 663 1662 693 his
1677 664 1771 695 rebus
1785 674 1867 704 quas
1886 667 2044 696 contemni
2059 671 2191 706 oportet,
2207 666 2348 698 insinuat
2364 669 2453 708 quod

1391 706 1502 736 eadem
1526 714 1572 737 est
1595 707 1634 736 de
1657 707 1807 738 omnibus
1829 708 2015 739 huiusmodi
2039 709 2128 740 ratio.
2154 710 2200 740 Ita
2222 710 2311 751 quod
2333 717 2366 741 et
2386 713 2452 742 Au-

1391 749 1509 790 gustini
1532 750 1684 780 sententia
1706 751 1824 781 ibidem
1847 752 1983 783 salvatur
2007 753 2045 783 de
2060 753 2108 784 his
2131 753 2187 794 qui
2209 754 2378 786 intendunt
2399 765 2454 786 oc—

1392 793 1494 823 cidere
1515 803 1574 832 pro
1598 794 1753 824 salvandis
1777 796 1879 831 rebus,
1896 802 1970 827 etc.:
1996 803 2026 827 et
2055 806 2200 838 praesens
2225 798 2366 829 doctrina
2394 799 2455 829 sal-

1391 843 1483 867 vatur
1506 837 1545 866 de
1567 837 1616 866 his
1639 838 1694 878 qui
1718 848 1784 868 non
1806 839 1974 870 intendunt
1997 839 2151 877 occidere,
2176 842 2231 871 sed
2253 842 2371 873 salvare
2394 853 2452 879 res,

1394 887 1424 911 et
1447 880 1563 910 occisio
1587 890 1620 911 se
1642 881 1737 912 habet
1760 889 1988 923 consequenter
2011 889 2042 914 et
2063 894 2119 924 per
2142 885 2295 916 accidens.

1450 925 1502 955 1V.
1525 925 1576 954 Ad
1608 925 1744 964 primam
1766 925 1862 964 igitur
1890 926 2101 958 obiectionem
2125 928 2237 959 dicitur
2270 930 2359 970 quod
2381 940 2455 960 cum

1393 967 1513 998 maiore
1537 968 1704 999 dilectione
1727 969 1863 1009 proximi
1886 980 1984 1010 quarn
2006 981 2112 1002 rerum
2136 978 2195 1002 stat
2222 973 2311 1013 quod
2334 974 2454 1013 possim

1394 1018 1502 1042 actum
1524 1012 1710 1043 huiusmodi
1733 1013 1848 1043 tutelae
1872 1023 2024 1045 exercere:
2049 1015 2203 1055 quoniam
2221 1016 2274 1046 illa
2290 1018 2391 1047 maior
2410 1018 2456 1047 di-

1393 1055 1487 1086 lectio
1511 1055 1648 1096 proximi
1672 1066 1737 1086 non
1754 1064 1881 1096 oportet
1899 1059 1988 1099 quod
2004 1058 2043 1089 sit
2061 1058 2120 1089 nisi
2135 1059 2167 1089 in
2183 1060 2357 1097 communi,
2374 1068 2457 1091 extra

1395 1109 1504 1130 casum
1512 1108 1519 1136 ;
1543 1100 1620 1130 haec
1636 1108 1743 1131 autern
1766 1100 1865 1131 tutela
1887 1101 2032 1142 provenit
2055 1112 2091 1132 ex
2107 1113 2181 1133 cura
2205 1104 2394 1143 particulari.
2418 1105 2459 1135 Et

1395 1143 1477 1174 sicut
1499 1150 1558 1174 stat
1581 1153 1633 1174 me
1657 1145 1729 1184 plus
1752 1144 1880 1184 diligere
1898 1145 2032 1175 salutem
2056 1146 2179 1177 animae
2203 1147 2337 1186 proximi
2360 1158 2458 1188 quam

1394 1188 1530 1218 salutern
1546 1197 1652 1218 meam
1668 1189 1876 1228 corporalem,
1893 1195 1923 1220 et
1938 1196 2044 1220 tamen
2060 1190 2098 1220 de
2113 1191 2247 1230 proximi
2262 1192 2362 1222 salute
2378 1202 2457 1222 nun-

1395 1242 1493 1272 quam
1517 1231 1664 1271 cogitare,
1687 1231 1774 1262 illam
1797 1242 1964 1273 nunquam
1986 1233 2018 1263 in
2042 1234 2169 1274 speciali
2192 1245 2306 1271 amare,
2331 1236 2369 1266 de
2391 1246 2459 1266 cor-

1395 1276 1497 1316 porali
1521 1282 1628 1306 autem
1650 1276 1715 1306 vita
1738 1276 1872 1316 cogitare
1901 1284 1930 1307 et
1953 1277 1986 1307 in
2009 1277 2188 1317 particulari
2211 1278 2339 1319 diligere
2361 1279 2458 1316 illam,

1396 1326 1525 1362 propter
1547 1319 1722 1350 iniunctam
1748 1320 1827 1350 mihi
1849 1321 1939 1351 istius
1963 1331 2089 1359 curam,
2114 1332 2179 1352 non
2201 1322 2302 1353 illius:
2331 1323 2374 1354 ita
2401 1331 2461 1354 stat

1396 1364 1485 1405 quod
1507 1363 1580 1404 plus
1604 1363 1701 1403 diligo
1724 1363 1822 1394 vitam
1845 1365 1981 1404 proximi
2005 1375 2102 1406 quam
2117 1375 2164 1396 res
2180 1376 2276 1403 meas,
2302 1374 2332 1398 et
2353 1373 2459 1398 tamen

1395 1408 1436 1438 de
1458 1407 1512 1438 illa
1534 1417 1702 1448 nunquam
1725 1417 1832 1438 curem
1855 1408 1888 1438 in
1911 1409 2038 1449 speciali
2061 1409 2120 1439 nisi
2142 1410 2176 1440 in
2199 1420 2283 1446 casu,
2306 1411 2383 1441 istae
2405 1421 2460 1441 au-

1395 1458 1462 1482 tem
1483 1461 1535 1482 me
1559 1451 1744 1487 sonicitent;
1766 1452 1878 1482 eadem
1901 1453 2032 1489 ratione,
2048 1453 2123 1493 quia
2145 1454 2262 1485 scilicet
2282 1454 2413 1485 istarum
2427 1455 2460 1485 in

1397 1495 1507 1526 ordine
1531 1495 1570 1524 ad
1592 1495 1690 1525 vitam
1713 1502 1743 1525 et
1765 1495 1914 1526 virtutem
1933 1506 2006 1527 cura
2022 1497 2101 1527 mihi
2114 1497 2269 1535 imminet,
2285 1498 2369 1529 illius
2383 1509 2459 1530 non.

1397 1539 1527 1569 Falsum
1544 1548 1618 1578 ergo
1639 1539 1820 1575 assumitur,
1838 1540 1926 1580 quod
1948 1547 2054 1570 tenear
2072 1541 2144 1581 plus
2163 1542 2327 1581 providere
2342 1543 2462 1573 alienae

1396 1582 1479 1613 vitae
1509 1592 1607 1623 quam
1631 1592 1740 1613 curam
1770 1583 1884 1613 habere
1908 1593 2014 1614 rerum
2037 1594 2182 1615 mearum
2212 1592 2247 1616 ut
2270 1586 2460 1618 adminicula

1397 1633 1472 1657 sunt
1484 1625 1566 1657 vitae
1590 1633 1620 1656 et
1641 1625 1776 1662 virtutis,
1801 1627 1946 1666 quamvis
1969 1634 2076 1658 tenear
2097 1628 2170 1667 plus
2186 1629 2313 1669 diligere
2328 1630 2462 1660 alienam

1397 1670 1495 1701 vitam
1523 1679 1620 1710 quam
1645 1680 1694 1700 res
1722 1679 1819 1700 meas.
1843 1671 1925 1709 Sed,
1956 1678 1992 1702 ut
2014 1672 2207 1702 declaratum
2229 1680 2276 1704 est
2290 1674 2323 1710 *,
2346 1674 2463 1704 modus

1398 1714 1564 1754 diligendi,
1589 1714 1706 1746 scilicet
1732 1714 1766 1744 in
1789 1715 1954 1745 communi
1977 1716 2027 1746 vel
2054 1716 2196 1756 speciali,
2222 1723 2253 1747 et
2282 1727 2357 1748 cura
2384 1718 2463 1748 mihi

1397 1758 1568 1790 imminens
1590 1758 1639 1788 vel
1662 1767 1730 1788 non
1752 1758 1933 1794 imminens,
1958 1759 2067 1789 omnia
2090 1760 2228 1791 solvunt.

1453 1802 1504 1833 Ad
1527 1802 1699 1832 secundam
1722 1801 1936 1833 obiectionem
1959 1803 2073 1834 dicitur
2088 1804 2185 1844 quod,
2211 1801 2285 1835 cum
2300 1804 2357 1844 illa-
2368 1806 2463 1836 verba

1396 1842 1438 1876 ad
1467 1851 1632 1886 'praecepta
1658 1845 1818 1876 iudicialia
1845 1853 2005 1886 spectent,
2029 1847 2061 1877 in
2092 1848 2163 1878 foro
2186 1848 2324 1878 iudiciali
2350 1849 2464 1880 intelli—

1397 1890 1500 1930 genda
1523 1897 1612 1925 sunt,
1637 1890 1670 1919 in
1693 1899 1760 1929 quo
1785 1899 1852 1920 non
1876 1890 2062 1921 discernitur
2091 1901 2131 1922 an
2155 1891 2301 1922 defensor
2322 1893 2464 1924 intendat

1398 1934 1539 1965 occidere
1569 1943 1628 1974 pro
1652 1934 1826 1970 salvandis,
1852 1944 1892 1964 an
1919 1935 2037 1965 salvare
2064 1941 2095 1966 et
2122 1946 2159 1966 ex
2184 1937 2390 1977 consequenti
2416 1947 2463 1967 se-

1397 1978 1505 2019 quitur
1528 1977 1656 2008 occisio.
1687 1977 1798 2008 Sermo
1822 1985 1930 2008 autem
1953 1985 2060 2010 noster
2083 1986 2129 2010 est
2151 1979 2184 2010 in
2207 1980 2279 2011 foro
2302 1981 2462 2011 conscien-

1396 2022 1466 2058 tiae,
1491 2021 1547 2052 ubi
1569 2021 1701 2052 intentio
1719 2021 1905 2052 discernitur
1921 2029 1951 2053 et
1966 2022 2133 2054 iudicatur.
2156 2040 2177 2047 ·-
2199 2024 2330 2060 Rursus,
2346 2025 2397 2056 lex
2410 2026 2464 2055 illa

1397 2066 1541 2098 absolute
1565 2065 1717 2106 loquitur,
1742 2072 1772 2096 et
1795 2075 1860 2096 non
1883 2065 1916 2096 in
1934 2076 2007 2097 casu
2031 2067 2064 2099 in
2084 2077 2150 2107 quo
2173 2078 2239 2098 non
2256 2075 2362 2109 potest
2377 2069 2464 2099 aliter

1396 2109 1462 2140 vim
1485 2109 1516 2139 vi
1540 2109 1706 2149 repellere:
1740 2119 1799 2140 nos
1822 2116 1930 2140 autem
1953 2110 1986 2140 in
2010 2111 2079 2142 solo
2104 2111 2166 2141 hoc
2189 2120 2262 2142 casu
2289 2112 2462 2153 loquimur.

1397 2154 1493 2184 Unde
1504 2162 1570 2183 non
1585 2162 1771 2183 excusamus
1789 2154 1919 2194 quando
1943 2161 2048 2194 potest
2063 2155 2214 2195 repellere
2229 2155 2293 2186 vim
2310 2156 2463 2197 capiendo

1397 2198 1515 2238 ipsum,
1538 2197 1588 2227 vel
1611 2204 1819 2238 quocumque
1842 2197 1906 2228 alio
1929 2199 2040 2229 modo.

1453 2241 1622 2272 Decretalis
1646 2247 1753 2272 autem
1771 2241 1829 2271 illa
1851 2241 2049 2282 Interfecisti
2071 2253 2137 2274 non
2167 2250 2214 2274 est
2237 2250 2344 2274 contra
2371 2244 2462 2274 dicta.

1398 2285 1562 2322 Quoniam
1585 2283 1772 2314 affirmando
1796 2295 1870 2315 curn
1888 2285 2090 2322 adversativa,
2114 2287 2150 2316 Si
2164 2293 2270 2317 autem
2294 2293 2324 2318 te
2346 2293 2464 2328 tuaque

1397 2318 1579 2365 liberandi),
1605 2328 1808 2368 interfecisti,
1834 2330 2021 2369 oppositum
2044 2340 2152 2360 casum
2182 2337 2293 2361 tractat
2320 2339 2463 2371 respectu

1397 2372 1621 2413 praecedentis,
1645 2372 1777 2407 scilicet,
1801 2373 1997 2413 Interfecisti
2010 2373 2125 2413 furem
2149 2380 2206 2404 aut
2229 2375 2387 2406 latronem
2412 2377 2465 2406 ubi

1398 2417 1621 2456 comprehendi
1629 2421 1758 2455 poterat
1769 2417 1887 2456 absque
1902 2418 2065 2448 occisione.
2086 2418 2126 2448 Et
2142 2417 2214 2448 licet
2229 2428 2294 2448 non
2311 2419 2392 2450 dicat
2404 2420 2464 2450 dis-

1397 2460 1545 2496 iunctive,
1569 2466 1600 2490 te
1614 2460 1664 2490 vel
1678 2465 1746 2497 tua,
1763 2461 1817 2490 sed
1833 2461 2022 2500 copulative,
2039 2467 2068 2492 te
2084 2467 2201 2502 tuaque
2206 2470 2219 2500 ‚·
2241 2472 2306 2492 non
2323 2470 2464 2503 propter-

1398 2515 1434 2535 ea
1450 2504 1525 2534 dicit
1548 2504 1646 2544 quod,
1663 2505 1692 2534 si
1713 2504 1815 2534 solum
1836 2510 1891 2535 tua
1915 2505 2078 2536 liberando
2101 2505 2289 2547 interfecisti
2311 2506 2381 2548 (ubi
2405 2508 2464 2538 ali-

1397 2554 1447 2579 ter
1462 2548 1580 2588 absque
1601 2549 1757 2578 occisione
1771 2549 1896 2579 salvari
1912 2549 2140 2591 nequiverint),
2151 2550 2312 2581 homicidii
2325 2561 2401 2582 reus
2420 2562 2462 2582 es.

1453 2592 1492 2622 V.
1516 2592 1563 2621 Ex
1586 2591 1634 2621 his
1658 2598 1765 2622 autern
1796 2599 1882 2632 patet
1908 2593 2026 2623 solutio
2050 2594 2177 2624 alterius
2200 2594 2394 2634 quaestionis
2425 2596 2463 2626 ab

1397 2635 1590 2675 Augustino,
1615 2635 1669 2666 ubi
1685 2645 1790 2676 supra,
1815 2643 1845 2667 et
1868 2637 2094 2676 posterioribus
2110 2644 2214 2668 mota:
2239 2648 2278 2668 an
2300 2638 2400 2674 liceat,
2418 2649 2463 2669 re-

1398 2680 1546 2720 pellendo
1569 2679 1753 2710 violentiam
1777 2680 1895 2719 stupri,
1921 2681 2084 2718 adulterii,
2108 2682 2272 2712 sodomiae
2296 2689 2327 2712 et
2354 2682 2463 2713 huius-

1397 2723 1497 2760 modi,
1518 2723 1670 2754 occidere.
1694 2723 1858 2760 Quoniam
1877 2725 2006 2764 quando
2023 2734 2088 2755 non
2107 2732 2212 2766 potest
2231 2725 2319 2756 aliter
2333 2727 2463 2757 evadere

1398 2777 1481 2808 quae
1510 2773 1587 2798 tunc
1617 2768 1657 2797 ad
1685 2767 1748 2798 hoc
1778 2767 1911 2798 infertur
1937 2769 2099 2799 actualiter
2120 2770 2200 2806 vim,
2229 2769 2312 2800 licite
2341 2777 2462 2810 potest.

1397 2811 1518 2842 tuendo
1541 2816 1676 2841 suorum
1691 2813 1908 2842 membrorum
1932 2812 2117 2848 libertatem,
2134 2812 2286 2843 occidere.
2309 2814 2351 2844 Et
2374 2821 2461 2844 tanto

1397 2855 1470 2894 plus
1497 2855 1571 2885 licet
1592 2854 1625 2885 in
1649 2855 1833 2885 defensione
1859 2856 1918 2886 hac
1948 2865 2047 2896 quam
2076 2856 2109 2886 in
2141 2856 2324 2887 defensione
2356 2867 2462 2888 rerum

1371 2934 1373 2937 .
1397 2898 1599 2935 exteriorum,
1623 2905 1744 2938 quanto
1766 2899 1814 2929 vis
1836 2899 1914 2929 haec
1936 2899 2037 2939 magis
2060 2900 2229 2930 aestimatis
2253 2901 2346 2931 rebus
2368 2901 2461 2931 infer—

1397 2949 1466 2978 tur,
1491 2949 1523 2972 et
1545 2942 1723 2982 periculum
1743 2952 1915 2973 consensus
1931 2953 2085 2983 magnum
2109 2954 2146 2974 ex
2159 2944 2221 2974 hoc
2235 2944 2390 2981 imminet,
2406 2945 2462 2985 qui

1395 2986 1519 3016 virtutis
1534 2987 1622 3016 bono
1637 2986 1852 3018 contrariatur.
1869 2987 1962 3018 Unde
1974 2987 2112 3024 Tullius,
2125 2987 2158 3018 in
2174 2988 2317 3019 oratione
2325 2999 2389 3029 pro
2402 2990 2462 3019 Mi-

1397 3030 1480 3067 lone,
1494 3030 1694 3061 laudabiliter
1709 3038 1940 3062 commemorat
1955 3031 2333 3069 militemadolescentem
2343 3033 2408 3074 qui,
2421 3043 2460 3063 ne

1395 3073 1529 3114 turpiter
1548 3080 1706 3114 pateretur
1724 3085 1743 3104 a
1761 3074 1890 3105 tribuno
1909 3075 2046 3112 militari,
2067 3076 2250 3116 propinquo
2270 3076 2340 3107 Caii
2359 3077 2460 3113 Marii,

1396 3117 1505 3158 ipsum
1527 3117 1693 3149 interfecit.

1452 3162 1506 3192 vl.
1530 3162 1566 3192 ln
1587 3162 1796 3202 responsione
1819 3163 1859 3193 ad
1881 3163 2010 3194 tertium
2033 3163 2066 3193 in
2089 3164 2203 3194 eodem
2218 3164 2360 3200 articulo,
2385 3174 2460 3195 con—

1398 3205 1498 3236 sidera
1521 3206 1610 3246 quod
1623 3206 1754 3237 materia
1775 3213 1821 3237 est
1842 3206 1918 3237 iuris
1934 3207 2061 3247 positivi
2075 3207 2298 3247 irregularitas:
2323 3215 2354 3238 et
2375 3218 2460 3238 novo

1396 3249 1480 3286 iure,
1505 3249 1539 3279 in
1562 3249 1664 3281 Clem.
1689 3251 1782 3281 unica
1804 3251 1844 3281 de
1865 3251 2044 3288 Humida„
2075 3258 2228 3282 statutum
2251 3258 2297 3282 est
2319 3253 2407 3292 quod
2434 3253 2461 3282 is

1396 3294 1462 3334 qui,
1486 3294 1583 3324 aliter
1605 3299 1737 3325 mortem
1761 3296 1883 3325 evitare
1905 3305 1968 3326 non
1986 3295 2106 3333 valens,
2122 3305 2215 3326 suum
2236 3296 2350 3326 occidit
2372 3297 2459 3326 inva-

1394 3347 1510 3374 sorem,
1534 3337 1712 3378 irregularis
1735 3348 1801 3369 non
1825 3346 1880 3370 est.
1910 3339 2000 3376 Quae
2023 3339 2072 3369 lex
2096 3339 2121 3369 si
2145 3346 2288 3379 tempore
2311 3340 2459 3370 Auctoris

1395 3381 1555 3419 extitisset,
1578 3392 1645 3412 non
1669 3382 1841 3422 scripsisset
1863 3383 1925 3413 hoc
1947 3385 2079 3413 Auctor.

2477 366 2487 375 ⁸
2502 365 2537 388 Cf.
2554 371 2600 393 arg.
2616 372 2636 387 2.

2478 494 2487 502 ⁸
2504 492 2560 519 Cap⁴
2575 498 2613 513 xv.

2488 1679 2499 1689 ⁶
2509 1678 2544 1699 Cf.
2554 1684 2618 1700 num.
2634 1684 2698 1705 prae-

2489 1705 2540 1726 ced.
