2860 4244
107 3218 109 3221 ·
133 3205 256 3230 &Lot-b.

58 3318 75 3349 f
87 3301 90 3305 ’
101 3315 254 3339 ,ιιιιιμιιι

942 243 1209 290 QUAESTIO
1240 243 1414 291 LXXIII,
1443 243 1740 280 ARTICULUS
1770 244 1801 279 ll

2387 243 2455 279 133

955 373 1288 407 Commentaria
1310 373 1561 407 Gardmalis
1584 373 1784 407 Caietam·

283 456 331 519 IN
362 445 496 477 articulo
519 445 624 486 primo
647 444 841 486 quaestionis
865 443 1237 484 septuagesimaetertiae,
1262 443 1342 475 circa
1395 453 1462 474 esse
1485 443 1672 483 pessimum.
1698 443 1790 474 Unde
1814 453 1851 473 ex
1866 442 2041 474 intentione
2065 448 2096 472 et
2118 451 2156 472 ex
2170 441 2202 472 vi
2217 442 2387 472 verborum
2406 442 2459 472 de-

311 490 428 521 modos
451 489 634 520 detrahendi
657 489 779 529 positos
797 489 832 519 in
846 487 1054 528 responsione
1069 488 1110 518 ad
1129 488 1268 526 tertium,
1285 488 1342 518 du-

280 534 370 565 bium
394 533 529 565 occurrit
553 533 593 564 de
615 540 739 573 quarto,
760 532 886 568 scilicet,
909 532 1037 572 quando
1060 532 1093 562 id
1115 532 1199 572 quod
1222 538 1269 563 est
1291 532 1342 563 bo-

280 589 356 609 num
380 578 457 609 dicit
479 577 568 608 mala
590 578 764 607 intentione
775 576 921 617 sactum.
945 576 987 606 Et
1005 583 1052 606 est
1066 576 1146 606 ratio
1163 576 1251 606 dubii
1267 576 1343 617 quia

279 622 342 654 hoc
354 632 420 653 non
436 621 476 652 ad
492 619 702 656 detractionis,
715 620 770 650 sed
784 619 892 651 iudicii
907 619 1065 651 temerarii
1078 620 1192 651 vitium
1207 626 1342 660 spectat:

277 665 434 718 quoniam
456 664 526 696 talis
548 663 687 695 iudicare
709 663 884 704 praesumit
906 664 944 694 de
967 664 1092 695 occulta
1118 663 1221 695 cordis
1241 664 1342 694 inten-

278 710 376 746 tione,
401 715 510 740 contra
532 707 638 748 operis
661 707 910 744 attestationem,
935 708 1013 738 dum
1036 708 1088 739 ille
1111 708 1235 739 bonum
1258 707 1341 744 facit,

279 761 311 786 et
331 753 390 784 iste
412 751 624 784 intentionem
647 751 787 782 divinare
808 752 983 792 praesumit
1005 752 1132 783 malam.
1157 770 1178 775 —
1202 752 1341 788 Rursus,

278 808 316 829 ex
337 796 524 827 huiusmodi
547 795 720 826 temerariis
742 796 845 826 verbis
868 796 976 827 nullus
999 796 1180 832 infamatur,
1204 795 1230 826 si
1248 795 1343 827 verba

278 841 503 880 intelligantur.
537 839 702 877 Quoniam
731 839 864 880 quilibet
887 840 945 871 scit
973 840 1063 881 quod
1088 840 1146 871 iste
1177 849 1243 869 non
1269 839 1343 879 plus

277 885 364 916 videt
386 883 596 915 intentionem
619 883 756 924 proximi
784 894 882 925 quam
905 884 973 925 ipse
997 884 1128 915 audiens
1158 889 1189 914 et
1211 882 1344 923 quilibet

278 929 374 960 alius:
390 935 585 959 secretorum
601 938 740 969 namque
757 928 869 965 cordis,
882 928 968 968 apud
983 937 1105 963 omnes,
1119 926 1226 957 nullus
1242 925 1342 956 homo

279 979 326 1004 est
347 972 452 1003 iudex.

335 1017 387 1047 Ad
415 1017 479 1047 hoc
501 1015 615 1047 dicitur
646 1016 736 1056 quod
766 1015 842 1056 quia
872 1025 939 1046 non
960 1014 1145 1046 inconvenit
1172 1023 1276 1044 unum
1298 1013 1343 1044 vi-

277 1060 361 1092 tium
383 1070 452 1091 esse
475 1059 640 1091 materiam
663 1059 790 1090 alterius
804 1059 882 1095 vitii,
907 1069 944 1089 ex
958 1058 1021 1089 hoc
1044 1058 1134 1099 quod
1156 1057 1343 1088 huiusmodi

277 1105 373 1136 verba
394 1111 471 1136 sunt
492 1103 649 1135 temerarii
671 1103 781 1134 iudicii
807 1112 875 1133 non
897 1102 1074 1133 excluditur
1100 1101 1179 1142 quin
1202 1101 1265 1133 sint
1291 1101 1345 1132 de-

278 1149 436 1180 tractoria.
465 1148 507 1179 Et
529 1146 685 1189 quoniam
706 1147 802 1177 verba
830 1156 867 1176 ex
888 1146 1064 1178 intentione
1088 1145 1343 1182 considerantum

279 1200 311 1225 et
332 1192 408 1224 vitia
431 1202 469 1224 ex
490 1191 607 1223 finibus
622 1190 760 1231 propriis
774 1190 970 1227 iudicantur;
994 1190 1125 1231 quando
1141 1189 1256 1230 aliquis
1269 1189 1343 1220 ideo

278 1236 354 1269 dicit
375 1237 500 1268 bonum
522 1236 563 1266 ab
577 1234 687 1276 aliquo
709 1234 795 1265 mala
808 1234 985 1265 intentione
1000 1234 1121 1265 factum
1144 1240 1181 1264 ut
1203 1233 1346 1265 detrahat

277 1281 381 1315 famae
396 1280 475 1316 eius,
499 1285 624 1311 constat
645 1279 736 1320 quod
751 1288 790 1309 ex
803 1278 982 1310 intentione
1003 1278 1156 1309 detractio
1179 1284 1237 1310 est.
1258 1295 1280 1301 -
1303 1278 1346 1309 Et

276 1325 304 1357 si
325 1324 422 1356 verba
443 1324 513 1365 ipsa
535 1323 714 1356 secundum
737 1333 830 1354 suam
844 1322 1110 1363 significationem
1133 1323 1344 1359 attendantur,

277 1368 444 1401 manifeste
462 1377 594 1409 quoque
616 1374 705 1408 patet
726 1367 817 1408 quod
840 1367 1028 1398 detractoria
1043 1373 1126 1398 sunt.
1149 1367 1235 1397 Nam
1249 1366 1346 1406 signi-

276 1411 372 1451 ficant
393 1412 451 1444 inu
503 1421 578 1444 ,em
599 1412 724 1443 malurn
745 1411 833 1442 malo
855 1411 986 1442 morali:
1009 1411 1086 1452 quia
1108 1409 1286 1450 significant
1307 1410 1346 1441 il-

271 1422 493 1494 nin‘ffiffi-ug
506 1456 624 1488 malam
645 1456 858 1488 intentionem
881 1454 976 1487 etiam
998 1454 1031 1485 in
1054 1454 1161 1491 bonis,
1186 1454 1275 1495 quod
1297 1460 1346 1485 est

1395 487 1556 518 tractionis
1578 487 1692 518 vitium
1714 486 1885 518 incurritur
1907 497 1926 517 a
1948 486 1992 517 sic
2015 486 2148 518 dicente.

1450 531 1492 561 Et
1513 540 1570 570 per
1593 531 1669 562 haec
1692 538 1778 571 patet
1799 530 1918 562 solutio
1941 530 2048 571 primi.
2071 547 2092 553 —
2115 529 2167 560 Ad
2191 529 2369 560 secundum
2382 538 2458 559 vero

1395 574 1509 605 dicitur
1524 576 1613 615 quod
1628 575 1690 605 hoc
1705 582 1752 606 est
1765 585 1821 615 per
1835 574 1979 606 accidens
1994 580 2137 614 respectu
2154 573 2354 604 detractionis
2370 573 2458 613 quod

1395 618 1488 648 verba
1517 618 1702 649 detractoria
1731 628 1797 649 non
1823 618 2014 649 sufficienter
2040 624 2227 649 attestantur
2253 617 2297 648 sic
2327 627 2394 648 esse
2423 623 2459 647 ut

1396 661 1588 702 significant:
1613 669 1650 692 ut
1672 669 1758 703 patet
1775 662 1808 693 in
1825 663 2016 693 detractione
2031 661 2197 692 mendacii.
2222 661 2268 692 Ex
2286 661 2335 691 his
2351 667 2458 692 autem

1395 715 1477 746 quae
1500 712 1576 736 sunt
1598 715 1654 746 per
1676 706 1820 736 accidens
1843 716 1910 737 non
1932 706 2069 737 variatur
2087 706 2168 737 ratio
2183 705 2260 736 vitii.
2284 723 2305 728 -
2329 705 2459 736 Falsum

1395 756 1502 780 tamen
1525 749 1697 780 assumitur
1719 751 1808 790 quod
1832 757 1957 781 tantum
1972 750 2048 781 sciat
2071 750 2110 781 de
2125 749 2302 780 intentione
2322 749 2459 800 proximi

1395 793 1544 834 quilibet,
1568 800 1726 834 quantum
1757 794 1863 824 dicens
1892 794 1985 825 illum
2007 794 2092 824 mala
2118 793 2294 824 intentione
2324 794 2458 834 operari.

1395 837 1484 867 Tum
1507 837 1583 877 quia
1605 844 1814 877 praesumunt
1836 838 1999 870 audientes
2022 838 2111 878 quod
2134 837 2187 868 ille
2207 838 2312 869 dicens
2328 838 2459 879 aliquod

1396 880 1472 912 sciat
1488 888 1644 912 secretum
1660 881 1719 911 sibi
1734 882 1954 912 testimonium
1970 883 2008 912 de
2024 881 2160 922 proximi
2176 882 2258 912 mala
2272 882 2458 914 intentione.

1395 925 1484 955 Turn
1506 925 1592 965 quia,
1613 926 1780 956 asserendo
1797 925 1914 955 malam
1929 925 2139 956 intentionem
2158 925 2305 966 proximi,
2321 926 2460 957 insinuat

1396 978 1430 998 se
1452 969 1530 999 scire
1553 968 1674 1010 aliquid
1704 969 1742 999 de
1765 969 1940 1000 intentione
1968 969 2122 1009 proximi,
2147 970 2235 1010 quod
2259 970 2459 1001 audientibus

1396 1012 1588 1044 manifestat:
1620 1012 1764 1054 loquitur
1787 1013 1873 1043 enim
1899 1020 2052 1054 tanquam
2075 1023 2187 1044 verum
2217 1013 2332 1046 dicens.
2367 1015 2459 1046 Unde

1396 1056 1422 1086 si
1445 1066 1580 1096 persona
1603 1057 1647 1087 sic
1671 1056 1836 1087 detrahens
1860 1063 1906 1088 est
1927 1057 1997 1088 talis
2023 1057 2062 1087 de
2086 1067 2150 1098 qua
2173 1064 2278 1097 potest
2300 1060 2460 1098 praesumi

1396 1100 1486 1141 quod
1509 1100 1592 1131 dicat
1620 1101 1683 1132 hoc
1705 1110 1743 1131 ex
1765 1100 1871 1142 aliqua
1897 1101 2077 1142 particulari
2100 1101 2212 1132 notitia
2241 1111 2340 1142 quam
2367 1103 2461 1135 habet

1397 1145 1436 1175 de
1458 1144 1635 1176 intentione
1658 1144 1753 1181 illius,
1773 1151 1897 1176 tenetur
1911 1145 1951 1175 ad
1967 1145 2200 1176 restitutionem
2219 1144 2332 1183 famae,
2348 1157 2460 1188 quem—

1396 1189 1574 1220 admodum
1603 1189 1660 1230 qui
1683 1189 1802 1220 crimen
1829 1189 1962 1230 aliquod
1988 1189 2144 1229 imposuit
2173 1189 2269 1227 fa1s03
2301 1197 2332 1221 et
2359 1191 2460 1222 dicere

1397 1233 1487 1274 quod
1509 1233 1578 1274 ipse
1601 1240 1719 1264 temere
1741 1233 1902 1270 iudicavit,
1926 1240 1958 1265 et
1981 1233 2058 1264 dixit
2079 1234 2169 1274 quod
2191 1243 2258 1264 non
2280 1234 2384 1271 scivit,
2402 1242 2459 1267 etc

1397 1277 1430 1308 Si
1453 1283 1562 1308 autem
1584 1284 1631 1309 est
1652 1287 1790 1319 persona
1818 1287 1917 1319 quam
1940 1284 2063 1309 constat
2086 1278 2287 1309 audientibus
2311 1279 2461 1310 omnibus

1397 1321 1476 1352 nihil
1497 1331 1592 1352 nosse
1614 1322 1654 1352 de
1677 1322 1824 1362 proximo
1846 1322 1903 1353 illo
1926 1322 2026 1363 magis
2042 1332 2142 1363 quam
2160 1322 2250 1359 alios,
2274 1323 2330 1353 sed
2347 1333 2384 1354 ex
2403 1333 2460 1354 sua

1397 1365 1590 1402 temeritate,
1614 1365 1691 1397 odio
1714 1366 1764 1397 vel
1786 1365 1921 1403 invidia,
1946 1373 1977 1398 et
1998 1366 2204 1403 huiusmodi,
2228 1367 2306 1398 haec
2329 1368 2459 1404 dixissen

1397 1410 1469 1441 licet
1490 1410 1674 1450 peccaverit,
1690 1410 1853 1441 restituere
1868 1417 1975 1441 tamen
1991 1420 2057 1441 non
2076 1417 2201 1442 tenetur
2217 1410 2347 1448 famam,
2363 1422 2461 1454 quam

1397 1463 1463 1484 non
1487 1454 1624 1490 abstulit,
1648 1454 1795 1495 quamvis
1819 1462 1952 1486 conatus
1975 1454 2070 1486 fuerit
2093 1455 2223 1486 auferre.

1051 1607 1372 1650 ARTICULUS
1402 1607 1703 1650 SECUNDUS
1731 1652 1733 1655 ,

856 1709 1013 1761 UTRUM
1032 1708 1288 1741 DETRAcrio
1312 1709 1379 1741 srr
1402 1708 1642 1741 PECCATUM
1671 1708 1884 1741 MORTALE

1159 1788 1204 1813 Ad
1222 1788 1309 1818 Rom„
1329 1795 1385 1821 cap.
1404 1795 1421 1818 ι,
1440 1788 1500 1814 lect.
1519 1795 1574 1813 vm.

331 1908 371 1915 γ.
398 1901 462 1926 s,
490 1889 514 1915 n
529 1888 722 1915 SECUNDUM
735 1889 790 1915 sm
805 1888 1048 1915 raecum-rua.
1064 1876 1225 1914 Videtur
1239 1875 1346 1926 quod

317 1937 319 1940 ’
412 1927 675 1969 detractio
725 1943 805 1968 non
842 1930 888 1967 sit
922 1937 1126 1990 peccatum
1170 1930 1344 1967 mortale.

303 1990 332 2020 ‚⁹
349 1984 416 2024 ῥυ
442 1979 477 2017 ἒ*
492 1984 632 2023 Nullus
668 1983 772 2021 enirn
800 1990 907 2021 actus
933 1983 1082 2022 virtutis
1118 1990 1174 2020 est
1209 1990 1348 2032 pecca³

289 2030 372 2068 Ji‘·
382 2034 425 2061 ‘4‘
451 2029 459 2047 x
492 2044 575 2074 tum
610 2037 783 2074 mortale.
827 2036 906 2074 Sed
938 2037 1110 2074 revelare
1143 2043 1345 2086 peccatum

237 2111 253 2124 -,
279 2088 484 2136 acolitum,
508 2090 627 2140 quod,
647 2090 744 2127 sicut
771 2088 916 2127 dictum
943 2097 1000 2127 est
1017 2089 1049 2138 ³²,
1070 2089 1120 2126 ad
1148 2089 1346 2127 detractio-

278 2152 370 2189 nem
387 2141 562 2192 pertinet,
584 2150 641 2181 est
658 2151 766 2181 actus
783 2142 952 2180 virtutis.
972 2143 1035 2181 vel
1055 2142 1230 2203 caritatis,
1252 2143 1345 2181 dum

279 2194 415 2257 aliquis
441 2195 562 2234 fratris
581 2201 600 2218 ⁸
625 2203 828 2246 peccatum
847 2195 1047 2234 denuntiat
1065 2196 1146 2234 eius
1166 2195 1347 2234 emenda-

278 2248 426 2291 tionem
456 2248 673 2296 intendens3
699 2249 766 2287 vel
793 2248 907 2286 etiarn
936 2256 992 2286 est
1027 2256 1133 2286 actus
1161 2248 1345 2298 iustitiae,

280 2302 374 2340 dum
393 2300 529 2351 aliquis
556 2303 710 2340 fratrem
739 2309 903 2340 accusat.
932 2303 1036 2351 Ergo
1056 2302 1238 2340 detractio
1267 2314 1346 2340 non

279 2361 338 2392 est
362 2362 566 2404 peccatum
594 2356 766 2393 mortale.

326 2412 370 2445 '‘2.
389 2407 628 2457 Perimam,
644 2420 760 2458 super
777 2408 869 2446 illud
886 2408 1003 2457 Prov.
1017 2419 1102 2444 xx1v
1113 2407 1145 2455 *,
1171 2409 1266 2445 Cum
1286 2408 1348 2445 de-

278 2461 504 2500 tractoribus
522 2474 598 2500 non
618 2461 911 2507 commiscearis,
931 2460 1020 2499 dicit
1039 2461 1178 2498 Glossa
1191 2460 1228 2498 *ε
1255 2460 1347 2498 Ηοε

277 2514 490 2563 specialiter
501 2515 590 2553 vitio
604 2515 842 2564 periclitatur
855 2519 971 2551 totum
985 2525 1108 2564 genus
1122 2515 1345 2552 humanum.

280 2566 360 2604 Sed
386 2567 534 2605 nullum
562 2576 764 2618 peccatum
791 2568 952 2605 mortale
989 2567 1028 2604 in
1056 2574 1138 2604 toto
1172 2567 1346 2604 humano

278 2631 419 2668 genere
443 2619 656 2659 invenitur:
681 2621 771 2670 quia
798 2620 907 2658 multi
935 2620 1124 2658 abstinent
1142 2633 1164 2657 a
1187 2627 1346 2669 peccato

278 2673 452 2722 mortali,
494 2682 652 2724 peccata
692 2681 820 2712 autem
853 2673 1020 2711 venialia
1056 2681 1145 2710 sunt
1171 2685 1270 2722 quae
1307 2673 1346 2712 in
1372 2698 1374 2712 I

279 2726 460 2765 omnibus
478 2724 495 2756 β
521 2727 779 2766 inveniuntur.
820 2727 924 2776 Ergo
953 2726 1136 2764 detractio
1165 2733 1223 2764 est
1257 2739 1347 2776 pee-

281 2786 409 2816 catum
435 2779 600 2818 veniale.

336 2833 373 2869 3.
393 2833 628 2881 PRAETEREA,
654 2833 901 2881 Augustinus,
921 2832 960 2869 in
992 2831 1150 2869 homilia
1176 2832 1223 2869 de
1248 2833 1347 2882 Igne

279 2885 399 2935 Pur-g.
419 2885 451 2934 *,
481 2884 578 2923 inter
589 2891 748 2935 peccata
772 2886 918 2923 minuta
936 2884 1055 2934 ponit,
1084 2885 1235 2933 quando
1259 2896 1344 2922 cum

281 2938 388 2975 omni
400 2938 592 2987 facilitate
618 2939 679 2976 vel
704 2938 911 2975 temeritate
937 2937 1210 2983 maledicimus,
1241 2937 1346 2986 quod

279 2990 443 3041 pertinet
465 2990 515 3029 ad
533 2991 820 3030 detractionem.
850 2991 953 3039 Ergo
973 2990 1156 3028 detractio
1176 2997 1232 3028 est
1258 3002 1346 3039 pec-

282 3051 411 3083 catum
437 3043 600 3082 veniale.

335 3098 411 3134 SED
430 3109 577 3135 CONTRA
597 3109 664 3135 EST
687 3098 793 3148 quod
812 3098 926 3135 Rom.
948 3109 957 3134 1
976 3096 997 3119 ’¹‘
1025 3096 1177 3134 dicitur:
1207 3097 1343 3134 Detra-

281 3155 413 3196 mores,
442 3151 526 3188 Deo
553 3150 728 3188 odibiles.-
756 3150 862 3200 quod
890 3150 978 3187 ideo
1007 3149 1168 3197 additur,
1198 3157 1240 3186 ut
1259 3149 1347 3187 dicit

282 3203 420 3241 Glossa
439 3204 472 3251 ⁴⁵,
502 3215 550 3240 ne
577 3203 658 3241 leve
677 3209 832 3253 putetur
851 3208 1012 3252 propter
1037 3204 1110 3240 hoc
1132 3203 1235 3252 quod
1259 3214 1347 3241 con-

280 3256 375 3294 sistit
398 3257 436 3294 in
464 3257 600 3294 verbis.

335 3310 563 3348 Respommo
582 3321 767 3348 mcx-:unum
787 3309 904 3359 quod,
919 3308 1015 3346 sicut
1033 3321 1148 3358 supra
1161 3308 1182 3330 *
1201 3308 1344 3346 dictum

283 3369 350 3410 est,
369 3370 527 3412 peccata
545 3362 755 3399 verborum
781 3361 948 3400 maxime
967 3369 1055 3399 sunt
1074 3373 1120 3398 ex
1137 3362 1346 3399 intentione

335 3475 364 3508 α)
375 3475 487 3510 fratris.
498 3489 517 3495 -
534 3476 618 3506 fratri
635 3476 665 3501 P.

335 3509 362 3543 β)
380 3511 510 3537 omnibus.
521 3524 541 3531 -
558 3511 708 3536 hominibus
726 3510 940 3540 ABCDEFIKxa,
960 3511 1082 3536 omnibus
1099 3510 1249 3536 hominibus
1268 3511 1300 3536 H.

335 3546 362 3580 γ)
382 3546 472 3572 verba.
482 3560 502 3566 -
515 3553 568 3578 per
585 3546 666 3572 verba
684 3545 856 3579 ABFILpr.

1400 1876 1557 1914 dicentis
1582 1875 1836 1914 diiudicanda.
1866 1875 2058 1913 Detractio
2085 1883 2227 1923 autem,
2247 1875 2461 1913 secundum

1399 1942 1509 1967 suam
1525 1929 1724 1977 rationem,
1740 1928 1936 1967 ordinatur
1955 1929 2004 1966 ad
2024 1928 2298 1977 denigrandam
2318 1929 2461 1966 famam

1399 1982 1569 2020 alicuius.
1598 1982 1711 2021 Unde
1730 1982 1804 2030 ille,
1832 1994 1902 2032 per
1920 1994 1960 2019 se
1979 1982 2188 2031 loquendn,
2217 1981 2379 2020 detrahit
2397 1981 2462 2030 qui

1400 2035 1449 2074 ad
1474 2036 1549 2073 hoc
1568 2035 1616 2073 de
1644 2035 1772 2084 aliquo
1791 2035 2022 2084 obloquitur,
2053 2047 2099 2072 eo
2128 2035 2296 2083 absente,
2315 2041 2358 2071 ut
2381 2035 2462 2072 eius

1401 2089 1544 2126 famam
1582 2088 1762 2137 denigret.
1810 2089 1971 2126 Auferre
2008 2095 2136 2125 autem
2174 2087 2285 2125 alicui
2317 2088 2460 2124 famam

1399 2141 1513 2180 valde
1541 2153 1658 2190 grave
1687 2149 1767 2179 est:
1807 2141 1895 2191 quia
1930 2141 2028 2178 inter
2055 2153 2114 2178 res
2147 2141 2378 2190 temporales
2405 2141 2462 2179 vi-

1402 2195 1511 2233 detur
1538 2195 1640 2232 fama
1675 2207 1759 2232 esse
1786 2194 2005 2244 pretiosior,
2034 2206 2104 2243 per
2132 2194 2239 2232 cuius
2272 2194 2462 2232 defectum

1400 2249 1522 2286 homo
1540 2247 1747 2297 impeditur
1764 2260 1788 2285 a
1806 2248 1934 2285 multis
1953 2248 2051 2285 bene
2072 2247 2229 2295 agendis
2246 2248 2276 2286 *.
2302 2248 2464 2296 Propter

1401 2301 1507 2350 quod
1536 2300 1670 2338 dicitur
1695 2301 1812 2338 Eccli.
1841 2300 1958 2338 XL1*:
1998 2301 2142 2338 Curam
2169 2301 2267 2338 habe
2292 2301 2339 2338 de
2365 2301 2463 2338 bono

1401 2355 1579 2397 nomine,·,
1610 2355 1682 2391 hoc
1708 2355 1808 2391 enim
1836 2354 1962 2404 magis
1984 2354 2223 2402 permanebit
2255 2354 2323 2391 tibi
2348 2366 2463 2403 quam

1401 2407 1503 2444 mille
1520 2407 1687 2444 thesauri
1703 2407 1840 2457 magni
1855 2413 1892 2443 et
1901 2406 2070 2455 pretiosi.
2092 2407 2142 2444 Et
2160 2405 2248 2444 ideo
2269 2407 2462 2455 detractio,

1400 2472 1470 2510 per
1497 2472 1538 2498 se
1566 2459 1774 2508 loquendo,
1805 2467 1860 2497 est
1886 2467 2089 2509 peccatum
2117 2460 2290 2497 mortale.

1455 2513 1648 2561 Contingit
1675 2520 1805 2550 tamen
1833 2513 2065 2562 quandoque
2088 2513 2193 2562 quod
2221 2513 2355 2562 aliquis
2377 2512 2464 2550 dicit

1401 2566 1528 2615 aliqua
1554 2566 1672 2603 verba
1699 2578 1769 2615 per
1787 2578 1887 2615 quae
1912 2566 2135 2604 diminuitur
2162 2566 2265 2603 fama
2293 2566 2462 2613 alicuius,

1401 2632 1480 2657 non
1505 2620 1581 2656 hoc
1598 2619 1811 2668 intendens,
1832 2619 1901 2656 sed
1921 2619 2062 2669 aliquid
2082 2619 2197 2657 aliud.
2228 2620 2315 2656 Hoc
2334 2626 2462 2656 autem

1402 2685 1479 2710 non
1509 2680 1566 2709 est
1593 2671 1791 2710 detrahere
1818 2684 1888 2722 per
1906 2685 1946 2709 se
1966 2680 2003 2710 et
2020 2672 2229 2710 formaliter
2255 2672 2462 2721 loquendo,

1402 2725 1470 2763 sed
1498 2726 1625 2763 solum
1653 2725 1896 2763 materialiter
1915 2732 1952 2762 et
1976 2725 2083 2774 quasi
2109 2738 2179 2774 per
2197 2725 2384 2763 accidens.
2415 2726 2464 2762 Et

1401 2779 1432 2816 si
1461 2778 1617 2827 quidem
1643 2779 1764 2816 verba
1782 2783 1798 2807 Υ
1825 2791 1894 2827 per
1921 2790 2020 2827 quae
2048 2779 2151 2815 fama
2178 2778 2329 2815 alterius
2354 2778 2463 2815 dimi-

1401 2831 1530 2869 nuitur
1564 2831 1732 2880 proferat
1766 2831 1899 2879 aliquis
1935 2838 2093 2880 propter
2124 2831 2280 2879 aliquod
2314 2831 2461 2868 bonum

1399 2885 1462 2921 vel
1482 2884 1751 2932 necessarium,
1774 2883 1910 2921 debitis
1930 2884 2219 2922 circumstantiis
2236 2884 2460 2932 observatis,

1400 2949 1480 2974 non
1515 2944 1570 2974 est
1597 2944 1820 2985 peccatum:
1863 2949 1935 2974 nec
1961 2944 2088 2986 potest
2121 2937 2194 2975 dici
2223 2937 2417 2975 detractio.
2437 2958 2462 2965 -

1401 2989 1442 3027 Si
1469 2997 1598 3027 autern
1625 2990 1793 3039 proferat
1821 3002 1867 3026 ex
1895 2989 2011 3027 animi
2038 2989 2202 3038 levitate,
2221 2990 2286 3028 vel
2308 2998 2464 3040 propter

1401 3042 1541 3092 aliquid
1577 3055 1656 3080 non
1693 3042 1952 3080 necessarium
1980 3041 2015 3091 ὅ,
2052 3055 2134 3081 non
2168 3051 2224 3080 est
2260 3051 2462 3093 peccatum

1400 3096 1578 3133 mortale:
1607 3095 1679 3133 nisi
1698 3096 1794 3133 forte
1811 3097 1976 3133 verbum
2002 3096 2110 3144 quod
2138 3096 2273 3134 dicitur
2291 3097 2338 3134 sit
2365 3097 2462 3134 adeo

1399 3161 1516 3197 grave
1535 3149 1641 3198 quod
1669 3148 1884 3186 notabiliter
1909 3149 2054 3186 famam
2083 3149 2240 3187 alicuius
2267 3150 2402 3197 laedat,
2428 3157 2464 3187 et

1399 3202 1602 3252 praecipue
1639 3202 1763 3239 in'his
1791 3214 1889 3251 quae
1923 3202 2112 3252 pertinent
2147 3203 2195 3240 ad
2223 3203 2462 3240 honestatem

1399 3254 1520 3301 vitae;
1550 3254 1640 3303 quia
1667 3255 1743 3292 hoc
1769 3267 1815 3292 ex
1842 3255 1926 3305 ipso
1954 3268 2093 3303 genere
2111 3257 2322 3293 verborum
2347 3256 2462 3293 habet

1401 3308 1588 3346 rationem
1616 3307 1763 3357 peccati
1791 3307 1973 3345 mortalis.

1453 3361 1503 3398 Et
1529 3368 1678 3398 tenetur
1705 3361 1838 3410 aliquis
1866 3361 1915 3398 ad
1943 3361 2216 3398 restitutionem
2242 3361 2385 3409 famae,
2415 3361 2462 3398 si-

1454 3474 1479 3508 ὃ)
1497 3475 1601 3507 aliquid
1625 3483 1677 3500 non
1707 3475 1892 3500 necessarium.
1906 3488 1924 3493 -
1942 3474 2059 3506 aliquam
2077 3481 2186 3500 causam
2206 3475 2324 3505 (causam
2344 3475 2461 3508 aliquam

1402 3511 1451 3542 Pa)
1471 3517 1523 3535 non
1543 3510 1718 3535 necessariam
1739 3510 1810 3535 PKa.

2492 2258 2501 2265 ⁸
2516 2256 2544 2278 D.
2558 2262 2606 2285 595.

2492 2310 2501 2319 ⁶
2515 2308 2583 2331 Vers.
2598 2314 2627 2336 ¹5-
