2860 4244
108 1474 117 1508 '3
139 1478 251 1505 ,ιρι-,υἷ’

87 1383 90 1387 -
163 1376 178 1403 5
253 1355 551 1408 «qun‘ff‘i'nens
586 1358 756 1396 hominis
782 1360 868 1396 Deo
906 1359 1144 1406 subiiciatur,
1176 1366 1212 1396 et
1249 1359 1363 1396 etiam

256 1521 258 1523 ’
297 1517 464 1565 tionem,
495 1526 532 1555 et
565 1518 883 1556 consuetudinem
913 1530 1046 1555 eorum
1079 1518 1217 1568 quibus
1245 1519 1363 1556 homo
1391 1543 1392 1564 3

244 1778 246 1780 ,
266 1780 272 1786 ,
287 1791 290 1793 Β
304 1757 320 1773 ‘¹
347 1755 373 1789 ι)
389 1756 573 1790 ηρεηαηὴιν.
584 1769 606 1777 -
622 1757 793 1791 refrenentur·
810 1756 927 1782 PCGlsK
946 1761 972 1782 et
988 1764 1016 1782 a.

981 224 1248 271 QUAESTIO
1277 226 1414 274 XCIII,
1444 227 1740 264 ARTICULUS
1770 229 1801 264 11

303 301 405 349 Ergo
425 301 456 338 si
474 308 596 338 totum
617 302 803 351 quidquid
817 314 1023 351 possumus
1043 302 1203 339 facimus
1223 304 1268 340 ad
1290 303 1361 340 Dei

302 354 568 402 reverentiam,
584 355 675 392 nihil
695 355 762 392 erit
782 355 1019 404 superfluum
1039 355 1076 392 in
1097 355 1226 392 divino
1248 357 1361 394 cultu.
1389 337 1392 409 1

357 407 432 443 SED
461 419 607 444 CONTRA
636 416 691 445 est
718 409 821 456 quod
861 408 1094 456 Augustinus
1123 409 1231 455 dicit,
1261 409 1299 446 in
1330 411 1361 446 Il
1389 411 1392 434 ῑ

303 459 349 496 de
375 460 484 497 Doct.
510 461 643 497 Christ.
662 461 694 508 *,
715 462 821 509 quod
841 462 960 498 bonus
977 472 1162 509 verusque
1185 462 1361 499 Christia-
1389 466 1391 480 ¹

303 523 374 549 nus
401 513 512 550 etiam
542 513 579 549 in
609 513 736 550 litteris
762 514 881 550 sacris
901 514 1153 562 superstitiosa
1170 516 1363 564 figmenta

303 566 485 614 repudiat.
515 566 593 602 Sed
619 578 690 614 per
717 578 842 603 sacras
870 566 1009 603 litteras
1046 567 1151 603 Deus
1181 568 1362 604 colendus

303 619 528 656 ostenditur.
557 619 660 666 Ergo
697 619 810 655 etiam
829 623 845 646 Υ
873 619 911 655 in
941 620 1043 656 cultu
1081 619 1210 656 divino
1238 627 1364 669 potest

303 683 387 708 esse
415 671 630 720 superstitio
659 683 704 708 ex
732 671 858 719 aliqua
886 672 1156 721 superfluitate.

355 724 581 760 Respounzo
618 735 804 762 melerinum
832 726 937 772 quod
969 725 1111 773 aliquid
1141 725 1274 763 dicitur
1301 738 1362 762 su-

301 776 494 825 perfluum
515 775 725 824 dupliciter.
750 777 838 814 Uno
859 778 991 825 modo,
1012 779 1223 816 secundum
1244 790 1363 826 quan-

301 828 445 865 titatem
474 829 702 867 absolutam.
732 831 781 867 Et
800 831 1014 868 secundum
1042 832 1117 869 hoc
1136 843 1215 868 non
1239 838 1364 879 potest

302 893 385 918 esse
405 882 644 931 superfluum
664 881 678 905 ⁶
700 883 739 920 in
759 883 889 921 divino
910 885 1033 922 cultu:
1063 884 1152 932 quia
1171 883 1262 920 nihil
1280 891 1364 932 pot—

301 941 358 971 est
384 935 505 972 homo
534 935 657 972 facere
692 937 799 984 quod
827 948 906 973 non
934 937 981 974 sit
1017 937 1143 974 minus
1172 949 1219 973 eo
1258 935 1363 984 quod

299 988 385 1024 Deo
415 988 538 1025 debet.
1157 1026 1159 1029 Α

353 1041 440 1078 Alio
466 1041 586 1078 modo
614 1048 739 1091 potest
758 1053 840 1078 esse
868 1041 1010 1090 aliquid
1039 1041 1277 1090 superfluum
1306 1053 1364 1077 se-

300 1094 470 1131 cundum
507 1094 755 1142 quantitatem
792 1093 1068 1143 proportionis:
1099 1093 1188 1143 quia
1225 1093 1365 1130 scilicet

301 1159 380 1184 non
409 1155 465 1184 est
491 1147 558 1184 fini
585 1147 924 1196 proportionatum.
959 1146 1061 1184 Finis
1089 1155 1216 1184 autem
1245 1146 1364 1184 divini

300 1199 424 1237 cultus
453 1207 508 1236 est
540 1207 582 1236 ut
608 1200 729 1237 homo
757 1199 842 1236 Deo
880 1199 944 1236 det
979 1199 1159 1248 gloriam,
1190 1207 1226 1236 et
1261 1200 1294 1236 ei
1323 1212 1364 1237 se

298 1251 472 1290 subiiciat
487 1259 615 1289 mente
632 1261 668 1290 et
683 1249 855 1302 cor'pore.
877 1254 925 1290 Et
939 1253 1026 1290 ideo
1042 1253 1228 1302 quidquid
1242 1253 1363 1290 homo

298 1304 410 1352 saciat
432 1305 551 1355 <11⁴1er
566 1305 728 1355 pertinet
756 1306 805 1343 ad
832 1306 905 1343 Dei
937 1306 1117 1354 gloriam,
1148 1313 1184 1343 et
1211 1306 1261 1343 ad
1289 1307 1364 1343 hoc

299 1422 439 1460 corpus
474 1423 545 1460 per
576 1412 815 1450 moderatam
855 1413 1148 1457 refrenationem
1185 1413 1364 1462 concupi-

298 1464 550 1512 scentiarum,
579 1466 792 1503 secundum
818 1465 892 1502 Dei
920 1473 958 1503 et
985 1465 1178 1503 Ecclesiae
1214 1465 1363 1503 ordina·
1377 1471 1392 1487 (¹

298 1570 489 1619 convivit,
518 1583 598 1609 non
635 1579 692 1608 est
727 1571 966 1625 superfluum
1003 1572 1042 1609 in
1080 1571 1210 1608 divino
1249 1572 1362 1609 cultu.
1390 1573 1392 1615 i

348 1685 377 1754 33

395 1685 516 1715 ctiam-
533 1685 596 1712 Om.
613 1686 715 1711 ABDF.
1387 1685 1389 1700 ¹

393 1721 567 1756 superfluum.
577 1734 597 1741 -
613 1721 718 1754 aliquid
735 1722 898 1756 superfluum
917 1721 964 1747 Pa.

2404 229 2477 264 303

1473 305 1512 342 Si
1532 313 1660 342 autem
1690 306 1831 354 aliquid
1859 306 1905 342 sit
1924 307 2027 355 quod
2066 313 2250 355 quantum
2280 313 2335 342 est
2364 306 2410 342 de
2440 318 2479 342 se

1419 370 1496 394 non
1516 358 1678 407 pertinet
1704 360 1752 396 acl
1771 358 1843 396 Dei
1868 359 2038 406 gloriam,
2059 371 2184 408 neque
2204 359 2253 396 ad
2282 359 2356 395 hoc
2375 359 2479 407 quod

1419 422 1527 447 mens
1554 411 1719 448 hominis
1752 412 1891 448 feratur
1919 412 1958 449 in
1985 413 2124 459 Deum,
2146 419 2210 448 aut
2229 412 2333 459 quod
2360 411 2479 448 carnis

1419 464 1747 511 concupiscentiae
1767 465 1963 501 moderate
1983 465 2216 501 refrenantur
2230 469 2261 510 ⁸3
2282 472 2346 501 aut
2365 464 2478 501 etiarn

1418 515 1449 552 si
1477 516 1522 552 sit
1549 524 1699 564 praeter
1732 517 1803 554 Dei
1834 525 1869 554 et
1898 517 2088 554 Ecclesiae
2117 517 2400 563 institutionem,
2416 519 2478 554 vel

1419 575 1549 604 contra
1578 570 1893 607 consuetudinem
1923 583 2171 607 communem
2200 573 2318 619 (quae
2346 582 2480 607 secun-

1419 620 1511 657 dum
1531 622 1783 668 Augustinum
1804 622 1835 669 ³³⁸,
1850 635 1924 671 pro
1945 623 2027 673 Iege
2049 624 2220 660 habenda
2239 625 2326 670 est):
2355 630 2477 659 totum

1417 673 1492 710 hoc
1506 675 1761 722 reputandum
1782 683 1837 712 est
1851 676 2087 724 superfluum
2109 684 2144 713 et
2163 675 2476 725 superstitiosum,

1418 726 1518 774 quia,
1540 726 1578 762 in
1607 727 1853 764 exterioribus
1873 729 1996 766 solum
2018 729 2239 776 consistens,
2260 729 2308 766 ad
2327 729 2478 765 interio-
2511 774 2516 781 θ

1418 790 1499 815 rem
1527 779 1598 815 Dei
1629 780 1770 816 cultum
1795 793 1871 817 non
1901 781 2072 829 pertinet.
2093 782 2205 819 Unde
2232 782 2476 829 Augustinus,

1418 831 1456 868 in
1483 831 1577 868 libro
1607 833 1652 868 de
1677 833 1773 870 Vera
1801 834 1924 883 Relig.
1945 833 1984 881 ²³³,
2010 834 2153 871 inducit
2172 834 2184 858 t
2213 835 2316 884 quod
2346 835 2479 871 dicitur

1419 884 1511 920 Luc.
1532 895 1604 920 xvn
1623 884 1662 931 ³¹⁵,
1688 886 1865 934 Regnum
1894 887 1969 922 Dei
1991 887 2089 924 intra
2117 899 2182 924 vos
2205 893 2280 933 est,
2310 894 2439 924 contra
2459 893 2477 915 η

1417 937 1698 984 superstitiosos,
1719 938 1783 985 qui
1803 938 1941 975 scilicet
1965 940 2208 976 exterioribus
2231 940 2477 988 principalem

1420 1001 1550 1026 curam
1578 989 1815 1037 impendunt.

1472 1043 1532 1079 Ab
1568 1054 1705 1079 PR1M1JM
1741 1054 1839 1080 ERGO
1878 1055 2062 1081 DICENDUM
2091 1045 2195 1092 quod
2224 1045 2262 1081 in
2298 1045 2378 1093 ipsa
2406 1045 2478 1081 Dei

1420 1095 1692 1142 glorificatione
1720 1095 1933 1144 implicatur
1961 1097 2065 1143 quod
2094 1097 2132 1134 id
2161 1098 2263 1146 quod
2296 1098 2338 1134 fit
2365 1098 2477 1146 perti-

1420 1156 1508 1185 neat
1540 1148 1589 1185 ad
1617 1149 1689 1185 Dei
1725 1149 1896 1196 gloriam.
1934 1150 2006 1186 Per
2041 1150 2146 1198 quod
2181 1151 2389 1187 excluditur
2417 1163 2476 1187 su-

1419 1200 1647 1250 perstitionis
1675 1202 1926 1250 superfluitas.

1473 1256 1532 1291 An
1560 1266 1750 1292 SECUNDUM
1778 1267 1963 1292 memnon
1987 1256 2091 1304 quod
2121 1268 2189 1305 per
2216 1256 2347 1304 fidem,
2368 1269 2476 1304 spem

1421 1314 1458 1344 et
1486 1307 1678 1344 caritatem
1709 1308 1836 1344 anima
1864 1308 2060 1345 subiicitur
2087 1309 2185 1345 Deo.
2220 1309 2330 1346 Unde
2359 1309 2398 1346 in
2428 1309 2478 1345 eis

1420 1372 1499 1397 non
1518 1368 1644 1409 potest
1663 1373 1746 1398 esse
1773 1361 1915 1409 aliquid
1938 1361 2187 1410 superfluum.
2217 1362 2330 1399 Aliud
2350 1370 2476 1399 autem

1420 1421 1476 1450 est
1505 1413 1553 1450 de
1589 1413 1835 1451 exterioribus
1869 1414 2032 1462 actibus,
2062 1414 2127 1462 qui
2163 1415 2393 1464 quandoque
2428 1416 2478 1452 ad

1419 1466 1514 1504 haec
1541 1478 1620 1503 non
1647 1467 1845 1515 pertinent.

1472 1520 1531 1555 An
1559 1530 1719 1556 TERTluM
1748 1531 1932 1570 monimum
1964 1521 2068 1569 quod
2099 1520 2191 1557 ratio
2220 1520 2280 1557 illa
2307 1521 2478 1569 procedit

1420 1571 1468 1608 de
1487 1572 1682 1621 superfluo
1702 1580 1887 1620 quantum
1911 1573 1960 1610 ad
1984 1573 2228 1621 quantitatem
2252 1574 2475 1611 absolutam.

1467 1686 1493 1718 ζ)
1512 1686 1706 1719 Augustinus...
1729 1686 1839 1711 inducit.
1854 1700 1873 1705 -
1890 1686 2056 1719 Augustinus
2082 1686 2173 1711 dicit...
2198 1687 2301 1712 inducit
2324 1688 2404 1719 BFL,
2422 1689 2476 1712 Au-

1415 1721 1540 1755 gustinus
1558 1722 1650 1747 dicit...
1669 1722 1796 1747 inducens
1814 1722 1872 1747 ΑΗ.

1469 1757 1497 1789 η)
1516 1760 1621 1782 contra.
1635 1771 1653 1776 -
1671 1757 1790 1789 loquitur
1807 1761 1902 1782 contra
1921 1757 1978 1782 PsC
1997 1762 2023 1781 et
2040 1764 2066 1782 a.

977 1836 1310 1870 Commentaria
1334 1837 1586 1870 Cardinalis
1608 1836 1807 1869 Caietani

299 1922 349 1989 112
370 1916 513 1947 secundo
536 1916 679 1947 eiusdem
701 1916 896 1957 quaestionis
919 1916 1068 1952 articulo,
1092 1915 1164 1946 vide
1194 1915 1227 1946 in
1257 1915 1359 1947 littera

327 1958 559 1992 &solutionem
583 1960 829 2001 superfluitatis?
850 1959 976 1996 scilieet,
993 1961 1080 2001 quia,
1098 1961 1130 1990 in
1147 1961 1360 1991 exterioribus

296 2005 401 2041 mlum
424 2005 610 2043 consistens,
634 2004 678 2036 ad
700 2005 884 2036 interiorem
903 2005 967 2035 Dei
981 2004 1101 2036 cultum
1126 2014 1189 2035 non
1207 2005 1358 2044 pertinet.

297 2047 385 2081 Cum
407 2049 493 2084 enim
516 2049 620 2080 cultus
643 2049 777 2080 exterior
800 2049 840 2080 ad
862 2048 1045 2080 interiorem
1068 2048 1240 2090 ordinetur,
1258 2049 1284 2078 si
1307 2049 1362 2079 ali-

297 2091 370 2135 quis
399 2099 484 2124 extra
505 2092 561 2124 fiat
591 2093 696 2124 cultus
719 2093 775 2134 qui
802 2093 841 2124 ad
871 2093 1054 2124 interiorem
1081 2103 1147 2123 non
1180 2093 1360 2130 ordinetur,

297 2136 478 2179 superfluus
501 2144 557 2169 est.
580 2136 622 2168 Et
644 2137 719 2179 quia
743 2138 782 2168 ad
805 2138 987 2169 interiorem
1005 2137 1064 2168 Dei
1087 2137 1209 2168 cultum
1233 2147 1298 2167 non
1315 2147 1361 2167 re-

297 2188 347 2214 ete
382 2181 547 2212 ordinatur
575 2182 664 2223 quod
695 2189 818 2222 praeter
854 2182 1012 2212 Ecclesiae
1044 2181 1276 2212 institutionem
1307 2189 1363 2212 aut

298 2225 562 2257 consuetudinem
591 2225 644 2262 fit,
667 2225 758 2262 ideo,
787 2227 864 2257 dato
887 2226 977 2267 quod
1007 2225 1120 2266 aliquis
1153 2233 1274 2266 praeter
1303 2226 1362 2256 Ec-

297 2269 410 2301 etesiae
433 2279 558 2301 morem
581 2270 622 2301 ad
643 2270 826 2302 interiorem
845 2270 1050 2302 devotionem
1076 2270 1252 2300 intenderet
1280 2279 1363 2300 nova

297 2313 460 2351 ordinare,
488 2314 712 2356 superfluitatis
740 2314 817 2345 vitio
847 2324 914 2345 non
938 2321 1039 2350 caret,
1064 2320 1094 2344 et
1127 2313 1261 2344 exterius
1293 2320 1362 2344 tan-

1414 1923 1483 1946 tum
1514 1915 1603 1946 colit:
1629 1926 1703 1946 narn
1736 1916 1866 1946 interius
1899 1923 2027 1956 peccat,
2053 1917 2090 1946 ab
2114 1917 2271 1948 Ecclesiae
2294 1918 2402 1958 regula
2425 1918 2477 1948 de-

1414 1960 1543 1991 clinans.

1470 2004 1573 2041 Quale
1598 2011 1704 2034 autem
1731 2011 1897 2044 peccatum
1920 2004 2136 2035 committatur
2158 2004 2191 2035 in
2215 2005 2400 2035 huiusmodi
2424 2015 2476 2035 su-

1415 2048 1601 2088 perfluitate,
1627 2058 1709 2088 quae
1731 2048 1812 2079 inter
1835 2048 2074 2088 superstitiones
2097 2056 2295 2086 numeratur,
2320 2049 2353 2079 in
2376 2050 2477 2080 littera

1415 2103 1480 2123 non
1505 2092 1699 2132 exprimitur.
1724 2093 1780 2123 Est
1803 2099 1909 2123 tamen
1933 2092 2146 2123 communiter
2160 2093 2292 2130 veniale,
2316 2093 2375 2123 nisi
2400 2104 2476 2124 con-

1414 2144 1553 2177 temptus
1573 2137 1797 2167 ecclesiasticae
1820 2135 2001 2176 disciplinae
2016 2145 2071 2168 aut
2088 2136 2245 2167 interioris
2261 2137 2364 2168 cultus
2380 2137 2475 2168 adsit:

1415 2181 1490 2222 quia
1502 2190 1568 2211 non
1585 2187 1631 2211 est
1646 2180 1689 2211 ibi
1704 2180 1839 2221 perfecta
1855 2180 2084 2220 superstitionis
2103 2181 2192 2211 ratio.
2210 2182 2275 2212 Nec
2287 2188 2392 2212 tamen
2408 2182 2477 2212 leve

1416 2225 1598 2255 habendum
1618 2231 1665 2255 est
1687 2231 1852 2264 peccatum
1872 2225 1942 2255 hoc.
1967 2225 2129 2262 Quoniam
2144 2225 2222 2255 infra
2245 2225 2477 2266 superstitionis

1415 2269 1615 2309 latitudinem
1632 2269 1820 2305 continetur,
1836 2279 1917 2309 quae
1934 2269 2042 2300 divino
2055 2269 2230 2310 opponitur
2246 2270 2359 2300 cultui:
2380 2279 2477 2299 omne

1417 2321 1524 2344 autem
1535 2321 1700 2354 peccatum
1714 2313 1748 2343 in
1762 2313 1812 2343 his
1827 2323 1908 2354 quae
1925 2313 1984 2344 Dei
2001 2320 2084 2349 sunt,
2098 2323 2252 2353 magnum
2264 2323 2331 2344 esse
2343 2320 2476 2344 constat.

2505 631 2562 653 ’Μ
2576 631 2691 679 {aa

2683 675 2689 685 .

2505 664 2542 705 if*
2554 684 2673 706 Lxxxw
2684 701 2690 711 ,

2506 716 2557 738 oep.
2571 717 2588 732 1.

2506 842 2516 852 ⁸
2530 841 2588 869 Cap.
2601 847 2639 898 ²1:11.

2505 903 2515 913 ⁸
2529 902 2597 925 Vere.
2612 909 2642 924 ιι.

2605 940 2620 963 ’l
