2860 4244
176 737 184 745 “
199 735 237 757 Cf.
256 741 295 763 qu.
313 741 384 762 111111,

175 765 217 783 art.
233 767 252 789 5.

172 1368 183 1379 ¹·
193 1367 262 1395 Resp.
279 1367 307 1389 ad
321 1374 341 1397 3.

181 3100 190 3110 ⁸
195 3099 218 3121 Ι·
223 3099 277 3127 11⁸⁶,
284 3105 322 3127 qu.
327 3105 390 3125 uxr,

180 3130 223 3148 nrt.
238 3132 257 3154 5·

422 243 491 279 170

1067 229 1333 275 QUAESTIO
1363 229 1539 276 LXXIX,
1570 230 1864 268 ARTICULUS
1895 232 1944 267 ΙΙΙ

416 317 584 346 catorum
615 308 789 357 opposita
818 308 895 344 aliis
923 307 1141 344 virtutibus:
1176 306 1271 342 sicut
1298 305 1400 342 enirn
1429 306 1479 342 ad
1503 306 1506 358 l
1530 307 1692 365 pertinet
1719 308 1767 346 ad
1785 316 1990 358 praecepta
2009 309 2098 356 legis
2118 308 2308 346 naturalis.
2340 309 2589 348 Consuetudo

413 362 609 411 propriam
630 362 815 398 rationem
835 360 994 396 iustitiae
1019 359 1146 406 legalis
1170 358 1332 406 pertinet
1359 366 1477 395 atten-

415 415 505 452 dere
539 414 709 452 debitum
741 412 950 462 praecepti,
982 412 1031 448 ita
1060 412 1104 448 ad
1141 411 1337 459 propriam
1367 401 1504 448 ratio-

414 480 503 504 nem
539 465 844 514 transgressionis
881 465 1041 514 pertinet
1074 464 1268 501 attendere
1308 463 1504 508 contem-l

412 528 520 568 ptum
541 519 744 568 praecepti.
778 518 862 554 Alio
884 518 1014 562 modo,
1037 517 1248 554 secundum
1269 517 1375 566 quod
1404 518 1475 554 dis-

413 573 590 620 tinguitur
609 572 656 607 ab
681 571 899 618 omissione,
925 581 1022 618 quae
1050 570 1298 607 contrariatur
1324 582 1478 618 praece·
1502 559 1504 621 i

412 633 478 673 pto
508 624 748 661 affirmativo.
1502 622 1503 669 l

464 680 522 714 An
543 688 680 713 PRIMUM
700 687 799 712 ERGO
819 687 1005 712 mcENDUM
1029 675 1134 723 quod
1154 675 1250 712 sicut
1267 675 1406 712 iustitia
1425 677 1475 712 le·
1502 672 1503 714 l

412 730 502 777 galis
523 737 578 765 est
605 729 726 765 omnis
748 730 868 766 virtus
886 729 906 750 '¹‘
929 728 1100 765 subiecto
1121 736 1157 766 et
1177 728 1284 777 quasi
1303 729 1476 765 materia-

410 783 511 829 liter,
541 782 591 818 ita
627 781 740 818 etiam
776 781 955 819 iniustitia
991 781 1119 829 legalis
1148 789 1204 818 est
1237 782 1503 827 materialiter

412 847 527 871 omne
555 842 770 883 peccatum.
809 836 858 872 Et
889 835 964 871 1100
993 834 1111 871 modo
1146 843 1348 884 peccatum
1383 836 1476 872 defi-

411 888 504 924 nivit
529 892 545 915 Υ
573 887 821 935 Ambrosius,
859 888 1073 925 secundum
1111 888 1251 925 scilicet
1287 888 1475 925 rationem
1501 899 1503 936 l

410 940 608 977 iniustitiae
638 941 777 989 legalis.

462 996 521 1030 AD
541 1006 733 1032 SECUNDUM
752 1006 938 1031 DtCENDUM
967 994 1073 1043 quod
1099 993 1290 1030 inclinatio
1318 1002 1474 1031 naturae

462 1115 489 1148 γ)
510 1115 638 1147 maiust.
652 1128 672 1134 -
690 1115 785 1147 definit
803 1115 970 1141 Pcoonta.

1532 359 1644 396 etiarn
1668 361 1828 398 honesta
1855 362 1970 398 habet
1989 362 2070 398 vim
2090 361 2297 410 praecepti.
2327 362 2427 410 quia,
2447 370 2489 399 ut
2511 365 2591 400 Au-

1503 413 1701 459 gustinus
1730 413 1837 461 dicit,
1868 415 1906 451 in
1939 414 2098 463 epistola
2132 415 2177 451 de
2207 415 2354 451 Ieiunio
2387 415 2543 452 Sabbati
2550 415 2591 462 *,

1530 476 1612 502 mos
1633 466 1768 514 populi
1793 467 1869 504 Dei
1893 479 1969 515 pro
1997 467 2082 516 lege
2107 467 2300 504 habendus
2327 473 2390 504 est.
2426 469 2475 504 Et
2502 467 2589 505 ideo

1502 525 1607 554 tam
1626 526 1827 566 peccatum
1847 532 1964 567 quam
1984 519 2230 567 transgressio
2255 527 2380 568 potest
2400 532 2481 556 esse
2502 533 2591 558 con-

1529 578 1586 607 tra
1606 572 1922 609 consuetudinem
1942 574 2144 610 honestam
2174 580 2210 609 et
2234 580 2364 610 contra
2384 573 2591 610 inclinatio-

1530 635 1620 660 nem
1650 626 1870 662 naturalem.

1583 678 1641 712 An
1660 688 1820 715 ‘reanum
1839 690 2023 716 DlCENDUM
2052 678 2157 726 quod
2187 690 2322 715 omnes
2346 685 2590 715 enumeratae

1501 741 1503 766 ;
1529 729 1675 778 species
1702 738 1948 778 peccatorum
1976 739 2137 790 possunt
2159 732 2301 768 habere
2329 730 2591 779 transgressio-

1529 795 1618 820 nem
1642 795 1721 819 non
1741 783 1954 820 secundum
1977 784 2152 832 proprias
2172 784 2346 831 rationes,
2368 785 2435 822 sed
2455 796 2590 820 secun-

1501 836 1620 873 dum
1657 836 1852 883 quandam
1892 836 2094 884 specialem
2130 837 2339 883 rationem,
2372 845 2414 874 ut
2448 836 2590 873 dictum

1530 896 1586 926 est
1608 889 1638 925 ²¹⁸.
1660 910 1683 916 -
1709 890 1915 925 Peccatum
1943 896 2074 925 tamen
2093 887 2107 910 ὅ
2135 890 2354 927 omissionis
2382 889 2539 927 omnino
2570 902 2592 926 a

1528 942 1827 989 transgressione
1858 941 2107 989 distinguitur.

1582 1114 1607 1147 δ)
1627 1118 1726 1140 tamen.
1739 1129 1756 1134 -
1774 1119 1865 1140 autem
1885 1115 1957 1140 PGa.

1086 1202 1420 1235 Commentaria
1442 1201 1694 1234 Cardinalis
1717 1202 1918 1235 Caietam*

440 1294 460 1313 N
484 1283 616 1313 articulo
644 1282 784 1312 secundo
815 1281 957 1311 eiusdem
985 1280 1179 1321 quaestionis
1210 1279 1476 1320 septuagesimae*

414 1296 544 1357 Inonae
572 1326 705 1357 dubium
721 1325 866 1361 occurrit,
883 1324 1065 1364 simpliciter
1086 1331 1116 1354 et
1139 1324 1179 1354 ad
1202 1323 1378 1359 hominem,
1396 1323 1476 1353 circa

410 1372 442 1402 id
465 1371 554 1411 quod
578 1370 714 1400 dicitur
706 1379 739 1399 111
756 1369 838 1399 calce
855 1368 1010 1399 articuli*
1013 1392 1019 1404 ‚
1044 1368 1162 1398 scilicet
1185 1368 1274 1408 quod
1297 1367 1476 1397 omissionis

407 1421 572 1456 peccatum
590 1415 718 1444 omnino
734 1423 753 1443 a
770 1414 1030 1453 transgressione
1044 1412 1264 1453 distinguitur.
1286 1411 1476 1451 Simpliciter

410 1459 550 1500 quidem,
576 1458 651 1499 quia
670 1457 802 1488 omissio
826 1463 932 1497 potest
947 1467 1014 1487 esse
1030 1456 1231 1487 materialiter
1253 1455 1474 1495 transgressio:

411 1510 446 1534 ut
469 1509 555 1543 patet
584 1512 659 1533 cum
683 1502 754 1542 quis
782 1511 848 1531 non
871 1501 940 1532 vult
961 1501 1006 1532 ire
1034 1502 1074 1531 ad
1097 1501 1228 1531 missam
1255 1507 1400 1540 tempore
1423 1500 1474 1529 de-

410 1547 487 1578 bito.
511 1565 530 1570 -
553 1547 604 1577 Ad
627 1546 793 1577 hominem
812 1555 898 1582 vero,
924 1545 999 1586 quia
1022 1548 1145 1576 Auctor
1167 1544 1200 1574 in
1224 1554 1356 1585 corpore
1380 1543 1476 1574 huius

410 1591 532 1622 articuli
556 1591 631 1622 dicit
646 1591 736 1631 quod
759 1600 872 1620 omnes
889 1590 1007 1630 species
1031 1596 1236 1630 peccatorum
1251 1594 1387 1629 possunt
1410 1597 1477 1618 esse

409 1635 610 1666 materialiter
633 1634 848 1674 transgressio,
874 1634 949 1674 quia
973 1644 1029 1675 per
1044 1633 1210 1675 quodlibet
1224 1633 1358 1663 mortale
1374 1632 1475 1662 homo

410 1679 636 1719 transgreditur
663 1679 795 1720 aliquod
822 1678 969 1709 divinum
996 1685 1211 1719 praeceptum.
1246 1677 1278 1708 Si
1306 1677 1391 1707 enim
1421 1686 1477 1716 per

410 1724 576 1765 quodlibet
590 1724 724 1755 mortale
739 1724 839 1753 homo
855 1723 1080 1762 transgreditur
1095 1729 1301 1762 praeceptum
1316 1721 1475 1756 divinum;

411 1776 442 1800 et
458 1768 589 1799 omissio
606 1775 652 1798 est
675 1774 841 1808 peccatum
858 1767 993 1797 mortale
1016 1767 1228 1807 quandoque:
1254 1775 1328 1806 ergo
1344 1764 1476 1795 omissio

411 1820 458 1844 est
481 1813 575 1843 etiam
599 1811 814 1852 transgressio,
840 1811 921 1842 sicut
944 1810 1004 1841 alia
1029 1817 1156 1851 peccata
1180 1809 1381 1840 materialiter
1403 1815 1478 1839 sunt

411 1857 628 1896 transgressio,
648 1863 679 1887 et
694 1866 759 1886 non
776 1855 910 1886 omnino
931 1854 1170 1895 distinguuntur
1186 1865 1204 1884 a
1219 1852 1476 1894 transgressione.

466 1901 516 1931 Ad
539 1901 602 1931 hoc
624 1900 738 1931 dicitur
761 1900 867 1940 quod,
893 1906 928 1929 ut
957 1906 1043 1938 patet
1073 1899 1106 1929 in
1128 1899 1246 1934 littera,
1271 1897 1476 1937 transgressio

411 1945 586 1975 formaliter
614 1952 660 1975 est
689 1951 777 1974 actus
801 1943 937 1984 positive
968 1953 1034 1984 quo
1067 1943 1138 1984 quis
1161 1943 1230 1974 vult
1260 1952 1326 1972 non
1356 1951 1478 1972 servare

410 1990 532 2029 1egem;
564 1996 594 2019 et
623 1989 739 2019 directe
767 1987 974 2018 contrariatur
1002 1987 1085 2018 actui
1108 1986 1282 2018 voluntatis
1310 1995 1376 2027 quo
1405 1985 1478 2026 quis

410 2034 479 2064 vult
507 2043 628 2063 servare
657 2034 770 2073 legem.
805 2032 846 2062 Et
868 2031 944 2072 quia
973 2031 1023 2062 hic
1047 2038 1135 2062 actus
1159 2038 1206 2062 est
1229 2037 1318 2062 actus
1340 2029 1478 2061 iustitiae

410 2077 528 2117 legalis,
542 2077 711 2107 extendens
725 2087 757 2107 se
773 2077 812 2106 ad
828 2086 925 2116 opera
937 2075 1086 2106 omnium
1101 2075 1264 2112 virtutum,
1281 2084 1339 2115 pro
1356 2080 1477 2115 quanto

410 2122 479 2152 vult
502 2121 574 2162 quis
597 2131 663 2151 non
687 2121 793 2151 solum
822 2120 922 2151 facere
947 2120 999 2150 illa
1024 2130 1121 2160 opera
1143 2120 1298 2151 virtutum
1322 2118 1476 2154 absolute,

411 2166 466 2196 sed
489 2166 558 2196 vult
580 2176 616 2196 ea
639 2165 739 2196 facere
763 2165 839 2205 quia
862 2170 1029 2204 praecepta
1053 2175 1070 2194 a
1093 2164 1160 2204 lege
1185 2164 1291 2194 divina
1314 2163 1364 2193 vel
1387 2169 1476 2192 natu-

411 2210 468 2240 rali
490 2210 540 2240 vel
563 2210 718 2245 humana;
744 2209 816 2239 ideo
841 2215 928 2239 actus
952 2208 1144 2245 contrarius,
1170 2209 1286 2239 scilicet
1308 2207 1388 2238 velle
1411 2216 1479 2236 non

412 2264 534 2285 servare
557 2254 676 2294 legem,
702 2260 748 2284 est
771 2260 858 2284 actus
888 2253 1060 2283 iniustitiae
1090 2253 1244 2293 generalis
1272 2262 1328 2283 seu
1359 2250 1477 2291 legalis.

412 2298 517 2329 Etiam
541 2299 705 2329 extendere
729 2308 760 2328 se
784 2308 915 2338 quoque
939 2304 1044 2337 potest
1067 2298 1107 2328 ad
1135 2297 1245 2328 omnia
1269 2307 1365 2337 opera
1383 2295 1477 2326 vitio-

412 2351 501 2373 rum:
526 2353 584 2382 pro
608 2349 729 2383 quanto
754 2348 859 2382 potest
881 2342 952 2382 quis
971 2351 1037 2372 non
1061 2341 1168 2372 solum
1184 2348 1312 2382 peccata
1335 2340 1479 2372 absolute

413 2387 626 2423 committere,
650 2387 704 2417 sed
728 2393 833 2426 potest
856 2386 951 2416 etiam
975 2386 1173 2417 committere
1196 2387 1230 2416 in
1254 2386 1366 2416 odium
1390 2383 1478 2424 legis·

413 2431 454 2461 Et
477 2431 520 2461 sic
543 2431 747 2471 transgressio
772 2430 975 2470 distinguitur
999 2431 1036 2461 ab
1061 2430 1129 2460 aliis
1152 2430 1287 2471 peccatis
1311 2429 1392 2460 sicut
1415 2438 1479 2459 una

1527 1279 1647 1319 species
1663 1280 1783 1320 peccati
1802 1280 1840 1310 ab
1857 1280 1941 1310 aliis:
1963 1274 2047 1311 sicut
2068 1275 2223 1312 iniustitia
2243 1281 2352 1322 legalis
2376 1282 2415 1312 ab
2437 1282 2593 1323 intempe-

1526 1323 1636 1359 rantia,
1654 1330 1712 1354 etc.
1743 1324 1783 1354 Et
1806 1323 1867 1354 1100
1891 1323 2028 1354 dieitur·
2020 1334 2053 1354 10
2075 1320 2178 1356 littera
2197 1335 2271 1356 cum
2295 1325 2409 1357 dicitur
2423 1326 2456 1356 *:
2481 1336 2592 1358 secun-

1527 1367 1603 1397 dum
1627 1367 1712 1407 quod
1734 1368 1907 1408 opponitur
1929 1368 1972 1398 ad
1994 1378 2117 1408 genera
2135 1374 2344 1409 peccatorum
2360 1371 2503 1411 opposita
2519 1371 2594 1402 aliis

1527 1412 1705 1442 virtutibus.
1730 1412 1771 1442 Et
1795 1411 1871 1452 quia
1889 1411 1969 1442 vene
1989 1412 2197 1443 contrariatur
2219 1421 2388 1464 praecepto
2414 1415 2504 1456 quo'd
2527 1425 2594 1445 non

1526 1455 1680 1492 velimus,
1704 1455 1777 1486 ideo
1801 1456 2017 1497 transgressio,
2043 1466 2125 1497 quae
2145 1457 2288 1488 consistit
2309 1458 2447 1495 invene,
2471 1465 2594 1490 contra-

1527 1499 1627 1530 riatur
1655 1507 1825 1540 praecepto
1849 1500 2006 1541 negativo.
2040 1502 2081 1532 Et
2108 1501 2152 1532 sic
2175 1502 2380 1553 transgressio
2410 1513 2447 1533 ex
2473 1503 2595 1534 ratione

1528 1544 1656 1574 formali
1680 1555 1738 1575 sua
1760 1544 1885 1581 morali,
1909 1555 1973 1585 qua
1996 1545 2115 1576 scilicet
2138 1546 2342 1578 constituitur
2363 1546 2396 1576 in
2420 1547 2524 1587 specie
2547 1547 2596 1578 in-

1528 1588 1664 1619 iustitiae
1688 1588 1807 1629 legalis,
1827 1589 2003 1629 opponitur
2017 1590 2100 1620 vitiis
2117 1590 2226 1621 ceteris
2249 1597 2286 1621 ut
2308 1591 2412 1621 forma
2435 1592 2595 1623 materiae.

1528 1633 1664 1663 Ratione
1687 1639 1796 1664 autem
1827 1633 1959 1664 rationis
1983 1644 2058 1664 suae
2089 1634 2231 1665 formalis
2253 1635 2286 1665 in
2309 1645 2423 1675 genere
2447 1636 2594 1674 naturae,

1527 1677 1603 1717 quia
1627 1677 1744 1708 scilicet
1760 1677 1904 1708 consistit
1921 1678 1955 1708 in
1975 1686 2046 1709 actu
2070 1679 2219 1719 positivo,
2236 1680 2413 1720 opponitur
2429 1680 2598 1712 omissioni

1528 1728 1564 1752 ut
1587 1721 1764 1761 positivum
1787 1722 1944 1762 negativa
1970 1723 2012 1753 Et
2034 1723 2085 1754 hic
2105 1730 2152 1754 est
2174 1725 2333 1754 secundus
2351 1725 2469 1755 modus
2491 1724 2525 1756 111
2545 1725 2597 1756 lit-

1527 1772 1592 1796 tera
1610 1765 1769 1805 positus*
1791 1776 1858 1807 quo
1874 1767 2079 1807 transgressio
2095 1775 2142 1799 est
2160 1761 2294 1808 speciale
2313 1775 2495 1809 peccatum:
2520 1769 2596 1810 quia

1529 1809 1647 1840 scilicet
1670 1820 1735 1840 non
1760 1817 1807 1840 est
1830 1810 1973 1842 omissio.

1584 1853 1646 1884 Sed
1670 1854 1898 1885 advertendum
1914 1861 1960 1885 est
1983 1855 2073 1896 quod
2096 1855 2279 1886 omissionis
2301 1863 2468 1896 peccatum
2492 1857 2596 1898 dupli-

1529 1897 1605 1928 citer
1628 1898 1711 1928 sumi
1735 1906 1850 1939 potest.
1875 1899 1993 1935 Primo,
2017 1900 2196 1930 secundum
2218 1910 2261 1931 se.
2285 1900 2327 1930 Et
2349 1900 2403 1937 sic,
2427 1911 2501 1932 0010
2525 1901 2596 1932 nul-

1527 1942 1599 1972 lum
1621 1942 1764 1973 includat
1793 1950 1916 1980 actum,
1942 1954 2009 1974 non
2032 1951 2139 1983 potest
2161 1954 2228 1974 esse
2252 1945 2507 1984 transgressionis
2529 1955 2597 1976 ma-

1528 1986 1623 2017 teria:
1654 1987 1797 2027 implicat
1829 1997 1969 2028 namque
1997 1988 2258 2025 contradictoria,
2287 1988 2405 2019 scilicet
2435 1998 2502 2020 esse
2529 1989 2598 2021 sine

1530 2031 1619 2060 omni
1635 2037 1717 2068 actu,
1735 2038 1766 2062 et
1782 2042 1848 2062 esse
1864 2032 2030 2063 materiam
2044 2032 2311 2072 transgressionis,
2329 2043 2412 2074 quae
2429 2039 2476 2064 est
2496 2040 2596 2065 actus.

1530 2075 1571 2105 Et
1593 2075 1637 2105 sic
1664 2076 1785 2116 accepit
1808 2086 1878 2106 eam
1907 2078 2030 2107 Auctor
2052 2077 2159 2108 dicens
2187 2078 2276 2118 quod
2299 2077 2434 2108 omnino
2459 2088 2477 2108 a
2498 2084 2598 2109 trans-

1531 2119 1691 2159 gressione
1714 2120 1929 2160 distinguitur.
1953 2139 1974 2144 —
1997 2120 2072 2151 Alio
2089 2122 2199 2158 modo,
2216 2121 2394 2152 secundum
2411 2132 2504 2153 suam
2523 2132 2599 2154 cau—

1531 2173 1610 2195 sam.
1632 2164 1673 2195 Et
1689 2164 1732 2194 sic
1748 2171 1854 2204 potest
1873 2175 1940 2195 esse
1957 2165 2088 2196 materia
2102 2166 2358 2206 transgressionis
2375 2166 2500 2203 directe,
2517 2166 2599 2198 sicut

1532 2215 1632 2238 cetera
1661 2215 1804 2248 peccata:
1837 2216 1873 2239 01
1900 2219 1974 2239 cum
1996 2210 2065 2240 vult
2093 2210 2164 2250 quis
2193 2220 2260 2241 non
2283 2220 2405 2241 servare
2432 2218 2599 2252 praecepta

1531 2252 1716 2283 affirmativa
1737 2253 1769 2282 in
1786 2253 1899 2283 odium
1921 2253 2009 2294 legis,
2034 2254 2075 2284 Et
2097 2254 2159 2285 hoc
2175 2255 2274 2285 modo
2298 2255 2466 2296 quodlibet
2488 2265 2599 2296 pecca-

1530 2303 1601 2327 tum
1620 2297 1754 2327 mortale
1777 2304 1883 2338 potest
1906 2308 1973 2328 esse
1996 2298 2127 2330 materia
2150 2299 2416 2339 transgressionis,
2440 2299 2517 2340 quia
2532 2310 2599 2331 non

1531 2347 1633 2371 servat
1656 2341 1800 2372 divinum
1824 2349 2041 2383 praeceptum.

1587 2386 1629 2416 Et
1652 2385 1696 2416 sic
1719 2386 1829 2416 omnia
1845 2393 2037 2417 consonant:
2063 2396 2121 2417 nec
2144 2386 2338 2427 simpliciter,
2355 2397 2414 2418 nec
2429 2388 2516 2428 apud
2530 2389 2598 2419 Au-

1532 2437 1653 2461 ctorem
1677 2430 1891 2461 controversia
1914 2437 2019 2461 restat.

1215 2560 1533 2603 ARTICULUS
1562 2559 1791 2602 TERTIUS

1040 2637 1194 2667 UTRUM
1218 2636 1389 2667 OMISSIO
1413 2636 1480 2667 SIT
1504 2635 1708 2667 SPECIALE
1733 2635 1973 2667 PECCATUM

1225 2705 1245 2729 11
1266 2705 1348 2734 Sent„
1369 2705 1427 2730 dist.
1445 2713 1469 2735 v,
1489 2713 1535 2738 qu.
1553 2713 1571 2745 .¹’
1591 2709 1638 2730 art.
1659 2704 1683 2735 3.
1702 2705 1734 2729 ad
1753 2712 1779 2736 4.

446 2794 508 2836 ἦ»
529 2797 563 2827 ⁵„
550 2807 586 2831 π
627 2789 649 2814 n
674 2789 835 2814 TERTIUM
855 2789 907 2813 510
931 2788 1173 2813 PROCEDITUR.
1193 2776 1351 2814 Videtur
1375 2776 1481 2825 quod

441 2811 501 2892 ’ἥθ’
544 2822 604 2882 {³⁸⁴3
628 2830 785 2867 omissio
833 2842 911 2867 non
958 2830 1003 2867 sit
1050 2829 1213 2878 speciale
1264 2837 1477 2878 peccatum.

432 2869 595 2946 '5:qu
609 2882 756 2920 Omne
777 2883 879 2919 enim
901 2890 1102 2932 peccatum
1132 2890 1196 2919 aut
1215 2890 1271 2919 est
1299 2882 1479 2930 originale

472 2913 692 2973 ἐκᾪο01
720 2937 878 2973 actuale.
919 2937 995 2973 Sed
1025 2935 1182 2972 omissio
1217 2948 1295 2972 non
1324 2943 1380 2972 est
1408 2935 1481 2972 ori-

417 2951 550 3037 ginale
567 2996 787 3037 peccatum:
817 2989 907 3037 quia
934 3001 1013 3026 non
1042 2988 1275 3026 contrahitur
1310 3001 1380 3038 per
1407 2989 1479 3025 ori—

417 3042 557 3090 ginem.
587 3042 671 3078 Nec
691 3049 746 3078 est
765 3043 931 3079 actuale:
962 3042 1051 3091 quia
1078 3049 1203 3091 potest
1223 3054 1304 3079 esse
1334 3043 1479 3090 absque

418 3094 525 3132 omni
549 3102 645 3142 actu,
676 3102 717 3131 ut
745 3107 859 3143 supra
877 3094 897 3116 '¹‘
925 3095 1098 3132 habitum
1120 3102 1185 3142 est,
1217 3107 1305 3132 curn
1325 3095 1372 3132 de
1392 3107 1480 3144 pec-

419 3148 509 3185 catis
540 3147 577 3183 in
598 3147 793 3184 communi
815 3155 998 3195 ageretur.
1029 3149 1131 3195 Ergo
1151 3147 1306 3184 omissio
1326 3160 1405 3184 non
1425 3155 1480 3184 est

419 3200 582 3250 speciale
609 3208 823 3249 peccatum.

474 3266 509 3291 2.
529 3255 763 3301 PRAETEREA,
783 3265 898 3290 omne
918 3260 1117 3302 peccatum
1137 3260 1192 3289 est
1209 3252 1478 3290 voluntarium.

421 3307 498 3344 Sed
527 3307 681 3344 omissio
711 3307 944 3355 quandoque
973 3318 1051 3342 non
1076 3313 1131 3342 est
1157 3305 1381 3353 voluntaria,
1412 3306 1480 3342 sed

420 3360 651 3397 necessaria:
689 3367 781 3409 puta
809 3371 898 3397 cum
927 3359 1062 3396 mulier
1091 3366 1266 3407 corrupta
1295 3366 1350 3395 est
1382 3370 1480 3406 quae

420 3413 671 3461 virginitatem
698 3413 827 3459 vovit;
855 3413 918 3450 vel
947 3424 1035 3449 cum
1060 3411 1193 3461 aliquis
1214 3411 1379 3448 01011111αι
1399 3424 1479 3448 10111

476 3536 503 3569 α)
523 3536 632 3561 amittit.
644 3550 662 3557 -
680 3536 771 3562 amisit
789 3537 817 3561 P.
1507 3532 1510 3558 Ι

1531 2788 1650 2824 quam
1671 2775 1865 2812 restituere
1894 2783 2063 2822 tenetur;
2093 2777 2156 2813 vel
2177 2788 2266 2813 curn
2286 2777 2466 2814 sacerdos
2493 2784 2596 2815 tene-

1532 2836 1593 2865 tur
1630 2829 1822 2866 celebrare
1858 2835 1894 2865 et
1926 2830 2042 2866 habet
2077 2829 2233 2879 aliquod
2263 2829 2594 2879 impedimentum.

1533 2883 1635 2930 Ergo
1666 2882 1823 2919 omissio
1853 2894 1931 2919 non
1960 2895 2113 2931 semper
2142 2890 2198 2919 est
2225 2891 2439 2932 peccatum.

1588 2936 1622 2972 3.
1650 2935 1883 2983 Pais-raam,
1906 2935 2059 2973 cuilibet
2081 2935 2234 2985 speciali
2262 2943 2420 2985 peccato
2451 2943 2506 2974 est
2533 2935 2597 2974 de-

1533 2988 1734 3025 terminare
1770 2989 1925 3038 aliquod
1959 2996 2112 3038 tempus
2149 2990 2305 3037 quando
2337 2989 2468 3039 incipit
2501 3001 2596 3027 esse.

1534 3041 1611 3079 Sed
1638 3042 1713 3078 hoc
1742 3054 1821 3078 non
1841 3050 1895 3079 est
1924 3042 2175 3079 determinare
2195 3042 2234 3079 in
2253 3042 2478 3080 omissione:
2508 3041 2598 3091 quia

1533 3095 1859 3143 quandocumque
1887 3107 1966 3132 non
1990 3095 2077 3132 facit
2105 3095 2275 3132 similiter
2302 3108 2343 3133 se
2370 3096 2497 3144 habet,
2525 3107 2598 3133 nec

1532 3155 1662 3184 tamen
1686 3160 1839 3196 semper
1865 3156 2009 3196 peccat.
2039 3148 2141 3196 Ergo
2162 3148 2318 3185 omissio
2339 3161 2418 3186 non
2439 3156 2494 3186 est
2512 3160 2596 3198 spe-

1519 3235 1523 3239 .
1534 3200 1627 3237 ciale
1655 3207 1867 3248 peccatum.

1586 3264 1623 3300 4.
1645 3254 1879 3301 PRAETEREA,
1902 3265 2018 3290 omne
2037 3261 2239 3302 peccatum
2259 3254 2422 3303 speciale
2445 3253 2596 3303 speciali

1533 3306 1661 3343 virtuti
1689 3306 1906 3355 opponitur.
1937 3307 2013 3344 Sed
2033 3319 2111 3344 non
2132 3314 2187 3344 est
2216 3307 2306 3344 dare
2326 3307 2492 3356 aliquam
2510 3319 2595 3356 spe-

1535 3359 1668 3396 cialem
1682 3359 1864 3396 virtutem
1879 3359 1938 3396 cui
1954 3359 2110 3397 omissio
2127 3360 2333 3410 opponitur
2342 3358 2368 3398 β.
2389 3361 2492 3397 Το10
2508 3359 2596 3409 quia

1533 3413 1680 3449 bonurn
1709 3412 1907 3450 cuiuslibet
1925 3413 2069 3450 virtutis
2090 3413 2209 3450 omitti
2227 3420 2363 3462 potest.
2385 3413 2488 3450 Tum
2507 3413 2595 3462 quia

1589 3534 1615 3568 β)
1634 3535 1788 3568 opponitur.
1802 3549 1822 3554 —
1840 3539 1993 3568 opponatur
2011 3535 2141 3561 PDHsCK
2158 3539 2184 3560 et
2201 3542 2227 3560 a.

2618 413 2658 435 Ἐ
2677 413 2715 436 int.
2723 413 2829 438 XXXVI.

2618 439 2786 489 Οαιιιξαξχνι
2797 439 2831 462 ad

2618 890 2629 900 '⁵
2635 891 2638 893 ’
2643 890 2669 911 In
2684 895 2791 942 οοῐὸροκ.

2618 1330 2670 1353 In
2684 1335 2792 1359 corpore.

2621 1773 2632 1785 ⁸
2645 1774 2706 1797 thid.
