2860 4238
936 221 1202 267 QUAESTIO
1233 221 1382 267 CXVII,

144 302 158 336 β
282 298 360 347 ptio
390 306 427 335 et
454 298 625 335 custodia
643 311 722 336 non
740 298 890 336 videtur
908 297 923 328 β
952 300 999 336 ad
1018 311 1130 335 usum
1154 299 1337 348 pecuniae
1365 300 1367 350 ξ

282 351 481 400 pertinere.
517 352 618 399 Ergo
650 351 959 388 inconvenienter
994 351 1129 388 dicitur
1164 352 1338 400 proprius

283 404 510 441 liberalitatis
538 411 643 441 actus
670 417 762 440 usus
789 404 986 452 pecuniae.
1365 393 1367 439 l

339 458 373 494 3.
394 458 633 503 PRAETEREA,
661 469 754 493 usus
781 456 964 505 pecuniae
993 469 1070 493 non
1099 457 1221 493 solum
1250 469 1338 493 con·
1366 441 1367 493 l

285 510 380 546 sistit
397 509 436 546 in
454 510 527 546 hoc
547 509 652 558 quod
670 509 833 558 pecunia
858 510 978 555 detur,
998 509 1122 546 sedin
1141 510 1215 545 hoc
1234 509 1367 557 quod

285 562 529 610 expendatur.
560 562 637 598 Sed
657 562 869 610 expendere
889 561 1091 610 pecuniam
1117 563 1274 599 refertur
1292 562 1340 598 ad

283 614 410 664 ipsum
439 614 734 663 expendentem,
763 621 800 650 et
827 613 879 650 sic
907 626 985 650 non
1011 614 1163 652 videtur
1191 627 1272 651 esse
1300 614 1339 650 li·
1366 617 1367 637 z

286 667 486 704 beralitatis
514 674 639 703 actus:
669 666 756 703 dicit
785 667 887 703 enim
917 667 1075 714 Seneca,
1096 667 1134 704 in
1153 669 1187 704 V
1205 668 1251 704 de
1268 669 1341 703 Be-

285 721 391 767 nefic.
411 719 450 756 *z
479 719 570 756 Non
590 724 643 755 est
659 719 822 756 liberalis
849 719 983 768 aliquis
1001 731 1051 756 ex
1067 721 1139 756 hoc
1157 720 1257 769 quod
1271 720 1344 756 sibi

284 772 410 809 donat.
439 772 541 819 Ergo
569 783 649 808 non
676 772 831 820 quilibet
858 785 949 809 usus
968 773 1153 821 pecuniae
1181 772 1342 821 pertinet
1367 781 1369 794 ¹

285 824 334 861 ad
361 824 649 861 liberalitatem.‘

339 877 413 914 SED
442 888 588 914 CONTRA
615 889 682 914 EST
705 877 811 925 quod
829 877 1084 926 Philosophus
1114 877 1211 923 dicit,
1233 877 1270 913 in
1291 877 1342 913 IV

18 963 19 966 ,
46 929 198 979 ’gfff-,5333
212 928 259 976 ᾖ·
283 929 452 966 Ethic.*:
479 931 711 978 Unoquoque
729 930 890 978 optime*
911 931 1024 967 utitur
1037 931 1103 978 qui
1113 931 1225 966 habet
1241 930 1342 966 circa
1368 941 1370 944 ’

143 991 160 1017 τ
284 982 435 1032 singula
462 983 647 1020 virtutem.
677 983 825 1019 Divitiis
851 995 945 1032 ergo
975 988 1096 1018 utetur
1123 983 1258 1030 optime
1280 982 1345 1030 qui
1369 993 1370 996 ¹

284 1035 396 1072 habet
421 1036 522 1072 circa
547 1036 727 1083 pecunias
753 1036 937 1072 virtutem.
969 1036 1040 1071 Iste
1069 1042 1195 1071 autem
1220 1041 1274 1070 est
1301 1034 1341 1070 li-

285 1088 432 1125 beralis.
470 1089 572 1135 Ergo
601 1089 726 1125 bonus
753 1100 844 1124 usus
871 1087 1118 1136 pecuniarum
1157 1095 1211 1123 est
1239 1094 1343 1123 actus
1370 1085 1371 1097 ¹

284 1140 524 1178 liberalitatis.

28 1224 38 1237 „
339 1194 564 1230 Responmzo
591 1205 775 1230 mesanum
796 1193 900 1241 quod
929 1192 1073 1241 species
1095 1200 1200 1229 actus
1227 1192 1342 1229 sumi-

33 1239 259 1299 ‘jzzflffvv-”mv
284 1253 347 1283 tur
364 1257 410 1282 ex
429 1245 592 1292 obiecto,
611 1253 653 1283 ut
672 1258 786 1295 supra
803 1246 824 1267 ²⁸²
850 1245 1021 1283 habiturn
1041 1253 1107 1282 est.
1138 1245 1342 1282 Obiectum

34 1299 35 1302 ’
255 1298 530 1336 ,msive
565 1299 722 1335 materia
757 1298 985 1336 liberalitatis
1018 1306 1073 1335 est
1100 1298 1280 1347 pecunia,
1310 1305 1345 1334 et
1370 1301 1372 1343 ζ

286 1351 472 1399 quidquid
509 1352 671 1400 pecunia
708 1351 918 1392 mensurari
950 1358 1090 1399 potest,
1123 1358 1164 1387 ut
1201 1350 1344 1387 dictum
1371 1345 1372 1352 ¹

45 1410 244 1442 'An-W·
286 1412 343 1441 est
361 1403 392 1441 *.
426 1405 475 1441 Et
503 1404 592 1453 quia
625 1404 816 1453 quaelibet
841 1404 961 1441 virtus
999 1403 1272 1440 convenienter
1305 1415 1358 1439 se·

106 1466 109 1467 ’
285 1457 401 1494 habet
419 1457 469 1494 ad
487 1469 599 1494 suum
625 1457 830 1503 obiectum,
852 1468 1089 1505 consequens
1110 1464 1165 1493 est
1182 1463 1235 1502 ut,
1257 1467 1345 1492 curn

285 1509 488 1547 liberalitas
506 1510 552 1547 sit
569 1510 700 1557 virtus,
730 1518 835 1547 actus
864 1510 944 1546 eius
964 1509 1010 1545 sit
1035 1509 1346 1557 proportionatus

46 725 58 737 ⁸
71 723 128 751 Cup.
142 729 174 746 tx.

286 1627 426 1654 norum
462 1615 628 1652 utilium:
664 1615 754 1663 quia
782 1615 912 1652 omnia
946 1615 1130 1651 exteriora
1167 1615 1269 1651 bona
1298 1614 1346 1651 ad

284 1680 400 1706 usum
427 1668 594 1706 hominis
630 1676 718 1705 sunt
745 1668 930 1705 ordinata.
968 1668 1017 1704 Et
1050 1667 1137 1704 ideo
1172 1667 1347 1716 proprius

285 1728 391 1759 &ems
419 1721 646 1758 liberalitatis
676 1729 732 1758 est
758 1721 922 1770 pecunia
948 1721 1011 1757 vel
1040 1720 1176 1758 divitiis
1204 1720 1269 1757 uti.

286 1827 448 1877 pertinet
475 1827 574 1864 bene
602 1827 654 1864 uti
682 1827 820 1864 divitiis
856 1827 1082 1875 inquantum
1110 1826 1347 1863 huiusmodi:

288 1891 335 1917 eo
363 1881 469 1929 quod
497 1880 650 1917 divitiae
687 1888 774 1917 sunt
808 1879 962 1929 propria
997 1879 1155 1916 materia
1189 1878 1347 1915 liberali-

286 1932 382 1970 tatis.
411 1933 473 1970 Ad
501 1933 680 1970 iustitiam
710 1940 838 1970 autem
866 1933 1027 1981 pertinet
1054 1932 1106 1969 uti
1127 1931 1263 1969 divitiis
1292 1944 1348 1968 se-

338 1776 398 1812 An
417 1785 556 1812 ptumum
574 1786 674 1811 ERGO
688 1786 873 1811 memnon
893 1773 999 1822 quod
1019 1774 1067 1811 ad
1087 1773 1346 1810 liberalitatem
1373 1803 1375 1806 .

1374 1912 1375 1921 ,
1401 1879 1520 1915 Ethic.
1541 1878 1561 1900 ²¹⁸
1588 1899 1612 1905 -

1411 220 1707 257 ARTICULUS
1736 220 1787 256 lV
2368 227 2418 271 45
2429 236 2441 260 1

1393 299 1508 335 alteri
1529 319 1553 326 -
1582 298 1644 335 Ad
1671 299 1993 347 magnificentiam
2022 299 2136 337 etiam
2163 306 2175 322 ⁸
2202 302 2364 361 pertinet
2394 303 2449 340 uti

1366 381 1367 389 ,
1365 351 1530 388 divitiis
1562 351 1773 388 secundum
1800 352 1995 400 quandam
2023 354 2222 412 specialem
2249 355 2447 404 rationem,

1394 404 1490 441 idest
1509 404 1719 440 secundum
1741 404 1846 452 quod
1866 413 2109 443 assumuntur
2133 406 2171 444 in
2195 407 2349 445 alicuius
2370 421 2449 445 ma-

1393 457 1455 504 gni
1492 457 1618 505 operis
1651 457 1938 507 expletionem.
1949 459 2060 495 Unde
2095 467 2131 496 et
2171 461 2450 508 magnificentia

1366 532 1367 558 3
1394 509 1684 557 quodammodo
1721 522 1762 546 se
1794 510 1908 546 habet
1941 523 1986 548 ex
2021 511 2213 550 additione
2241 514 2290 550 ad
2318 514 2449 551 libera-

1394 562 1547 608 litatem,
1577 569 1617 598 ut
1644 562 1739 598 infra
1757 562 1777 583 ’⁸
1805 562 1959 600 dicetur.

1447 616 1506 650 AD
1525 626 1714 651 SECUNDUM
1733 627 1916 652 ῡιοΕΝῡυΜ
1936 617 2039 664 quod
2058 618 2107 654 ad
2126 618 2338 655 virtuosum
2367 631 2450 667 per-

1367 693 1368 719 }
1395 674 1486 703 tinet
1513 678 1591 702 non
1611 668 1734 703 SOiUm
1755 668 2024 706 convenienter
2050 678 2103 707 Utl
2123 683 2190 707 SUR
2214 671 2369 708 materia
2388 673 2450 708 vel

1395 719 1656 765 instrumento,
1677 720 1745 756 sed
1773 720 1884 757 etiam
1905 733 2131 770 praeparare
2151 724 2450 772 opportunitates

1395 772 1444 808 ad
1472 772 1569 807 bene
1598 773 1799 809 utendum:
1838 773 1933 810 sieut
1960 775 2007 812 ad
2036 775 2293 813 fortitudinem
2326 777 2450 814 militis

1396 824 1556 872 pertinet
1582 837 1661 860 non
1680 826 1803 861 solum
1825 837 1994 864 exserere
2014 826 2026 852 ῑ
2053 829 2220 875 gladium
2240 829 2278 866 in
2305 830 2449 876 hostes,

1396 876 1464 913 sed
1493 876 1606 913 etiam
1635 889 1817 914 exacuere
1836 879 2002 925 gladium
2023 880 2115 917 etin
2142 882 2278 940 vagina
2301 894 2451 918 conser-

1395 941 1500 966 vare.
1531 929 1592 965 Sic
1621 930 1733 966 etiam
1754 930 1803 967 ad
1821 930 2079 969 liberalitatem
2098 934 2258 982 pertinet
2285 947 2363 971 non
2390 946 2451 971 so-

1397 982 1475 1017 lum
1504 981 1557 1017 uti
1584 983 1766 1030 pecunia,
1801 983 1866 1019 sed
1897 984 2008 1020 etiam
2043 997 2126 1022 eam
2161 999 2387 1036 praeparare
2415 995 2452 1024 et

1369 1034 1371 1084 ’ξ
1398 1045 1623 1070 conservare
1651 1035 1699 1071 ad
1726 1034 1908 1072 idoneum
1936 1048 2061 1074 usum.

1450 1088 1509 1123 An
1528 1098 1687 1124 TERTmM
1715 1099 1898 1125 DICENDUM
1926 1090 2042 1136 quod,
2071 1090 2163 1127 sicut
2181 1091 2322 1128 dictum
2348 1100 2402 1129 est
2420 1092 2451 1139 *,
2479 1093 2489 1102 ⁸

1397 1139 1612 1188 propinqua
1631 1140 1788 1177 materia
1806 1141 2032 1178 liberalitatis
2052 1151 2138 1179 sunt
2156 1143 2350 1180 interiores
2369 1157 2452 1193 pas-

1370 1213 1372 1234 ἰ
1398 1193 1524 1229 siones
1553 1193 1764 1229 secundum
1802 1205 1897 1241 quas
1928 1195 2048 1231 homo
2077 1195 2237 1232 afficitur
2265 1197 2361 1233 circa
2388 1210 2452 1246 pe-

1400 1245 1562 1282 cuniam.
1593 1246 1642 1281 Et
1667 1245 1755 1282 ideo
1784 1247 1832 1283 ad
1860 1246 2119 1284 liberalitatem
2140 1249 2342 1297 praecipue
2370 1262 2453 1298 per-

1398 1298 1490 1335 tinet
1517 1305 1558 1334 ut
1584 1298 1704 1334 homo
1738 1306 1892 1347 propter
1924 1300 2175 1337 inordinatam
2213 1301 2454 1339 affectionem

1371 1356 1373 1388 }
1399 1351 1448 1387 ad
1475 1350 1677 1399 pecuniam
1705 1363 1782 1387 non
1809 1352 2054 1400 prohibeatur
2081 1366 2103 1390 a
2123 1366 2366 1403 quocumque
2391 1357 2454 1392 de-

1400 1404 1478 1440 bito
1506 1415 1578 1439 usu
1608 1403 1699 1439 eius.
1729 1405 1796 1440 Est
1820 1413 1946 1442 autem
1976 1407 2113 1454 duplex
2143 1419 2233 1443 usus
2252 1408 2452 1456 pecuniae:

1398 1468 1498 1492 unus
1531 1456 1580 1492 ad
1615 1456 1801 1504 seipsum,
1832 1458 1894 1505 qui
1923 1458 2072 1495 videtur
2104 1459 2151 1496 ad
2189 1468 2361 1508 sumptus
2391 1462 2454 1497 vel

1372 1547 1373 1550 ,
1401 1521 1585 1557 expensas
1613 1508 1820 1556 pertinere;
1850 1510 1942 1546 alius
1970 1519 2095 1548 autem
2125 1524 2201 1560 quo
2231 1513 2314 1561 quis
2341 1514 2456 1550 utitur

285 1563 484 1612 pecuniae.
521 1563 690 1600 Pecunia
717 1570 846 1599 autem
875 1562 974 1599 cadit
1000 1562 1071 1599 sub
1105 1562 1251 1598 ratione
1278 1562 1346 1604 bo·
1372 1564 1374 1573 '

1401 1562 1450 1598 ad
1478 1561 1592 1607 alios,
1622 1562 1725 1610 quod
1746 1567 1764 1588 η
1791 1563 1951 1610 pertinet
1988 1564 2035 1601 ad
2065 1564 2246 1601 dationes.
2285 1567 2334 1602 Et
2368 1566 2454 1603 ideo

1401 1614 1450 1651 ad
1477 1614 1669 1650 liberalem
1689 1611 1702 1635 ⁰
1731 1615 1890 1662 pertinet
1917 1623 1959 1652 ut
1986 1628 2109 1665 neque
2138 1625 2292 1666 propter
2318 1618 2455 1655 immo-

1402 1667 1574 1704 deratum
1604 1679 1777 1704 amorem
1806 1669 1989 1716 pecuniae
2020 1669 2152 1718 aliquis
2181 1670 2407 1719 impediatur
2434 1684 2456 1708 a

1401 1719 1715 1756 convenientibus
1745 1720 1929 1769 expensis,
1950 1733 2073 1770 neque
2102 1734 2124 1758 a
2144 1723 2455 1760 convenientibus

1402 1772 1628 1810 dationibus.
1659 1773 1768 1810 Unde
1798 1773 1897 1810 circa
1923 1774 2093 1811 dationes
2114 1782 2149 1811 et
2168 1784 2340 1824 sumptus
2367 1777 2457 1813 libe-

1373 1847 1375 1856 ,
1402 1825 1527 1862 ralitas
1556 1825 1740 1872 consistit,
1770 1826 1981 1864 secundum
2015 1827 2307 1876 Philosophum,
2337 1829 2374 1865 in
2407 1830 2458 1866 lV

1639 1878 1812 1915 Verbum
1832 1887 1958 1916 autern
1989 1881 2157 1917 Senecae
2176 1881 2456 1929 intelligendum
2486 1884 2494 1893 “

1404 1939 1459 1968 est
1487 1932 1534 1968 de
1562 1931 1779 1968 liberalitate
1812 1932 2021 1969 secundum
2057 1933 2160 1982 quod
2194 1946 2233 1971 se
2266 1935 2380 1971 habet
2408 1935 2456 1972 ad

1404 1984 1586 2021 dationes.
1625 1984 1715 2020 Non
1749 1984 1849 2022 enim
1885 1985 2018 2022 dicitur
2051 1986 2183 2035 aliquis
2215 1987 2376 2024 liberalis
2414 2000 2458 2024 ex

1402 2038 1477 2074 hoc
1505 2037 1611 2085 quod
1639 2037 1709 2073 sibi
1737 2037 1904 2086 aliquid‘
1934 2038 2060 2075 donat.

29 2801 259 2854 ’φ”φωησ
320 2796 476 2879 ζῐῖή
503 2819 608 2866 quod
636 2818 685 2855 ad
713 2818 905 2855 liberalem
934 2830 1012 2854 non
1042 2817 1207 2853 maxime
1235 2817 1346 2865 perti·
1373 2841 1375 2857 ι

328 2908 332 2919 ‚
367 2888 436 2939 :¹⁷3
444 2870 590 2913 ‘r'neat
609 2871 710 2908 dare.
741 2870 963 2907 Liberalitas
988 2870 1088 2907 enim
1109 2882 1130 2906 a
1148 2870 1348 2917 prudentia
1373 2896 1374 2899 η

301 2937 308 2947 ¹
348 2901 691 2972 ffldirigitur:
721 2923 816 2960 sicut
843 2930 879 2959 et
907 2922 1097 2971 quaelibet
1124 2922 1193 2959 alia
1223 2934 1348 2959 mora-

288 2978 332 3016 lis
345 2977 477 3014 virtus.
495 2977 572 3015 Sed
587 2976 752 3024 maxime
771 2976 922 3013 videtur
941 2975 989 3012 ad
1004 2975 1244 3024 prudentiam
1264 2987 1347 3023 per·
1373 2983 1375 2997 ³

31 3037 72 3082 :fs
288 3031 406 3069 tinere
422 3029 570 3067 divitias
590 3041 836 3067 conservare:
855 3029 958 3066 unde
974 3036 1009 3065 et
1023 3028 1278 3076 Philosophus
1294 3027 1347 3065 di-

28 3095 29 3098 ’
51 3085 135 3136 893,
137 3090 262 3166 ¹3:¹22·ssss
291 3080 348 3130 cit,
370 3083 407 3120 in
426 3083 479 3120 IV
497 3084 617 3121 Ethic.
637 3083 669 3129 ²¹²,
690 3082 794 3130 quod
815 3082 868 3118 illi
885 3082 950 3130 qui
966 3093 1040 3118 non
1063 3081 1374 3129 “acquisierunt

282 3136 507 3186 pecuniam,
535 3137 601 3173 sed
634 3140 875 3183 susceperunt
911 3135 959 3171 ab
995 3134 1078 3171 aliis
1106 3134 1346 3182 acquisitam,
1373 3137 1375 3167 ἕ

289 3189 479 3227 liberalius
506 3201 591 3226 eam
619 3189 850 3237 expendunt,
871 3188 960 3236 quia
978 3192 1065 3224 sunt
1090 3187 1275 3234 inexperti
1291 3186 1345 3222 in-

288 3241 486 3292 digentiae.
517 3243 619 3290 Ergo
646 3241 797 3278 videtur
823 3241 929 3288 quod
958 3240 1047 3277 dare
1076 3251 1155 3276 non
1182 3239 1347 3276 maxime

151 3301 166 3335 β
289 3295 474 3345 pertineat
502 3295 550 3332 ad
579 3294 840 3331 liberalitatem
861 3291 887 3330 β.

345 3361 380 3386 2.
411 3350 651 3394 PRAETEREA,
682 3347 728 3384 de
765 3347 840 3383 hoc
873 3345 977 3395 quod
1014 3345 1148 3393 aliquis
1183 3344 1347 3382 maxime

344 3480 372 3512 α)
392 3480 431 3505 illi
449 3480 495 3513 qui
513 3487 575 3505 non.
593 3492 611 3498 -
629 3478 669 3503 illi
686 3478 732 3510 qui
750 3477 841 3510 BEpC,
861 3484 911 3502 non
933 3477 971 3502 illi
988 3477 1034 3509 qui
1052 3478 1082 3501 Α.

345 3513 370 3548 β)
390 3515 585 3541 liberalitatem.
603 3529 620 3533 -
639 3514 772 3538 liberalem
792 3513 820 3537 Ρ.

148 1981 163 2008 ⁸
288 1986 459 2024 cundum
489 1986 603 2023 aliam
632 1986 830 2032 rationem,
852 1985 991 2022 scilicet
1018 1985 1230 2022 secundum
1250 1982 1263 2006 ὅ
1292 1997 1348 2021 ra-
1374 2031 1376 2039 x

286 2038 430 2076 tionem
460 2039 586 2086 debiti,
615 2047 729 2087 prout
757 2038 895 2076 scilicet
923 2051 982 2075 res
1002 2038 1163 2075 exterior
1191 2038 1350 2075 debetur
1374 2049 1376 2057 ¹

340 2169 366 2203 β)
386 2170 501 2195 videtur.
518 2183 536 2187 —
555 2169 680 2194 videntur
698 2169 817 2195 PGKLa.

339 2205 366 2238 γ)
385 2205 528 2237 optima-
544 2204 644 2236 optimo
663 2201 837 2235 BCDEFLpK
856 2209 881 2229 et
893 2211 918 2229 a.

339 2239 780 2271 3)a11·am...secundum.-.0m
799 2239 846 2264 Pa.

339 2277 362 2308 ι)
380 2276 472 2301 etiam.
487 2278 613 2300 —autem
633 2275 752 2300 PDGKa.

339 2310 365 2343 ζ)
384 2318 518 2336 exserere.
535 2324 554 2329 -
572 2317 699 2335 exercere
718 2310 824 2334 PCDEa
843 2315 868 2334 et
886 2315 915 2334 ut
933 2309 1033 2333 videtur
1052 2310 1081 2339 L,
1100 2309 1219 2341 accipere
1242 2309 1274 2337 H,
1299 2315 1348 2333 ex-

285 2350 375 2372 traere
393 2347 425 2371 A.

1242 2686 1276 2710 IV
1295 2686 1390 2715 Ethic„

49 2774 261 2799 ‘vid-commm-
378 2786 383 2797 ι
410 2789 478 2830 ππ(
502 2778 525 2802 n
563 2777 735 2808 QUARTUM
772 2777 825 2802 sm
863 2776 1091 2802 PRocflnrrUR
1117 2764 1148 2801 *.
1190 2764 1348 2801 Videtur

1452 2169 1479 2199 η)
1499 2168 1579 2200 quod.
1595 2181 1614 2186 -
1632 2168 1678 2200 qui
1695 2168 1724 2193 P.

1453 2202 1477 2235 Θ)
1497 2203 1641 2228 liberalem.
1658 2217 1677 2222 —
1695 2203 1880 2228 liberalitatem
1902 2204 2024 2229 PACDG.

1401 2238 1605 2305 tumqessgqgid’
1622 2252 1641 2257 -
1658 2239 1755 2271 aliquis
1773 2239 1848 2268 PEG,
1868 2239 1937 2264 alius
1956 2240 1990 2270 L;
2014 2240 2117 2272 aliquid
2141 2241 2236 2271 (donat
2261 2245 2290 2266 ut
2312 2249 2395 2274 supra
2419 2244 2459 2268 di-

1064 2513 1382 2555 ARTICULUS
1412 2513 1686 2563 QUARTUS

818 2607 972 2638 UTRUM
996 2608 1054 2661 ᾼι)
1078 2607 1324 2638 LIBERALEM
1346 2607 1518 2638 MAXIME
1542 2607 1790 2638 PERTINEAT
1813 2608 1929 2638 DARE

1411 2686 1469 2710 lect.
1488 2693 1505 2710 1.

1400 2764 1568 2811 intendit,
1590 2765 1714 2801 nullus
1734 2764 1908 2811 tristatur,
1931 2774 2055 2814 ne‘que
2075 2767 2123 2803 ab
2144 2779 2189 2803 eo
2219 2775 2350 2804 cessat.
2382 2769 2459 2806 Sed

1400 2817 1563 2854 liberalis
1592 2817 1823 2866 quandoque
1859 2818 2024 2855 tristatur
2051 2819 2098 2855 de
2126 2819 2183 2856 his
2211 2832 2309 2868 quae
2339 2820 2456 2867 dedit,

1400 2882 1525 2917 neque
1546 2869 1659 2906 etiarn
1679 2870 1742 2906 dat
1762 2871 1953 2917 omnibus,
1974 2879 2014 2907 ut
2033 2871 2167 2909 dicitur
2186 2871 2224 2908 in
2242 2873 2292 2910 IV
2304 2874 2424 2911 Ethic.
2439 2874 2459 2895 ²⁸
2485 2904 2497 2919 2

1372 2924 1502 2970 Ergo
1523 2922 1571 2958 ad
1590 2922 1784 2959 liberalem
1815 2935 1893 2960 non
1921 2924 2085 2961 maxime
2113 2925 2274 2974 pertinet
2302 2926 2403 2963 dare.

1456 2976 1490 3012 3.
1511 2976 1751 3022 ΡΒΑΕΤΕΒΕΑ,
1781 2977 1829 3012 ad
1858 2976 1947 3014 illud
1975 2977 2213 3026 implendum
2243 2979 2347 3026 quod
2376 2979 2459 3027 quis

1373 3049 1374 3064 η
1401 3028 1565 3064 maxime
1594 3028 1763 3074 intendit,
1784 3029 1902 3065 homo
1931 3029 2045 3066 utitur
2061 3030 2133 3067 viis
2163 3031 2300 3079 quibus
2321 3040 2456 3080 potest.

1403 3081 1479 3117 Sed
1514 3080 1675 3117 liberalis
1710 3093 1789 3119 non.
1819 3087 1873 3118 est
1900 3083 2093 3129 petitivus,
2127 3091 2168 3120 ut
2203 3084 2458 3132 Philosophus

1402 3133 1500 3178 dicit,
1533 3133 1569 3169 in
1599 3134 1650 3170 IV
1676 3134 1796 3170 Ethic.
1816 3133 1854 3170 *z
1884 3147 1972 3171 cum
1991 3140 2007 3163 Υ
2034 3148 2103 3184 per
2129 3137 2204 3173 hoc
2231 3145 2360 3184 posset
2388 3137 2459 3174 sibi
2486 3143 2495 3151 ·

1373 3208 1375 3221 ¹·
1401 3198 1627 3234 praeparare
1647 3186 1861 3223 facultatem
1882 3187 1961 3224 aliis
1982 3188 2160 3225 donandi.
2189 3190 2290 3236 Ergo
2309 3190 2460 3227 videtur

1401 3238 1506 3287 quod
1533 3239 1699 3275 maxime
1728 3251 1806 3276 non
1835 3240 2004 3277 intendat
2032 3241 2079 3278 ad
2109 3242 2291 3279 dandum.

1454 3302 1491 3338 4.
1521 3292 1754 3339 PRAETEREA,
1788 3293 1908 3340 magis
1935 3294 2055 3330 homo
2094 3294 2280 3342 obligatur
2307 3295 2356 3331 ad
2384 3295 2458 3331 hoc

1374 3329 1375 3350 ἢ
1402 3344 1507 3393 quod
1535 3345 1735 3392 provideat
1762 3345 1832 3381 sibi
1853 3357 1968 3392 quam
1990 3346 2080 3383 aliis.
2111 3347 2187 3384 Sed
2208 3347 2458 3396 expendendo

1453 3475 1479 3509 γ)
1499 3482 1567 3500 cum.
1585 3489 1604 3495 -
1622 3478 1709 3500 tamen
1728 3475 1868 3508 ABCFpK.

2627 563 2686 583 iiiii

2486 2930 2564 2951 1111111
