2860 4244
187 775 244 796 ·Cf.

186 802 270 823 Intro.d

195 2280 204 2289 .

218 2278 251 2299 ἓ

254 2285 263 2299 ..

246 3068 270 3083 er
285 3079 290 3084 .
304 3063 335 3084 16.

245 2810 290 2826 ers.
303 2809 335 2832 25.

249 3230 291 3245 ers·
306 3229 340 3246 22.

266 781 304 802 qu.
318 774 379 801 :xciii

420 253 495 298 304

1097 242 1362 290 QUAESTIO
1391 240 1529 286 XCIV,
1559 239 1857 276 ARTICULUS
1889 240 1901 274 I

851 431 1260 511 QUAESTIO
1298 425 2168 504 NONAGESIMAQUARTA

1237 550 1321 590 DE
1353 545 1776 589 IDOLOLATRIA

1199 666 1232 691 IN
1262 664 1434 696 QUATUOR
1461 661 1664 687 ARTICULOS
1693 661 1810 686 DIVISA

387 787 394 800 ‚
424 776 609 858 DmNDE
639 761 958 799 considerandum
989 767 1042 796 est
1071 758 1118 796 de
1147 757 1358 796 idololatria
1375 756 1406 794 ²¹⁶.

505 819 551 854 Ft
581 828 677 853 eirca
705 817 779 852 hoc
808 820 1040 863 quaeruntur
1068 819 1241 860 quatuor.

475 871 620 907 Primo:
650 876 776 905 utrum
806 865 1015 904 idololatria
1049 864 1093 902 sit
1121 863 1266 913 species
1304 862 1479 911 supersti-

528 922 650 959 tionis.

476 975 673 1012 Secundo:
703 981 830 1010 utrum
861 973 906 1009 sit
934 978 1145 1020 peccatum.

1587 753 1738 790 Tertio:
1767 760 1894 789 utrum
1924 752 1969 789 sit
1996 752 2262 800 gravissimum
2291 760 2547 802 peccatorum.

1588 807 1756 852 Quarto:
1787 805 1833 842 de
1864 817 1977 841 causa
2005 805 2116 842 huius
2145 805 2301 854 peccati.

1586 860 1722 896 Utrum
1752 866 1879 895 autem
1900 861 1917 878 α
1947 870 2035 894 cum
2065 857 2272 895 idololatris
2300 858 2346 895 sit
2379 857 2596 895 communi-

1534 912 1711 958 candum,
1743 911 1886 948 dictum
1916 917 1972 947 est
2000 923 2114 959 supra
2133 909 2164 958 ³¹⁸,
2187 923 2274 947 curn
2300 910 2347 948 de
2376 910 2595 948 infidelitate

1505 1006 1507 1016 4
1534 973 1718 1013 ageretur.

1236 1084 1552 1128 ARTICULUS
1585 1083 1790 1125 PRIMUS

793 1191 947 1223 UTRUM
971 1188 1269 1221 IDOLOLATRIA
1292 1186 1436 1218 RECTE
1460 1185 1668 1216 PONATUR
1692 1184 1860 1215 SPECIES
1885 1183 2234 1215 SUPERSTITIONIS

958 1285 988 1309 111
1010 1285 1092 1313 Sene„
1113 1284 1172 1307 dist.
1191 1290 1224 1311 ix,
1245 1289 1288 1314 qu.
1308 1289 1325 1311 ι,
1345 1285 1391 1305 art.
1416 1288 1436 1311 1,
1457 1280 1506 1313 qu*
1528 1279 1551 1310 3,
1570 1280 1602 1304 ad
1623 1278 1652 1310 33
1673 1280 1704 1304 111
1727 1280 1802 1304 Cont.
1824 1280 1911 1309 Gent„
1932 1269 1991 1312 cap.¹
2007 1286 2063 1305 cxx.

465 1408 477 1420 s
515 1394 521 1406 ι
547 1403 586 1422 ,Ψ
637 1387 660 1411 D
688 1385 824 1411 paruum
854 1384 907 1409 stc
935 1382 1176 1408 PROCEDITUR.
1197 1369 1357 1407 Videtur
1380 1368 1485 1427 quod

554 1419 618 1474 ”7⁷³5
639 1426 847 1464 idololatria
884 1437 962 1461 non
1004 1431 1104 1460 recte
1129 1431 1304 1482 'ponatur
1342 1421 1487 1470 species

444 1484 448 1491 '
490 1520 493 1527 ,
599 1478 923 1537 fsuperstitionis.
956 1477 1059 1514 Sicut
1079 1476 1180 1513 enim
1203 1475 1381 1513 haeretici
1401 1481 1487 1511 sunt

485 1549 496 1562 κ
518 1527 574 1564 ’ἶν’
597 1525 822 1578 &infideles
844 1531 893 1567 ita
922 1539 958 1568 et
985 1530 1216 1567 idololatrae.
1261 1528 1337 1565 Sed
1357 1528 1488 1564 haere-

323 1599 343 1615 ω
382 1598 401 1614 ¹·
426 1586 475 1623 sis
509 1592 565 1622 est
599 1585 743 1633 species
778 1583 1022 1630 infidelitatis,
1051 1590 1092 1619 ut
1127 1594 1243 1631 supra
1267 1581 1287 1603 ’³‘
1315 1581 1486 1618 habitum

427 1646 492 1676 est.
523 1639 625 1685 Ergo
647 1646 682 1674 et
700 1637 929 1675 idololatria:
956 1649 1034 1673 non
1054 1643 1182 1673 autem
1203 1634 1485 1684 superstitionis.

482 1703 516 1728 2.
533 1692 768 1737 ΡΒΑΕΤΕΒΕΑ,
791 1690 896 1727 latria
923 1689 1085 1739 pertinet
1113 1689 1161 1726 ad
1195 1688 1372 1725 virtutem
1402 1687 1483 1723 reli-

426 1744 558 1793 gionis,
581 1744 639 1780 cui
665 1744 870 1803 opponitur
898 1742 1122 1791 superstitio.
1154 1741 1231 1779 Sed
1260 1741 1373 1778 idolo·
1376 1739 1487 1777 latria

427 1798 577 1834 videtur
613 1799 779 1834 univoce
818 1796 889 1833 dici
924 1796 1029 1833 latria
1063 1807 1151 1831 cum
1190 1806 1234 1831 ea
1263 1793 1277 1823 β
1306 1805 1403 1842 quae
1439 1794 1486 1830 ad

427 1862 559 1887 veram
589 1849 809 1898 religionem
837 1849 1016 1898 pertinet:
1047 1848 1141 1885 sicut
1165 1848 1268 1884 enim
1298 1846 1486 1896 appetitus

428 1904 544 1940 falsae
573 1902 812 1940 beatitudinis
840 1902 1005 1939 univoce
1039 1901 1173 1938 dicitur
1202 1912 1290 1937 cum
1321 1900 1487 1949 appetitu

427 1968 542 1993 verae
572 1955 829 2002 beatitudinis,
860 1955 910 1992 ita
939 1955 1059 1991 cultus
1095 1955 1276 1990 falsorum
1306 1953 1484 1999 deorum,

429 2009 493 2057 qui
523 2008 657 2045 dicitur
683 2008 907 2055 idololatria,
928 2007 1092 2045 univoce
1117 2007 1269 2044 videtur
1297 2006 1369 2043 dici
1399 2018 1486 2042 curn

430 2063 531 2098 cultu
563 2061 644 2098 veri
681 2061 774 2109 Dei,
809 2061 874 2109 qui
903 2069 959 2098 est
995 2060 1101 2097 latria
1135 2072 1249 2096 verae
1285 2059 1486 2107 religionis.

430 2116 530 2162 Ergo
560 2114 772 2151 idololatria
792 2127 869 2151 non
890 2122 945 2151 est
965 2113 1110 2162 species
1139 2112 1423 2162 superstitionis.

486 2169 519 2204 3.
550 2168 790 2215 PRAETEREA,
825 2167 862 2204 id
901 2167 1005 2216 quod
1034 2166 1124 2203 nihil
1161 2173 1216 2203 est
1250 2177 1327 2202 non
1364 2172 1488 2214 potest

432 2232 513 2257 esse
533 2220 688 2257 alicuius
708 2221 855 2269 generis
883 2220 1040 2269 species.
1072 2220 1147 2256 Sed
1167 2218 1377 2256 idololatria
1400 2218 1488 2255 nihil

432 2285 514 2310 esse
528 2274 690 2311 videtur.
712 2274 811 2311 Dicit
827 2273 928 2310 enirn
943 2274 1163 2322 Apostolus,
1181 2274 1194 2308 I
1215 2272 1266 2309 ad
1279 2272 1365 2308 Cor.
1377 2271 1487 2308 V111*:

433 2326 578 2363 Scimus
593 2327 680 2374 quia
696 2327 788 2364 nihil
801 2332 854 2363 est
867 2326 1006 2363 idolum
1023 2327 1059 2363 in
1075 2327 1236 2363 mundo:
1257 2333 1293 2361 et
1307 2324 1487 2371 infra,x*:

436 2379 535 2421 Quid
561 2380 686 2428 ergo?
714 2380 808 2416 Dico
837 2380 937 2427 quod
964 2379 1070 2415 idolis
1094 2379 1327 2415 immolatum
1355 2378 1403 2414 sit
1423 2378 1490 2414 ali-

433 2432 550 2480 quid?
585 2438 652 2468 aut
678 2434 778 2480 quod
805 2433 943 2468 idolum
971 2433 1018 2468 sit
1044 2431 1215 2479 aliquid?
1243 2431 1350 2478 quasi
1379 2430 1488 2477 dicat,

432 2485 536 2522 Non.
567 2486 770 2522 Immolare
800 2493 927 2522 autern
947 2485 1055 2521 idolis
1081 2484 1232 2532 proprie
1257 2483 1304 2520 ad
1334 2483 1490 2520 idolola-

433 2537 542 2574 triam
571 2538 744 2586 pertinet.
775 2539 876 2586 Ergo
907 2537 1134 2582 idololatria,
1163 2537 1270 2584 quasi
1298 2536 1388 2572 nihil
1418 2536 1491 2572 exi-

435 2598 548 2636 stens7
569 2603 647 2627 non
675 2599 799 2639 potest
828 2603 910 2627 esse
940 2589 1213 2638 superstitionis
1232 2594 1247 2616 Υ
1276 2589 1432 2637 species.

486 2655 523 2689 4.
545 2644 778 2690 ΡΒΑΕΤΕΒΕΑ,
801 2644 848 2680 ad
869 2643 1172 2692 superstitionem
1202 2642 1362 2690 pertinet
1390 2642 1491 2678 exhi-

434 2697 523 2732 bere
553 2698 693 2733 cultum
723 2697 893 2734 divinum
924 2697 983 2733 cui
1004 2709 1082 2732 non
1111 2696 1279 2732 debetur.
1311 2694 1387 2731 Sed
1417 2695 1491 2731 cul-

434 2757 493 2785 tus
514 2749 676 2796 divinus,
698 2750 793 2786 sicut
813 2762 890 2786 non
910 2750 1069 2787 debetur
1094 2748 1214 2794 idolis,
1235 2748 1285 2784 ita
1314 2760 1384 2784 nec
1413 2747 1491 2784 aliis

435 2802 631 2839 creaturis:
662 2804 763 2840 unde
782 2804 894 2840 Rom.
916 2815 925 2839 1
945 2802 965 2824 ²¹⁵
984 2802 1139 2851 quidam
1158 2801 1421 2849 vituperantur
1444 2801 1490 2838 de

434 2855 507 2891 hoc
535 2856 641 2904 quod
669 2855 864 2893 coluerunt
895 2862 931 2892 et
955 2855 1165 2892 servierunt
1193 2855 1319 2902 potius
1346 2860 1491 2891 creatu—

435 2908 486 2944 ris
514 2920 628 2956 quam
662 2909 843 2946 Creatori.
878 2909 979 2956 Ergo
1019 2907 1331 2944 inconvenienter
1363 2907 1491 2944 huius—

435 2961 541 2998 modi
579 2961 852 3009 superstitionis
887 2961 1031 3010 species
1060 2960 1286 2997 idolo-latria
1318 2960 1491 2998 nomina-

435 3020 505 3059 tur,
527 3014 593 3050 sed
614 3014 767 3050 deberet
787 3014 911 3062 potius
932 3013 1121 3051 nominari
1148 3013 1258 3050 latria
1282 3019 1489 3051 creaturae.

491 3066 565 3102 SED
594 3078 739 3102 CONTRA
762 3079 827 3103 Es’r
856 3067 959 3115 quod
984 3067 1066 3103 Act.
1086 3078 1159 3103 xvn
1177 3066 1197 3088 ‘¹‘
1226 3066 1360 3103 dicitur
1387 3067 1490 3115 quod

436 3118 576 3154 Paulus
603 3130 688 3155 cum
717 3119 870 3155 Athenis
904 3125 1134 3166 expectaret,
1165 3120 1389 3156 incitabatur
1419 3121 1492 3168 spi-

437 3171 528 3207 ritus
556 3171 633 3208 eius
661 3172 698 3208 in
728 3172 818 3219 ipso,
839 3172 965 3208 videns
993 3171 1225 3208 idololatriae
1251 3172 1412 3208 deditam
1441 3173 1490 3209 ci-

437 3224 609 3260 vitatem.-
638 3233 675 3260 et
702 3232 834 3273 postea
863 3224 952 3261 dixit
969 3223 1008 3260 *ε
1040 3224 1120 3260 Viri
1145 3225 1403 3270 Athenienses,
1418 3237 1491 3274 per

491 3374 517 3404 α)
537 3376 664 3397 autem.-
683 3373 743 3397 Om.
762 3373 836 3397 ΑΒΕ.

492 3406 516 3440 β)
536 3408 617 3432 latria
635 3415 694 3432 cum
713 3415 754 3432 ea.
766 3422 785 3427 -
803 3408 836 3433 de
855 3408 936 3432 latria
955 3414 1014 3432 cum
1033 3414 1064 3432 ea
1083 3407 1114 3437 D,
1133 3414 1192 3432 cum
1212 3414 1243 3432 ea
1262 3408 1343 3432 latria
1363 3408 1409 3433 Pa.

491 3444 517 3475 γ)
536 3443 770 3474 superstitionis.-
789 3443 924 3475 religionis
944 3443 1115 3474 BCEFKLpI.

491 3477 515 3508 ὃ)
537 3478 632 3502 iudico.
644 3491 663 3497 —
682 3478 757 3502 video
777 3479 805 3503 Ρ.

491 3513 512 3543 ε)
534 3513 658 3537 increato.
671 3526 689 3532 -·
707 3513 804 3538 scilicet
824 3513 942 3538 increato
960 3514 1005 3537 Pa.

492 3547 516 3579 ζ)
535 3548 666 3572 creaturis
680 3548 851 3573 sensibilibus.
863 3562 880 3566 —
898 3551 1038 3573 creaturae
1052 3555 1068 3572 α
1081 3547 1244 3573 sensibilibus
1257 3548 1416 3572 ACEIKLsB
1432 3554 1456 3573 et
1469 3556 1493 3578 a,

1541 1367 1669 1404 omnia
1688 1367 1797 1415 quasi
1817 1367 2087 1415 superstitiosos
2106 1379 2172 1404 vos
2191 1368 2313 1405 iudico
2332 1366 2356 1405 ⁶.
2388 1369 2490 1416 Ergo
2518 1369 2600 1406 ido-

1540 1420 1685 1458 lolatria
1713 1420 1762 1457 ad
1790 1419 2097 1468 superstitionem
2125 1421 2299 1468 pertinet.

1593 1475 1819 1511 RESPONDEO
1839 1485 2024 1511 mcsNDUM
2043 1474 2160 1522 quod,
2177 1474 2273 1510 sicut
2292 1485 2405 1522 supra
2419 1473 2440 1495 ⁷⁸
2460 1474 2602 1512 dictum

1542 1535 1609 1574 est,
1630 1527 1679 1563 ad
1698 1526 2004 1575 superstitionem
2028 1526 2190 1576 pertinet
2218 1527 2402 1564 excedere
2430 1527 2602 1565 debitum

1541 1581 1702 1617 modum
1732 1579 1848 1617 divini
1885 1581 2018 1616 cultus.
2049 1580 2167 1627 Quod
2203 1580 2360 1628 quidem
2397 1580 2604 1630 praecipue

1541 1634 1584 1670 fit
1612 1633 1767 1682 quando
1797 1633 1947 1670 divinus
1977 1634 2097 1670 cultus
2117 1633 2315 1671 exhibetur
2343 1632 2403 1670 cui
2431 1645 2510 1670 non
2538 1634 2603 1671 de-

1542 1687 1605 1723 bet
1634 1686 1813 1723 exhiberi.
1843 1687 1968 1722 Debet
1996 1693 2125 1723 autern
2155 1686 2322 1731 exhiberi
2351 1686 2421 1723 soli
2449 1696 2601 1724 summo

1541 1741 1626 1776 Deo
1655 1740 1821 1777 increato
1842 1744 1875 1775 ³:
1905 1746 1946 1776 ut
1973 1751 2088 1788 supra
2106 1737 2126 1760 ³¹²
2154 1739 2326 1776 habiturn
2357 1747 2423 1786 est,
2445 1752 2533 1778 cum
2554 1741 2602 1778 de

1542 1793 1722 1840 religione
1742 1799 1926 1840 ageretur.
1957 1792 2005 1828 Et
2028 1792 2128 1839 ideo,
2151 1792 2380 1840 cuicumque
2409 1800 2603 1830 creaturae

1542 1846 1694 1883 divinus
1724 1846 1844 1882 cultus
1873 1844 2107 1891 exhibeatur,
2133 1845 2438 1893 superstitiosum
2468 1853 2535 1883 est.

1596 1898 1828 1935 Huiusmodi
1849 1906 1977 1935 autem
2004 1899 2124 1934 cultus
2153 1897 2316 1945 divinus,
2337 1898 2431 1935 sicut
2459 1905 2603 1946 creatu.-

1543 1952 1592 1988 ris
1620 1950 1888 1989 sensibilibus‘
1913 1951 2161 1988 exhibebatur
2179 1962 2248 2000 per
2267 1951 2394 1999 aliqua
2413 1950 2605 1989 sensibilis

1542 2005 1663 2053 signa,
1697 2013 1787 2053 puta
1816 2004 2026 2051 sacrificia,
2055 2004 2166 2041 ludos
2196 2011 2232 2040 et
2258 2003 2333 2041 alia
2360 2003 2605 2051 huiusmodi3

1543 2058 1592 2095 ita
1630 2058 1744 2095 etiam
1782 2058 2031 2095 exhibebatur
2068 2064 2262 2094 creaturae
2300 2063 2604 2106 repraesentatae

1542 2124 1611 2160 per
1648 2111 1814 2160 aliquam
1853 2110 2070 2148 sensibilem
2108 2111 2271 2147 formam
2309 2122 2378 2148 seu
2414 2110 2603 2160 figuram,

1544 2177 1641 2214 quae
1670 2165 1810 2202 idolum
1839 2163 1983 2202 dicitur.
2017 2163 2288 2201 Diversimode
2324 2171 2455 2201 tamen
2484 2161 2605 2201 cultus

1545 2218 1695 2255 divinus
1733 2217 1842 2254 idolis
1881 2217 2139 2254 exhibebatur.
2183 2216 2352 2264 Quidam
2394 2216 2498 2254 enim
2535 2228 2606 2267 per

1544 2271 1739 2320 quandam
1759 2270 1943 2307 nefariam
1964 2277 2085 2307 artem
2103 2269 2287 2318 imagines
2305 2270 2495 2319 quasdam
2515 2273 2610 2308 con*

1545 2325 1740 2362 struebant
1767 2335 1866 2372 quae
1884 2323 2022 2361 virtute
2052 2323 2286 2360 daemonum
2307 2323 2455 2372 aliquos
2483 2328 2606 2361 certos

1546 2377 1702 2414 effectus
1729 2378 1941 2414 habebant:
1970 2376 2074 2413 unde
2110 2377 2296 2425 putabant
2322 2376 2360 2412 in
2389 2376 2479 2424 ipsis
2510 2376 2606 2414 ima-

1545 2430 1693 2478 ginibus
1714 2442 1794 2466 esse
1824 2429 1963 2478 aliquid
1984 2429 2204 2475 divinitatis;
2235 2436 2271 2465 et
2298 2429 2404 2478 quod
2423 2441 2493 2478 per
2515 2441 2605 2466 con-

1546 2495 1709 2531 sequens
1728 2488 1746 2510 η
1776 2482 1926 2520 divinus
1956 2483 2076 2519 cultus
2106 2482 2159 2518 eis
2190 2482 2402 2519 deberetur.
2433 2482 2482 2518 Et
2509 2482 2605 2519 haec

1546 2536 1613 2581 suit
1641 2535 1770 2584 opinio
1792 2534 1982 2572 Hermetis
2002 2534 2218 2582 Trimegisti
2236 2534 2277 2582 *3
2306 2542 2347 2571 ut
2372 2534 2606 2582 Augustinus
2633 2539 2644 2550 ⁸

1546 2588 1644 2634 dicit,
1665 2589 1703 2625 in
1730 2589 1816 2624 VIII
1846 2589 1891 2625 de
1923 2589 2002 2625 Civ.
2023 2588 2098 2625 Dei
2113 2587 2144 2624 ³⁸.
2174 2588 2247 2624 Alii
2275 2600 2369 2625 vero
2399 2600 2478 2624 non
2506 2588 2607 2625 exhi-
2633 2593 2645 2605 ⁸

1546 2642 1687 2678 bebant
1722 2642 1864 2678 cultum
1900 2641 2101 2678 divinitatis
2141 2641 2230 2688 ipsis
2262 2640 2509 2688 imaginibus,
2538 2641 2606 2679 sed

1547 2694 1726 2732 creaturis
1754 2706 1930 2742 quarumf
1951 2701 2057 2730 erant
2091 2693 2287 2741 imagines.
2326 2694 2375 2730 Et
2402 2701 2606 2744 utrumque

1546 2749 1683 2784 horum
1712 2747 1828 2795 tangit
1855 2747 2075 2796 Apostolus,
2097 2747 2148 2783 ad
2164 2748 2276 2784 Rom.
2299 2758 2320 2783 1.
2352 2747 2454 2783 Nam
2484 2759 2606 2796 quan-

1546 2809 1627 2837 tum
1652 2801 1699 2837 ad
1719 2801 1900 2849 primum,
1922 2799 2010 2837 dicit
2028 2799 2066 2836 *z
2094 2800 2345 2837 Mutaverunt
2361 2800 2528 2850 gloriam
2549 2800 2604 2838 in—

1545 2853 1794 2902 corruptibilis
1824 2853 1897 2890 Dei
1932 2853 1968 2889 in
1996 2852 2273 2890 similitudinem
2311 2852 2489 2902 imaginis
2524 2864 2606 2890 cor-

1545 2907 1726 2956 ruptibilis
1752 2906 1933 2951 hominis,
1962 2911 1998 2942 et
2023 2905 2220 2943 volucrum
2250 2911 2286 2942 et
2319 2906 2606 2955 quadrupedum

1545 2966 1581 2997 et
1613 2965 1837 3008 serpentum.
1883 2960 2079 3006 Quantum
2123 2966 2251 2996 autem
2287 2958 2336 2996 ad
2373 2958 2623 3007 secundum,-

1545 3013 1671 3051 subdit
1688 3012 1728 3050 *z
1763 3012 1969 3049 Coluerunt
1990 3018 2026 3049 et
2042 3012 2252 3049 servierunt
2264 3012 2390 3060 potius
2409 3018 2608 3049 creaturae

1546 3079 1660 3116 quam
1693 3066 1875 3103 Creatori.

1599 3120 1750 3156 Horum
1769 3126 1899 3156 tamen
1918 3117 1985 3155 fuit
1999 3118 2132 3166 triplex
2156 3117 2298 3166 opinio.
2320 3117 2489 3165 Quidam
2505 3117 2606 3155 enim

2721 869 2739 887 α

2624 918 2635 929 ⁸
2649 917 2698 945 Qu.
2712 923 2741 943 x,
2755 920 2797 938 nrt.
2811 922 2835 944 9.

2629 1477 2642 1526 ³
2650 1477 2699 1506 Qu.
2707 1482 2764 1504 xm,
2774 1480 2817 1499 ιη.
2824 1482 2841 1503 1,

2630 1775 2843 1804 ’Qum-nnana.

2634 2807 2646 2820 ⁴
2659 2806 2727 2830 Van.
2742 2812 2776 2836 ²3-

2633 3020 2726 3044 ’ναι
2739 3026 2773 3049 25.

1546 3173 1795 3210 aestimabant
1814 3171 2002 3221 quosdam
2031 3171 2208 3208 homines
2234 3170 2328 3208 deos
2357 3170 2483 3218 fuisse,
2509 3181 2607 3219 quos
2634 3184 2636 3186 ·

1546 3238 1614 3274 per
1655 3237 1788 3262 eorum
1837 3224 2022 3272 imagines
2069 3224 2268 3261 colebant:
2315 3223 2409 3260 sicut
2454 3225 2606 3270 Iovem,

1547 3382 1565 3399 a
1576 3378 1703 3399 creatura
1716 3382 1734 3399 a
1745 3375 1910 3400 sensibilibus
1924 3375 1992 3407 FpB,
2007 3377 2148 3400 creaturae
2167 3374 2313 3400 insensibili
2325 3374 2354 3405 P,
2367 3377 2508 3400 creaturae
2527 3381 2608 3408 agen-

1549 3410 1617 3434 tibus
1627 3410 1658 3439 D.
1671 3413 1811 3435 creaturae
1825 3417 1842 3434 a
1855 3410 1978 3443 gentibus
1993 3410 2024 3441 G,
2039 3410 2137 3441 (cultus
2149 3410 2255 3435 divinus
2269 3417 2328 3435 cum
2341 3409 2517 3434 exhibebatur
2528 3409 2608 3442 sicut)

1547 3448 1688 3470 creaturae
1701 3452 1718 3469 a
1732 3445 1895 3470 sensibilibus
1908 3445 2095 3478 (exhibebatur
2107 3445 2166 3477 etc.)
2181 3445 2214 3470 H.
2223 3459 2242 3464 -
2260 3444 2311 3470 Pm
2325 3444 2409 3474 Iudex,
2429 3445 2522 3470 laudes
2540 3445 2608 3470 HIK.

1601 3480 1627 3539 2)
1638 3480 1717 3539 pquod
1732 3487 1783 3512 per
1795 3487 1961 3513 consequens.
1975 3493 1993 3499 -
2008 3487 2059 3512 per
2072 3487 2232 3512 consequens
2251 3479 2368 3509 CEHxa,
2382 3486 2435 3511 per
2447 3487 2609 3512 consequens

1549 3523 1599 3547 quo
1660 3533 1665 3540 .
