2860 4244
22 355 27 362 s
17 317 34 351 με,

18 482 21 490 ⁷
15 364 34 466 awa».-

10 595 34 662 ῑ
46 623 125 676 :283²
148 628 234 644 '‘⁸¹¹¹'‘

125 648 255 672 Commeat.

14 680 151 699 :flua-UX-

0 3548 116 3597 ,θῶ

938 239 1203 285 QUAESTIO
1233 241 1371 289 Lx1v,

285 324 367 355 nego
389 322 422 346 et
444 324 510 346 non
534 316 593 346 do:
627 316 702 356 quia
725 316 796 347 licet
818 316 940 357 possim
963 317 1036 347 dare
1060 324 1091 348 et
1118 318 1160 348 sic
1184 318 1349 358 prohibere

285 359 467 398 homicidia,
491 369 558 389 non
581 366 687 390 tamen
710 367 819 391 teneor
842 361 925 391 dare.

340 403 376 433 11.
399 403 450 433 Ad
464 403 607 444 proprias
622 410 728 434 autem
744 403 942 435 conditiones
959 404 1158 445 singulorum
1175 407 1347 437 modorum

283 447 519 484 descendendo,
543 449 674 488 quando
699 449 790 479 datur
813 458 910 489 opera
935 449 979 479 rei
1002 449 1121 484 licitae,
1147 450 1238 480 unica
1265 461 1348 490 opus

284 497 330 521 est
353 491 551 528 conditione,
577 498 612 522 ut
634 492 752 523 scilicet
775 493 956 533 diligentem
985 492 1132 523 adhibeat
1154 493 1348 544 diligentiam

284 544 323 565 ne
347 545 433 565 mors
456 541 614 577 sequatur,
638 536 678 566 ad
702 531 766 566 hot:
787 546 826 566 ne
849 537 906 567 sibi
929 536 1139 567 homicidium
1162 537 1345 588 imputetur.

283 579 330 609 Ex
358 579 547 619 negligentia
569 579 726 619 siquidem
753 580 943 620 imputatur.
975 581 1095 611 dictum
1123 588 1170 612 est
1199 582 1284 612 enim
1314 582 1346 612 in

251 639 256 650 2
282 623 479 662 praecedenti
503 623 599 653 Libro
616 622 634 642 *
657 623 744 663 quod
768 624 958 663 negligentia
982 624 1048 655 eius
1073 625 1110 655 ad
1135 626 1221 665 quod
1247 626 1346 656 homo

281 673 406 697 tenetur
428 677 465 696 ex
487 672 672 706 praecepto,
697 674 862 707 peccatum
885 669 1018 698 mortale
1042 676 1097 700 est.
1132 670 1346 700 Veruntamen

282 709 442 750 diligentia
465 710 639 740 secundum
662 718 808 741 naturam
825 712 1037 751 negotiorum,
1058 713 1210 753 temporis
1225 724 1259 744 ac
1279 723 1347 753 per-

281 763 433 784 sonarum
456 755 611 785 censenda
630 761 685 785 est.
710 755 746 784 In
769 755 960 795 quibusdam
982 766 1120 797 namque
1144 757 1277 796 negotiis
1301 757 1345 787 di—

279 797 379 838 ligens
395 803 442 828 est
464 797 520 838 qui
535 797 616 828 illud
634 805 670 829 ut
685 799 850 830 consuevit
866 799 943 837 fieri,
960 800 1046 831 facit:
1071 807 1107 831 ut
1123 807 1208 840 patet
1221 801 1254 830 in
1271 811 1345 831 casu

279 841 459 877 Decretalis,
483 841 634 880 Ioannes,
659 843 762 878 Extra,
785 843 825 873 de
844 843 1028 882 Homicid.;
1055 844 1111 884 qui
1138 844 1223 874 enim
1242 844 1347 884 pulsat

280 895 449 926 campanas
464 885 551 916 iuxta
566 886 708 923 solitum,
725 887 844 917 nullius
859 894 905 918 est
920 898 991 918 reus
1008 888 1215 928 negligentiae
1231 887 1257 917 si
1272 888 1346 918 inde

278 929 407 960 alterius
430 939 517 959 mors
541 930 693 971 sequitur.

334 974 369 1004 In
392 973 583 1015 quibusdam
607 981 715 1005 autem
738 975 857 1016 aliquid
880 975 1020 1015 periculi,
1045 985 1063 1004 a
1078 974 1208 1005 remotis
1227 982 1344 1011 tamen,

277 1027 438 1048 annexum
460 1017 666 1054 habentibus,
691 1018 823 1059 diligens
850 1025 897 1049 est
924 1019 979 1059 qui
1008 1028 1044 1048 ea
1073 1018 1117 1048 sic
1146 1018 1286 1058 disponit
1315 1026 1345 1050 et

277 1061 352 1092 facit
374 1069 410 1093 ut
433 1072 469 1092 ea
492 1062 723 1102 circumspiciat
745 1072 827 1103 quae
842 1062 1067 1092 rationabiliter
1082 1062 1271 1092 considerari
1291 1063 1344 1093 de-

277 1107 362 1142 bent,
379 1106 518 1146 pensatis
533 1106 768 1137 conditionibus
784 1116 1002 1146 personarum,
1019 1112 1077 1136 etc.
1098 1106 1242 1137 Fortuita
1258 1107 1343 1137 enim

277 1159 314 1181 ea
337 1160 419 1191 quae
441 1150 498 1180 viri
521 1150 691 1190 prudentes
715 1150 928 1180 communiter
951 1159 1018 1180 non
1042 1149 1196 1189 cogitant,
1221 1150 1246 1180 si
1270 1161 1342 1181 eve-

277 1193 381 1230 niant,
406 1203 472 1224 non
496 1200 571 1224 sunt
593 1193 685 1223 nobis
708 1193 910 1234 imputanda:
942 1193 1017 1234 quia
1042 1194 1190 1224 homines
1213 1204 1342 1231 sumus,

276 1244 307 1268 et
329 1238 470 1268 humana
493 1237 614 1268 ratione
635 1237 850 1276 gubernamus
871 1247 931 1267 nos
947 1248 982 1268 ac
998 1244 1134 1269 nostros.
1158 1238 1253 1269 Verbi
1276 1249 1343 1279 gra-

274 1281 334 1318 tia,
359 1287 390 1312 et
412 1281 524 1312 accidit
547 1281 586 1311 de
610 1280 694 1311 facto
724 1282 814 1322 quod
842 1281 991 1321 Princeps
1018 1281 1191 1322 Hispaniae
1223 1282 1343 1313 habens

275 1335 400 1357 cervam
422 1325 588 1366 parvulam
611 1325 669 1355 sibi
694 1325 902 1356 domesticam
932 1325 1022 1366 quasi
1046 1326 1209 1362 catellam,
1234 1327 1343 1357 aborta

266 1369 381 1401 <Fuerit
389 1369 566 1401 ΕἰἿίωοτε
586 1379 702 1399 canum
724 1369 960 1410 insequentium
977 1380 1101 1400 cervam
1117 1370 1203 1400 illam
1220 1370 1343 1411 fugien-

273 1420 341 1447 tem
362 1413 404 1444 ad
426 1413 559 1444 solitum
581 1413 739 1453 gremium
763 1414 911 1444 dominae
935 1424 1020 1444 suae.
1046 1414 1120 1445 Fuit
1142 1414 1227 1444 enim
1252 1425 1342 1446 casus

274 1467 342 1489 non
353 1457 461 1489 solum
473 1458 511 1488 ab
526 1457 595 1497 ipsa
609 1458 717 1498 puella
730 1457 969 1497 inexcogitatus,
982 1458 1037 1488 sed
1054 1468 1072 1488 a
1087 1464 1136 1489 tot
1147 1458 1342 1499 principibus

273 1501 392 1535 avitis
415 1501 471 1543 qui
493 1501 647 1541 Principis
667 1511 775 1532 curam
798 1501 955 1532 habebant
978 1508 1033 1532 aut
1053 1502 1081 1532 ei
1102 1502 1296 1538 assistebant,
1313 1509 1343 1533 et

272 1554 311 1578 ex
334 1555 371 1577 ea
393 1546 480 1586 regni
503 1555 718 1576 successorem
741 1546 955 1585 expectabant.
989 1546 1031 1576 Et
1059 1552 1166 1576 tamen
1194 1553 1269 1585 post
1298 1546 1342 1576 fa-

273 1596 362 1622 ctum
385 1599 498 1621 omnes
528 1589 664 1620 dicimus
693 1590 783 1630 quod
811 1590 962 1620 debuerat
984 1589 1085 1620 caveri
1113 1599 1152 1619 ne
1175 1590 1208 1620 in
1232 1590 1341 1621 locum

272 1635 329 1666 abi
350 1634 484 1666 venatici
507 1643 600 1664 canes
622 1634 780 1670 adessent,
804 1634 859 1664 illa
880 1634 939 1664 iret
962 1643 1036 1664 cum
1060 1643 1159 1664 cerva.
1190 1634 1256 1664 Nec
1279 1634 1341 1665 hoc

272 1680 312 1713 de
330 1689 440 1710 cervae
461 1685 588 1710 tantum
603 1678 773 1714 occisione,
789 1678 844 1708 sed
868 1677 996 1708 catellae
1011 1678 1062 1707 vel
1078 1678 1153 1711 avis,
1169 1684 1278 1718 posset
1293 1689 1341 1709 ac-

272 1722 386 1755 cidere.
410 1722 452 1754 Et
473 1722 536 1752 hoc
555 1721 686 1752 dixerim
702 1729 738 1752 ut
753 1722 786 1752 in
802 1722 926 1752 casibus
943 1721 1153 1761 distinguatur
1171 1722 1249 1763 quid
1268 1730 1343 1763 post

270 1761 401 1803 factum,
425 1765 615 1806 experientia
637 1765 858 1806 prudentiores
881 1765 964 1802 sacti,
989 1765 1182 1796 faceremus:
1209 1773 1241 1797 et
1263 1766 1342 1808 quid

269 1810 424 1852 inexperti
445 1809 639 1841 fecissemus.
671 1810 784 1851 Neque
807 1810 893 1840 enim
917 1815 1023 1840 exacta
1046 1809 1206 1850 diligentia
1233 1811 1342 1852 exqui-

269 1854 350 1887 ritur
378 1855 482 1896 qualis
509 1865 528 1885 a
555 1864 683 1886 summa
709 1854 877 1894 prudentia
907 1863 1053 1884 emanare
1083 1854 1255 1894 potuisset:
1286 1855 1342 1886 sed

269 1909 353 1942 quae
375 1909 395 1930 a
417 1899 631 1931 communiter
653 1898 863 1938 prudentibus
887 1908 1033 1930 emanare
1049 1899 1215 1930 consuevit
1232 1899 1265 1930 in
1281 1899 1341 1930 hu-

269 1942 411 1975 iusmodi
434 1943 579 1983 negotiis.
603 1960 624 1966 —
647 1942 688 1973 Et
711 1952 748 1973 ex
770 1942 832 1973 hoc
856 1942 957 1983 capite
987 1949 1054 1974 tute
1077 1949 1214 1983 possunt
1240 1944 1341 1974 sacer-

269 1988 361 2020 dotes
383 1987 531 2028 religiosi,
554 1986 719 2018 serviendo
742 1985 884 2023 infirmis,
906 1997 971 2023 eos,
993 1987 1088 2018 etiam
1110 1987 1144 2017 in
1164 1986 1228 2018 fine
1246 1987 1340 2024 vitae,

268 2031 396 2063 volvere
417 2032 452 2062 in
466 2031 548 2062 lecto
568 2037 604 2062 ut
626 2030 764 2072 quietius
782 2030 914 2067 iaceant,
931 2037 962 2061 et
980 2031 1100 2072 reliqua
1116 2031 1240 2062 servitia
1256 2031 1340 2062 exhi-

268 2076 352 2112 bere,
377 2085 451 2106 cum
474 2075 642 2116 prudentia
666 2084 748 2115 quae
770 2074 804 2105 in
823 2074 1009 2106 huiusmodi
1026 2082 1178 2106 consueta
1195 2082 1250 2106 est.
1274 2076 1342 2107 Nec

268 2126 396 2160 oportet
418 2119 607 2160 scrupulum
628 2119 703 2149 inde
719 2128 830 2159 capere
853 2119 879 2149 si
893 2129 981 2150 mors
1003 2119 1084 2150 forte
1109 2129 1146 2150 ex
1168 2119 1232 2150 hoc
1253 2129 1339 2150 acce-

266 2164 394 2196 lentur.
419 2163 586 2204 Quidquid
609 2163 695 2194 enim
717 2163 842 2194 licitum
857 2170 904 2194 est
927 2163 1086 2194 conversis
1105 2163 1138 2193 in
1154 2163 1217 2195 hoc
1233 2173 1339 2204 opere,

266 2207 392 2240 licitum
415 2214 462 2238 est
485 2207 716 2238 sacerdotibus:
741 2217 799 2238 nec
815 2206 901 2238 ullus
917 2206 976 2238 est·
986 2207 1220 2248 irregularitatis
1243 2207 1341 2238 timor

266 2252 300 2285 in
315 2251 494 2294 proposito,
510 2251 564 2282 ubi
580 2251 668 2282 nulla
683 2258 729 2281 est
745 2251 838 2291 culpa
854 2251 1075 2291 negligentiae;
1091 2261 1172 2292 quae
1189 2251 1232 2282 ita
1248 2261 1340 2282 reum

267 2296 383 2327 faceret
406 2305 597 2326 conversum
620 2295 701 2325 sicut
723 2295 883 2325 clericum.

322 2339 359 2370 In
381 2339 574 2380 quibusdam
597 2346 704 2369 autem
727 2338 914 2379 periculosis
938 2349 974 2369 ex
997 2349 1057 2370 suo
1081 2349 1194 2379 genere
1217 2339 1339 2370 actibus

267 2383 401 2424 diligens
421 2389 468 2414 est
489 2383 546 2424 qui
569 2389 624 2413 aut
648 2383 782 2414 consilio
806 2383 948 2424 proprio,
965 2383 1016 2413 vel
1035 2383 1139 2414 alieno
1163 2383 1219 2413 ubi
1241 2384 1339 2414 timor

267 2427 371 2459 adhuc
394 2434 571 2468 superesset
594 2427 735 2467 periculi,
759 2427 835 2458 haec
859 2433 1018 2468 operatur.
1042 2427 1137 2458 Verbi
1161 2427 1269 2466 gratia,
1294 2435 1338 2458 te-

267 2481 342 2503 nere
364 2471 499 2502 infantes
522 2471 655 2502 tenellos
679 2481 788 2502 secum
811 2471 844 2501 in
867 2472 949 2502 lecto
978 2481 1062 2511 opus
1085 2477 1132 2501 est
1154 2471 1258 2502 statim
1283 2482 1337 2511 pe-

266 2514 404 2547 riculum
423 2515 638 2556 oppressionis
654 2515 803 2545 offerens:
829 2522 859 2546 et
882 2522 1059 2555 propterea,
1075 2515 1135 2545 nisi
1151 2515 1263 2546 debitis
1280 2515 1338 2545 cir-

266 2559 464 2591 cumstantiis
479 2559 673 2596 honestetur,
687 2569 770 2599 opus
787 2566 834 2590 est
847 2559 1004 2590 illicitum.
1019 2560 1060 2589 Et
1075 2559 1150 2600 quia
1165 2566 1212 2589 est
1228 2566 1337 2590 contra

266 2612 376 2635 curam
398 2603 537 2634 debitam
555 2604 637 2634 vitae
661 2603 807 2644 proximi,
829 2613 904 2634 cum
919 2603 1003 2634 facili
1020 2613 1093 2634 casu
1114 2603 1226 2634 mortis
1249 2601 1336 2646 (dor-

265 2648 399 2678 mientes
422 2647 541 2688 quippe
569 2658 636 2678 non
666 2658 778 2678 sumus
802 2655 988 2678 nostrorum
1010 2654 1161 2678 motuum
1186 2646 1334 2689 domini),

265 2691 399 2723 mortale
422 2698 589 2732 peccatum
611 2698 668 2722 est.
692 2691 725 2722 Si
748 2698 855 2722 autem
878 2691 1065 2722 honestatur
1083 2691 1335 2728 circumstantiis,

264 2742 342 2776 puta
372 2735 448 2776 quia
470 2735 570 2766 lectus
594 2742 640 2766 est
663 2742 826 2772 extensus,
851 2742 881 2766 et
909 2745 976 2766 non
998 2735 1132 2766 habetur
1159 2745 1260 2776 prope
1284 2746 1333 2772 se,

265 2786 296 2811 et
318 2779 424 2810 nutrix
447 2779 612 2810 consuevit
635 2789 759 2819 semper
781 2779 914 2809 inveniri
936 2780 969 2810 in
987 2780 1102 2810 eodem
1123 2779 1197 2810 loco
1219 2786 1250 2810 et
1272 2779 1334 2810 situ

265 2832 332 2864 quo
356 2832 389 2853 se
407 2822 589 2863 incipiendo
608 2823 747 2853 dormire
770 2823 888 2863 posuit,
906 2829 936 2853 et
950 2823 1192 2863 implacabilitas
1207 2823 1335 2854 infantis

265 2867 328 2898 hoc
351 2867 461 2907 exigat,
486 2866 626 2897 excusari
648 2866 788 2896 videtur:
812 2866 888 2907 quia
911 2877 977 2897 non
997 2873 1043 2897 est
1065 2867 1261 2902 rationabile,
1286 2867 1334 2897 his

266 2910 536 2947 concurrentibus,
550 2909 728 2951 periculum
743 2909 862 2941 timere.
879 2911 1013 2950 Propter
1024 2910 1113 2951 quod
1126 2911 1160 2940 in
1175 2920 1242 2950 cap.
1254 2910 1335 2941 Con—

264 2955 406 2993 sulussti,
429 2954 470 2991 11,
495 2964 549 2995 qu.
566 2964 596 2990 v,
620 2964 686 2984 non
710 2953 845 2984 omnino
874 2954 1065 2994 praecipitur
1087 2954 1270 2994 parentibus
1294 2964 1333 2984 ne

265 3009 383 3039 pueros
406 3005 534 3030 teneant
547 2997 580 3028 in
597 2997 696 3028 lecto:
721 2997 776 3027 sed
799 2997 993 3028 admonendi
1017 3004 1048 3028 et
1069 2997 1264 3038 protestandi
1287 2998 1334 3028 di-

265 3050 381 3074 cuntur
403 3052 458 3079 ne,
482 3041 671 3082 negligentia
694 3042 913 3081 proveniente,
938 3051 1024 3072 mors
1048 3042 1267 3083 subsequatur.
1292 3042 1334 3072 Et

265 3087 368 3118 simile
392 3093 438 3117 est
461 3085 493 3116 in
509 3085 578 3116 aliis
591 3085 711 3116 actibus
735 3085 826 3116 licitis
849 3085 1045 3125 periculosis,
1069 3092 1104 3116 ut
1127 3092 1202 3116 sunt
1224 3085 1333 3116 ruinae

265 3131 450 3166 domorum,
473 3129 574 3160 iactus
591 3129 746 3169 lapidum,
763 3136 822 3160 etc.
849 3129 884 3159 In
901 3129 1051 3160 omnibus
1067 3129 1153 3160 enim
1171 3129 1220 3160 his
1242 3136 1331 3160 tanto

265 3174 379 3206 maiori
402 3183 486 3214 opus
505 3179 551 3204 est
573 3173 707 3204 consilio
724 3180 755 3204 et
773 3173 984 3204 sollicitudine
1008 3180 1130 3214 quanto
1155 3173 1332 3214 periculum

265 3218 479 3260 propinquius
501 3217 641 3248 timetur.

321 3262 373 3293 111.
399 3262 538 3299 Quando
560 3271 635 3291 vero
660 3261 751 3291 datur
774 3271 870 3301 opera
893 3261 937 3291 rei
956 3261 1090 3297 illicitae,
1106 3261 1139 3291 in
1162 3261 1263 3292 littera
1287 3261 1331 3291 di-

266 3306 361 3343 citur,
385 3313 416 3336 et
439 3305 652 3336 communiter
675 3305 798 3335 videtur
820 3305 1021 3341 confessum,
1045 3305 1133 3346 quod
1156 3304 1332 3345 imputatur

266 3350 295 3381 ei
313 3350 524 3381 homicidium
548 3359 584 3380 ex
599 3349 684 3379 illius
703 3358 798 3388 opere
821 3358 1034 3389 consequens:
1056 3359 1114 3379 nec
1132 3356 1259 3389 oportet
1281 3349 1331 3379 hic

266 3393 360 3424 aliam
379 3403 540 3434 apponere
563 3393 725 3433 propriam
741 3392 969 3423 conditionem.
992 3393 1062 3432 Ego
1079 3399 1186 3423 autem
1203 3403 1268 3423 non
1285 3393 1331 3423 in-

265 3437 374 3478 telligo
396 3437 576 3468 indistincte
607 3436 783 3467 doctrinam
811 3436 901 3467 hanc.
935 3436 1098 3472 Quoniam
1122 3436 1215 3467 didici
1243 3437 1332 3486 quod

267 3488 354 3513 actus
377 3481 577 3512 materialiter
599 3481 750 3516 mortalis,
768 3481 897 3520 quando
916 3490 982 3511 non
999 3487 1045 3511 est
1059 3480 1257 3510 voluntarius
1272 3480 1331 3510 nisi

11 3507 194 3570 “α]“““.ἔ’
201 3526 242 3574 (ΡΣ
267 3525 416 3557 indirecte
440 3533 470 3556 et
492 3525 526 3556 in
549 3535 651 3560 causa,
676 3524 863 3555 iudicandus
886 3530 933 3554 est
955 3525 1132 3554 secundum
1153 3524 1242 3554 illam
1257 3534 1331 3554 cau-

94 3577 193 3596 mont-n·
198 3579 242 3595 ¹¹¹-
268 3579 336 3600 sam
350 3569 380 3600 *:
406 3576 436 3600 et
451 3579 507 3610 per
522 3569 594 3606 hoc,
612 3568 797 3599 effusionem
821 3567 952 3598 humani
977 3567 1104 3598 seminis
1121 3574 1203 3598 extra
1227 3567 1332 3598 matri-

1401 241 1696 279 ARTICULUS
1724 241 1810 278 v111
2414 254 2463 290 77

1404 320 1504 351 monii
1527 327 1634 350 actum
1657 329 1750 360 posse
1766 329 1832 350 esse
1848 319 1954 350 solum
1973 325 2139 360 peccatum
2154 318 2274 350 veniale
2299 318 2464 350 definitum

1403 372 1458 401 est,
1482 364 1611 404 quando
1634 363 1752 394 scilicet
1773 364 1806 394 in
1821 373 1915 394 causa
1937 363 2044 394 solum
2067 363 2128 394 fuit
2149 369 2315 403 peccatum
2328 363 2464 399 veniale;

1403 416 1438 439 ut
1460 414 1546 448 patet
1568 418 1605 438 ex
1627 408 1805 448 pollutione
1829 414 1984 438 nocturna
2006 417 2043 438 ex
2066 407 2180 438 veniali
2203 406 2409 437 delectatione
2431 408 2464 437 in

1402 453 1452 483 die
1474 452 1580 483 habita
1603 459 1825 492 consequente.
1856 452 2026 492 Sequendo
2055 451 2150 491 igitur
2177 450 2328 491 principia
2359 451 2465 482 habita

1402 497 1440 526 de
1462 495 1656 532 voluntario,
1681 495 1940 536 distinguendum
1963 502 2011 526 est
2033 495 2072 525 de
2093 494 2305 535 imputatione
2328 495 2367 524 ad
2387 504 2464 534 poe—

1401 549 1486 575 nam,
1502 540 1552 569 vel
1576 540 1615 569 ad
1638 540 1782 579 culpam
1807 546 1837 570 et
1853 540 1878 570 si
1895 540 2033 579 culpam,
2049 539 2217 570 mortalem
2232 539 2282 568 vel
2295 538 2462 570 venialem.

1401 584 1442 614 Et
1463 583 1572 623 quoad
1595 593 1732 622 poenam
1755 583 1996 623 irregularitatis,
2016 583 2194 614 indistincte
2208 583 2350 623 intelligo
2374 583 2464 623 quod

1401 628 1529 667 quando
1555 627 1607 656 dat
1630 637 1760 666 operam
1783 627 1826 657 rei
1849 627 1984 663 illicitae,
2008 627 2183 668 imputatur
2202 627 2230 657 ei
2253 627 2463 658 homicidium

1401 680 1598 711 consequens
1613 680 1650 700 ex
1665 681 1724 700 suo
1741 680 1837 710 opere
1861 671 1900 700 ad
1924 681 2062 711 poenam
2077 671 2320 710 irregularitatis.
2345 671 2463 707 Quoad

1400 715 1527 755 culpam
1542 723 1627 749 vero,
1652 724 1725 744 cum
1750 715 1948 745 distinctione
1962 715 2121 755 intelligo.
2146 715 2233 759 quod
2257 715 2386 755 quando
2411 715 2463 744 dat

1400 768 1530 799 operam
1554 757 1597 787 rei
1613 757 1748 793 illicitae,
1772 758 1933 789 venialiter
1955 765 2071 795 tamen,
2095 759 2120 788 si
2137 754 2268 798 diligens
2292 765 2338 789 est
2361 759 2400 788 ad
2417 769 2464 789 ca—

1399 803 1535 832 vendam
1558 801 1719 841 sequelam
1745 802 1892 841 periculi,
1917 802 1998 833 sicut
2027 803 2065 832 de
2089 803 2182 833 dante
2203 813 2336 853 operam
2360 802 2403 832 rei
2426 802 2463 832 li-

1399 846 1477 876 citae
1501 845 1621 875 dictum
1646 851 1702 880 est,
1719 855 1785 875 non
1802 853 1848 876 est
1871 855 1942 876 reus
1964 846 2128 876 homicidii
2151 846 2211 876 nisi
2226 846 2260 876 in
2277 857 2333 877 sua
2350 855 2460 882 causa;

1398 890 1487 930 quod
1511 888 1590 919 nihil
1613 888 1698 918 aliud
1722 896 1768 919 est
1791 899 1888 929 quam
1911 899 1978 919 esse
1993 899 2082 920 reum
2101 890 2186 920 illius
2201 890 2245 920 rei
2261 890 2387 921 illicitae
2409 900 2461 920 ve-

1399 933 1498 964 nialis.
1532 933 1573 963 Et
1596 933 1748 971 probatur
1769 932 1831 962 hoc
1859 942 1895 962 ex
1911 933 2032 963 ratione
2054 933 2223 964 voluntarii
2239 933 2460 974 supradicta*.

1399 978 1490 1008 Unde
1513 977 1539 1006 si
1561 976 1708 1015 religioso
1732 976 1826 1006 alicui
1853 986 1889 1006 ex
1912 977 1960 1006 his
1989 977 2104 1016 quibus
2132 984 2249 1008 statuto
2278 978 2462 1017 prohibetur

1398 1021 1547 1062 equitare,
1572 1019 1734 1050 accidisset
1749 1030 1839 1050 casus
1855 1020 1886 1049 in
1904 1030 1970 1060 cap.
1987 1021 2132 1051 Dilectus
2154 1021 2227 1051 vel
2219 1031 2252 1051 in
2269 1031 2336 1061 cap.
2353 1022 2461 1062 Signi-

1386 1065 1514 1106 ficasti,
1539 1064 1647 1099 Extra,
1676 1063 1715 1094 de
1743 1063 1923 1101 Homicid.‚
1947 1064 2019 1095 licet
2045 1065 2131 1095 daret
2167 1075 2297 1105 operam
2328 1065 2372 1095 rei
2401 1065 2461 1095 illi-

1396 1109 1475 1140 citae
1498 1108 1557 1139 sibi
1580 1107 1751 1148 equitando
1775 1107 1842 1137 sine
1861 1107 1985 1138 licentia
2001 1114 2031 1138 et
2047 1109 2238 1145 necessitate,
2263 1119 2297 1139 ac
2321 1119 2377 1148 per
2399 1109 2461 1140 hoc

1396 1153 1552 1183 iudicatus
1568 1151 1678 1182 fuisset
1693 1151 1878 1190 irregularis,
1896 1161 1961 1181 non
1985 1152 2056 1191 plus
2079 1159 2237 1191 peccasset
2259 1159 2389 1192 propter
2403 1153 2460 1183 ho-

1396 1196 1562 1228 micidium
1589 1196 1795 1226 subsecutum
1825 1205 1922 1235 quam
1946 1195 1971 1225 si
2002 1205 2067 1225 non
2098 1195 2208 1227 fuisset
2237 1197 2459 1227 subsecutum:

1396 1241 1550 1282 quoniam
1574 1239 1672 1270 solius
1696 1239 1898 1279 equitationis
1922 1249 1992 1269 reus
2017 1246 2107 1270 esset.

1449 1285 1491 1315 Et
1509 1283 1714 1315 confirmatur
1730 1283 1914 1313 auctoritate
1930 1283 2099 1322 Augustini
2117 1283 2247 1314 dicentis
2258 1283 2276 1303 *
2294 1285 2382 1324 quod
2399 1285 2461 1315 Lot

1396 1339 1458 1359 non
1482 1333 1638 1369 quantum
1662 1327 1716 1357 ille
1740 1328 1894 1364 incestus,
1918 1327 1975 1357 sed
1996 1332 2150 1367 quantum
2175 1328 2310 1358 ebrietas
2326 1334 2460 1368 praece-

1394 1373 1473 1404 dens
1496 1373 1633 1409 meruit,
1659 1372 1691 1401 in
1715 1371 1810 1411 culpa
1830 1370 1914 1411 fuit.
1945 1372 2020 1401 Non
2046 1371 2197 1402 dissimile
2221 1379 2329 1402 autem
2352 1378 2398 1402 est
2421 1373 2460 1403 de

1394 1417 1463 1447 aliis
1487 1416 1652 1446 iudicium.
1684 1415 1726 1445 Et
1748 1425 1784 1445 ex
1807 1414 1869 1445 hoc
1898 1421 1984 1455 patet
2013 1415 2102 1455 quod
2125 1415 2220 1446 etiarn
2249 1416 2379 1456 quando
2407 1417 2461 1446 dat

1394 1470 1525 1500 operam
1548 1459 1593 1490 rei
1615 1459 1740 1489 illicitae
1769 1458 1959 1495 mortaliter,
1984 1459 2163 1489 adhibendo
2193 1466 2300 1490 tamen
2329 1470 2460 1490 omnem

1394 1503 1589 1544 diligentiam
1612 1513 1651 1532 ne
1668 1512 1754 1532 mors
1771 1509 1930 1543 sequatur,
1954 1502 2026 1533 licet
2049 1503 2089 1533 sit
2110 1513 2182 1533 reus
2204 1504 2367 1543 gehennae
2389 1514 2460 1544 pro-

1393 1555 1462 1588 pter
1484 1547 1565 1577 illud
1587 1552 1754 1586 peccatum
1776 1546 1920 1582 mortale,
1944 1556 2009 1576 non
2033 1553 2138 1577 tamen
2163 1554 2209 1577 est
2230 1557 2303 1578 reus
2326 1547 2460 1578 homici-

1392 1591 1452 1628 dii,
1476 1597 1607 1631 propter
1629 1590 1763 1620 eandem
1793 1590 1964 1620 rationem:
1996 1590 2072 1630 quia
2099 1590 2216 1621 scilicet
2243 1591 2460 1622 voluntarium

1392 1635 1542 1666 indirecte
1568 1635 1602 1664 in
1625 1634 1693 1664 sola
1716 1644 1828 1670 causa,
1853 1640 1961 1664 contra
1982 1634 2180 1664 voluntatem
2206 1641 2236 1665 et
2265 1635 2459 1674 diligentiam

1393 1679 1582 1715 adhibitam,
1608 1688 1674 1708 non
1702 1677 1761 1707 nisi
1787 1677 1821 1707 in
1845 1687 1938 1708 causa
1966 1677 2120 1717 culpatur.
2154 1678 2246 1709 Unde
2276 1679 2302 1708 si
2329 1679 2460 1710 ebrietas

1394 1724 1456 1754 Lot
1478 1722 1539 1753 fuit
1565 1728 1732 1762 peccatum
1755 1721 1905 1757 mortale,
1931 1731 1995 1751 non
2023 1728 2189 1761 propterea
2212 1723 2391 1761 arguendus
2415 1730 2462 1754 est

1392 1767 1539 1798 incestus.
1563 1784 1584 1789 -
1609 1766 1696 1796 Haec
1725 1772 1832 1795 autem
1856 1765 1927 1795 dico
1958 1766 2088 1806 quando
2116 1772 2203 1796 actus
2231 1767 2350 1806 peccati
2374 1777 2458 1797 mor-

1392 1811 1463 1842 talis
1485 1821 1552 1841 non
1575 1817 1622 1840 est
1644 1810 1683 1840 de
1696 1819 1809 1849 genere
1829 1819 1889 1839 suo
1912 1809 1964 1839 via
1986 1810 2025 1839 ad
2052 1817 2199 1840 mortem.
2228 1811 2460 1842 Percutientem

1393 1855 1479 1886 enim
1510 1854 1666 1895 aliquem,
1698 1853 1844 1894 quamvis
1877 1853 1959 1884 nolit
1986 1853 2145 1889 occidere,
2178 1863 2243 1884 non
2277 1864 2392 1885 excuso
2420 1856 2458 1885 ab

1392 1899 1584 1930 homicidio:
1609 1898 1684 1939 quia
1707 1897 1868 1937 percussio
1891 1897 1942 1927 via
1965 1904 2012 1928 est
2039 1898 2080 1928 ad
2102 1904 2250 1928 mortem.
2281 1898 2342 1929 Sed
2371 1899 2459 1929 cleri-

1392 1953 1467 1974 cum
1490 1942 1664 1974 mortaliter
1679 1941 1840 1972 venationi
1862 1948 2026 1972 vacantem
2050 1942 2088 1971 ab
2107 1941 2272 1972 homicidii
2293 1942 2386 1982 culpa
2409 1953 2459 1973 ex-

1393 1997 1488 2024 cuso,
1512 1986 1644 2028 quando
1674 1985 1789 2016 nobilis
1814 1985 1913 2016 laicus
1935 1985 2097 2016 venationi
2126 1996 2240 2016 vacans
2264 1987 2302 2016 ab
2326 1987 2459 2018 homici-

1393 2031 1436 2063 dii
1459 2031 1554 2071 culpa
1576 2036 1790 2066 excusaretur,
1814 2029 1889 2070 quia
1912 2029 2030 2060 scilicet
2053 2029 2191 2060 adhibita
2215 2037 2262 2060 est
2285 2031 2389 2060 omnis
2413 2031 2458 2061 di-

1390 2075 1519 2116 ligentia
1542 2084 1583 2106 ne
1606 2074 1757 2114 cuiquam
1780 2080 1908 2104 noceret
1929 2073 2068 2104 venatio.

1445 2120 1502 2151 Est
1515 2119 1610 2159 igitur
1625 2118 1748 2148 casuale
1763 2117 1975 2148 homicidium
1990 2127 2114 2158 semper
2128 2117 2355 2157 imputandum
2370 2118 2457 2150 danti

1391 2173 1522 2204 operam
1545 2163 1589 2193 rei
1612 2162 1747 2198 illicitae,
1765 2168 1801 2192 ut
1815 2162 2027 2192 communiter
2042 2161 2165 2198 dicitur,
2182 2162 2237 2192 sed
2256 2162 2456 2193 difformiter:

1390 2208 1465 2248 quia
1487 2207 1595 2248 quoad
1614 2216 1753 2246 poenam
1769 2205 2003 2245 irregularitatis
2020 2211 2050 2236 et
2065 2205 2192 2247 culpam
2208 2205 2358 2247 aliquam,
2376 2217 2457 2237 sem—

1389 2260 1460 2292 per;
1483 2251 1539 2282 sed
1562 2260 1628 2281 non
1653 2259 1777 2289 semper
1800 2250 1906 2290 quoad
1930 2249 2058 2290 culpam
2081 2249 2264 2286 mortalem3
2288 2260 2346 2281 nec
2362 2251 2457 2282 etiam

1390 2305 1515 2335 semper
1537 2294 1645 2335 quoad
1669 2294 1796 2334 culpam
1819 2293 1987 2324 mortalem
2010 2293 2100 2323 istius
2116 2294 2241 2333 speciei,
2266 2294 2384 2325 scilicet
2401 2295 2457 2325 ho—

1390 2339 1519 2370 micidii.
1544 2339 1586 2369 Et
1607 2338 1683 2378 quia
1705 2337 1779 2368 huic
1802 2337 1961 2368 doctrinae
1985 2337 2094 2368 omnia
2118 2344 2311 2374 consonant,
2336 2339 2456 2379 ample-

1390 2384 1502 2414 ctenda
1525 2382 1637 2423 procul
1661 2381 1759 2412 dubio
1783 2388 1838 2412 est.

1443 2427 1495 2458 1V.
1516 2427 1550 2457 In
1567 2425 1775 2467 responsione
1790 2426 1829 2455 ad
1845 2425 2021 2456 secundum
2037 2425 2070 2455 in
2086 2426 2210 2462 eodem,
2227 2426 2353 2457 adverte
2367 2427 2456 2467 quod

1389 2470 1550 2511 percussio
1567 2469 1765 2510 praegnantis
1781 2469 1899 2510 absque
1914 2469 2089 2499 intentione
2102 2469 2265 2500 occidendi
2281 2477 2386 2510 potest
2401 2471 2456 2501 du-

1388 2515 1510 2555 pliciter
1522 2514 1714 2554 contingere.
1732 2513 1851 2550 Primo,
1863 2520 1899 2544 ut
1910 2513 1949 2543 sit
1960 2513 2030 2543 talis
2041 2523 2122 2553 quae
2135 2513 2173 2543 de
2186 2523 2299 2553 genere
2312 2524 2371 2544 suo
2384 2522 2456 2545 nata

1387 2566 1434 2590 est
1456 2559 1605 2589 inducere
1628 2558 1793 2593 aborsum,
1813 2557 1863 2587 vel
1885 2557 2040 2587 laedendo
2060 2557 2277 2597 corporaliter,
2298 2558 2347 2588 vel
2366 2558 2455 2589 incu-

1387 2603 1495 2634 tiendo
1508 2603 1658 2633 timorem
1669 2601 1864 2637 mulieribus,
1875 2611 1957 2642 quae
1968 2607 2042 2632 sunt
2054 2601 2266 2632 communiter
2276 2601 2415 2638 timidae,
2425 2609 2456 2633 et

1387 2646 1584 2678 huiusmodi.
1603 2646 1645 2676 Et
1660 2646 1685 2676 si
1697 2645 1741 2676 sic
1753 2645 1895 2686 sequitur
1906 2645 2126 2680 homicidium,
2138 2655 2203 2675 non
2216 2645 2296 2676 inter
2309 2646 2453 2682 casualia,

1388 2692 1443 2722 sed
1461 2690 1639 2721 voluntaria
1655 2689 1909 2729 computandum
1925 2689 2062 2720 videtur:
2086 2689 2240 2729 quoniam
2254 2689 2287 2719 in
2301 2697 2453 2730 promptu

1386 2735 1466 2766 ratio
1490 2741 1537 2765 est
1560 2741 1595 2764 ut
1618 2740 1705 2764 actus
1728 2733 1795 2774 ipse
1819 2733 1936 2763 occisio
1960 2732 2013 2769 sit,
2038 2733 2193 2773 quoniam
2216 2733 2285 2763 talis
2308 2740 2395 2764 actus
2419 2734 2452 2764 in

1387 2779 1531 2819 pluribus
1554 2784 1648 2808 natus
1672 2783 1718 2808 est
1746 2777 1847 2807 facere
1870 2777 2038 2812 aborsum;
2064 2777 2187 2807 casuale
2211 2784 2318 2807 autem
2341 2785 2387 2808 est
2416 2784 2452 2808 ut

1386 2823 1419 2853 in
1434 2821 1647 2862 paucioribus.
1672 2821 1713 2851 Et
1735 2821 1797 2851 hoc
1821 2820 1892 2851 dico
1916 2821 2046 2861 quando
2069 2820 2201 2851 scienter
2224 2820 2384 2860 gravidam
2408 2821 2452 2852 sic

1386 2866 1530 2906 percutit.
1557 2866 1641 2895 Nam
1664 2864 1720 2905 qui
1743 2874 1780 2894 ex
1802 2864 1978 2904 ignorantia
2002 2864 2080 2894 uteri
2105 2864 2148 2894 sic
2171 2865 2304 2903 graviter
2327 2871 2358 2895 et
2379 2874 2449 2904 gra-

1386 2910 1456 2940 vius
1479 2915 1663 2950 percuteret,
1684 2908 1807 2939 casuale
1826 2908 1997 2938 incurreret
2019 2907 2230 2938 homicidium
2252 2915 2383 2948 propter
2398 2909 2451 2939 ab·

1386 2963 1511 2989 orsum,
1537 2952 1632 2983 etiam
1655 2952 1680 2982 si
1703 2951 1881 2991 ignorantia
1903 2952 2058 2982 laboraret
2081 2951 2248 2992 culpabili:
2280 2962 2354 2982 nam
2376 2952 2450 2983 licet

1386 3007 1453 3028 non
1471 3003 1636 3027 excusetur
1658 3006 1675 3026 a
1695 2996 1788 3036 culpa
1810 2995 1984 3032 homicidii,
2008 3002 2172 3026 excusatur
2195 3002 2301 3027 tamen
2317 3006 2335 3026 a
2350 2997 2449 3027 modo

1386 3040 1564 3076 homicidii;
1589 3039 1664 3080 quia
1687 3039 1805 3070 scilicet
1823 3049 1888 3070 non
1906 3046 1952 3070 est
1974 3049 2030 3079 per
2048 3049 2081 3069 se
2099 3039 2235 3070 volitum
2250 3040 2288 3070 ab
2308 3050 2358 3077 eo,
2383 3041 2448 3081 qui,

1385 3085 1410 3115 si
1434 3085 1526 3115 sciret
1549 3083 1697 3114 materiae
1721 3083 1938 3114 conditionem
1955 3083 1989 3113 in
2010 3093 2106 3124 quam
2123 3083 2195 3123 agit,
2212 3093 2278 3114 non
2295 3091 2398 3124 ageret
2416 3084 2449 3114 in

1384 3129 1482 3159 illam.
1506 3128 1548 3158 Et
1570 3128 1609 3158 de
1631 3127 1787 3158 similibus
1810 3127 1896 3158 idem
1919 3133 1966 3158 est
1987 3127 2152 3158 iudicium.

1439 3172 1472 3204 Si
1496 3178 1604 3203 autem
1631 3171 1792 3212 percussio
1820 3170 1875 3202 fiat
1901 3171 2062 3212 aliqualis,
2090 3171 2235 3211 quamvis
2265 3171 2446 3207 indiscreta,

1385 3216 1457 3247 ioco
1473 3216 1523 3246 vel
1540 3215 1637 3252 serio;
1661 3215 1712 3245 vel
1735 3215 1831 3246 timor
1850 3215 1927 3245 levis
1950 3215 2121 3246 incutiatur
2139 3215 2372 3255 imprudenter;
2397 3225 2446 3246 ca-

1385 3260 1471 3291 suale
1494 3267 1541 3291 est
1563 3259 1783 3296 homicidium,
1807 3259 1896 3300 quod
1920 3269 1956 3289 ex
1980 3258 2186 3298 dispositione
2205 3259 2354 3299 singulari
2377 3269 2447 3289 mu-

1383 3304 1466 3335 lieris
1496 3303 1604 3345 potius
1634 3303 1780 3343 provenit
1810 3303 1954 3343 patientis
1971 3306 2082 3343 'quam
2109 3312 2145 3332 ex
2169 3302 2290 3332 actione
2315 3302 2448 3333 infertur

1385 3348 1515 3388 agentis.

1439 3392 1478 3423 V.
1504 3393 1538 3422 In
1562 3391 1769 3431 responsione
1792 3391 1831 3420 ad
1855 3390 1996 3426 tertium,
2021 3389 2074 3420 ubi
2099 3390 2136 3419 de
2161 3400 2320 3420 canonum
2343 3400 2447 3430 poena

1385 3436 1501 3476 agitur,
1526 3436 1650 3466 adverte
1674 3435 1772 3476 quod,
1790 3434 1864 3474 quia
1887 3441 1952 3464 tarn
1974 3436 2095 3464 Auctor
2118 3443 2215 3474 quam
2239 3433 2307 3470 alii,
2330 3434 2364 3464 in
2387 3434 2447 3464 De-

1385 3479 1483 3515 cretis,
1509 3479 1579 3510 dist.
1600 3480 1642 3515 L,
1667 3486 1702 3509 ut
1725 3484 1810 3518 patet
1835 3478 1866 3507 in
1890 3477 2124 3508 introductione
2147 3477 2275 3517 capituli
2302 3477 2443 3514 Clerico,

1385 3523 1583 3563 distinguunt
1602 3522 1811 3553 homicidium
1825 3521 2040 3551 voluntarium
2055 3531 2073 3551 a
2089 3521 2204 3551 casuali
2227 3531 2293 3551 non
2316 3528 2445 3562 propter

1385 3567 1446 3597 hoc
1469 3567 1545 3607 quia
1567 3566 1646 3597 illud
1670 3573 1716 3596 est
1738 3565 1873 3596 volitum
1897 3572 1928 3595 et
1949 3564 2010 3595 hoc
2034 3574 2099 3595 non
2123 3564 2274 3601 volitum,
2291 3572 2365 3601 etc.,
2390 3565 2444 3595 sed

2487 932 2548 954 'Cfi
2563 938 2626 955 num.
2642 939 2657 954 ι.

2486 1289 2496 1298 ⁸
2518 1288 2584 1310 Cont-
2615 1289 2698 1311 Faust.
