2860 4244
117 1098 127 1108 ”
142 1097 208 1119 Vers.
224 1097 254 1118 18.

116 1208 125 1218 '
140 1206 206 1228 Vers.
221 1212 256 1235 37.

115 1526 124 1535 ⁸
140 1524 205 1546 Vers.
223 1524 253 1546 16.

115 1838 125 1847 '¹
137 1837 203 1859 Vei-s-
219 1843 247 1865 ¹3-

109 2261 118 2271 ·
133 2260 199 2282 Vers.
215 2267 252 2288 29.

111 2746 121 2756 ⁴
136 2745 201 2768 Vers.
217 2745 247 2767 ιδ.

115 3289 124 3299 ·
139 3287 163 3309 1η
178 3293 238 3315 resp.
252 3286 281 3308 ad
296 3292 311 3308 ι.

365 281 442 317 274

1001 269 1266 314 QUAESTIO
1296 269 1509 317 LXXXIX,
1539 271 1834 309 ARTICULUS
1865 273 1895 308 ΙΙ

1083 384 1439 427 ARTICULUS
1482 386 1808 430 SECUNDUS

1127 477 1282 508 UTRUM
1307 477 1374 508 SIT
1399 478 1580 510 LICITUM
1604 480 1764 511 IURARE

477 559 506 583 111
527 559 608 587 Sent„
629 558 686 582 dist.
705 564 784 587 xxxrx,
800 562 846 582 art.
868 564 890 586 2,
911 556 960 589 qu⁸
981 564 1010 586 2;
1032 556 1073 581 De
1093 556 1158 581 Dec.
1177 556 1336 616 Praeffi'tjr}
1346 565 1401 617 zap.
1421 557 1454 582 de
1473 557 1702 618 Sec.lPraecept.;
1723 561 1751 585 ln
1772 560 1880 589 Matth„
1900 568 1955 593 cap.
1974 568 2005 591 v;
2024 561 2068 585 Ad
2087 561 2174 590 Rom„
2194 569 2250 594 cap.
2270 569 2286 590 1.
2306 562 2365 587 lect.
2382 569 2414 593 v;

1333 599 1346 617 e
1364 610 1379 621 .‚
1399 600 1455 625 cap.
1473 600 1512 622 v1.
1544 598 1592 618 eet.
1610 601 1644 619 ιν.

424 701 436 708 c
475 707 491 723 ν
569 685 591 709 D
606 683 796 708 SECUNDUM
811 682 864 707 SIC
880 682 1120 708 PROCEDITUR.
1137 671 1297 709 Videtur
1311 672 1415 721 quod

425 723 433 733 “
500 718 543 775 {s
567 737 644 761 non
665 724 710 761 sit
728 724 870 760 licitum
891 724 1025 760 iurare.
1056 724 1159 761 Nihil
1189 725 1289 761 enim
1310 726 1414 773 quod

541 776 790 826 prohibetur
823 777 860 813 in
889 778 970 824 lege
1000 777 1129 814 divina
1166 786 1222 814 est
1258 778 1412 815 licitum.

524 822 558 867 N
568 831 643 866 Sed
659 830 914 867 iuramentum
929 829 1152 878 prohibetur
1163 836 1180 852 ‘²
1196 831 1361 868 Matth.v
1375 831 1412 867 *ε

353 884 439 932 Ego
468 882 550 918 dico
578 883 696 928 vobis,
727 895 800 919 non
830 884 959 919 iurare
986 884 1159 920 omnino:
1196 891 1232 920 et
1261 886 1332 921 Iac.
1358 884 1415 921 v*

356 935 508 971 dicitur:
545 937 643 972 Ante
670 936 813 982 omnia,
832 937 981 984 fratres
1007 937 1097 982 mei,
1127 937 1239 973 nolite
1273 938 1412 974 iurare.

354 989 455 1035 Ergo
485 987 741 1025 iuramentum
771 997 826 1025 est
854 989 1033 1026 illicitum.

408 1053 442 1077 2.
464 1041 696 1089 PRAETEREA,
717 1042 755 1078 id
784 1042 889 1090 quod
919 1050 974 1079 est
999 1055 1021 1078 a
1041 1043 1141 1078 malo
1161 1042 1312 1079 videtur
1332 1055 1414 1079 esse

352 1093 541 1130 illicitum:
570 1095 672 1143 quia,
693 1102 733 1131 ut
753 1095 885 1132 dicitur
913 1096 1047 1132 Matth.
1068 1107 1117 1132 vu
1137 1095 1168 1141 ³¹³,
1198 1108 1272 1132 non
1294 1102 1417 1144 potest

352 1147 469 1183 arbor
483 1147 584 1184 mala
594 1149 747 1195 fructus
766 1149 882 1184 bonos
896 1149 1038 1195 facere.
1062 1148 1138 1185 Sed
1158 1148 1412 1185 iuramentum

353 1207 410 1236 est
429 1212 450 1236 a
470 1201 588 1237 malo:
611 1201 744 1238 dicitur
764 1201 866 1237 enim
887 1202 1051 1238 Matth.v
1065 1201 1100 1237 *z
1121 1201 1177 1237 Sit
1194 1207 1318 1238 autem
1336 1213 1412 1238 ser-

352 1265 414 1289 mo
442 1259 573 1299 vester,
602 1256 680 1299 Est,
710 1259 782 1299 est‚·
808 1255 913 1299 Non,
943 1266 1029 1290 non.
1070 1254 1180 1295 Quod
1204 1259 1329 1290 autem
1357 1255 1413 1290 his

351 1307 602 1343 abundantius
637 1313 692 1343 est
725 1319 749 1343 a
785 1308 885 1343 malo
921 1312 982 1342 est.
1022 1307 1124 1353 Ergo
1157 1308 1411 1343 iuramentum

351 1359 501 1395 videtur
530 1372 612 1396 esse
641 1359 821 1396 illicitum.
1242 1367 1247 1373 ·

406 1413 440 1448 3.
471 1413 710 1458 PRAETEREA,
741 1411 935 1460 exquirere
965 1411 1114 1459 signum
1143 1411 1293 1448 divinae
1327 1424 1414 1460 pro-

349 1464 540 1501 videntiae
579 1473 634 1501 est
662 1473 805 1501 tentare
833 1466 982 1501 Deum:
1023 1464 1127 1513 quod
1166 1472 1221 1501 est
1253 1465 1412 1502 omnino

349 1517 529 1564 illicitum,
554 1519 766 1555 secundum
789 1517 880 1554 illud
899 1517 1116 1554 Deut.V1*:
1146 1518 1236 1554 Non
1259 1518 1414 1555 tentabis

349 1570 556 1607 Dominum
576 1572 700 1607 Deum
720 1577 836 1607 tuum.
868 1571 945 1607 Sed
974 1570 1033 1606 ille
1054 1570 1118 1619 qui
1147 1570 1244 1607 iurat
1262 1571 1414 1608 videtur

350 1623 546 1672 exquirere
567 1624 715 1672 signum
738 1624 887 1661 divinae
908 1623 1183 1672 providentiae,
1209 1624 1302 1660 dum
1323 1624 1415 1673 petit

350 1677 521 1714 divinum
551 1677 823 1724 testimonium,
845 1677 949 1725 quod
978 1684 1034 1713 est
1061 1689 1129 1725 per
1149 1676 1315 1725 aliquem
1337 1677 1414 1714 evi-

350 1731 504 1767 dentem
525 1730 715 1766 effectum.
738 1731 839 1778 Ergo
860 1730 1013 1767 videtur
1032 1730 1136 1778 quod
1155 1729 1412 1767 iuramentum
1438 1729 1439 1732 ’

349 1782 395 1819 sit
423 1783 580 1819 omnino
610 1783 790 1820 illicitum.
1351 1801 1353 1803 ·

403 1836 476 1873 SED
506 1848 652 1873 CONTRA
679 1848 746 1873 EST
773 1836 878 1885 quod
908 1836 1043 1872 dicitur
1070 1836 1180 1872 Deut.
1201 1835 1295 1872 V1*:
1334 1837 1412 1872 Do-

349 1889 493 1926 minum
522 1890 645 1926 Deum
675 1895 779 1926 tuum
808 1890 971 1934 timebis,
1006 1894 1042 1925 et
1061 1900 1134 1937 per
1161 1900 1296 1925 nomen
1334 1890 1414 1926 eius

349 1942 501 1978 iurabis.

402 1996 628 2032 RESPONDEO
666 2007 850 2032 DICENDUM
879 1995 984 2042 quod
1014 1993 1104 2030 nihil
1136 1994 1314 2042 prohibet
1348 1995 1412 2031 ali-

347 2048 439 2096 quid
459 2060 541 2084 esse
565 2048 778 2085 secundum
799 2060 838 2084 se
860 2048 1005 2083 bonum
1033 2047 1137 2095 quod
1165 2055 1294 2084 tamen
1315 2048 1413 2085 cedit

347 2101 385 2137 in
414 2101 558 2137 malum
588 2101 668 2138 eius
697 2101 760 2150 qui
789 2113 868 2137 non
896 2100 1011 2137 utitur
1039 2112 1086 2136 eo
1117 2100 1411 2138 convenienter:

348 2154 442 2190 sicut
470 2166 621 2190 sumere
650 2153 928 2190 Eucharistiam
958 2162 1012 2190 est
1040 2154 1197 2199 bonum,
1226 2161 1263 2190 et
1282 2161 1411 2191 tamen

348 2207 411 2255 qui
431 2207 582 2255 indigne
609 2207 723 2244 sumit
740 2208 812 2243 sibi
829 2207 1005 2243 iudicium
1026 2206 1230 2243 manducat
1254 2212 1291 2243 et
1310 2207 1410 2254 bibit,

346 2268 387 2296 ut
415 2260 547 2297 dicitur
576 2261 589 2296 I
618 2261 670 2297 ad
691 2261 777 2297 Cor.
808 2259 888 2296 Χι*.
928 2260 990 2296 Sic
1020 2271 1123 2307 ergov
1146 2259 1183 2295 in
1212 2260 1410 2308 proposito

348 2313 551 2349 dicendum
592 2321 646 2350 est
681 2314 785 2362 quod
824 2313 1078 2349 iuramentum
1118 2313 1331 2349 secundum
1370 2326 1410 2350 se

347 2373 402 2402 est
430 2366 571 2402 licitum
602 2375 638 2403 et
665 2367 880 2403 honestum.
918 2366 1035 2412 Quod
1063 2373 1166 2414 patet
1195 2378 1239 2401 ex
1268 2366 1410 2414 origine

347 2426 384 2455 et
413 2431 457 2455 ex
484 2420 572 2456 fine.
603 2421 660 2456 Ex
682 2419 826 2467 origine
856 2419 1022 2467 quidem,
1044 2419 1133 2466 quia
1153 2419 1410 2456 iuramentum

347 2479 403 2508 est
438 2472 694 2509 introductum
733 2484 778 2508 ex
814 2472 890 2508 fide
925 2484 1001 2520 qua
1038 2472 1215 2508 homines
1252 2473 1412 2510 credunt

346 2526 475 2562 Deum
504 2526 645 2562 habere
674 2525 903 2561 infallibilem
933 2525 1132 2561 veritatem
1162 2533 1198 2561 et
1215 2525 1411 2562 universa-

346 2579 423 2614 lem
461 2578 635 2615 omnium
674 2578 929 2625 cognitionem
969 2585 1006 2614 et
1033 2577 1308 2626 provisionem.
1352 2580 1410 2615 Ex

346 2631 424 2668 fine
453 2639 593 2678 autem,
616 2631 703 2679 quia
731 2631 987 2668 iuramentum
1017 2630 1205 2667 inducitur
1233 2632 1280 2668 ad
1310 2631 1411 2668 iusti—

347 2684 543 2720 ficandum
563 2684 752 2731 homines,
769 2691 805 2720 et
820 2684 868 2721 ad
888 2684 1100 2721 finiendum
1118 2684 1410 2733 controversias,

346 2746 388 2774 ut
416 2736 550 2774 dicitur
578 2738 630 2774 ad
653 2738 753 2774 Heb.
774 2737 859 2774 V1*.

402 2790 478 2827 Sed
507 2786 762 2827 iuramentum
789 2790 889 2828 cedit
918 2790 956 2826 in
984 2790 1129 2826 malum
1150 2789 1260 2826 alicui
1290 2802 1334 2826 ex
1363 2803 1409 2828 eo

347 2843 453 2890 quod
490 2844 589 2880 male
617 2843 732 2880 utitur
766 2855 833 2889 eo,
863 2843 959 2879 idest
996 2842 1076 2879 sine
1114 2843 1335 2879 necessitate
1375 2851 1411 2881 et

347 2897 492 2933 cautela
512 2896 648 2933 debita.
674 2896 834 2933 Videtur
854 2896 956 2933 enim
976 2908 1135 2944 parvam
1157 2896 1408 2934 reverentiam

402 3010 428 3041 α)
447 3009 611 3040 prohibetur.
625 3023 644 3028 —
662 3010 688 3034 in
708 3011 765 3043 lege
785 3010 877 3035 divina
896 3010 994 3034 addunt
1013 3011 1058 3034 Pa.

402 3042 427 3076 β)
447 3044 533 3069 addit.
545 3058 564 3063 -
581 3045 690 3070 addidit
708 3045 758 3069 PL.

402 3080 428 3112 γ)
448 3079 480 3104 de
499 3079 651 3105 Mendacio.
663 3094 681 3099 —
698 3083 793 3105 contra
813 3080 984 3106 Mendacium
1005 3080 1106 3105 codices
1126 3086 1151 3105 et
1169 3087 1194 3104 a.

1469 673 1610 709 habere
1639 674 1687 711 ad
1716 675 1843 711 Deum
1871 675 1935 724 qui
1965 688 2053 712 eum
2084 687 2128 712 ex
2151 676 2226 712 levi
2255 688 2369 713 causa
2397 683 2530 713 testem

1468 725 1631 762 inducit:
1662 728 1766 775 quod
1795 740 1874 764 non
1902 737 2164 776 praesumeret
2188 729 2300 766 etiam
2330 731 2376 766 de
2405 729 2530 778 aliquo

1468 778 1550 815 viro
1579 779 1754 816 honesto.
1786 781 1964 817 Imminet
1986 781 2099 818 etiam
2119 781 2329 830 periculum
2357 782 2531 830 periurii:

1468 832 1556 879 quia
1585 832 1632 868 de
1661 832 1757 868 facili
1786 833 1907 869 homo
1945 833 1983 870 in
2010 835 2132 871 verbo
2166 834 2368 884 delinquit,
2397 847 2531 872 secun-

1469 885 1560 921 dum
1590 885 1681 921 illud
1711 887 1783 922 Iac.
1805 897 1840 922 111
1859 885 1899 922 *z
1929 886 1972 922 Si
1996 887 2078 934 quis
2106 887 2143 923 in
2167 889 2281 925 verbo
2310 900 2384 925 non
2414 888 2530 938 offen-

1467 938 1538 983 dit,
1567 939 1627 974 hic
1647 940 1839 986 perfectus
1867 944 1922 975 est
1946 939 2017 975 vir.
2055 939 2166 976 Unde
2199 947 2236 976 et
2262 941 2378 977 Eccli.
2407 953 2492 978 xx111
2511 941 2532 962 ’¹‘

1468 990 1622 1027 dicitur:
1651 992 1841 1028 Iurationi
1872 1003 1946 1028 non
1982 998 2174 1029 assuescat
2199 1004 2240 1029 os
2273 999 2396 1030 tuum:
2425 993 2532 1030 multi

1467 1044 1566 1080 enim
1595 1056 1704 1081 casus
1731 1044 1768 1082 in
1798 1045 1873 1081 illa.

1519 1099 1578 1133 AD
1607 1109 1743 1134 PRIMUM
1781 1109 1879 1134 ERGO
1908 1109 2092 1134 DlCENDUM
2121 1099 2226 1146 quod
2258 1098 2531 1146 Hieronymus,

1465 1161 1579 1197 super
1606 1151 1743 1187 Matth.
1770 1150 1809 1197 ²⁸,
1837 1150 1943 1188 dicit:
1980 1151 2184 1188 Considera
2222 1151 2323 1199 quod
2357 1150 2533 1188 Salvator

1467 1214 1541 1239 non
1557 1214 1629 1250 per
1647 1204 1771 1240 Deum
1801 1204 1930 1240 iurare
1941 1204 2188 1252 prohibuerit,
2208 1204 2274 1241 sed
2284 1216 2358 1252 per
2385 1205 2531 1241 caelum

1467 1261 1504 1291 et
1529 1261 1681 1292 terram.
1711 1257 1828 1293 Hanc
1855 1257 1954 1293 enim
1976 1268 2049 1304 per
2074 1257 2255 1294 elementa
2283 1258 2436 1294 iurandi
2446 1269 2531 1306 pes-

1465 1307 1601 1344 simam
1621 1309 1923 1346 consuetudinem
1951 1305 2090 1346 habere
2107 1311 2244 1347 Iudaei
2269 1316 2485 1348 noscuntur.
2507 1331 2531 1338 -

1468 1357 1544 1397 Sed
1574 1360 1643 1397 ista
1662 1361 1861 1409 responsio
1890 1374 1969 1398 non
1989 1363 2146 1400 sufficit:
2177 1363 2264 1412 quia
2285 1364 2447 1400 Iacobus
2466 1364 2532 1401 ad-

1468 1413 1521 1450 dit
1540 1411 1555 1442 l³
1569 1412 1606 1449 *z
1636 1425 1755 1462 neque
1774 1426 1848 1462 per
1865 1414 1971 1451 aliud
1987 1416 2247 1464 quodcumque
2265 1416 2530 1453 iuramentum.

1522 1467 1571 1502 Et
1597 1466 1684 1503 ideo
1714 1467 1918 1504 dicendum
1947 1475 2003 1504 est
2031 1468 2147 1516 quod,
2177 1468 2272 1505 sicut
2298 1469 2532 1516 Augustinus

1467 1519 1567 1566 dicit,
1587 1519 1625 1555 in
1645 1520 1740 1556 libro
1761 1521 1806 1557 de
1823 1521 2028 1557 Mendacio
2048 1526 2063 1549 Υ
2078 1521 2109 1567 *‚
2130 1522 2234 1570 quod
2254 1522 2466 1570 Apostolus,
2493 1522 2531 1559 in
2559 1560 2569 1569 ,
2585 1558 2618 1581 C·
2656 1532 2686 1579 'tv

1466 1572 1640 1621 Epistolis
1667 1573 1743 1609 suis
1771 1574 1918 1619 iurans,
1947 1574 2104 1610 ostendit
2129 1575 2316 1622 quomodo
2349 1575 2532 1624 accipien-
2618 1564 2695 1587 ’Μ’

1467 1626 1556 1662 dum
1576 1631 1668 1662 esset
1686 1627 1787 1674 quod
1803 1627 1941 1663 dictum
1961 1632 2024 1673 est,
2043 1642 2062 1660 c<
2074 1627 2170 1664 Dico
2185 1628 2290 1665 vobis
2309 1640 2383 1664 non
2403 1628 2532 1665 iurare

1467 1679 1619 1716 omnino
1631 1692 1672 1715 »:
1695 1691 1741 1716 ne
1754 1679 1892 1716 scilicet
1905 1680 2065 1716 iurando
2080 1681 2132 1717 aa'
2136 1681 2364 1729 facilitatem
2380 1681 2534 1718 iurandi

1466 1732 1640 1768 veniatur
1658 1730 1683 1779 ὅ,
1704 1744 1754 1768 ex
1761 1733 1949 1781 facilitate
1977 1733 2130 1770 iurandi
2146 1735 2198 1770 ad
2214 1735 2529 1780 consuetudinem,
2657 1739 2672 1765 δ

1466 1797 1490 1821 α
1518 1786 1783 1822 consuetudine
1810 1786 1846 1822 in
1878 1786 2090 1834 periurium
2120 1787 2323 1824 decidatur.
2364 1788 2415 1823 Et
2446 1788 2527 1824 ideo

1466 1849 1540 1874 non
1569 1838 1756 1874 invenitur
1775 1838 1919 1875 iurasse
1947 1839 2019 1875 nisi
2035 1839 2211 1886 scribens,
2232 1840 2297 1876 ubi
2318 1840 2530 1877 considera-

1465 1891 1514 1927 tio
1543 1891 1689 1927 cautior
1717 1903 1791 1928 non
1820 1892 1932 1928 habet
1957 1892 2128 1941 linguam
2151 1893 2408 1941 praecipitem.

1517 1945 1576 1980 AD
1604 1955 1794 1981 SECUNDUM
1823 1956 2007 1982 DICENDUM
2036 1945 2152 1993 quod,
2174 1945 2270 1982 sicut
2297 1947 2531 1993 Augustinus

1465 1996 1565 2044 dicit,
1585 1996 1623 2033 in
1652 1996 1747 2033 libro
1777 1997 1822 2033 de
1850 1998 1970 2034 Serm.
1997 1998 2110 2034 Dom.
2133 1998 2170 2034 in
2198 1999 2334 2035 Monte
2351 1997 2450 2045 *,.si
2475 1999 2531 2035 iu-

1464 2061 1553 2086 rare
1581 2050 1740 2099 cogeris,
1760 2050 1857 2087 scias
1875 2051 1921 2087 de
1948 2051 2162 2087 necessitate
2178 2051 2307 2088 venire
2335 2051 2531 2099 infirmita-

1464 2103 1508 2138 tis
1536 2114 1667 2139 eorum
1697 2103 1829 2151 quibus
1856 2102 1999 2152 aliquid
2023 2104 2169 2150 suades,
2196 2116 2294 2153 quae
2322 2105 2447 2153 utique
2475 2105 2530 2142 in-

1454 2156 1623 2203 firmitas
1659 2155 1802 2193 malum
1839 2162 1901 2193 est.
1940 2158 2074 2204 Itaque
2107 2169 2182 2194 non
2219 2158 2335 2194 dixit:
2372 2173 2391 2191 e
2422 2158 2534 2200 Quod

1464 2208 1625 2257 amplius
1657 2214 1711 2245 est
1736 2209 1880 2246 malum
1916 2215 1969 2246 est
1990 2223 2035 2254 »,·
2070 2215 2108 2246 tu
2140 2210 2239 2247 enim
2274 2222 2349 2248 non
2386 2211 2530 2248 malum

1460 2262 1559 2308 facis
1577 2266 1589 2283 ⁸
1618 2263 1683 2310 qui
1700 2263 1793 2298 bene
1821 2263 1934 2298 uteris
1961 2263 2157 2309 iuratione,
2185 2269 2225 2299 ut
2245 2263 2356 2300 alteri
2371 2276 2529 2312 persua·
2657 2276 2667 2292 ε

1464 2315 1553 2351 deas
1572 2315 1674 2363 quod
1700 2315 1837 2351 utiliter
1855 2317 2076 2364 persuades:
2104 2317 2179 2362 sed,
2211 2332 2230 2349 c<
2253 2329 2277 2353 a
2304 2318 2405 2354 malo
2433 2323 2487 2354 est
2507 2333 2527 2351 ι

1465 2367 1562 2404 illius
1590 2368 1696 2404 cuius
1724 2369 1941 2416 infirmitate
1968 2369 2098 2405 iurare
2125 2370 2284 2419 cogeris.

1517 2422 1576 2457 AD
1605 2433 1765 2458 TERTIUM
1794 2433 1977 2458 DICENDUM
2015 2423 2117 2470 quod
2145 2422 2204 2459 ille
2234 2422 2298 2470 qui
2326 2422 2423 2460 iurat
2451 2436 2530 2461 non

1465 2481 1583 2510 tentat
1610 2475 1758 2510 Deum:
1789 2474 1877 2522 quia
1905 2487 1983 2511 non
2012 2475 2191 2523 implorat
2223 2475 2397 2512 ‘divinum
2427 2476 2530 2513 auxi-

1464 2526 1556 2562 lium
1586 2528 1732 2574 absque
1761 2527 1916 2563 utilitate
1945 2535 1982 2564 et
2005 2528 2245 2572 necessitate;
2276 2535 2312 2564 et
2333 2536 2531 2577 praeterea

1465 2591 1542 2615 non
1579 2579 1734 2628 exponit
1769 2592 1808 2616 se
1838 2580 1946 2617 alicui
1975 2581 2143 2629 periculo
2169 2581 2199 2618 si
2227 2582 2333 2618 Deus
2361 2581 2531 2619 testimo-

1463 2632 1570 2668 nium
1599 2632 1780 2669 adhibere
1818 2633 1980 2670 noluerit
2007 2634 2046 2670 in
2082 2631 2283 2682 praesenti.
2322 2634 2530 2672 Adhibebit

1462 2692 1590 2722 autem
1619 2698 1689 2734 pro
1720 2692 1822 2722 certo
1850 2686 2111 2724 testimonium
2139 2687 2178 2724 in
2206 2687 2346 2734 futuro,
2371 2688 2529 2736 quando

1463 2738 1688 2775 illuminabit
1707 2739 1924 2776 abscondita
1953 2741 2193 2777 tenebrarum
2216 2746 2253 2776 et
2278 2741 2534 2790 manifestabit

1464 2791 1619 2828 consilia
1648 2792 1831 2838 cordium,
1851 2800 1893 2828 ut
1921 2793 2055 2830 dicitur
2084 2795 2097 2829 l
2119 2793 2170 2830 ad
2192 2794 2279 2830 Cor.
2301 2805 2336 2830 1v
2354 2793 2385 2831 *.
2415 2795 2464 2831 Et
2491 2794 2531 2831 il-
2558 2804 2568 2814 ⁸
2583 2803 2684 2832 Verus·

1464 2844 1529 2881 lud
1557 2844 1816 2881 testimonium
1842 2846 1932 2882 nulli
1962 2846 2098 2883 iuranti
2118 2845 2278 2892 deficiet,
2302 2847 2364 2884 vel
2392 2859 2462 2895 pro
2483 2859 2530 2884 eo

1465 2898 1526 2934 vel
1557 2904 1688 2934 contra
1717 2910 1818 2935 eum.

2560 908 2570 918 ⁸
2584 906 2650 928 Vers.
2664 913 2684 928 2.

2559 955 2569 964 ⁸
2584 954 2651 976 Vera.
2667 960 2690 982 9.

2560 1161 2569 1170 ⁸
2593 1159 2717 1182 Commeat.
2745 1160 2770 1182 ἐκ

2559 1185 2644 1208 Matth.
2659 1186 2700 1209 lib.
2710 1186 2728 1212 1.
2740 1186 2770 1208 nd

2559 1218 2613 1267 segg.
2626 1219 2653 1239 v,
2669 1218 2728 1235 vers.
2742 1218 2771 1241 ³⁴

2560 1460 2569 1468 ·
2578 1458 2634 1480 boc.
2644 1462 2683 1480 cn.
2691 1458 2714 1479 in
2722 1463 2771 1486 arg.

2559 2011 2570 2022 ⁵
2576 2010 2627 2032 Lib.
2633 2010 2652 2038 1,
2658 2016 2709 2039 enp-
2714 2017 2770 2033 xvu.

1519 3010 1544 3043 δ)
1564 3012 1698 3036 veniatur.
1711 3025 1730 3030 —
1744 3013 1922 3044 perveniatur
1940 3016 1967 3038 et
1986 3013 2038 3041 Pa;
2056 3018 2115 3038 ante
2132 3021 2150 3038 a
2168 3014 2266 3039 addunt
2283 3016 2310 3039 et
2329 3013 2402 3039 Pria.

1464 3047 1636 3108 suazaj‘sacgs.
1648 3061 1666 3066 -
1679 3047 1781 3081 fateris
1800 3048 1930 3080 ABEpFK
1949 3053 1975 3073 et
1992 3056 2036 3078 xa,
2048 3049 2150 3082 seceris
2168 3049 2203 3080 1.;
2229 3057 2276 3081 pro
2294 3049 2452 3081 persuades,
2466 3056 2531 3082 per-

1028 3158 1360 3192 Commentario,
1383 3159 1634 3193 Gar-<finalis
1657 3161 1857 3194 Caietani

382 3249 401 3268 N
417 3238 549 3269 articulo
567 3239 705 3268 secundo
726 3238 867 3268 eiusdem
883 3231 1199 3278 octdgesimaenonae
1216 3240 1410 3279 quaestionis

355 3252 458 3313 Inota
477 3283 552 3313 duo.
577 3282 695 3318 Primo,
721 3283 907 3313 sententiam
929 3282 1016 3312 illam
1040 3292 1076 3312 ex
1092 3283 1272 3323 Augustino
1288 3283 1319 3313 *:
1353 3283 1410 3314 sci-

352 3327 423 3357 licet
438 3327 527 3367 quod
551 3326 748 3357 consuetudo
772 3326 895 3357 iurandi
912 3336 977 3357 non
1001 3335 1136 3362 excusat,
1156 3327 1210 3357 sed
1234 3327 1354 3358 inducit
1372 3328 1412 3357 ad

354 3370 537 3410 periurium.
563 3371 661 3408 Quod
685 3371 764 3401 bene
787 3377 898 3401 notent
921 3370 1045 3401 assueti.

409 3415 492 3445 Nota
516 3415 666 3451 secundo,
682 3415 770 3455 quod
794 3414 931 3445 secunda
954 3414 1032 3445 ratio
1056 3414 1175 3445 reddita
1198 3414 1230 3444 in
1249 3415 1359 3451 littera,
1380 3415 1411 3445 in

355 3458 559 3498 responsione
589 3458 629 3488 ad
656 3459 799 3495 tertium,
825 3458 962 3490 excludit
992 3469 1009 3488 a
1039 3458 1216 3489 iuramento
1248 3466 1413 3499 peccatum

354 3502 534 3532 tentationis
557 3502 615 3533 Dei
639 3503 732 3533 etiam
755 3503 787 3533 in
811 3503 859 3533 his
883 3503 937 3544 qui
960 3513 1038 3533 vane
1055 3502 1168 3533 iurant.
1193 3503 1355 3540 Quoniam
1377 3513 1412 3534 ex

1465 3241 1526 3271 hoc
1549 3242 1638 3281 quod
1660 3241 1795 3272 iurando
1819 3251 1885 3272 non
1917 3242 2047 3282 exponit
2069 3243 2148 3284 quis
2165 3253 2198 3273 se
2221 3243 2362 3283 periculo
2386 3243 2479 3274 alicui
2502 3243 2528 3273 si

1465 3285 1552 3315 Deus
1575 3284 1731 3316 testificari
1756 3285 1892 3316 noluerit
1916 3286 1948 3316 in
1966 3287 2131 3326 praesenti,
2148 3287 2314 3318 manifeste
2336 3293 2421 3327 patet
2440 3287 2528 3328 quod

1465 3328 1571 3358 iurans
1592 3339 1658 3359 non
1681 3335 1780 3360 tentat
1803 3330 1918 3366 Deum,
1943 3331 1997 3360 sed
2020 3331 2147 3362 invocat
2169 3331 2276 3372 ipsum
2291 3331 2324 3362 in
2349 3337 2461 3362 testem
2484 3330 2527 3361 sic

1466 3378 1502 3402 ut
1517 3372 1549 3402 in
1565 3372 1762 3413 beneplacito
1779 3383 1854 3404 suae
1869 3374 2039 3406 Maiestatis
2056 3375 2212 3416 relinquat
2228 3374 2480 3406 testificationem
2495 3374 2528 3405 in

1466 3417 1631 3456 praesenti,
1656 3417 1775 3458 absque
1798 3418 1894 3448 ullius
1917 3418 2103 3450 imminente
2129 3419 2256 3450 incursu
2280 3418 2419 3459 periculi.
2452 3419 2527 3449 Non

1467 3460 1510 3490 sic
1534 3460 1653 3491 faciunt
1668 3461 1723 3502 qui
1748 3461 1854 3492 duello
1877 3470 2039 3502 expectant
2056 3463 2200 3494 divinum
2223 3462 2452 3498 testimonium,
2473 3463 2527 3493 sed

1466 3511 1587 3535 tentant
1608 3505 1729 3535 Deum:
1755 3505 1835 3536 sicut
1851 3506 1905 3547 qui
1929 3507 2001 3547 igne
2024 3514 2079 3538 aut
2101 3517 2183 3548 aqua
2199 3516 2231 3537 se
2250 3516 2383 3547 purgare
2401 3506 2524 3538 volunt.

2840 3689 2860 3942 ,ulmam-a..
