2860 4244
423 287 498 312 210
1020 273 1285 320 QUAESTIO
1315 273 1527 319 LXXXIII,
1556 273 1851 310 ARTICULUS
1881 273 1984 309 XVII

419 360 497 390 tere
514 353 638 390 debita
657 353 832 401 proximo
855 351 952 388 dicat
975 350 1197 386 Orationem
1218 348 1476 395 Dominicam,
1504 348 1505 391 ἒ
1534 349 1660 397 doque
1681 357 1810 386 tamen
1830 350 1943 398 aliqui
1962 356 2181 398 peccatores
2200 349 2320 397 parati
2339 356 2426 386 sunt
2446 349 2590 386 debito-

419 418 498 443 non
518 406 706 452 mentitur,
728 405 901 453 quamvis
921 405 995 439 hoc
1015 402 1119 450 quod
1140 401 1228 438 dicit
1249 413 1328 437 non
1349 401 1394 437 sit
1412 413 1477 438 ve·
1504 396 1505 419 5
1533 401 1635 438 ribus
1661 402 1738 439 suis
1762 402 1950 439 remittere
1970 401 1995 439 ὃ.
2026 403 2075 438 Et
2097 401 2185 438 ideo
2209 401 2280 449 ipsi
2300 410 2451 438 orantes
2476 414 2589 439 exau·
2715 404 2729 429 ὃ

419 471 503 495 rum
519 465 702 505 quantum
719 458 766 494 ad
782 469 891 493 suam
906 467 1129 503 personam:
1150 462 1204 490 est
1220 453 1323 490 enim
1339 465 1476 490 verum
1533 453 1704 491 diuntur:
1735 455 1945 492 secundum
1967 455 2058 491 illud
2083 454 2200 491 Eccli.
2215 466 2324 491 xxvm
2341 455 2376 491 *ε
2405 455 2590 503 Relinque
2614 464 2625 476 ⁸
2640 461 2708 484 vm.
2723 467 2745 482 ²-

419 518 602 559 quantum
623 511 669 547 ad
694 521 896 558 personam
916 507 1120 544 Ecclesiae.
1148 507 1262 543 Extra
1284 518 1400 554 quam
1421 514 1476 542 est
1524 507 1706 554 proximo
1739 513 1802 544 tuo
1838 508 1986 544 nocenti
2011 513 2066 544 te:
2103 513 2139 544 et
2165 513 2252 543 tunc
2279 507 2493 555 deprecanti
2525 508 2591 544 tibi

278 569 294 595 Υ
418 563 552 600 merito
576 568 610 599 Υε
642 570 677 599 et
700 562 786 598 ideo
807 562 927 597 fructu
956 559 1138 596 orationis
1158 567 1270 596 caret.
1293 579 1317 587 -
1347 559 1476 605 Quan-
1524 565 1682 607 peccata
1707 560 1908 597 solventur.

466 695 492 728 γ)
513 694 603 718 Extra
621 700 699 725 quam
718 696 758 717 est
776 692 878 717 merito.
891 705 910 710 -
928 698 966 716 ex
984 698 1036 723 qua
1055 694 1095 716 est
1113 691 1236 716 meritum
1256 690 1284 716 Ρ.
1499 698 1502 724 Ι
1580 688 1605 722 δ)
1624 690 1768 715 remittere.
1779 704 1798 709 -
1816 690 1950 716 dImittere
1969 691 2016 716 Pa.

1085 770 1417 803 Commentaria
1439 769 1689 802 Oarfflnalis
1711 769 1910 802 Caietam

443 862 462 882 N
479 850 615 881 articulis
630 850 739 885 tribus,
764 849 879 880 scilicet
902 849 1153 890 quartodecimo,
1178 849 1419 890 quintodecimo
1444 856 1473 879 et
1496 850 1498 884 Ι
1524 848 1565 878 Et
1588 855 1753 888 propterea
1776 848 1979 888 distinguitur
2002 849 2090 890 quod
2118 856 2223 890 potest
2246 849 2413 890 dupliciter
2437 849 2586 886 inveniri,

417 864 667 930 Isextodecimo,
692 894 834 924 eiusdem
858 893 1062 933 quaestionis,
1088 892 1222 932 dubium
1239 893 1376 923 occurrit
1395 892 1474 923 circa
1496 907 1498 944 ι
1524 891 1640 922 scilicet
1656 891 1791 922 formata
1807 899 1837 922 et
1852 892 2013 923 informis:
2034 899 2071 923 ut
2085 893 2118 923 in
2134 893 2340 934 responsione
2356 894 2395 924 ad
2411 894 2588 925 secundum

411 940 534 970 tertiam
565 938 779 969 conditionem
810 937 976 974 orationis,
1009 937 1125 969 scilicet
1155 938 1188 978 ly
1207 939 1279 978 pie,
1304 937 1381 977 quid
1413 936 1471 966 im·
1496 945 1498 970 y
1524 936 1715 966 sextidecimi
1738 936 1858 966 articuli
1883 943 2022 976 apparet.
2047 937 2088 967 Et
2111 937 2185 967 hinc
2207 937 2295 968 reddi
2311 944 2416 977 potest
2438 938 2517 968 ratio
2540 938 2587 968 di-

411 990 523 1023 portet.
554 983 595 1013 Et
617 989 664 1013 est
687 982 766 1012 ratio
791 981 878 1012 dubii
909 982 984 1022 quia
1011 981 1044 1012 in
1067 981 1273 1022 responsione
1296 981 1336 1011 ad
1360 990 1471 1011 secun·
1496 971 1498 1038 ᾖ
1523 990 1687 1010 versorum
1703 980 1861 1011 dictorum
1876 981 1914 1011 de
1930 981 1988 1011 hac
2004 980 2196 1011 conditione.
2217 981 2300 1012 Nam
2312 981 2387 1022 quia
2401 982 2588 1013 huiusmodi

412 1028 490 1058 dum
512 1026 634 1057 articuli
657 1026 874 1067 quintidecimi
898 1029 1019 1056 Auctor
1046 1026 1120 1057 dicit
1143 1026 1231 1066 quod
1254 1035 1320 1057 non
1343 1025 1395 1065 pie
1418 1035 1471 1065 pe·
1495 1039 1498 1056 ÷
1523 1024 1656 1055 intentio
1678 1025 1716 1054 ad
1749 1025 1855 1055 Deum
1879 1031 1982 1065 potest
2006 1031 2142 1065 utroque
2163 1025 2262 1055 modo
2285 1025 2435 1062 inveniri,
2459 1026 2533 1056 ideo
2557 1033 2588 1057 et

411 1078 474 1102 tere
502 1077 548 1102 est
577 1077 682 1111 petere
713 1070 986 1110 complementum
1014 1069 1142 1110 peccati.
1176 1070 1223 1100 Ex
1246 1079 1312 1110 quo
1343 1076 1472 1109 apparet
1496 1057 1497 1102 i
1523 1078 1594 1098 vere
1611 1069 1725 1100 dicitur
1747 1069 1836 1109 quod
1855 1069 1995 1100 continet
2017 1068 2188 1100 amicitiam
2217 1069 2255 1099 ad
2279 1069 2395 1106 Deum,
2411 1068 2588 1101 verificatur

411 1116 499 1156 quod
522 1115 572 1156 pie
596 1122 699 1155 petere
724 1114 872 1145 coincidit
895 1124 968 1144 curn
988 1114 1126 1145 secunda
1146 1113 1338 1150 conditione,
1356 1113 1472 1144 scilicet
1496 1105 1497 1144 i
1524 1112 1608 1143 enirn
1632 1113 1694 1144 hoc
1723 1113 1762 1143 de
1789 1113 1962 1144 intentione
1978 1113 2128 1143 formata:
2154 1120 2185 1144 et
2208 1113 2297 1153 quod
2313 1113 2407 1144 habet
2428 1113 2539 1144 locum
2554 1113 2587 1144 in

412 1160 592 1191 necessaria
615 1159 658 1190 ad
679 1159 815 1190 salutem
835 1165 955 1199 petere:
982 1169 1056 1189 nam
1079 1159 1216 1198 petendo
1237 1157 1407 1188 necessaria
1431 1158 1470 1187 ad
1496 1154 1497 1193 l
1522 1157 1752 1198 peccatoribus,
1770 1157 1945 1188 verificatur
1968 1157 2053 1187 enim
2072 1158 2133 1188 hoc
2150 1158 2189 1187 de
2204 1157 2344 1188 informi.
2369 1157 2410 1188 Et
2425 1158 2514 1199 quod
2537 1167 2588 1188 ex-

411 1204 556 1242 salutem,
580 1203 631 1243 pie
654 1203 802 1243 petimus.
1496 1207 1497 1234 l
1523 1201 1622 1231 cludit
1637 1208 1741 1241 petere
1757 1212 1839 1241 opus
1862 1202 1991 1242 peccati,
2009 1202 2083 1243 quia
2100 1208 2266 1241 peccatum
2290 1211 2356 1232 non
2372 1208 2419 1232 est
2434 1201 2588 1232 rescribile

465 1248 506 1279 Et
528 1254 661 1287 augetur
683 1247 832 1282 dubium,
856 1246 931 1287 quia
953 1246 986 1276 in
1009 1245 1141 1276 articulo
1165 1245 1378 1276 sextodecimo
1402 1247 1469 1275 Au—
1495 1267 1496 1272 ,
1521 1245 1554 1275 in
1578 1245 1697 1276 Deum:
1722 1252 1753 1276 et
1776 1247 1865 1286 quod
1881 1256 1946 1276 non
1969 1246 2120 1277 coincidit
2134 1256 2208 1276 curn
2232 1245 2284 1276 illa
2309 1245 2506 1284 conditione,
2530 1245 2588 1276 sci-

411 1299 487 1328 ctor,
503 1292 535 1322 in
551 1301 683 1331 corpore
700 1291 830 1326 articuli,
856 1290 930 1320 dicit
953 1290 1040 1330 quod
1059 1289 1092 1319 in
1107 1297 1310 1329 peccatorum
1326 1289 1470 1319 oratione
1495 1288 1496 1322 l
1521 1289 1594 1319 licet
1617 1291 1799 1320 necessaria
1822 1290 1865 1320 ad
1886 1291 2040 1328 salutem,
2064 1291 2119 1320 sed
2143 1290 2346 1330 distinguitur
2368 1290 2407 1320 ab
2434 1300 2486 1326 ea,
2511 1289 2587 1331 quia

410 1342 544 1375 possunt
567 1335 699 1366 inveniri
716 1345 827 1365 omnes
846 1341 984 1374 quatuor
1000 1333 1214 1363 conditiones:
1241 1340 1271 1363 et
1293 1333 1379 1363 idem
1395 1343 1469 1363 con·
1494 1327 1496 1362 ,⁴
1516 1333 1572 1372 pie
1588 1339 1707 1372 spectat
1722 1333 1762 1363 ad
1781 1333 1990 1364 intentionem
2013 1341 2156 1374 respectu
2180 1333 2285 1364 ultimi
2303 1333 2374 1364 finis
2393 1333 2586 1374 simpliciter,

409 1379 512 1410 firmat
526 1380 559 1410 in
583 1379 787 1419 responsione
803 1379 840 1408 ad
866 1378 1042 1408 secundum
1065 1377 1192 1408 ibidem.
1218 1378 1252 1407 In
1269 1377 1378 1408 Tertio
1393 1387 1468 1407 vero
1493 1394 1496 1411 ἶ
1521 1376 1577 1417 qui
1596 1383 1643 1407 est
1661 1377 1757 1413 Deus,
1783 1379 1963 1408 necessaria
1988 1387 2063 1408 vero
2088 1378 2131 1408 ad
2153 1379 2289 1409 salutem
2314 1385 2433 1419 spectat
2456 1379 2495 1408 ad
2519 1388 2586 1409 rem

409 1424 504 1454 Libro
523 1424 642 1454 Contra
658 1423 761 1460 Geni„
775 1433 841 1462 cap.
855 1433 934 1458 xcvr,
952 1424 1072 1452 Auctor
1083 1421 1151 1451 vult
1166 1421 1336 1452 amicitiam
1351 1421 1469 1451 orantis
1493 1416 1495 1464 J
1522 1420 1662 1461 petitam.
1687 1423 1734 1451 Ac
1757 1431 1813 1461 per
1835 1422 1915 1458 hoc,
1939 1421 2019 1451 illud
2042 1428 2161 1461 spectat
2183 1422 2223 1452 ad
2246 1432 2390 1453 amorem
2412 1422 2584 1453 amicitiae:

410 1478 483 1498 cum
498 1468 567 1498 Deo
591 1467 776 1497 intervenire
799 1466 831 1496 in
849 1466 991 1496 oratione
1007 1465 1133 1501 efficaci,
1158 1475 1239 1506 quae
1263 1466 1322 1495 sub
1345 1465 1469 1505 pietatis
1493 1475 1495 1510 ς
1521 1465 1583 1495 hoc
1606 1466 1646 1495 ad
1669 1475 1812 1496 amorem
1836 1465 2119 1506 concupiscentiae.
2144 1466 2184 1496 Et
2200 1472 2333 1507 uterque
2356 1472 2462 1506 potest
2480 1466 2587 1499 haberi

409 1511 538 1542 nomine
562 1511 709 1542 concludi
732 1510 866 1540 videtur.
1493 1512 1494 1548 l
1519 1509 1666 1539 informis
1686 1516 1717 1540 et
1740 1509 1904 1541 formatus.
1928 1510 2036 1540 Potest
2055 1509 2140 1540 enirn
2157 1517 2303 1550 peccator
2317 1511 2350 1540 in
2366 1511 2475 1551 aliquo
2491 1520 2587 1551 opere

464 1556 500 1586 11.
524 1556 574 1585 Ad
602 1556 664 1585 hoc
697 1554 809 1585 dicitur
831 1553 920 1594 quod
949 1553 1002 1583 illa
1026 1553 1166 1584 conditio
1189 1554 1245 1593 pie
1273 1553 1306 1583 in
1329 1553 1391 1584 hoc
1422 1553 1466 1583 di-
1492 1549 1494 1599 1
1520 1553 1649 1593 diligere
1664 1554 1770 1584 Deum
1786 1561 1914 1595 propter
1929 1553 2036 1594 ipsum
2059 1554 2179 1584 Deum:
2206 1561 2241 1585 ut
2264 1554 2443 1596 frequenter
2464 1554 2587 1586 contin-

408 1599 576 1639 stinguitur
594 1600 633 1630 ab
654 1599 722 1629 aliis
746 1597 980 1629 conditionibus
1004 1598 1092 1638 quod
1116 1597 1194 1627 aliae
1217 1607 1385 1638 personam
1409 1608 1467 1638 pro
1492 1603 1494 1634 j
1519 1598 1564 1638 git
1591 1598 1623 1628 in
1647 1598 1768 1628 actibus
1791 1598 1951 1638 religionis
1959 1607 1967 1635 ;
1993 1605 2023 1629 et
2047 1598 2320 1629 observationibus
2343 1606 2587 1639 praeceptorum

408 1654 489 1684 qua,
513 1653 581 1673 rem
604 1643 734 1684 petitam
765 1650 795 1673 et
823 1642 1085 1683 perseverantiam
1116 1641 1307 1682 significant,
1338 1642 1397 1672 ista
1420 1642 1466 1672 in·
1492 1638 1494 1647 ’
1520 1642 1698 1672 multorum
1721 1641 1992 1679 affirmativorum,
2015 1649 2051 1673 ut
2074 1650 2120 1673 est
2147 1643 2281 1674 redditio
2305 1650 2465 1679 votorum,
2483 1643 2588 1674 honor

406 1687 581 1718 tentionem
604 1687 790 1718 referentem
812 1687 851 1716 ad
875 1687 980 1716 Deum
1003 1685 1171 1726 importat:
1197 1696 1272 1716 narn
1295 1685 1394 1727 pietas
1418 1686 1467 1716 of·
1491 1695 1493 1728 ᾗ
1518 1693 1697 1726 parentum,
1714 1686 1847 1717 redditio
1869 1687 1956 1723 iusti;
1981 1694 2012 1717 et
2034 1687 2263 1727 negativorum,
2288 1694 2324 1718 ut
2344 1698 2410 1718 non
2433 1687 2584 1725 occidere,

407 1731 513 1762 ficium
534 1742 569 1762 ac
591 1732 712 1762 cultum
731 1730 870 1761 caelestis
894 1730 1010 1770 patriae
1024 1730 1160 1770 Principi
1184 1737 1215 1761 et
1234 1730 1316 1761 Patri
1326 1728 1465 1762 exhibet.
1490 1740 1492 1770 χ
1519 1740 1584 1760 non
1600 1730 1706 1767 furari,
1723 1741 1789 1761 non
1813 1741 1926 1771 negare
1948 1730 2054 1767 fidem,
2079 1738 2110 1762 et
2132 1731 2328 1764 huiusmodi.

1058 1902 1374 1944 ARTICULUS
1406 1901 1925 1944 SEPTIMUSDECIMUS

823 2003 978 2033 UTRUM
1004 2002 1346 2034 CONVENIENTER
1369 2002 1595 2034 DICANTUR
1616 2002 1716 2033 ESSE
1740 2002 1974 2034 ORATlONIS
1997 2002 2162 2034 PARTES

661 2046 1049 2084 OBSECRATIONES,
1087 2046 1172 2078 ORA
1181 2046 1359 2085 TIONES,
1391 2046 1779 2084 POSTULATIONES,
1813 2047 1897 2078 GRA
1907 2047 2082 2078 TIARUM
2102 2046 2334 2079 ACTIONES

803 2134 836 2157 lV
856 2134 937 2163 Sent„
959 2134 1017 2158 dist.
1036 2141 1076 2164 κν,
1096 2141 1141 2166 qu.
1159 2141 1193 2164 tv,
1213 2138 1258 2159 art.
1280 2133 1309 2164 33
1327 2134 1371 2158 Aa
1391 2134 1514 2166 Philipp„
1535 2142 1592 2167 cap.
1610 2141 1644 2164 ιν,
1664 2134 1722 2158 lect.
1741 2142 1764 2165 η
1785 2134 1793 2158 l
1812 2134 1849 2158 ad
1871 2134 1946 2162 Tim„
1967 2141 2022 2167 cap.
2040 2141 2072 2166 11,
2092 2135 2150 2160 lect.
2167 2142 2186 2160 ι.

1521 2214 1624 2251 mine
1644 2213 1842 2251 orationis:
1869 2214 1957 2262 quia
1977 2214 2095 2251 oratio
2117 2222 2172 2251 est
2189 2226 2364 2252 ascensus
2383 2215 2585 2255 intellectus

430 2229 496 2272 ,225³
517 2231 589 2277 Μ(
617 2225 639 2250 D
668 2225 1012 2250 SEPTIMUMDEOEMUM
1046 2213 1099 2250 sic
1131 2213 1360 2262 proceditur.
1404 2213 1468 2250 Vi-

434 2255 592 2324 ῆμῇιη
618 2266 725 2303 detur
745 2266 848 2315 quod
868 2266 1182 2303 inconvenienter
1198 2267 1370 2304 dicantur
1385 2279 1466 2303 esse
1520 2267 1557 2303 in
1578 2268 1702 2303 Deum
1721 2266 1752 2303 ²⁸.
1775 2288 1798 2294 -
1824 2267 2015 2315 Secundo,
2036 2267 2237 2316 requiritur
2254 2267 2398 2317 petitio,
2418 2282 2518 2318 quae
2537 2269 2584 2308 si·
2610 2281 2824 2305 mmmmm.

422 2301 476 2377 ’ᾖα
519 2338 536 2369 f<
552 2304 796 2356 ''orationis
815 2327 940 2369 partes
961 2320 1245 2367 obsecrationes,
1266 2320 1465 2366 orationes,
1520 2319 1718 2368 gnificatur
1737 2320 1891 2357 nomine
1905 2321 2183 2369 postulationis:
2212 2322 2292 2358 sive
2312 2321 2442 2371 petitio
2463 2320 2479 2352 β
2496 2335 2584 2372 pro·
2610 2308 2649 2331 ω
2709 2336 2724 2370 ρ

267 2381 284 2397 ‘²
462 2387 472 2398 κ
493 2365 558 2405 ῑὲἴῖ)
572 2364 606 2407 k
627 2372 890 2420 ostulationes,
910 2373 1126 2422 gratiarum
1144 2378 1161 2394 α
1180 2374 1354 2410 actiones.
1386 2374 1465 2410 Ob·
1519 2381 1684 2422 ponatur
1699 2373 1960 2421 determinate,
1981 2375 2087 2422 quod
2107 2375 2262 2423 quidem
2282 2375 2483 2413 nominant
2501 2376 2583 2426 qui-

171 2484 270 2515 }.Tract.
285 2484 381 2512 XXXV,

173 2517 195 2532 ιη
228 2516 253 2532 ca
272 2526 278 2533 .

172 2543 231 2559 vers.

308 2517 363 2533 xxvi
375 2527 381 2538 ,

172 2747 182 2756 '⁸
190 2747 226 2767 De
239 2746 297 2768 Fide
314 2747 380 2769 Orth.

171 2773 210 2794 lib.
217 2773 256 2800 111,
262 2779 312 2801 cap.
317 2780 380 2796 xxiv.

173 3175 183 3185 *
193 3173 214 3195 V
216 3179 259 3195 ers.
274 3180 289 3196 1.

408 2424 565 2461 sectatio
579 2425 679 2462 enim
690 2425 838 2462 videtur
853 2438 934 2463 esse
951 2426 1141 2474 quaedam
1156 2426 1353 2463 adiuratio.
1376 2426 1464 2473 Sed,

408 2477 502 2514 sicut
517 2477 701 2525 Origenes
722 2478 818 2526 dicit,
838 2491 950 2527 super
964 2479 1100 2516 Matth.
1117 2478 1148 2525 ²¹⁶,
1170 2492 1244 2516 non
1270 2485 1415 2527 oportet
1429 2485 1468 2515 ut

406 2530 467 2567 vir
486 2530 551 2578 qui
567 2531 647 2567 vult
662 2532 865 2568 secundum
891 2531 1142 2581 Evangelium
1162 2532 1300 2578 vivere,
1321 2533 1469 2568 adiuret

408 2583 544 2619 alium:
581 2584 614 2620 si
645 2584 743 2620 enim
772 2585 900 2621 iurare
928 2596 1001 2621 non
1040 2585 1141 2630 licet,
1172 2597 1240 2621 nec
1274 2585 1463 2622 adiurare.

408 2637 509 2684 Ergo
539 2636 851 2674 inconvenienter
877 2638 1030 2686 ponitur
1049 2638 1261 2674 obsecratio
1287 2638 1466 2675 orationis

407 2701 504 2738 pars.

462 2753 497 2778 2.
510 2742 741 2789 PRAETEREA,
759 2743 891 2790 oratio,
910 2743 1123 2780 secundum
1139 2744 1423 2780 Damascenum
1433 2743 1464 2791 ²⁸,

407 2803 463 2831 est
483 2795 611 2842 petitio
640 2796 845 2832 decentium
873 2808 897 2832 a
916 2797 1010 2832 Deo.
1042 2796 1357 2833 Inconvenienter
1377 2808 1464 2844 ergo

407 2848 596 2884 orationes
625 2857 755 2885 contra
783 2849 1058 2898 postulationes
1087 2849 1317 2886 dividuntur.

462 2901 495 2937 3.
516 2901 748 2949 PRAETEREA,
777 2902 978 2950 gratiarum
1008 2902 1175 2938 actiones
1209 2902 1397 2951 pertinent
1416 2903 1465 2939 ad

406 2953 627 3001 praeterita,
664 2954 736 2991 alia
763 2967 856 2991 vero
896 2955 945 2991 ad
980 2955 1115 2992 futura.
1155 2956 1231 2992 Sed
1266 2955 1465 3003 praeterita

408 3014 494 3042 sunt
511 3006 637 3054 priora
657 3007 800 3044 futuris.
822 3008 1137 3045 Inconvenienter
1153 3021 1241 3056 ergo
1261 3009 1464 3056 gratiarum

408 3059 574 3095 actiones
602 3067 688 3107 post
717 3060 787 3096 alia
815 3069 1019 3108 ponuntur.

462 3112 501 3147 IN
539 3122 772 3149 CONTRARmM
809 3124 874 3149 Es‘r
901 3113 1103 3150 auctoritas
1141 3114 1333 3162 Apostoli,
1364 3115 1378 3150 I
1416 3115 1467 3150 ad

413 3164 507 3200 Tim.
529 3176 552 3200 11
570 3163 601 3200 ³¹⁶.

462 3218 686 3253 Rssspoaosso
714 3229 897 3254 D1CENDUM
926 3217 1032 3265 quod
1067 3218 1363 3255 adorationem
1397 3218 1465 3255 tria

407 3269 659 3318 requiruntur.
691 3270 867 3316 Quorum
895 3269 1063 3318 primum
1086 3277 1140 3306 est
1159 3278 1201 3307 ut
1229 3283 1341 3307 orans
1361 3283 1466 3307 acce-

410 3322 472 3358 dat
500 3322 548 3359 ad
577 3324 716 3370 Deum,
746 3335 862 3370 quem
883 3330 975 3359 orat.
1007 3323 1122 3369 Quod
1153 3323 1381 3370 significatur
1399 3335 1466 3359 no-

462 3452 489 3485 α)
507 3453 670 3485 gratiarum.
681 3466 699 3471 -
717 3456 743 3478 et
760 3453 913 3486 gratiarum
932 3453 1014 3478 PDsK
1029 3458 1054 3478 et
1072 3460 1098 3478 a.

463 3487 487 3520 β)
503 3488 605 3519 petitio.
618 3502 636 3507 -
650 3488 789 3520 petitionis
810 3488 1026 3521 BFpACEHIKx.
1041 3488 1180 3520 petitionis
1202 3491 1231 3513 ut
1249 3488 1352 3521 aliquid
1369 3495 1400 3514 sn
1413 3494 1438 3514 et
1450 3496 1467 3513 α

410 3522 446 3554 (et
462 3523 606 3590 §ii-quidem
627 3558 764 3583 nominant
777 3559 893 3590 quidam.
907 3573 926 3577 -
943 3559 1008 3591 quid
1021 3559 1160 3584 nominant
1172 3559 1277 3591 quidem
1293 3560 1341 3591 pA,
1357 3559 1465 3591 quidam

1520 2425 1610 2463 dam
1629 2431 1644 2454 Υ
1663 2426 1816 2475 proprie
1836 2428 2145 2475 postulationem‚·
2173 2427 2253 2465 sive
2279 2428 2581 2478 indeterminate,

1518 2486 1561 2515 ut
1590 2491 1678 2516 cum
1707 2479 1791 2528 quis
1819 2480 1912 2528 petit
1939 2480 2059 2518 iuvari
2085 2494 2107 2517 a
2127 2482 2224 2528 Deo,
2248 2481 2353 2529 quod
2381 2482 2584 2520 nominant

1518 2533 1844 2580 supplicationem;
1882 2533 1962 2570 sive
1991 2535 2115 2570 solum
2144 2534 2286 2571 facturn
2314 2543 2495 2583 narretur,
2525 2548 2582 2574 se-

1520 2585 1688 2621 cundum
1719 2585 1808 2622 illud
1839 2587 1943 2623 Ioan.
1963 2598 1998 2623 x¹
2018 2586 2055 2623 *ε
2092 2587 2208 2633 Ecce,
2239 2598 2348 2636 quem
2384 2600 2492 2626 amas
2526 2589 2581 2626 in-

1508 2639 1705 2685 firmatur,
1723 2639 1827 2686 quod
1846 2647 1987 2676 vocant
2007 2640 2306 2677 insinuationem.
2319 2662 2342 2668 -
2363 2641 2507 2689 Tertio,
2524 2654 2582 2679 re-

1519 2690 1678 2739 quiritur
1696 2691 1790 2728 ratio
1814 2692 2043 2740 impetrandi
2067 2694 2173 2740 quod
2191 2693 2340 2742 petitur.
2362 2695 2411 2731 Et
2429 2695 2504 2731 hoc
2518 2695 2581 2733 vel

1519 2756 1564 2780 ex
1584 2752 1690 2793 parte
1710 2744 1794 2791 Dei,
1814 2745 1876 2782 vel
1897 2757 1941 2781 ex
1961 2753 2067 2794 parte
2087 2747 2261 2794 petentis.
2291 2747 2403 2784 Ratio
2423 2748 2580 2797 quidem

1519 2796 1748 2846 impetrandi
1764 2809 1808 2834 ex
1828 2805 1933 2846 parte
1949 2798 2022 2835 Dei
2046 2806 2100 2835 est
2114 2799 2195 2836 eius
2217 2800 2404 2847 sanctitas,
2424 2809 2582 2851 propter

1519 2862 1636 2898 quarn
1655 2850 1819 2898 petimus
1837 2851 2020 2889 exaudiri:
2042 2853 2255 2890 secundum
2275 2854 2366 2891 illud
2386 2855 2483 2892 Dan.
2495 2855 2578 2893 ix*:

1517 2904 1677 2951 Propter
1713 2904 1942 2952 temetipsum
1972 2905 2131 2952 inclina,
2160 2907 2266 2943 Deus
2293 2919 2417 2953 meus,
2446 2919 2579 2946 aurem

1519 2961 1633 2993 tuam.
1677 2956 1726 2992 Et
1754 2957 1802 2993 ad
1840 2958 1915 2994 hoc
1943 2958 2104 3006 pertinet
2140 2960 2357 3007 obsecratio,
2387 2972 2486 3008 quae
2525 2968 2581 2998 est

1512 3020 1585 3057 per
1611 3021 1722 3046 sacra
1759 3011 1994 3047 contestatio:
2032 3011 2127 3048 sicut
2164 3024 2252 3050 cum
2291 3012 2469 3051 dicimus:
2506 3014 2581 3051 Per

1518 3062 1746 3099 nativitatem
1779 3068 1899 3109 tuam,
1930 3063 2046 3101 libera
2075 3076 2160 3111 nos,
2189 3066 2354 3103 Domine
2371 3066 2401 3104 ²¹³.
2423 3088 2446 3095 -
2467 3067 2578 3104 Ratio

1518 3127 1612 3151 vero
1641 3115 1866 3164 impetrandi
1890 3128 1933 3152 ex
1958 3125 2064 3165 parte
2091 3118 2253 3166 petentis
2283 3127 2338 3156 est
2364 3119 2579 3169 gratiarum

1518 3168 1637 3203 actio:
1666 3165 1754 3216 quia
1783 3168 1828 3205 de
1852 3169 2010 3217 acceptis
2037 3170 2223 3218 beneficiis
2249 3172 2396 3221 gratias
2414 3177 2578 3223 agente-5,

1518 3231 1709 3257 meremur
1730 3221 1900 3268 accipere
1911 3222 2075 3269 potiora,
2096 3230 2138 3259 ut
2155 3223 2193 3260 in
2214 3225 2369 3262 collecta
2387 3225 2407 3247 '¹‘
2433 3225 2577 3263 dicitur.

1573 3272 1622 3308 Et
1649 3271 1736 3308 ideo
1757 3273 1844 3309 dicit
1869 3274 2005 3311 Glossa
2023 3274 2054 3322 ²¹²,
2076 3276 2090 3311 Ι
2110 3276 2162 3312 ad
2182 3277 2276 3314 Tim.
2298 3290 2321 3314 11
2340 3277 2392 3324 ’¹‘*‚
2413 3277 2518 3327 quod
2539 3277 2577 3315 in

1520 3324 1634 3360 missa
1662 3325 1932 3363 obsecrationes
1958 3333 2044 3363 sunt
2070 3340 2167 3376 quae
2194 3330 2428 3377 praecedunt
2452 3342 2577 3368 conse-

1521 3455 1660 3480 nominant
1682 3456 1788 3487 quidem
1811 3457 1841 3486 Β,
1866 3457 1972 3489 quidem
1992 3458 2131 3484 nominant
2148 3460 2253 3492 quidem
2273 3460 2381 3492 quidam
2405 3460 2452 3493 pC,
2471 3460 2577 3492 quidem

1520 3490 1660 3515 nominant
1678 3490 1708 3520 D.
1728 3491 1867 3516 nominant
1886 3493 1915 3522 E,
1935 3493 2038 3524 quidem
2059 3494 2180 3519 nominat
2194 3495 2225 3525 G,
2244 3495 2352 3527 quidam
2372 3495 2511 3520 nominant
2523 3495 2576 3527 PH,

1519 3525 1627 3557 quidam
1647 3526 1786 3551 nominant
1803 3527 1911 3559 quidam
1931 3528 1965 3557 L,
1984 3529 2089 3561 quidem
2113 3530 2234 3554 nominat
2251 3530 2385 3562 quandam
2410 3535 2435 3555 et
2458 3532 2578 3564 expungit

1514 3561 1626 3592 proprie
1646 3561 1689 3591 sK,
1708 3561 1812 3593 quidem
1832 3563 2123 3596 nominantwquandam
2142 3572 2170 3590 κ.

2608 2597 2619 2609 ·
2632 2597 2700 2620 vern.
2713 2603 2735 2626 3.

2606 2862 2616 2872 ⁶
2632 2861 2700 2886 vm.
2715 2867 2746 2889 17,
2761 2862 2791 2885 18.

2607 3076 2616 3085 '¹
2631 3074 2707 3097 Lina.
2721 3074 2764 3098 SS-

2606 3188 2616 3199 ·
2637 3187 2691 3211 Fer.
2705 3194 2729 3211 vr
2745 3188 2818 3217 Quat.

2605 3214 2819 3264 ἷέᾓρᾌὲἑῖἑκ
2856 3223 2860 3252 ι·

2606 3267 2718 3296 Caveto.
2734 3267 2818 3294 Pont„
2857 3271 2860 3287 1

2605 3293 2751 3343 &affamu-
2855 3293 2860 3301 ⁹

2605 3347 2627 3359 ιι
2641 3347 2709 3371 vm·
2723 3353 2740 3370 ι·
