2860 4244
164 997 173 1005 ·
197 996 255 1016 Part.
278 995 301 1022 1,
331 1001 372 1022 qu.

163 1027 263 1048 cxxxiii,
285 1024 328 1042 art.
345 1027 372 1049 3,

163 1048 209 1069 ada
217 1037 313 1071 ;Ῑ“’“ΙῙ
315 1053 372 1075 ,.qu

162 1080 208 1100 xiv,
224 1079 266 1095 art.
281 1080 298 1095 1.

162 1563 171 1572 ·
181 1562 216 1583 De
230 1562 286 1583 Fide
301 1562 369 1584 Orth.

162 1589 200 1610 lib.
213 1589 240 1615 11,
252 1595 301 1616 cap.
311 1595 370 1611 χιιι.

160 2268 199 2289 ’1³
214 2267 271 2294 11⁸⁶,
287 2274 324 2295 qu.
340 2275 367 2295 x,

160 2298 201 2316 art.
217 2300 232 2316 Ι.

407 297 481 333 236

405 384 511 415 quare,
535 373 625 404 facile
641 373 802 403 veritatem
826 371 975 412 percipiet
999 369 1202 410 quaestionis.
1228 369 1494 399 Advertendum

404 425 450 455 est
473 418 561 458 quod
585 417 765 447 deliberatio
790 417 854 446 duo
878 415 1045 454 importat:
1070 413 1185 443 scilicet
1209 413 1387 443 discursum
1410 422 1466 444 seu
1492 435 1494 443 s

404 462 607 492 collationem
623 462 702 499 inter
719 460 832 496 multa;
849 466 880 489 et
896 458 1190 489 determinationem
1207 457 1246 486 ad
1262 467 1374 487 unum.
1390 457 1465 486 Non

404 506 487 536 enim
504 505 683 536 deliberatio
704 503 818 544 petitur
842 503 901 532 nisi
922 503 1051 543 quando
1067 501 1156 541 optio
1181 501 1272 531 datur
1288 501 1465 531 multorum

404 550 639 589 eligendorum:
664 549 774 578 saltem
797 546 1014 577 affirmationis
1037 546 1087 576 vel
1111 545 1297 595 negationis,
1322 551 1399 585 puta
1422 544 1467 575 fa-

403 603 470 624 cere
493 594 542 624 vel
566 603 631 623 non
656 591 765 622 facere.
790 591 830 621 Et
853 590 995 621 similiter
1011 600 1049 620 eo
1066 599 1167 630 usque
1191 589 1329 630 petimus
1353 590 1392 619 ab
1412 589 1465 620 ali-

403 648 465 678 qua
488 647 622 678 persona
646 644 680 666 ut
703 635 860 671 deliberet,
886 635 987 665 donec
1011 633 1198 664 determinet
1213 643 1246 664 se
1262 644 1302 664 an
1316 633 1391 664 velit
1413 643 1465 674 pa-

403 691 470 712 cem
494 688 548 711 aut
571 680 700 716 bellum,
718 679 843 719 nuptias
864 686 917 709 aut
937 678 1134 715 caelibatum,
1152 685 1182 709 et
1204 678 1400 709 huiusmodi.
1425 677 1466 709 Et

402 732 522 755 constat
546 724 632 765 quod
656 723 840 754 huiusmodi
864 722 1083 753 determinatio
1100 721 1293 753 conferendo
1310 721 1465 753 conditio-

402 779 455 799 nes
480 769 573 798 unius
597 768 693 808 partis
724 777 797 797 cum
821 767 1057 798 conditionibus
1082 766 1207 797 alterius
1235 766 1268 796 in
1292 766 1401 796 ordine
1425 767 1464 796 ad

401 823 433 843 se
456 814 505 842 vel
528 813 661 843 alterurn
684 811 728 847 fit,
745 811 932 851 experientia
948 818 1089 842 testante.
1114 811 1155 841 Et
1178 811 1216 841 de
1233 810 1375 841 discursu
1395 811 1466 851 qui-

401 858 473 887 dem
497 866 551 886 seu
569 855 737 886 collatione
761 855 946 886 huiusmodi
971 856 1058 886 nulla
1073 862 1119 885 est
1142 855 1286 896 quaestio
1311 855 1398 895 quod
1418 862 1465 885 est

403 908 488 931 actus
504 900 679 931 intellectus
703 900 839 940 practici.
863 900 984 931 Verum
1008 909 1083 930 cum
1105 899 1323 930 determinatio
1344 899 1383 930 sit
1406 900 1463 930 du-

401 945 480 985 plex,
505 945 661 985 quaedam
684 944 860 974 intellectus
884 944 1020 984 practici,
1045 954 1127 984 quae
1149 942 1184 974 fit
1207 943 1238 973 in
1259 943 1463 974 conclusione

401 988 522 1019 consilii
542 998 597 1029 per
613 995 718 1019 actum
734 988 853 1024 iudicii,
870 995 906 1019 ut
925 995 1010 1029 patet
1025 998 1062 1018 ex
1078 988 1263 1028 supradictis
1275 987 1302 1023 *,
1320 994 1350 1018 et
1368 997 1464 1027 quae·
1489 1023 1491 1030 ἲ

401 1034 474 1063 dam
497 1032 679 1069 voluntatis,
703 1042 786 1073 quae
808 1032 843 1063 fit
865 1042 921 1073 per
944 1040 1049 1063 actum
1065 1032 1236 1063 voluntatis
1260 1032 1464 1063 determinate

400 1077 536 1108 volentis
559 1077 667 1117 potius
690 1077 751 1107 hoc
774 1087 872 1117 quam
894 1077 984 1114 illud,
1009 1084 1087 1117 puta
1109 1077 1228 1107 nubere
1251 1086 1348 1116 quam
1372 1076 1464 1116 virgi-

400 1121 529 1152 nitatem
545 1129 679 1157 servare;
701 1128 730 1152 et
743 1128 1039 1162 quantumcumque
1055 1121 1168 1162 aliquis
1184 1120 1301 1150 iudicet
1320 1120 1464 1160 expedire

399 1166 458 1196 sibi
480 1165 580 1205 magis
603 1165 665 1196 hoc
688 1175 785 1206 quam
807 1165 897 1202 illud,
921 1176 988 1196 non
1004 1166 1107 1196 adhuc
1131 1165 1316 1195 deliberasse
1340 1164 1463 1201 dicitur,

399 1209 553 1250 quoniam
576 1209 668 1240 multi
692 1216 765 1240 sunt
788 1209 961 1240 iudicantes
985 1210 1043 1240 sibi
1066 1209 1165 1249 magis
1189 1209 1371 1248 eligendum
1395 1208 1462 1239 fore
1488 1220 1491 1228 *

400 1253 529 1294 aliquid,
553 1261 631 1294 puta
653 1263 760 1284 veram
783 1254 1010 1293 poenitentiam
1033 1260 1246 1293 peccatorum,
1267 1262 1333 1282 non
1356 1258 1462 1282 tamen

399 1298 571 1328 deliberant
600 1298 688 1328 illam
717 1298 880 1338 amplecti:
915 1307 1112 1338 consequens
1141 1303 1186 1327 est
1215 1303 1250 1326 ut
1280 1295 1461 1326 deliberatio

398 1342 549 1382 importet
571 1341 864 1372 determinationem
880 1341 1061 1372 voluntatis.
1085 1341 1130 1371 Ita
1153 1340 1243 1380 quod
1267 1339 1461 1376 deliberatio,

399 1386 470 1416 licet
493 1386 525 1416 in
549 1395 582 1415 se
604 1386 669 1416 duo
693 1386 830 1422 claudat,
855 1385 971 1416 scilicet
995 1385 1197 1416 collationem
1221 1383 1348 1424 practici
1372 1383 1461 1414 intel-

398 1430 496 1460 lectus
520 1437 549 1460 et
573 1430 868 1460 determinationem
891 1429 1079 1467 voluntatis,
1104 1438 1207 1460 unum
1235 1429 1460 1460 tantummodo

399 1473 564 1514 significat,
590 1473 706 1504 scilicet
732 1474 834 1514 ipsam
857 1474 1028 1505 voluntatis
1052 1472 1363 1508 determinationem,
1394 1482 1461 1503 non

399 1518 551 1554 absolute,
568 1518 623 1548 secl
646 1524 681 1547 ut
704 1528 741 1548 ex
755 1517 902 1549 discursu'
913 1518 1061 1549 collativo
1077 1517 1122 1548 fit.
1147 1517 1280 1556 Propter
1299 1516 1360 1546 hoc
1376 1517 1461 1547 enim

397 1562 520 1592 videtur
549 1572 566 1591 a
593 1562 791 1593 Damasceno
810 1563 827 1582 *
851 1562 1009 1594 distinctio
1037 1562 1090 1592 illa
1114 1562 1152 1592 de
1175 1561 1340 1592 voluntate
1363 1560 1460 1598 facta,

397 1606 514 1636 scilicet
541 1606 574 1635 in
597 1607 796 1637 voluntatem
825 1608 1007 1638 naturalem
1037 1613 1067 1636 et
1096 1605 1347 1637 deliberativam.
1377 1605 1461 1637 Hinc

398 1650 490 1680 etiarn
514 1649 549 1680 fit
572 1657 607 1681 ut
631 1651 803 1682 deliberans
828 1651 947 1692 aliquid
970 1651 1088 1686 facere,
1113 1650 1139 1680 si
1163 1656 1208 1680 est
1230 1650 1369 1685 bonum,
1393 1660 1461 1680 me-

397 1702 489 1730 retur,
515 1701 546 1724 et
568 1694 593 1724 si
617 1702 663 1724 est
686 1696 817 1731 malurn,
842 1703 964 1735 peccat:
990 1701 1163 1735 utrumque
1179 1693 1264 1724 enim
1287 1693 1460 1725 voluntatis

397 1745 453 1769 est.
484 1739 549 1769 Nec
572 1739 675 1770 obstat
698 1740 723 1770 si
747 1740 942 1790 quandoque
965 1739 1141 1770 inveniatur
1163 1738 1252 1779 quod
1279 1737 1461 1769 deliberatio

398 1789 443 1813 est
466 1789 554 1813 actus
577 1783 719 1814 rationis:
751 1784 905 1825 quoniam
931 1784 994 1814 hoc
1019 1790 1065 1814 est
1087 1793 1199 1813 verum
1228 1781 1335 1822 quoad
1365 1782 1461 1813 colla-

397 1826 527 1858 tionem.
561 1829 604 1857 At
631 1827 656 1857 si
682 1828 753 1869 quis
782 1829 951 1859 contendat
981 1828 1070 1868 quod
1097 1826 1279 1857 deliberatio
1307 1825 1462 1865 significat

398 1870 609 1907 collationem,
634 1881 699 1902 non
723 1873 1006 1923 qualitercumque,
1024 1871 1079 1902 sed
1102 1878 1137 1901 ut
1159 1870 1252 1901 infert
1275 1870 1461 1901 determina-

397 1915 518 1946 tionem
531 1915 721 1946 voluntatis:
746 1917 925 1947 meminerit
948 1916 1035 1956 quod
1053 1926 1119 1945 non
1134 1915 1172 1945 de
1187 1924 1229 1950 re,
1246 1914 1300 1944 sed
1320 1914 1359 1944 de
1373 1915 1460 1945 vocis

397 1958 623 1999 significatione
646 1961 864 2000 quaestionem
888 1960 970 1992 facit.

452 2003 499 2033 Ex
520 2003 583 2033 hoc
598 2007 705 2035 autem
729 2005 816 2045 quod
841 2004 1022 2035 deliberatio
1047 2002 1267 2034 determinatio
1284 2009 1330 2032 est
1345 2003 1460 2033 volun-

396 2047 466 2078 tatis
491 2057 527 2077 ex
551 2047 739 2085 collatione,
764 2049 928 2079 manifeste
958 2054 1043 2089 patet
1066 2048 1155 2088 quod
1178 2053 1266 2077 actus
1288 2046 1461 2078 voluntatis

395 2091 451 2132 qui
475 2101 541 2121 non
565 2101 601 2122 ex
624 2093 805 2129 collatione,
831 2094 886 2124 sed
909 2103 945 2123 ex
969 2092 1103 2133 simplici
1127 2090 1379 2132 apprehensione
1402 2092 1460 2122 ob-

394 2135 464 2166 iecti
488 2136 656 2175 prodeunt,
681 2137 840 2168 deliberati
863 2147 930 2168 non
953 2143 1041 2173 sunt,
1065 2143 1101 2167 ut
1124 2142 1271 2176 appetere
1294 2135 1460 2166 beatitudi-

396 2189 479 2215 nem,
503 2179 582 2210 velle
602 2190 678 2217 esse,
703 2182 788 2212 nolle
804 2182 973 2218 miseriam,
998 2188 1028 2212 et
1051 2179 1252 2211 huiusmodi:
1277 2186 1351 2210 sunt
1374 2180 1459 2210 enim

395 2231 482 2255 actus
505 2223 538 2254 hi
555 2235 573 2254 a
588 2225 751 2256 voluntate
775 2237 840 2256 non
855 2233 891 2257 ut
914 2225 1123 2261 deliberativa,
1144 2225 1199 2255 sed
1222 2230 1258 2254 ut
1277 2230 1388 2254 natura
1404 2231 1459 2261 est,

396 2275 431 2299 ut
452 2268 485 2298 in
509 2269 723 2308 superioribus
745 2270 763 2289 *
785 2270 978 2301 declaratum
1001 2269 1070 2300 fuit.
1111 2269 1170 2299 His
1193 2278 1324 2309 quoque
1348 2268 1460 2299 similis

395 2319 441 2343 est
469 2313 626 2352 appetitus
653 2314 783 2345 illorum
807 2325 905 2356 quae,
929 2321 965 2345 ut
992 2314 1097 2345 oblata
1121 2313 1212 2344 nobis
1236 2319 1328 2349 sunt,
1353 2312 1460 2344 statim

396 2357 603 2397 complacent,
627 2359 781 2399 quamvis,
799 2366 834 2390 ut
851 2359 964 2390 collata
980 2358 1106 2394 fuerint,
1122 2358 1306 2394 refutentur,
1331 2363 1367 2388 ut
1385 2364 1460 2389 sunt

395 2401 490 2441 primi
516 2409 623 2432 motus
647 2403 745 2433 nostri
768 2404 926 2444 appetitus
954 2403 1035 2434 circa
1058 2402 1156 2433 mala:
1191 2408 1237 2432 est
1267 2401 1353 2432 enim
1382 2409 1459 2433 tunc

395 2446 551 2486 quaedam
574 2447 725 2486 appetitio
749 2448 819 2478 talis
842 2448 956 2478 obiecti
981 2446 1170 2478 delectabilis
1193 2446 1244 2477 vel
1266 2445 1352 2476 utilis
1368 2447 1459 2477 abso-

394 2490 461 2521 lute
484 2490 581 2520 oblati
604 2498 755 2531 tanquam
780 2492 1000 2528 consonantis,
1025 2502 1106 2532 quae
1130 2491 1339 2531 postmodum
1362 2491 1458 2531 repri-

395 2534 491 2565 mitur
508 2535 701 2566 considerata
717 2546 836 2567 annexa
851 2536 1046 2577 turpitudine
1070 2536 1119 2565 vel
1143 2535 1294 2575 periculo,
1315 2541 1351 2564 ut
1374 2541 1460 2575 patet

395 2579 427 2608 in
451 2579 591 2609 motibus
615 2580 770 2617 avaritiae,
794 2581 936 2611 luxuriae
959 2587 990 2610 et
1012 2579 1208 2610 huiusmodi.

449 2623 579 2660 Verum,
604 2634 643 2654 ne
667 2624 795 2662 fallaris,
820 2625 898 2656 scito
922 2625 1012 2665 quod
1035 2624 1203 2664 dupliciter
1225 2621 1380 2662 contingit
1402 2633 1458 2653 vo-

394 2667 567 2698 luntarium
590 2675 696 2699 actum
719 2679 786 2699 esse
809 2679 847 2700 ex
870 2668 1055 2700 collatione:
1081 2668 1199 2699 scilicet
1217 2666 1388 2704 actualiter,
1408 2668 1459 2698 vel

394 2711 574 2742 virtualiter.
608 2713 662 2743 Ille
690 2720 777 2744 actus
807 2713 920 2744 dicitur
947 2723 1014 2743 esse
1041 2712 1202 2743 actualiter
1230 2721 1266 2742 ex
1289 2711 1458 2742 collatione

395 2757 435 2786 de
464 2766 530 2796 quo
562 2755 622 2787 fuit
645 2757 770 2788 collatio
795 2768 834 2788 an
862 2757 1024 2788 faciendus
1048 2757 1096 2787 sit.
1127 2756 1189 2787 Sed
1219 2756 1280 2786 hoc
1303 2755 1458 2796 contingit

396 2799 576 2840 dupliciter:
600 2801 716 2832 scilicet
735 2802 987 2842 perceptibiliter,
1005 2809 1035 2832 et
1053 2801 1143 2842 quasi
1159 2799 1457 2840 imperceptibiliter.

396 2844 586 2884 Exemplum
605 2845 708 2885 primi,
726 2853 761 2877 ut
777 2857 851 2877 cum
870 2846 941 2887 quis
958 2845 1079 2876 confert
1093 2855 1133 2875 an
1149 2844 1292 2875 ducenda
1308 2843 1348 2874 sit
1367 2854 1456 2881 uxor,

397 2894 427 2918 et
456 2889 585 2919 tandem
612 2889 762 2920 deliberat
785 2891 925 2921 uxorari:
957 2897 1033 2921 tunc
1056 2889 1141 2920 enim
1163 2889 1244 2919 velle
1267 2898 1399 2919 uxorem
1428 2896 1459 2920 et
1483 2910 1485 2915 -

398 2933 509 2962 ducere
533 2942 664 2963 uxorem
689 2944 725 2964 ex
749 2935 971 2965 deliberatione
988 2934 1148 2965 actualiter
1164 2940 1194 2964 et
1217 2932 1459 2973 perceptibiliter

396 2976 547 3015 procedit.
563 2994 583 2999 —
598 2977 790 3018 Exemplum
808 2979 948 3015 secundi,
961 2985 997 3009 ut
1019 2989 1093 3009 cum
1109 2978 1180 3018 quis
1196 2987 1233 3008 ex
1248 2977 1370 3017 impetu
1387 2987 1458 3018 pas-

397 3020 494 3049 sionis
517 3020 579 3050 irae
609 3030 829 3053 commovetur
857 3024 895 3053 ad
924 3023 1136 3054 occidendum
1158 3022 1209 3052 vel
1235 3021 1458 3061 blaspheman-

397 3064 484 3099 dum,
502 3070 532 3094 et
549 3064 743 3101 huiusmodi,
761 3073 791 3096 et
807 3067 940 3106 percutit
958 3067 1008 3097 vel
1031 3066 1243 3106 blasphemat:
1268 3070 1344 3096 tu‘nc
1360 3066 1456 3103 enim,

398 3107 545 3138 offerente
568 3109 715 3148 passione
738 3110 909 3141 vindictam
932 3118 968 3141 ut
990 3120 1182 3147 consonam,
1207 3110 1342 3141 occurrit
1365 3111 1456 3150 quasi

397 3151 685 3191 imperceptibiliter
713 3154 916 3193 oppositum,
945 3161 1037 3194 puta,
1071 3155 1156 3191 Quid
1173 3154 1292 3194 facis?
1321 3153 1458 3194 Oportet

398 3195 483 3225 enim
507 3205 582 3226 eum
605 3197 764 3227 advertere
787 3197 864 3238 quid
887 3197 989 3233 faciat,
1014 3198 1039 3228 si
1063 3198 1241 3228 humanum
1255 3204 1361 3228 actum
1385 3198 1459 3229 facit

399 3249 434 3269 ex
458 3239 622 3279 passione,
647 3241 790 3282 alioquin
813 3251 878 3272 non
903 3241 960 3271 sibi
982 3241 1206 3282 imputaretur:
1238 3248 1268 3271 et
1296 3241 1339 3272 sic
1367 3243 1458 3282 quasi

397 3283 683 3324 imperceptibiliter
706 3285 833 3316 confert
849 3285 994 3325 eligendo
1018 3295 1197 3316 consonum
1219 3285 1369 3324 passioni.

454 3330 551 3359 Actus
567 3338 696 3370 quoque
720 3339 756 3360 ex
775 3329 945 3360 collatione
960 3329 1131 3360 virtualiter
1156 3329 1321 3369 dupliciter
1336 3329 1457 3359 contin-

396 3371 449 3411 git.
473 3372 597 3409 Primo,
621 3373 674 3404 ille
697 3381 784 3404 actus
811 3374 924 3404 dicitur
947 3383 1014 3404 esse
1037 3373 1208 3404 virtualiter
1229 3383 1266 3404 ex
1289 3373 1458 3404 collatione

398 3415 435 3445 de
450 3425 516 3456 quo
532 3426 596 3447 non
613 3417 646 3447 in
669 3418 784 3458 seipso,
800 3418 854 3448 sed
877 3418 910 3448 in
933 3418 982 3448 sui
998 3417 1154 3458 principio
1171 3417 1299 3448 collatio
1316 3427 1456 3456 praeces-

398 3459 446 3489 sit.
472 3460 512 3490 Et
534 3460 595 3491 hoc
611 3462 710 3492 modo
726 3461 857 3492 artifices
876 3463 994 3502 absque
1011 3461 1124 3492 actuali
1141 3461 1374 3498 deliberatione,
1391 3471 1457 3492 non

398 3510 503 3533 tamen
520 3505 638 3545 absque
653 3506 786 3542 virtuali,
803 3513 989 3546 operantur:
1014 3516 1080 3536 non
1097 3505 1181 3536 enim
1201 3515 1275 3536 cum
1293 3505 1365 3546 quis
1388 3505 1458 3545 pul-

399 3554 445 3578 sat
467 3554 522 3578 aut
545 3549 658 3586 scribit,
683 3550 831 3581 deliberat
854 3551 893 3581 de
916 3550 1047 3590 singulis
1069 3549 1206 3586 actibus;
1230 3550 1285 3580 sed
1309 3549 1458 3579 delibera-

398 3591 442 3622 vit
471 3591 511 3622 de
536 3592 627 3623 initio
658 3594 811 3624 scribendi
841 3601 896 3625 aut
922 3594 1089 3634 pulsandi,
1114 3601 1144 3625 et
1173 3593 1389 3624 universaliter
1419 3594 1457 3624 de

399 3636 518 3666 utendo
542 3643 617 3667 tunc
640 3644 703 3668 arte
727 3638 789 3669 illa.
808 3656 828 3661 —
848 3638 1004 3675 Secundo,
1022 3645 1109 3669 actus
1123 3638 1175 3668 ille
1190 3637 1388 3668 voluntarius
1412 3637 1457 3667 di-

1035 291 1302 338 QUAESTIO
1333 291 1582 338 LXXXVIII,
1613 293 1909 330 ARTICULUS
1941 294 1953 329 I

1522 369 1601 400 citur
1624 380 1691 400 esse
1715 380 1751 401 ex
1775 371 1943 402 collatione
1966 371 2140 402 virtualiter
2163 371 2218 411 qui
2233 371 2277 402 sic
2292 371 2411 402 volenti
2430 379 2586 403 consonat

1521 419 1557 443 ut
1579 413 1660 444 nolit
1683 414 1825 446 conferre
1848 415 1886 445 de
1909 415 1982 445 illo:
2015 422 2050 446 ut
2078 415 2233 455 contingit
2260 416 2389 456 quando
2413 416 2484 458 quis
2508 426 2585 457 ope-

1520 463 1605 487 ratur
1621 467 1658 488 ex
1673 458 1781 489 habitu
1798 469 1854 490 seu
1870 459 2110 496 consuetudine,
2127 466 2182 489 aut
2197 459 2397 499 negligentia.
2418 459 2483 498 Qui
2499 460 2585 491 enim

1521 502 1785 533 consuetudinem
1804 513 1894 534 suam
1919 502 2122 544 prosequitur
2136 503 2168 533 in
2186 503 2273 533 bono
2289 503 2340 533 vel
2355 503 2388 533 in
2404 504 2500 540 malo,
2518 514 2582 535 non

1520 545 1670 577 deliberat
1692 547 1852 578 actualiter
1876 547 2005 588 quando
2029 547 2206 578 secundum
2229 547 2317 577 illam
2341 554 2502 587 operatur,
2527 558 2584 579 nec

1521 599 1664 630 unquam
1696 590 1776 622 forte
1806 590 1974 631 proposuit
1997 591 2043 622 uti
2066 591 2120 622 illa
2143 591 2391 622 consuetudine:
2423 592 2479 622 sed
2506 592 2584 632 quia

1519 633 1633 665 refutat
1657 634 1874 672 collationem,
1900 643 1930 666 et
1952 635 2031 666 illud
2055 645 2138 676 opus
2161 642 2302 676 acceptat
2325 645 2361 666 ac
2384 635 2410 665 si
2433 636 2583 666 contulis-

1490 682 1491 694 ¹
1519 684 1574 714 set,
1599 678 1677 708 dum
1701 678 1744 709 sic
1768 686 1907 719 acceptat
1929 679 2010 710 illud
2033 680 2121 721 quod
2144 679 2225 720 fugit
2249 679 2447 721 oppositum,
2472 690 2583 711 conse-

1518 731 1619 762 quens
1643 729 1689 753 est
1716 723 1805 763 quod
1828 733 1864 754 ex
1889 723 2058 754 collatione
2081 723 2254 755 virtualiter
2277 731 2436 764 operatur.
2468 723 2584 755 Omnis

1519 765 1603 796 enim
1623 766 1818 797 voluntarius
1834 774 1931 804 actuS,
1955 775 2077 807 praeter
2091 768 2248 802 naturales
2272 775 2302 799 et
2325 768 2446 808 primos
2463 776 2582 804 motus,

1518 820 1555 840 ex
1585 810 1753 841 collatione
1784 818 1845 841 est:
1877 821 1911 841 ac
1941 821 1996 851 per
2025 812 2103 848 hoc,
2133 812 2321 843 deliberatus
2350 812 2511 843 actualiter
2533 813 2583 843 vel

1517 854 1697 890 virtualiter,
1722 855 1858 895 positive
1880 855 1931 885 vel
1954 855 2106 895 negative,
2131 856 2274 896 explicite
2296 856 2346 886 vel
2369 855 2531 896 implicite.

1573 899 1620 929 Ex
1643 899 1754 929 eadem
1777 909 1908 940 quoque
1931 899 2035 929 radice
2058 906 2144 939 patet
2167 900 2325 930 distinctio
2349 900 2582 931 deliberationis

1518 953 1535 973 a
1558 943 1735 993 proposito.
1760 943 1924 981 Quoniam
1948 943 2129 974 deliberatio
2153 943 2449 975 determinationem
2467 945 2581 975 volun-

1517 987 1588 1018 tatis
1605 997 1641 1018 ex
1657 987 1826 1018 collatione
1846 986 1999 1027 significat
2014 987 2226 1018 indifferenter
2243 994 2386 1028 respectu
2410 989 2582 1029 praesentis

1518 1038 1573 1062 aut
1602 1031 1714 1063 futuri:
1749 1032 1959 1062 deliberamus
1988 1031 2073 1061 enim
2101 1038 2131 1062 et
2154 1042 2239 1062 nunc
2262 1031 2406 1072 pulsare,
2430 1033 2580 1070 scribere,

1517 1075 1570 1111 ire,
1588 1082 1662 1112 etc.;
1688 1082 1719 1106 et
1742 1076 1951 1106 deliberamus
1975 1085 2034 1106 nos
2058 1076 2168 1112 ituros,
2192 1076 2391 1116 pulsaturos,
2417 1076 2580 1115 missuros,

1518 1126 1548 1150 et
1570 1119 1767 1151 huiusmodi.
1791 1120 1996 1160 Propositum
2013 1126 2120 1151 autem
2136 1127 2166 1151 et
2188 1121 2228 1150 ad
2252 1120 2358 1151 futura
2373 1120 2580 1161 restringitur,

1517 1164 1624 1194 nullus
1648 1164 1733 1194 enim
1756 1174 1935 1204 proponere
1959 1164 2073 1195 dicitur
2095 1164 2155 1194 nisi
2180 1165 2218 1194 de
2242 1164 2356 1194 futuris
2380 1165 2508 1204 agendis
2531 1165 2582 1196 vel

1517 1207 1716 1239 omittendis:
1748 1216 1778 1239 et
1807 1208 2010 1239 collationem
2032 1208 2162 1239 rationis
2185 1208 2388 1248 praeferentis
2413 1218 2516 1239 unum
2540 1209 2581 1239 al-

1517 1252 1573 1282 teri
1597 1262 1663 1283 non
1686 1253 1846 1293 importat,
1871 1252 2119 1283 sedavoluntatis
2143 1260 2250 1283 actum
2270 1252 2447 1292 simplicem
2470 1254 2510 1284 ad
2534 1252 2581 1284 fu-

1515 1302 1625 1326 turum
1649 1297 1916 1327 committendum
1938 1303 1993 1327 aut
2015 1297 2230 1327 omittendum
2252 1296 2416 1337 significat.

1571 1340 1611 1370 V.
1635 1339 1721 1370 Cum
1739 1347 1847 1371 autem
1869 1340 2086 1380 multipliciter
2102 1341 2263 1381 contingat
2285 1341 2319 1371 in
2342 1341 2490 1372 humanis
2506 1342 2581 1373 acti-

1516 1383 1575 1413 bus
1599 1383 1856 1414 deliberationem
1871 1384 2067 1420 intervenire,
2091 1385 2219 1425 qualern
2243 1385 2344 1425 exigat
2366 1392 2480 1416 votum
2504 1386 2581 1417 deli-

1515 1427 1710 1459 berationem
1734 1438 1771 1459 ex
1794 1428 1915 1459 ratione
1945 1438 2042 1468 quare
2066 1429 2105 1459 ad
2128 1436 2241 1459 votum
2273 1429 2442 1470 requiritur
2464 1430 2581 1461 delibe-

1514 1471 1604 1508 ratio,
1630 1473 1823 1503 sumendum
1847 1479 1902 1503 est.
1930 1472 1964 1504 Si
1988 1472 2072 1503 enim
2096 1473 2278 1504 deliberatio
2302 1473 2435 1513 exigitur
2457 1474 2496 1504 ad
2519 1474 2582 1506 hoc

1515 1523 1551 1547 ut
1573 1522 1687 1547 votum
1703 1516 1743 1547 sit
1766 1524 1853 1547 actus
1870 1517 2004 1557 perfecte
2020 1517 2191 1554 humanus,
2210 1527 2409 1557 consequens
2424 1524 2471 1548 est
2489 1519 2580 1559 quod

1515 1561 1620 1591 omnis
1644 1560 1826 1592 deliberatio
1842 1561 2000 1592 sufficiens
2014 1562 2054 1591 ad
2077 1568 2243 1601 peccatum
2259 1561 2393 1592 mortale
2408 1561 2524 1594 sufficit
2542 1563 2583 1593 ad

1514 1612 1642 1635 votum:
1667 1605 1821 1645 quoniam
1840 1606 1973 1636 mortale
1996 1612 2162 1645 peccatum
2178 1616 2244 1636 non
2261 1612 2307 1636 est
2329 1605 2362 1636 in
2385 1606 2496 1646 primis
2511 1617 2582 1637 mo-

1514 1649 1609 1686 tibus,
1633 1655 1930 1690 quantumcumque
1954 1651 2077 1686 durent,
2101 1650 2156 1680 sed
2178 1650 2210 1680 in
2235 1650 2310 1680 solis
2335 1650 2455 1681 actibus
2478 1650 2581 1690 perfe-

1516 1693 1572 1724 ctis
1595 1693 1744 1724 humanis
1768 1694 1928 1731 consistit;
1961 1700 1995 1724 ut
2021 1701 2107 1734 patet
2135 1694 2174 1724 de
2198 1694 2405 1726 delectatione
2433 1705 2580 1732 morosa,

1515 1747 1597 1778 quae
1616 1748 1780 1778 nunquam
1799 1745 1846 1768 est
1869 1745 2033 1778 peccatum
2049 1738 2259 1773 mortalenisi
2273 1738 2394 1769 ratione
2410 1745 2579 1779 acceptata.

1515 1782 1547 1813 Si
1563 1792 1637 1812 vero
1653 1782 1786 1821 exigitur
1806 1782 1989 1813 deliberatio
2009 1783 2049 1812 ad
2067 1783 2129 1813 hoc
2145 1789 2181 1813 ut
2199 1782 2370 1822 promissio
2386 1782 2426 1814 sit
2441 1783 2581 1815 discussa

1514 1836 1550 1856 ac
1572 1832 1695 1856 mature
1719 1826 1847 1866 digesta,
1872 1836 1938 1856 non
1961 1827 2066 1862 omnis
2090 1827 2272 1858 deliberatio
2296 1837 2379 1868 quae
2401 1826 2517 1859 sufficit
2539 1829 2580 1859 ad

1514 1877 1680 1910 peccatum
1695 1871 1839 1907 mortale,
1860 1869 1974 1901 sufficit
1989 1871 2030 1901 ad
2044 1878 2167 1902 votum.
2191 1871 2232 1902 Et
2254 1870 2328 1902 licet
2349 1870 2400 1902 hic
2421 1872 2580 1904 secundus

1513 1914 1637 1945 dicendi
1661 1914 1777 1944 modus
1802 1925 1934 1954 magnae
1958 1914 2101 1945 videatur
2122 1914 2214 1946 inniti
2233 1915 2400 1956 aequitati,
2425 1916 2580 1956 quoniam

1512 1958 1684 1999 promissio
1715 1965 1781 1989 tam
1810 1960 1947 1989 arduum
1973 1958 2092 1989 habens
2115 1959 2297 1995 vinculum,
2321 1958 2439 1990 scilicet
2467 1960 2580 1991 mortis

1512 2010 1666 2040 aeternae,
1690 2013 1757 2033 non
1777 2003 1836 2033 nisi
1860 2003 1993 2034 consilio
2011 2009 2119 2034 exacto
2142 2002 2210 2033 fieri
2233 2003 2334 2039 debet,
2359 2002 2464 2042 multo
2479 2004 2581 2045 magis

1512 2057 1610 2088 quam
1629 2047 1782 2087 obligatio
1806 2048 1845 2078 ad
1859 2057 2007 2091 ¹poenam
2030 2047 2151 2087 proprii
2166 2047 2286 2087 capitis,
2310 2054 2431 2088 quanto
2448 2047 2513 2079 vita
2528 2057 2580 2080 ae-

1511 2098 1599 2122 terna
1622 2091 1790 2133 pretiosior
1814 2099 1859 2122 est
1882 2092 2066 2132 temporali:
2091 2091 2213 2132 primus
2236 2098 2342 2122 tamen
2365 2091 2491 2123 dicendi
2509 2102 2580 2124 mo-

1512 2136 1571 2166 dus
1595 2146 1632 2167 ex
1654 2138 1804 2172 Auctore,
1829 2136 1923 2167 sacris
1947 2135 2131 2172 canonibus,
2156 2143 2187 2166 et
2210 2135 2332 2167 ratione
2351 2137 2580 2176 comprobatur

1511 2190 1613 2212 verus.
1638 2183 1760 2211 Auctor
1776 2180 1934 2221 siquidem
1953 2181 1986 2211 in
2007 2180 2109 2211 littera
2131 2187 2299 2220 propterea
2322 2179 2580 2213 deliberationem

1512 2224 1592 2264 exigi
1615 2225 1690 2256 dicit
1711 2225 1751 2255 ad
1773 2231 1897 2261 votum,
1923 2225 1998 2265 quia
2021 2224 2224 2265 propositum
2240 2231 2287 2255 est
2300 2231 2388 2255 actus
2402 2224 2576 2257 voluntatis

1485 2277 1487 2290 ³
1511 2269 1717 2300 deliberatae:
1742 2279 1778 2300 ac
1801 2279 1858 2309 per
1878 2269 1940 2300 hoc
1960 2269 2052 2300 docet
2075 2269 2164 2309 quod
2187 2269 2241 2300 illa
2260 2268 2443 2300 deliberatio
2463 2268 2580 2302 sufficit

1512 2314 1551 2344 ad
1566 2320 1680 2344 votum
1696 2323 1778 2354 quae
1792 2312 1907 2345 sufficit
1922 2314 1962 2344 ad
1981 2313 2193 2353 propositum.
2215 2313 2350 2344 Constat
2365 2319 2474 2344 autem
2488 2314 2579 2354 quod

1511 2357 1617 2388 omnis
1640 2357 1823 2389 deliberatio
1847 2357 2005 2389 sufficiens
2029 2358 2069 2388 ad
2092 2358 2290 2397 peccandum
2313 2357 2488 2388 mortaliter
2513 2357 2580 2389 suf-

1510 2401 1575 2433 ficit
1597 2402 1637 2433 ad
1660 2409 1767 2433 actum
1790 2402 1962 2442 propositi:
1988 2411 2064 2432 nam
2082 2409 2249 2442 peccatum
2263 2401 2398 2432 mortale
2416 2408 2463 2433 est
2482 2402 2578 2435 etim

1510 2453 1598 2478 actus
1617 2446 1790 2477 voluntatis
1809 2446 2005 2477 deliberatae.
2030 2464 2050 2469 -
2076 2446 2109 2476 In
2127 2446 2220 2476 sacris
2239 2455 2370 2487 quoque
2390 2445 2578 2484 canonibus,

1511 2491 1619 2526 Extra,
1642 2491 1683 2522 de
1703 2491 1778 2521 Voto
1801 2495 1832 2520 et
1854 2490 1922 2521 Voti
1944 2490 2115 2530 redempt„
2141 2499 2209 2530 cap.
2232 2490 2409 2527 Vettianus,
2434 2499 2580 2530 expresse

1510 2542 1624 2566 votum
1637 2535 1756 2565 factum
1768 2536 1874 2575 magis
1885 2535 1985 2565 animi
1990 2534 2157 2575 facilitate
2171 2543 2267 2574 quam
2279 2534 2415 2565 arbitrio
2429 2535 2577 2572 rationis,

1509 2579 1652 2610 validum
1668 2579 1834 2610 iudicatur.
1853 2596 1874 2602 -
1894 2578 2022 2609 Rationi
2040 2587 2171 2619 quoque
2188 2585 2342 2620 consonat
2365 2585 2401 2609 ut
2423 2578 2506 2610 sicut
2527 2578 2576 2610 iu-

1509 2634 1581 2654 rans
1605 2634 1642 2654 ex
1665 2622 1896 2654 consuetudine
1919 2623 2003 2653 mala
2031 2629 2086 2653 aut
2108 2622 2254 2654 facilitate
2284 2632 2356 2653 reus
2380 2629 2427 2653 est
2449 2622 2579 2663 periurii

1510 2669 1543 2698 in
1565 2668 1744 2698 iuramento
1768 2666 1944 2703 assertorio,
1970 2667 1995 2697 si
2010 2666 2123 2697 veritas
2147 2667 2247 2703 deest,
2271 2666 2315 2698 ita
2329 2676 2449 2697 vovens
2465 2677 2525 2698 suo
2543 2677 2576 2699 se

1509 2713 1638 2743 vinculo
1666 2712 1826 2752 illaqueat.
1861 2711 1964 2742 Immo
1996 2710 2163 2751 dupliciter
2192 2710 2225 2741 hi
2252 2711 2296 2741 rei
2320 2721 2387 2742 esse
2410 2711 2576 2743 videntur:

1475 2757 1478 2761 '
1510 2757 1635 2797 primo,
1659 2756 1735 2797 quia
1763 2762 1835 2786 actu
1862 2762 1968 2792 tanto,
1992 2755 2110 2786 scilicet
2131 2761 2208 2786 voto
2233 2762 2264 2786 et
2290 2755 2487 2792 iuramento,
2510 2762 2578 2787 tam

1510 2802 1711 2832 irreverenter
1733 2806 1886 2836 utuntur,
1910 2800 2027 2830 scilicet
2050 2800 2169 2840 absque
2193 2806 2299 2830 exacta
2322 2799 2498 2840 diligentiaz
2530 2809 2577 2831 se-

1511 2846 1627 2881 cundo,
1652 2845 1741 2885 quod
1763 2851 1878 2875 votum
1901 2851 1955 2875 aut
1978 2844 2195 2875 iuramentum
2218 2854 2286 2875 non
2308 2851 2443 2876 servant.

1566 2889 1652 2920 Cum
1666 2889 1715 2919 his
1738 2895 1844 2919 tamen
1860 2888 2012 2919 omnibus
2029 2887 2186 2928 distingue
2209 2889 2299 2929 quod
2317 2895 2392 2919 vota
2410 2887 2578 2929 dupliciter

1509 2933 1599 2965 fiunt.
1625 2933 1791 2971 Quaedam
1809 2943 1845 2963 ex
1861 2932 2001 2973 diligenti
2016 2932 2159 2963 discursu
2179 2942 2214 2963 ac
2233 2933 2412 2973 proposito.
2437 2933 2479 2964 Et
2499 2931 2578 2964 haec

1510 2979 1603 3018 plene
1619 2985 1694 3008 sunt
1707 2984 1793 3008 vota.
1818 2977 1858 3008 Et
1880 2977 1913 3008 in
1932 2977 1981 3008 his
2001 2976 2218 3016 dispensandis
2239 2983 2294 3008 aut
2312 2976 2504 3008 redimendis
2522 2983 2578 3008 aut

1510 3021 1746 3054 commutandis
1769 3021 1901 3062 diligens
1919 3028 1966 3052 est
1989 3020 2167 3052 adhibenda
2190 3021 2342 3061 provisio.
2367 3039 2386 3043 —
2410 3021 2577 3059 Quaedam

1509 3077 1584 3097 vero
1614 3076 1651 3097 ex
1679 3066 1826 3097 facilitate
1849 3066 1947 3096 animi
1975 3073 2030 3096 aut
2057 3065 2258 3106 passionibus
2285 3065 2390 3096 statim
2412 3063 2510 3096 fiunt:
2541 3072 2578 3096 ut

1510 3111 1619 3142 multis
1642 3120 1701 3152 pro
1725 3110 1866 3151 qualibet
1880 3120 1914 3141 re
1931 3110 2039 3141 statim
2053 3109 2242 3141 voventibus
2258 3109 2422 3149 contingit.
2446 3109 2488 3141 Et
2504 3108 2576 3150 qui-

1510 3156 1584 3186 dam
1607 3162 1655 3186 tot
1677 3154 1891 3194 multiplicant
1913 3154 2044 3185 faciliter
2066 3160 2197 3194 propter
2214 3154 2350 3185 eandem
2365 3163 2434 3185 rem
2447 3159 2523 3185 vota
2541 3159 2577 3184 ut

1510 3199 1648 3230 nesciant
1667 3199 1706 3229 ad
1725 3209 1807 3240 quae
1821 3199 1970 3230 vovendo
1989 3208 2022 3229 se
2038 3197 2229 3238 obligarunt.
2253 3198 2295 3229 Et
2312 3197 2386 3230 talia
2399 3204 2484 3234 vota,
2503 3196 2577 3229 licet

1510 3243 1572 3274 sint
1593 3253 1666 3274 vere
1688 3249 1763 3274 vota
1785 3249 1816 3274 et
1839 3243 1879 3273 ad
1902 3249 2070 3283 peccatum
2084 3242 2219 3273 mortale
2243 3241 2424 3283 obligantia,
2443 3241 2518 3283 quia
2537 3250 2574 3272 ex

1510 3286 1675 3327 proposito
1700 3286 1870 3327 promissio
1894 3286 1964 3318 talis
1986 3286 2020 3318 fit
2042 3287 2126 3324 Deo;
2151 3296 2217 3317 non
2234 3293 2309 3318 sunt
2330 3293 2437 3318 tamen
2460 3293 2575 3325 usque-

1509 3340 1638 3372 quaque
1662 3331 1831 3371 obligativa
1849 3331 1866 3350 *
1875 3341 1965 3371 ,pro
1990 3337 2111 3372 quanto
2134 3329 2234 3362 facilis
2259 3331 2353 3362 debet
2373 3339 2487 3360 eorum
2506 3338 2575 3359 esse

1511 3374 1713 3415 dispensatio,
1730 3354 1906 3415 redemptio
1923 3381 1978 3406 aut
2001 3368 2220 3411 commutatio,
2238 3381 2274 3406 ut
2286 3375 2321 3405 in
2337 3374 2421 3405 dicto
2437 3383 2505 3413 cap.
2521 3372 2574 3404 Ve-

1512 3420 1627 3449 nientis
1650 3425 1787 3459 apparet.

1565 3463 1618 3493 VI.
1635 3463 1687 3493 Ad
1701 3463 1824 3493 obiecta
1838 3470 1947 3494 autem
1961 3463 1994 3493 in
2007 3462 2219 3503 oppositum*
2234 3462 2348 3492 dicitur
2363 3461 2452 3502 quod
2469 3460 2575 3491 distin·

1512 3507 1573 3538 ctio
1599 3506 1851 3538 voluntariorum
1874 3514 1983 3538 contra
2007 3507 2174 3538 deliberata
2200 3512 2306 3546 potest
2331 3504 2498 3545 dupliciter
2526 3504 2575 3534 in·

1511 3550 1616 3591 telligi.
1640 3551 1758 3587 Primo,
1776 3558 1811 3581 ut
1833 3550 1895 3582 sint
1914 3558 2002 3582 actus
2017 3550 2152 3591 perfecte
2167 3549 2300 3581 humani
2322 3558 2378 3580 seu
2393 3548 2574 3585 voluntarii,

1511 3601 1541 3625 et
1559 3601 1666 3625 tamen
1681 3605 1746 3625 non
1763 3601 1837 3626 sunt
1852 3595 2022 3626 deliberati.
2046 3595 2088 3626 Et
2101 3594 2145 3624 sic
2161 3600 2207 3625 est
2225 3593 2352 3624 falsum.
2372 3593 2446 3624 Alio
2462 3593 2573 3629 modo,

1511 3639 1586 3679 quia
1609 3645 1683 3669 sunt
1706 3646 1793 3670 actus
1817 3639 1914 3680 aliqui
1938 3638 2123 3674 voluntarii,
2147 3637 2329 3678 imperfecte
2352 3645 2475 3674 tamen,
2500 3637 2574 3677 quia

2601 3333 2663 3355 Cf.
2684 3339 2749 3356 num.
2772 3339 2795 3356 ιν

2602 3359 2675 3408 Βῗῗῦσί
2693 3375 2804 3408 ”PM

2602 3465 2698 3488 ’Num
2713 3471 2746 3488 m.
