2860 4238
913 221 1179 268 QUAESTIO
1209 221 1350 268 CXXI,
1379 221 1675 259 ARTICULUS
1706 222 1736 257 11

2333 222 2410 270 473

991 346 1308 389 ARTICULUS
1351 346 1652 389 SECUNDUS

0 442 5 484 ξ
601 478 604 482 ’
656 439 812 471 UTRUM
835 438 958 471 DONO
981 438 1176 469 PIETATIS
1200 437 1486 469 RESPONDEAT
1510 438 1714 469 SECUNDA
1737 439 2002 475 BEATITUDO,

1057 481 1263 518 SCILICET,
1286 482 1427 512 BEATI
1447 482 1591 512 MITES

409 666 426 707 Q
449 655 472 680 D
488 653 679 680 SECUNDUM
693 653 747 678 Sic
765 652 1005 678 PROCEDITUR.
1023 640 1180 678 Videtur
1194 640 1299 688 quod

147 758 174 791 ,·
204 758 212 770 ’
257 752 294 796 ’,γ’
318 766 377 794 v;
389 735 420 789 ’Υ
436 747 658 795 beatitudo,
683 747 835 794 scilicet,
855 747 965 784 Beati
990 747 1096 784 mites
1114 746 1146 784 ²¹².
1176 747 1301 783 Pietas

260 795 271 806 ’
297 778 394 834 §³⁴³5
410 795 553 838 enirn
592 809 648 837 est
677 802 823 838 donum
861 801 1097 849 respondens
1130 799 1300 836 iustitiae.

239 853 302 890 Ad
329 864 447 902 quam
467 853 588 902 magis
616 855 778 903 pertinet
805 861 937 903 quarta
965 853 1178 899 beatitudo,
1209 852 1304 889 scili-

241 914 315 953 cet,
350 907 462 943 Beati
487 907 553 956 qui
578 908 747 944 esuriunt
780 913 815 943 et
846 907 975 944 siliunt
1008 907 1206 943 iustitiam.-
1243 905 1305 941 vel

197 1041 215 1063 ¹,
241 1020 345 1050 ctum
380 1020 437 1049 est
454 1013 490 1059 ²³,
521 1025 639 1061 opera
676 1013 956 1050 misericordiae
994 1009 1220 1061 pertinent?
1257 1011 1305 1046 ad

193 1068 215 1092 ³·
241 1066 434 1115 pietatem.
474 1065 562 1103 Non
591 1078 680 1114 ergo
713 1066 882 1103 secunda
918 1064 1113 1102 beatitudo
1146 1063 1308 1112 pertinet

243 1119 292 1157 ad
322 1119 468 1156 donum
497 1119 657 1168 pietatis.

297 1183 332 1208 2.
362 1172 602 1218 Puni-Eum,
630 1173 777 1208 donum
811 1170 958 1220 pietatis
996 1170 1165 1218 dirigitur
1202 1169 1305 1206 dono

242 1324 408 1391 dirigens
437 1337 473 1368 et
501 1343 703 1380 exequens.
743 1330 843 1367 Cum
879 1330 989 1378 igitur
1024 1331 1072 1367 ad
1110 1329 1306 1367 scientiam

61 1435 62 1438 Ἴ
241 1391 428 1434 pemneat
463 1385 573 1421 tertia
601 1384 808 1431 beatitudo,
839 1382 995 1430 scilicet,
1023 1384 1136 1420 Beati
1161 1383 1228 1432 qui
1251 1383 1308 1419 Iu—

103 1437 215 1471 F’m*
239 1436 702 1528 ξέἑιέέᾰᾶνέεέἓὲιῶἀςὲιοά
730 1449 810 1474 non
837 1437 1023 1486 pertineat
1050 1436 1098 1474 ad
1126 1436 1306 1485 pietatem

297 1545 333 1582 3.
361 1544 604 1591 Pmmm,
633 1544 775 1580 fructus
803 1542 1036 1590 respondent
1069 1541 1308 1579 beatitudini-

242 1597 316 1634 bus
345 1605 381 1634 et
407 1596 530 1644 donis,
559 1605 601 1634 ut
629 1609 744 1645 supra
762 1595 783 1618 '¹‘
809 1595 981 1632 habitum
1012 1603 1078 1632 est.
1109 1595 1186 1632 Sed
1212 1595 1309 1632 inter

50 1588 216 1645 &oF-⁸¹¹2

243 1702 376 1741 venire
404 1715 493 1740 cum
508 1702 650 1752 pietate
670 1714 788 1751 quam
817 1702 1085 1750 mansuetudo,
1107 1714 1204 1751 quae
1223 1714 1310 1751 per—

242 1755 337 1807 tinet
363 1755 412 1793 ad
439 1756 649 1793 mititatem.
679 1757 782 1804 Ergo
811 1755 980 1793 secunda
1007 1755 1201 1793 beatitudo
1230 1767 1309 1792 non

245 1809 454 1859 respondet
482 1809 586 1846 dono
613 1809 773 1858 pietatis.

42 1907 68 1932 t.
95 1914 220 1944 ΕΦΨ·
244 1914 292 1965 de
317 1916 438 1953 Serm.
459 1917 573 1953 Dom.
603 1916 640 1952 in
669 1917 804 1953 Monte
821 1914 857 1951 *ε
886 1915 1010 1952 Pletas
1037 1915 1214 1964 congruit
1240 1915 1308 1951 mi-

245 1967 352 2030 tibus,

298 2101 327 2135 ᾳ)
345 2102 450 2136 quinta.
466 2115 485 2121 -
503 2101 639 2127 beatitudo
658 2101 781 2126 videIicet
799 2101 896 2126 addunt
915 2101 961 2126 Pa.

299 2136 325 2171 β)
344 2144 427 2171 opera
441 2137 640 2163 misericordiae
646 2137 794 2170 pertinent.
806 2149 826 2156 -
839 2143 905 2168 opus
920 2135 1120 2161 misericordiae
1130 2135 1249 2167 pertinet
1262 2135 1310 2160 Pa.

277 2297 300 2318 κ
322 2286 508 2328 quaestione
538 2286 964 2326 centesimavigesimaprima
995 2286 1073 2316 nihil
1096 2285 1307 2316 dubitandum

251 2298 425 2362 Ioccurrit.
449 2330 585 2361 Novitiis
600 2337 708 2363 tamen
724 2330 949 2361 declarandum
964 2337 1011 2362 est
1026 2330 1124 2371 quod,
1145 2340 1219 2361 cum
1242 2330 1311 2370 pie-

248 2375 320 2408 tatis
349 2375 426 2407 doni
449 2374 621 2415 principale
644 2375 806 2406 obiectum
829 2375 868 2405 sit
890 2375 977 2406 Deus
1002 2382 1037 2406 ut
1058 2375 1159 2411 Pater,
1182 2381 1212 2405 et
1235 2384 1311 2405 con-

249 2426 416 2462 sequenter
446 2419 555 2450 omnia
585 2419 758 2459 spectantia
787 2420 827 2450 ad
854 2420 961 2450 Deum
988 2426 1024 2450 ut
1051 2420 1191 2455 Patrem;
1224 2426 1312 2450 actus

248 2474 325 2496 vero
355 2464 395 2496 sit
417 2463 530 2494 habere
554 2473 587 2494 se
617 2463 656 2493 ad
680 2464 787 2495 Deum
811 2471 846 2495 ut
867 2464 1006 2500 Patrem,
1038 2463 1172 2494 colendo
1197 2474 1232 2494 ac
1251 2473 1313 2493 ser-

249 2506 367 2540 viendo
397 2508 519 2545 eidem,
545 2515 575 2538 et
605 2507 747 2539 similiter
777 2508 890 2538 habere
921 2518 953 2538 se
977 2508 1016 2538 ad
1040 2508 1118 2538 alios
1142 2515 1173 2538 et
1196 2508 1256 2538 alia
1279 2514 1314 2538 ut

251 2597 440 2637 respondeat
462 2597 527 2628 sitis
543 2596 688 2633 iustitiae,
709 2596 863 2638 quoniam
878 2597 1033 2627 nonnulla
1056 2597 1173 2627 iustitia
1197 2604 1243 2627 est
1261 2606 1315 2637 pa-

398 3585 508 3614 SUMMAR
526 3584 627 3608 Tur-301„
647 3584 677 3608 D.
692 3584 806 3608 Tuomst:
826 3583 857 3608 T.
872 3584 913 3607 VI.

242 959 355 996 etiam
385 960 515 1008 quinta
535 965 572 1006 α,
601 961 713 997 Beati
743 960 1017 1006 misericordes,
1047 959 1153 1007 quia,
1182 965 1224 994 ut
1252 957 1305 994 di·
1331 979 1333 988 ι

242 1224 433 1271 scientiae,
455 1225 560 1273 quod
590 1224 802 1273 adiungitur
820 1224 858 1260 in
880 1223 1219 1260 connumeratione
1240 1222 1307 1259 do-

242 1289 385 1326 norum,
403 1277 530 1319 ¹[saisire
557 1277 644 1315 x1*.
674 1279 734 1315 Ad
755 1277 857 1314 idem
887 1285 1015 1314 autem
1040 1289 1080 1313 se
1101 1276 1308 1314 extendunt
1333 1277 1335 1305 ἒ

299 1863 375 1900 SED
394 1873 541 1900 CONTRA
559 1874 626 1899 EST
643 1862 750 1911 quod
777 1861 1010 1910 Augustinus
1036 1861 1135 1908 dicit,
1157 1861 1194 1898 in
1213 1861 1308 1898 libro
1336 1869 1338 1893 ὲ

1336 1841 1337 1849 η

1336 1851 1338 1867 l

397 564 489 597 Supra,
510 571 554 596 qu.
573 570 674 593 uxxm,
693 567 739 587 art.
758 569 784 595 9,
804 562 835 586 ad
856 561 885 592 33
905 561 928 586 1·
946 561 1004 592 11²⁶,
1023 569 1068 594 qu.
1087 568 1152 590 unx,
1171 566 1217 586 art.
1239 560 1262 590 3,
1281 561 1313 585 ad
1334 560 1363 592 33
1384 560 1414 585 111
1434 560 1516 590 Sent„
1538 562 1595 586 dist.
1613 569 1696 591 xxx1v,
1715 569 1760 595 qu.
1779 570 1796 592 1,
1816 567 1862 587 art.
1880 570 1906 594 4,
1927 561 1942 586 6
1949 571 1956 594 ;
1977 563 2007 587 In
2026 562 2138 592 Matth„
2159 570 2212 595 cap.
2231 571 2256 588 v.

1409 641 1633 678 RESPONDEO
1663 653 1847 679 DICENDUM
1875 642 1981 690 quod
2000 642 2038 680 in
2062 644 2303 692 adaptatione
2328 646 2416 683 bea-

272 686 422 756 ψᾼῖζῐη
451 697 554 733 dono
583 694 729 743 pietatis
761 707 840 731 non
868 694 1097 743 respondeat
1133 693 1300 730 secunda
1355 693 1557 730 titudinum
1594 694 1642 731 ad
1681 695 1782 731 dona
1817 695 1956 743 duplex
1990 696 2254 734 convenientia
2290 707 2415 747 potest

1357 745 1510 782 attendi.
1536 747 1622 783 Una
1641 747 1796 794 quidem
1817 748 2028 785 secundum
2049 749 2236 787 rationem
2257 752 2415 790 ordinis:

1357 810 1474 846 quam
1503 799 1654 836 videtur
1672 801 1906 848 Augustinus
1934 802 2047 838 fuisse
2076 811 2226 840 secutus
2245 803 2276 840 ²¹³.
2305 805 2417 842 Unde

1358 852 1523 900 primam
1553 853 1823 890 beatitudinem
1852 854 2016 891 attribuit
2042 855 2177 892 infimo
2207 856 2322 905 dono,
2350 859 2419 895 sci-

1358 905 1444 941 licet
1479 905 1603 941 timori
1629 910 1663 951 Υς
1698 907 1904 944 secundam
1939 915 2086 954 autem,
2123 909 2282 957 scilicet,
2311 913 2421 948 Beati
2543 927 2558 952 τ

1359 958 1476 1002 mites,
1507 957 1670 994 attribuit
1699 958 1845 1006 pietati;
1876 968 1911 996 et
1940 960 1992 996 sic
2022 961 2069 997 de
2097 962 2188 998 aliis.

1412 1011 1496 1046 Alia
1517 1011 1781 1048 convenientia
1800 1020 1925 1060 potest
1944 1013 2085 1050 attendi
2101 1015 2312 1052 secundum
2331 1029 2418 1065 pro-

2447 813 2455 822 '
2469 811 2530 834 Ibid-

1332 1087 1333 1107 1
1360 1063 1480 1111 priam
1498 1063 1684 1100 rationem
1701 1064 1791 1101 doni
1812 1073 1847 1101 et
1866 1066 2116 1103 beatitudinis.
2140 1068 2188 1104 Et
2208 1070 2419 1106 secundum

1360 1117 1445 1163 hoc,
1467 1124 1658 1165 oporteret
1685 1118 1864 1165 adaptare
1884 1118 2134 1156 beatitudines
2159 1121 2268 1157 donis
2288 1134 2420 1160 secun-

1362 1169 1454 1206 dum
1475 1170 1624 1206 obiecta
1643 1177 1679 1206 et
1698 1178 1814 1207 aetus.
1845 1171 1893 1208 Et
1911 1170 1962 1207 ita
1980 1171 2107 1219 pietati
2127 1173 2246 1220 magis
2266 1186 2421 1223 respon-

1362 1224 1467 1260 deret
1495 1230 1628 1271 quarta
1656 1231 1692 1260 et
1717 1223 1846 1272 quinta
1875 1224 2068 1261 beatitudo
2097 1238 2214 1274 quam
2242 1228 2420 1265 secunda.

1363 1277 1541 1313 Secunda
1567 1284 1697 1313 tamen
1725 1276 1919 1313 beatitudo
1943 1278 2058 1314 habet
2085 1278 2252 1329 aliquam
2282 1293 2422 1318 conve-

1333 1353 1335 1367 A
1362 1329 1542 1366 nientiam
1559 1342 1646 1366 cum
1662 1330 1816 1378 pietate:
1833 1330 2058 1378 inquantum
2075 1331 2214 1368 scilicet
2228 1345 2297 1381 per
2316 1346 2423 1371 man-

1362 1382 1602 1419 suetudinem
1617 1383 1798 1419 tolluntur
1812 1382 2083 1431 impedimenta
2093 1392 2247 1422 actuum
2262 1386 2421 1435 pietatis.

1417 1436 1465 1472 Et
1493 1447 1561 1484 per
1588 1436 1662 1471 hoc
1689 1442 1792 1484 patet
1819 1436 2016 1484 responsio
2045 1437 2093 1474 ad
2121 1437 2301 1486 primum.

1416 1490 1476 1525 AD
1512 1500 1703 1525 SECUNDUM
1731 1500 1914 1526 DICENDUM
1947 1490 2051 1538 quod
2086 1491 2297 1528 secundum
2336 1505 2423 1541 pro-

1335 1552 1337 1590 ]
1363 1541 1561 1589 prietatem
1581 1541 1858 1578 beatitudinum
1876 1550 1912 1578 et
1932 1542 2135 1590 donorum,
2152 1552 2301 1592 oportet
2320 1546 2424 1594 quod

1335 1598 1337 1640 ξ
1364 1594 1501 1631 eadem
1530 1594 1723 1631 beatitudo
1753 1596 1982 1643 respondeat
2014 1596 2188 1633 scientiae
2222 1605 2258 1634 et
2284 1597 2423 1646 pietati.

242 1650 396 1698 fructus,
417 1649 567 1687 bonitas
587 1657 623 1686 et
641 1649 852 1698 benignitas
872 1649 992 1697 magis
1010 1648 1190 1686 videntur
1219 1660 1308 1685 con-
1335 1647 1337 1666 ἱ

1365 1647 1443 1684 Sed
1471 1647 1683 1684 secundum
1713 1647 1898 1684 rationem
1927 1648 2079 1695 ordinis,
2110 1649 2282 1687 diversae
2310 1652 2426 1688 beati-

1335 1729 1337 1748 3
1363 1701 1512 1739 tudines
1542 1700 1594 1737 eis
1622 1701 1859 1749 adaptantur,
1890 1702 2092 1739 observata
2119 1710 2245 1741 tamen
2276 1704 2427 1753 aliquali

1365 1753 1641 1801 convenientia,
1671 1762 1712 1790 ut
1739 1766 1854 1802 supra
1872 1753 1892 1775 '¹‘
1921 1754 2063 1792 dictum
2093 1763 2159 1791 est.

1417 1809 1476 1844 AD
1495 1819 1655 1844 TERTIUM
1683 1819 1867 1845 DICENDUM
1887 1809 1992 1856 quod
2021 1808 2169 1845 bonitas
2199 1816 2234 1845 et
2259 1809 2427 1857 benigni-

1364 1868 1420 1898 tas
1449 1860 1486 1897 in
1514 1861 1697 1898 fructibus
1733 1860 1873 1898 directe
1902 1861 2051 1898 attribui
2083 1869 2244 1910 possunt
2279 1863 2425 1911 pietati:

2452 1767 2463 1777 ⁸
2477 1766 2503 1787 In
2518 1771 2622 1793 corpore.

1336 1929 1339 1960 ῑ
1366 1914 1620 1951 mansuetudo
1641 1921 1769 1951 autem
1789 1914 1980 1962 indirecte,
2000 1914 2226 1964 inquantum
2246 1916 2340 1952 tollit
2358 1916 2426 1953 irn-

1337 1964 1339 1978 '
1366 1967 1585 2016 pedimenta
1612 1974 1765 2004 actuum
1795 1967 1954 2016 pietatis,
1983 1975 2025 2004 ut
2054 1968 2194 2005 dictum
2225 1975 2280 2004 est
2297 1968 2328 2005 *.

2452 1973 2464 1984 ⁴
2478 1972 2537 1994 Ibid.

1417 2099 1443 2133 γ)
1464 2100 1563 2125 timori.
1581 2112 1600 2118 -
1618 2100 1723 2125 timoris
1743 2100 1789 2124 Pa.

923 2206 1255 2239 Commentaria
1277 2204 1398 2238 Gar-d
1403 2206 1529 2238 inalis
1552 2206 1752 2249 Caietam·

1364 2284 1403 2315 tri
1433 2286 1554 2316 cultum
1585 2285 1792 2326 officiumque
1815 2286 1981 2316 reddere*
2004 2293 2034 2316 et
2061 2286 2099 2315 ad
2132 2292 2260 2326 paterna
2291 2293 2372 2316 recte
2396 2296 2428 2316 se
2457 2292 2666 2322 ·Tu11.de{nven1.

1365 2330 1495 2366 habere;
1527 2337 1556 2360 et
1580 2330 1721 2361 similiter
1743 2330 1931 2370 respondeat
1959 2330 2185 2366 misericordia,
2210 2337 2351 2370 respectu
2375 2340 2429 2370 pa·
2455 2319 2613 2373 §ahsstzirhb'
2634 2319 2664 2344 11,

1365 2381 1530 2404 ternorum
1554 2375 1585 2404 in
1603 2374 1728 2404 miseria
1751 2374 2008 2405 constitutorum.
2033 2374 2074 2405 Et
2097 2374 2252 2414 quoniam
2275 2374 2373 2415 pietas
2396 2374 2428 2404 in

1366 2418 1489 2454 affectu,
1513 2418 1641 2449 scientia
1665 2419 1697 2448 in
1720 2419 1882 2450 intellectu
1898 2419 2029 2459 ponitur
2052 2419 2091 2448 ad
2106 2417 2190 2448 illius
2210 2418 2428 2455 directionem,

1367 2463 1439 2493 ideo
1456 2463 1584 2493 eaedem
1601 2463 1809 2493 beatitudines
1825 2463 1864 2493 ad
1881 2463 2043 2494 scientiam
2059 2469 2201 2503 spectant
2217 2463 2316 2502 magis
2332 2473 2430 2503 quarn

1367 2508 1482 2538 luctus.
1506 2507 1547 2537 Et
1570 2517 1625 2547 per
1648 2507 1724 2537 haec
1748 2507 1860 2538 clarior
1883 2514 1928 2538 est
1950 2507 2060 2538 littera.
2086 2507 2176 2543 Quae
2201 2517 2259 2546 pro
2283 2513 2349 2537 tota
2371 2507 2430 2537 hac

250 2552 334 2584 filios
357 2560 388 2584 et
410 2562 459 2583 res
482 2552 596 2583 Patris:
622 2562 820 2593 consequens
844 2560 890 2583 est
913 2558 950 2582 ut
972 2552 1077 2592 pietati
1102 2552 1189 2583 dono
1213 2552 1314 2591 magis
1370 2551 1554 2592 quaestione
1579 2550 1744 2582 sufficiant.

2255 3578 2288 3603 60
