2860 4244
31 925 43 938 -f
57 946 68 956 μ
85 913 149 956 ..qm
169 912 237 934 mr
266 900 360 938 tur*

957 250 1222 297 QUAESTIO
1257 252 1371 300 LXV,
1400 252 1694 290 ARTICULUS
1724 253 1737 289 1

2384 261 2433 297 79

705 469 1114 546 QUAESTIO
1159 471 2005 548 SEXAGESIMAQUINTA

483 588 567 628 DE
599 587 755 628 ALIIS
788 587 1029 628 INIURIIS
1063 587 1233 640 QUAE
1265 589 1325 629 IN
1358 587 1688 629 PERSONAM
1718 589 2211 630 COMMITTUNTUR

1044 703 1079 728 IN
1109 703 1282 734 QUATUOR
1308 702 1510 728 ARTICULOS
1537 703 1654 727 DIVISA

267 806 456 888 Damna
480 795 801 833 considerandum
829 804 884 833 est
903 796 949 833 de
974 797 1138 845 peccatis
1169 796 1326 833 aliarum

349 848 570 886 iniuriarum
610 861 708 897 quae
752 848 791 885 in
835 861 1042 898 personam
1083 849 1328 885 committun-

266 955 315 991 Et
343 954 443 990 circa
469 954 545 991 hoc
572 961 806 1002 quaeruntur
832 961 1005 1002 quatuor.

319 1006 472 1043 Primo:
503 1006 550 1043 de
579 1006 814 1043 mutilatione
843 1006 1120 1042 membrorum.
1349 1004 1352 1054 l

1435 796 1632 832 Secundo:
1662 796 1710 833 de
1737 797 2011 834 verberatione.

1433 847 1584 884 Tertio:
1615 848 1661 885 de
1689 847 1997 886 incarceratione.

1380 902 1383 904 “
1434 900 1602 948 Quarto:
1644 908 1770 937 utrum
1807 909 2005 949 peccatum
2039 902 2256 938 huiusmodi
2284 902 2434 939 iniuria·

1486 965 1571 989 rum
1609 960 1833 1000 aggravetur
1870 965 1914 990 ex
1945 954 2020 991 hoc
2052 955 2156 1002 quod
2194 954 2435 991 committitur

1484 1005 1522 1041 in
1550 1017 1755 1053 personam
1785 1006 2024 1043 coniunctam
2054 1006 2144 1043 aliis.

1074 1111 1392 1154 ARTICULUS
1422 1111 1628 1154 PRIMUS

499 1205 654 1236 UTRUM
675 1204 900 1236 MUTILARE
923 1204 1120 1258 AL¹QU¹J3M
1143 1203 1326 1235 MEMBRO
1351 1203 1393 1234 IN
1416 1203 1580 1241 ALIQUO
1601 1203 1711 1236 CASU
1735 1204 1880 1236 POSSIT
1899 1205 1998 1236 ESSE
2022 1204 2202 1236 LICITUM

1019 1292 1095 1321 Infra,
1116 1299 1160 1324 qu.
1180 1298 1251 1321 cvm,
1271 1296 1317 1316 art.
1338 1291 1351 1316 3
1358 1298 1365 1322 ;

304 1391 357 1428 '⁴⁷2⁴
380 1387 448 1432 “fiai
467 1378 500 1408 ῑ)
525 1383 662 1408 ramum
691 1382 744 1408 S1c
773 1382 1012 1408 moeson-ua.
1037 1370 1196 1407 Videtur
1224 1369 1330 1418 quod

298 1425 379 1468 We.
399 1432 445 1484 ἧς
478 1423 651 1461 mutilare
690 1422 856 1483 aliquem
893 1424 1070 1460 membro
1100 1428 1117 1444 α
1149 1422 1188 1459 in
1224 1423 1329 1459 nullo

424 1482 570 1516 (casu
600 1477 722 1526 possit
749 1488 832 1514 esse
866 1475 1022 1513 licitum.
1065 1476 1330 1512 Damascenus

285 1481 318 1518 ,Q
332 1462 442 1521 ΡᾸνῶ,

75 1514 84 1536 i
108 1564 111 1566 .
171 1538 239 1589 &⁶⁸3
275 1526 303 1557 ‘'7'
322 1521 446 1556 ffi'ffl'
450 1550 463 1562 S
479 1529 580 1567 enirn
609 1529 735 1577 dicit,
727 1541 767 1566 1n
786 1530 818 1565 II
838 1528 933 1565 libro
954 1528 986 1576 ³¹⁸,
1007 1528 1111 1577 quod
1130 1535 1329 1576 peccatum

90 1590 125 1622 ’ἑκ
151 1571 239 1622 -νῗν
267 1573 518 1620 committitur
543 1594 613 1632 per
639 1582 714 1619 hoc
742 1581 847 1642 quod
876 1582 1061 1618 receditur
1086 1581 1135 1617 ab
1163 1592 1207 1616 eo
1232 1581 1333 1628 quod

267 1640 321 1672 est
346 1635 551 1672 secundum
579 1640 756 1672 naturam
786 1635 823 1671 in
848 1634 892 1670 id
908 1634 1009 1682 quod
1034 1639 1089 1670 est
1113 1638 1245 1670 contra
1265 1644 1332 1669 na-

267 1693 405 1725 turam.
427 1687 504 1725 Sed
525 1688 737 1725 secundum
757 1695 930 1724 naturam
951 1699 974 1723 a
992 1687 1077 1723 Deo
1098 1683 1332 1722 institutam*⁵

269 1747 325 1779 est
351 1740 457 1789 quod
486 1752 624 1790 corpus
651 1740 818 1778 hominis
844 1739 890 1776 sit
912 1739 1100 1787 integrum
1129 1738 1330 1785 membris;

269 1799 401 1833 contra
436 1800 611 1831 naturam
648 1801 777 1830 autem
814 1799 870 1829 est
898 1792 1003 1841 quod
1039 1792 1084 1829 Sit
1118 1792 1295 1828 membro
1315 1796 1331 1819 Υ

139 1829 144 1843 ’
160 1829 230 1894 ⁴33³·
250 1845 510 1885 diminutum.
535 1847 639 1894 Ergo
658 1846 834 1884 mutilare
853 1845 1020 1894 aliquem
1040 1845 1217 1882 membro
1233 1856 1332 1881 sern-

267 1909 338 1948 per
361 1898 514 1936 videtur
543 1911 625 1936 esse
652 1905 868 1948 peccatum.

323 1962 358 1988 2.
387 1951 630 1999 PRAETEREA,
661 1952 758 1989 sicut
793 1963 833 1988 se
861 1951 977 1988 habet
1012 1957 1091 1987 tota
1119 1949 1247 1986 anima
1282 1949 1331 1986 ad

268 2011 392 2042 totum
428 2016 587 2054 corpus,
616 2004 667 2043 ita
695 2017 735 2042 se
762 2005 905 2041 habent
940 2010 1066 2053 partes
1103 2002 1254 2040 animae
1283 2003 1331 2039 ad

230 2078 243 2085 ·
267 2064 394 2106 partes
422 2057 605 2106 corporis,
633 2065 676 2095 ut
694 2057 828 2095 dicitur
854 2055 893 2093 in
913 2057 945 2093 II
965 2055 1011 2093 de
1028 2055 1170 2092 Anima
1188 2055 1219 2092 *.
1253 2055 1331 2093 Sed

213 2111 222 2118 ⁰
269 2121 349 2148 non
366 2109 453 2147 licet
471 2110 636 2159 aliquem
655 2110 804 2159 privare
820 2109 948 2146 anima
963 2107 1173 2146 occidendo
1191 2108 1330 2156 ipsum,

204 2159 205 2164 ’
269 2162 340 2200 nisi
367 2163 520 2211 publica
547 2170 744 2212 potestate.
779 2163 881 2211 Ergo
908 2161 1022 2199 etiarn
1051 2173 1131 2198 non
1154 2161 1240 2198 licet
1267 2161 1332 2198 ali-

270 2227 387 2265 quem
415 2215 588 2253 mutilare
607 2216 798 2264 membro,
828 2215 899 2252 nisi
917 2214 1012 2252 forte
1032 2214 1243 2251 secundum
1262 2226 1332 2263 pu-

270 2268 409 2306 blicam
437 2275 676 2317 potestatem.

326 2321 360 2358 3.
389 2322 633 2369 Puni-Eam,
672 2322 771 2358 salus
803 2320 954 2357 animae
990 2320 1239 2368 praeferenda
1277 2326 1332 2356 est

271 2373 380 2411 saluti
409 2374 608 2423 corporali.
639 2374 716 2411 Sed
744 2385 822 2410 non
849 2373 935 2410 licet
962 2372 1127 2420 aliquem
1158 2372 1332 2408 mutilare

271 2438 311 2464 se
338 2427 515 2463 membro
544 2433 700 2475 propter
727 2427 886 2463 salutem
917 2425 1085 2462 animae:
1125 2424 1334 2473 puniuntur

273 2479 375 2516 enim
395 2480 608 2517 secundum
629 2486 766 2516 statuta
786 2478 946 2515 Nicaeni
961 2476 974 2500 ⁶
995 2477 1154 2514 Concilii
1168 2477 1188 2499 '¹‘
1207 2477 1271 2526 qui
1293 2489 1332 2514 se

271 2538 531 2570 castraverunt
550 2540 707 2581 propter
726 2531 933 2569 castitatem
957 2529 1200 2567 servandam.
1230 2531 1332 2578 Ergo

269 2592 428 2634 propter
445 2586 588 2622 nullam
608 2585 721 2622 aliam
741 2596 896 2622 causam
921 2583 1008 2621 licet
1026 2583 1192 2632 aliquem
1211 2594 1334 2620 mem-

271 2638 342 2675 bro
361 2642 374 2659 ⁸
401 2638 586 2676 mutilare.

325 2691 400 2728 SED
416 2702 562 2728 CONTRA
576 2702 643 2728 Es'r
652 2691 758 2739 quod
773 2688 1152 2727 diciturExod.xx1*:
1175 2688 1333 2725 Oculum

266 2755 341 2792 pro
369 2744 489 2789 oculo,
518 2744 663 2781 dentem
685 2755 760 2791 pro
780 2743 897 2788 dente,
926 2754 1082 2779 manum
1105 2753 1180 2790 pro
1204 2753 1333 2787 manu,

266 2795 403 2845 pedem
426 2808 500 2845 pro
523 2797 630 2844 pede.

327 2849 553 2886 REspoumzo
581 2859 767 2885 mer-:unum
786 2847 891 2896 quod
911 2858 999 2883 cum
1029 2846 1249 2882 membrum
1270 2846 1335 2882 ali-

273 2901 380 2949 quod
419 2900 465 2938 sit
496 2913 585 2950 pars
617 2900 731 2938 totius
759 2899 917 2936 humani
946 2898 1136 2947 corporis,
1168 2906 1223 2934 est
1247 2909 1335 2946 pro-

273 2960 358 3003 pter
375 2960 509 3001 totum,
530 2954 625 2990 sicut
647 2953 912 3001 imperfectum
935 2958 1093 3000 propter
1111 2951 1334 2999 perfectum.

272 3006 384 3044 Unde
405 3006 688 3055 disponendum
715 3012 771 3042 est
795 3006 842 3043 de
870 3004 1046 3041 membro
1074 3003 1233 3040 humani
1253 3015 1335 3039 cor-

273 3059 378 3108 poris
415 3059 627 3097 secundum
663 3057 767 3107 quod
802 3057 954 3106 expedit
985 3056 1064 3093 toti.
1112 3056 1335 3093 Membrum

274 3119 403 3161 autem
430 3112 590 3150 humani
619 3110 788 3160 corporis
816 3122 885 3159 per
912 3122 952 3147 se
981 3109 1137 3159 quidem
1165 3109 1254 3146 utile
1282 3116 1337 3146 est

274 3165 324 3202 ad
351 3165 498 3202 bonum
533 3164 646 3201 totius
675 3163 866 3213 corporis:
902 3175 972 3212 per
999 3162 1174 3199 accidens
1207 3169 1336 3199 tamen

273 3224 399 3267 potest
437 3217 654 3265 contingere
681 3217 785 3265 quod
821 3216 866 3254 sit
893 3215 1098 3262 nocivum,
1127 3222 1220 3264 puta
1247 3227 1335 3252 curn

274 3271 495 3308 membrum
523 3270 717 3319 putridum
746 3276 802 3306 est
827 3269 941 3306 totius
962 3267 1132 3317 corporis
1156 3267 1336 3317 corrupti-

327 3400 355 3434 α)
375 3400 531 3425 membr-o.-
548 3406 596 3425 suo
615 3399 711 3424 addunt
728 3398 775 3424 Pa.

328 3435 354 3468 β)
374 3435 532 3461 institutam.
543 3448 563 3454 -—
581 3434 732 3460 institutum
750 3433 914 3459 PCDHKLa.

345 3470 354 3503 )
374 3471 499 3496 membro.
512 3484 531 3490 -
550 3470 673 3495 membris
691 3469 743 3494 PD.

326 3479 352 3538 ἔ)
371 3506 491 3531 Nicaeni.
502 3506 603 3530 -vz'tae
622 3505 673 3537 (vel
689 3503 755 3536 nice)
769 3503 882 3529 Nicaem'
893 3503 1033 3536 BEFIpAK
1046 3508 1072 3528 et
1083 3511 1109 3535 x,
1125 3503 1186 3528 iura
1200 3504 1229 3532 L,
1244 3506 1334 3528 vetera

275 3541 371 3566 Nicen?
388 3541 429 3566 ed.
447 3549 473 3572 a,
498 3541 590 3566 abrasa
609 3540 688 3573 pC.-
707 3540 757 3564 Pro
775 3539 943 3569 servandam,
963 3538 1174 3565 conservandam
1195 3538 1291 3563 PCDL.

1066 3678 1082 3692 ὃ

1387 1291 1416 1316 In
1435 1291 1542 1322 Matth„
1562 1299 1617 1324 cap.
1636 1299 1686 1316 x1x.

1382 1381 1488 1406 vum.
1519 1369 1559 1406 Si
1587 1381 1676 1417 ergo
1705 1370 1923 1406 membrum
1951 1381 2086 1406 sanum
2116 1370 2226 1406 fuerit
2254 1378 2290 1407 et
2315 1371 2352 1407 in
2371 1383 2440 1407 sua

1383 1422 1541 1459 naturali
1570 1422 1816 1470 dispositione
1837 1421 2056 1469 consistens,
2085 1434 2163 1459 non
2190 1430 2315 1471 potest
2331 1435 2440 1472 prae-

1384 1474 1484 1512 cidic
1504 1475 1648 1522 absque
1668 1475 1781 1512 totius
1800 1474 1965 1512 hominis
1986 1474 2223 1512 detrimento.
2255 1476 2332 1513 Sed
2351 1476 2440 1524 quia

1383 1527 1463 1575 ipse
1492 1534 1592 1564 totus
1619 1528 1738 1564 homo
1759 1527 1954 1564 ordinatur
1972 1534 2014 1564 ut
2032 1527 2081 1564 ad
2108 1528 2227 1564 finem
2255 1530 2303 1565 ad
2322 1536 2439 1566 totam

1385 1579 1696 1617 communitatem
1725 1580 1831 1616 cuius
1856 1587 1911 1616 est
1936 1592 2035 1629 pars,
2056 1587 2097 1616 ut
2124 1593 2238 1628 supra
2253 1581 2273 1602 *
2300 1581 2442 1618 dictum
2468 1587 2512 1615 'Q

1385 1640 1457 1678 est;
1481 1639 1606 1681 potest
1631 1632 1848 1680 contingere
1868 1632 1972 1681 quod
1996 1632 2155 1669 abscisio
2176 1633 2350 1680 membri,
2377 1634 2443 1670 etsi

1383 1692 1515 1733 vergat
1541 1685 1579 1722 in
1607 1685 1876 1722 detrimentum
1904 1685 2017 1721 totius
2038 1685 2218 1733 corporis,
2248 1686 2444 1723 ordinatur

1385 1745 1512 1775 tamen
1531 1738 1579 1775 ad
1599 1738 1746 1775 bonum
1772 1737 2065 1784 communitatis,
2086 1737 2309 1786 inquantum
2334 1738 2444 1776 alicui

1384 1790 1539 1828 infertur
1562 1790 1600 1827 in
1625 1802 1793 1839 poenam
1817 1790 1866 1828 ad
1886 1790 2157 1827 cohibitionem
2185 1798 2442 1839 peccatorum.

1385 1844 1435 1880 Et
1453 1844 1539 1881 ideo
1569 1843 1664 1880 sicut
1690 1855 1759 1892 per
1776 1843 1969 1892 publicam
1997 1850 2223 1892 potestatem
2252 1843 2386 1891 aliquis
2404 1845 2445 1881 li-

1386 1896 1456 1933 cite
1475 1896 1646 1945 privatur
1663 1896 1824 1933 totaliter
1850 1896 1927 1933 vita
1946 1903 2101 1944 propter
2119 1896 2262 1944 aliquas
2281 1896 2446 1934 maiores

1386 1949 1527 1998 culpas,
1543 1949 1593 1986 ita
1613 1948 1727 1986 etiam
1746 1949 1916 1997 privatur
1929 1949 2106 1985 membro
2125 1956 2282 1998 propter
2300 1949 2445 1998 aliquas

1386 2003 1515 2051 culpas
1543 2003 1722 2038 minores.
1752 2002 1838 2039 Hoc
1867 2008 1995 2038 autem
2022 2013 2100 2038 non
2130 2009 2185 2038 est
2212 2001 2354 2038 licitum
2382 2003 2446 2039 ali-

1387 2054 1446 2091 cui
1464 2054 1633 2103 privatae
1652 2066 1851 2103 personae,
1873 2054 1986 2091 etiam
2004 2054 2156 2091 volente
2181 2054 2243 2091 illo
2265 2054 2370 2091 cuius
2392 2062 2447 2092 est

1389 2108 1624 2145 membrum:
1655 2107 1743 2155 quia
1760 2119 1829 2155 per
1846 2108 1921 2144 hoc
1946 2107 1990 2143 fit
2007 2107 2140 2144 iniuria
2167 2107 2444 2155 communitati,

1391 2160 1498 2197 cuius
1527 2167 1582 2196 est
1609 2160 1690 2209 ipse
1717 2160 1835 2196 homo
1865 2167 1903 2196 et
1930 2171 2066 2197 omnes
2093 2167 2219 2208 partes
2248 2159 2339 2196 eius.

1439 2213 1479 2250 Si
1497 2225 1591 2250 vero
1620 2213 1839 2249 membrum
1867 2219 2024 2261 propter
2045 2212 2286 2261 putredinem
2318 2211 2364 2248 sit
2390 2219 2447 2248 to-

1385 2265 1457 2302 tius
1477 2265 1646 2314 corporis
1666 2265 1938 2314 corruptivum,
1953 2272 2044 2301 tunc
2062 2265 2203 2302 licitum
2223 2272 2290 2311 est,
2311 2265 2359 2301 de
2377 2277 2446 2301 vo-

1385 2319 1525 2355 luntate
1545 2318 1630 2355 ‘eius
1655 2317 1760 2354 cuius
1781 2326 1836 2354 eSt
1863 2318 2094 2364 membrum,
2115 2317 2305 2366 putridum
2325 2329 2448 2354 mern-

1386 2372 1496 2408 brum
1512 2370 1777 2419 praescindere
1791 2378 1946 2419 propter
1958 2371 2117 2407 salutem
2132 2370 2246 2407 totius
2258 2370 2445 2418 corporis:

1387 2423 1475 2472 quia
1493 2423 1698 2471 unicuique
1714 2423 1918 2460 commissa
1933 2430 1989 2460 est
2005 2435 2094 2460 cura
2113 2423 2290 2472 propriae
2305 2422 2444 2460 salutis.

1387 2477 1436 2513 Et
1465 2477 1599 2513 eadem
1619 2476 1712 2512 ratio
1733 2483 1789 2512 est
1812 2475 1842 2512 si
1861 2476 1928 2512 fiat
1945 2476 2141 2513 voluntate
2162 2476 2241 2512 eius
2261 2475 2309 2512 ad
2330 2487 2444 2524 quem

1387 2529 1548 2578 pertinet
1585 2540 1715 2566 curare
1745 2529 1791 2566 de
1826 2529 1943 2565 salute
1979 2528 2058 2565 eius
2090 2528 2155 2577 qui
2183 2528 2298 2565 habet
2324 2539 2446 2565 mem-

1387 2583 1499 2619 brum
1528 2589 1748 2630 corruptum
1768 2586 1799 2618 '¹¹.
1828 2581 1947 2618 Aliter
1973 2588 2101 2618 autem
2129 2580 2296 2630 aliquem
2323 2592 2445 2618 mem-

1387 2636 1458 2672 bro
1486 2634 1660 2671 mutilare
1689 2641 1745 2671 est
1772 2634 1930 2671 omnino
1957 2633 2138 2670 illicitum.

1440 2689 1500 2725 An
1525 2699 1662 2724 ptumum
1686 2698 1784 2723 ERGO
1812 2698 1996 2724 mcENDUM
2021 2686 2126 2735 quod
2152 2685 2243 2723 nihil
2269 2685 2446 2734 prohibet

1388 2739 1427 2776 id
1459 2740 1564 2789 quod
1602 2747 1658 2776 est
1685 2746 1816 2776 contra
1851 2739 2115 2788 particularem
2153 2745 2329 2775 naturam
2363 2750 2445 2775 esse

1389 2793 1600 2830 secundum
1638 2799 1812 2829 naturam
1840 2792 2117 2829 universalem:
2156 2790 2250 2827 sicut
2277 2803 2381 2827 mors
2411 2797 2446 2827 et

1390 2844 1579 2894 corruptio
1618 2845 1656 2881 in
1684 2845 1797 2881 rebus
1825 2844 2057 2881 naturalibus
2095 2850 2150 2880 est
2177 2850 2307 2880 contra
2333 2843 2446 2892 parti-

1391 2898 1557 2934 cularem
1594 2904 1766 2933 naturam
1803 2896 1882 2933 eius
1910 2896 2016 2944 quod
2053 2895 2327 2944 corrumpitur,
2356 2907 2445 2932 cum

1389 2957 1518 2986 tamen
1556 2949 1601 2986 sit
1628 2950 1838 2986 secundum
1875 2957 2047 2986 naturam
2083 2948 2350 2986 universalem.
2397 2949 2446 2985 Et

1390 3002 1559 3040 similiter
1575 3002 1748 3039 mutilare
1767 3001 1931 3050 aliquem
1951 3002 2140 3049 membro,
2162 3001 2229 3038 etsi
2251 3001 2297 3038 sit
2315 3007 2446 3038 contra

1390 3063 1565 3093 naturam
1583 3055 1847 3104 particularem
1868 3054 2037 3103 corporis
2057 3054 2135 3091 eius
2154 3053 2219 3103 qui
2241 3053 2444 3100 mutilatur,

1391 3115 1446 3145 est
1463 3116 1590 3145 tamen
1610 3107 1822 3145 secundum
1846 3107 2055 3144 naturalem
2079 3107 2263 3144 rationem
2282 3106 2320 3144 in
2341 3118 2446 3143 com-

1390 3161 1586 3211 paratione
1615 3160 1663 3198 ad
1691 3160 1837 3198 bonum
1865 3171 2082 3197 commune.

1444 3216 1503 3251 An
1519 3225 1708 3251 SECUNDUM
1728 3224 1911 3251 mcENDUM
1931 3213 2034 3262 quod
2054 3212 2166 3249 totius
2185 3210 2349 3248 hominis
2367 3210 2445 3247 vita

1392 3279 1471 3304 non
1486 3267 1680 3304 ordinatur
1694 3266 1742 3304 ad
1757 3266 1896 3314 aliquid
1915 3265 2111 3315 proprium
2131 3265 2246 3314 ipsius
2261 3263 2443 3300 hominis.

1441 3397 1464 3429 ε)
1483 3397 1597 3429 aliquem
1613 3397 1761 3422 membro.-
1768 3396 1822 3428 aliq
1824 3395 1877 3421 uod
1891 3395 2034 3420 membrum
2044 3393 2163 3425 ABEFL,
2172 3393 2281 3426 aliquod
2290 3392 2405 3418 membro
2418 3400 2445 3418 κ.

1440 3432 1465 3464 ζ)
1483 3432 1646 3464 praet-idi.—
1662 3431 1764 3457 abscidi
1778 3432 1807 3460 A,
1806 3404 1978 3462 qpraescindi
1996 3429 2017 3455 P
2035 3429 2076 3454 hic
2094 3434 2120 3454 et
2133 3429 2244 3462 plur-10⁸5
2263 3429 2383 3453 meliores
2402 3435 2445 3452 oo-

1388 3468 1457 3493 dices
1476 3468 1551 3500 sequi
1553 3475 1619 3492 mur.
1631 3467 1719 3491 -Pro
1737 3466 1858 3495 hominis,
1877 3465 1990 3490 hominis
2003 3465 2123 3497 corporis
2137 3466 2185 3497 pA,
2205 3464 2315 3489 humani
2325 3463 2445 3495 corporis

1388 3503 1432 3532 εΑ,
1450 3503 1571 3534 corporis
1589 3502 1666 3527 PDH.

1440 3538 1467 3569 η)
1482 3536 1876 3569 corruptum.-corrupt1'uum
1896 3535 1942 3559 Pa.

2513 1593 2536 1608 u.
2547 1592 2593 1611 ul,
2604 1590 2646 1608 art.
2657 1592 2677 1612 ις

2469 1619 2574 1641 (μω-ιη,
2583 1616 2623 1634 art.
2632 1619 2677 1640 2,5.
