2860 4244
178 1006 187 1014 ¹·
201 1004 270 1025 Num.
286 1010 301 1025 1.

183 3448 191 3455 ⁸
202 3446 233 3467 Ca
252 3460 257 3467 .
270 3451 308 3471 vu,
319 3451 342 3467 n.
353 3451 372 3473 5.
382 3456 391 3460 -

189 3473 196 3477 “
256 3489 260 3494 .
282 3472 334 3493 lect.
350 3477 391 3493 xu.

424 268 492 304 150

415 345 478 376 sive
502 345 726 380 subhastando,
750 344 958 374 intercedente
983 350 1036 373 aut
1055 353 1121 372 non
1140 342 1350 372 intercedente
1373 341 1472 377 curia;
1500 349 1502 391 s

416 397 446 420 et
470 390 507 419 de
531 389 707 419 ementibus
731 389 769 418 ab
793 388 840 417 his
872 387 927 428 qui
950 387 1092 417 recedere
1115 386 1228 416 volunt
1256 395 1312 416 nec
1336 386 1473 425 amplius
1499 397 1502 454 Ι

416 434 456 463 ibi
482 440 657 473 expectare,
681 432 730 461 vel
754 432 792 461 ab
815 431 863 461 his
887 431 956 471 qui,
982 430 1162 460 necessitate
1186 430 1288 465 ducti,
1313 435 1473 469 expectare

417 485 579 517 nequeunt
602 482 777 515 emptores;
803 482 832 505 et
855 474 923 504 aliis
947 473 1142 509 huiusmodi,
1160 480 1216 504 etc.

470 523 610 561 Apparet
640 528 769 560 quoque
798 528 834 548 ex
862 518 919 548 hac
943 518 1053 547 eadem
1076 517 1178 547 radice
1208 517 1296 557 quod
1327 516 1474 547 facientes
1500 527 1501 554 ;

416 564 642 604 monopolium
666 569 701 592 ut
725 562 861 602 pretium
884 568 980 601 prout
998 561 1112 591 volunt
1134 561 1312 600 imponant,
1336 560 1474 591 iniustis·
1499 574 1501 586 ι

416 608 486 638 simi
503 615 585 638 sunt.
611 606 773 643 Quoniam
791 612 947 645 coguntur
962 615 997 635 ex
1014 605 1075 635 hoc
1099 605 1245 635 homines
1265 605 1336 645 plus
1353 605 1474 635 solvere
1500 605 1501 641 l

416 662 512 692 quam
538 650 749 681 communiter
771 650 958 679 venderetur
985 649 1010 678 si
1038 649 1224 679 huiusmodi
1248 648 1473 689 monopolium
1500 646 1501 703 ἢ

416 706 482 726 non
505 701 599 725 esset:
625 694 705 724 sicut
729 699 885 732 coguntur
908 693 1028 723 solvere
1048 702 1159 723 usuras
1183 699 1309 733 egentes
1332 692 1474 733 pecuniis
1500 708 1501 715 κ

416 747 446 770 et
469 749 533 769 non
558 737 751 768 invenientes
775 744 926 767 mutuum
945 737 1011 767 sine
1028 746 1133 768 usura.
1158 737 1250 768 Unde
1273 744 1420 768 tenentur
1435 737 1475 767 ad

415 782 647 813 restitutionem
669 781 767 811 totius
783 791 927 811 summae
951 781 1126 812 excedentis
1149 781 1287 821 pretium
1311 781 1399 822 quod
1422 791 1474 810 va·
1500 783 1501 786 ’

415 828 491 857 leret
514 826 539 856 si
564 836 627 855 non
652 831 732 856 esset
756 824 940 855 huiusmodi
964 825 1200 866 monopolium.
1232 825 1396 856 Tenentur
1419 835 1474 855 au-

415 878 479 902 tem
502 870 662 900 restituere
687 870 734 900 his
765 879 782 899 a
806 869 922 910 quibus
947 875 1153 900 extorserunt.
1184 870 1249 900 Nec
1279 870 1385 900 solum
1414 868 1475 908 ipsi

414 921 560 946 tenentur
575 914 746 947 restituere.
763 914 817 943 sed
841 913 963 943 domini
988 914 1194 944 concedentes
1215 913 1289 950 hoc,
1315 920 1345 944 et
1363 913 1475 953 reliqui
1500 930 1501 933 =

415 959 470 1000 qui
493 965 567 988 sunt
591 968 701 989 causae
726 957 910 988 huiusmodi
934 957 1069 988 iniustae
1092 957 1293 998 acceptioniS.
1335 966 1339 969 “

469 1003 520 1032 Ad
544 1003 700 1033 rationem
717 1009 824 1032 autem
840 1001 872 1031 in
889 1001 1076 1041 oppositum
1091 1001 1117 1038 *‚
1136 1001 1252 1032 scilicet
1268 1001 1342 1042 quia
1365 1001 1475 1031 huius·
1501 1027 1502 1035 ἶ

414 1046 503 1076 modi
527 1046 665 1078 venditio
690 1057 726 1077 ex
743 1045 915 1086 indigentia
938 1055 1003 1076 non
1021 1053 1067 1076 est
1090 1046 1266 1076 voluntaria
1283 1045 1474 1085 simpliciter,

414 1091 468 1121 sed
484 1090 710 1127 semiviolenta,
728 1090 809 1120 sicut
831 1090 984 1130 proiectio
1001 1090 1153 1120 mercium
1170 1090 1202 1120 in
1219 1098 1321 1120 mare:
1347 1099 1475 1130 respon-

415 1136 506 1165 detur
528 1136 615 1175 quod
640 1135 711 1165 licet
734 1134 918 1165 huiusmodi
939 1134 1079 1164 venditio
1103 1134 1215 1164 habeat
1238 1133 1358 1174 aliquid
1377 1133 1476 1163 admi-

413 1186 503 1209 xtum
526 1179 565 1208 de
581 1179 794 1210 involuntario
818 1179 925 1218 quoad
942 1188 1069 1209 causam
1084 1178 1283 1213 venditionis,
1300 1184 1346 1208 est
1369 1184 1475 1208 tamen
1501 1178 1503 1188 ¹

414 1222 596 1263 simpliciter
611 1230 642 1254 et
657 1223 800 1254 absolute
816 1222 1002 1253 voluntaria.
1026 1222 1181 1262 Regulare
1196 1229 1303 1253 autern
1325 1228 1371 1252 est
1386 1222 1475 1262 quod
1500 1219 1502 1222 ⁴

414 1267 439 1298 si
454 1267 539 1298 iusto
555 1267 656 1307 pretio
674 1277 721 1297 res
736 1266 891 1302 venditur,
912 1266 990 1296 nihil
1014 1274 1107 1297 nocet
1124 1265 1367 1296 commutationi
1386 1266 1475 1305 quod

414 1311 591 1342 secundum
615 1321 742 1342 causam
765 1310 975 1340 involuntaria
991 1310 1030 1340 sit
1043 1309 1200 1340 venditio:
1225 1316 1261 1339 ut
1283 1315 1369 1349 patet
1387 1309 1419 1339 in
1435 1319 1474 1339 eo

414 1355 480 1396 qui,
504 1355 687 1386 necessitate
707 1354 896 1394 indigentiae
919 1354 1042 1389 ductus,
1067 1353 1175 1384 vendit
1197 1363 1215 1383 a
1238 1353 1364 1393 proavis
1388 1353 1475 1383 habi·-

413 1407 483 1430 tum
507 1409 627 1439 agrum,
651 1399 736 1429 iusto
760 1405 865 1429 tamen
889 1397 1001 1438 pretio,
1025 1404 1056 1428 et
1074 1397 1239 1428 similibus.
1265 1397 1357 1427 Unde
1380 1397 1405 1426 si
1427 1397 1475 1428 iu-

414 1451 500 1474 stum
524 1451 570 1474 est
594 1443 746 1483 pretium,
772 1443 859 1483 quod
884 1441 1037 1477 diximus,
1062 1441 1141 1471 nihil
1164 1441 1268 1472 obstat
1290 1441 1475 1471 huiusmodi

414 1487 564 1518 admixtio
588 1487 801 1523 involuntarii‚
819 1493 876 1518 etc.

468 1531 521 1563 VI.
547 1532 581 1562 In
606 1532 720 1562 eodem
744 1531 876 1562 articulo
908 1530 1042 1561 dubium
1066 1530 1218 1569 occurrit,
1243 1530 1318 1571 quia
1341 1530 1476 1560 vendere

413 1575 543 1616 aliquid,
568 1583 645 1616 puta
669 1585 780 1615 agrum
803 1575 853 1606 vel
877 1575 1022 1611 domum,
1048 1585 1122 1606 cum
1145 1581 1238 1615 pacto
1263 1575 1302 1605 de
1318 1581 1476 1605 retroven-

414 1620 532 1656 dendo;
557 1627 587 1650 et
611 1619 705 1651 etiam
729 1629 803 1650 cum
820 1626 913 1660 pacto
937 1620 1035 1660 quod,
1060 1619 1186 1650 interim
1210 1619 1298 1660 quod
1316 1625 1475 1650 retroven-

414 1664 514 1700 datur,
539 1664 660 1695 locetur
678 1664 738 1705 ipsi
763 1664 866 1694 eidem
890 1664 994 1704 primo
1017 1663 1190 1699 venditori;
1216 1670 1262 1693 est
1285 1662 1416 1699 licitum,
1442 1669 1477 1693 ut

414 1708 594 1739 communis
618 1708 816 1739 observantia
839 1715 980 1746 testatur,
997 1707 1022 1738 si
1047 1708 1108 1738 sint
1130 1707 1212 1738 iusta
1236 1707 1345 1748 pretia.
1370 1707 1411 1737 Et
1433 1714 1476 1738 ta-

414 1763 487 1783 men
512 1759 635 1783 constat
664 1753 752 1794 quod
781 1753 813 1782 in
842 1753 902 1783 hoc
927 1763 1000 1783 casu
1030 1761 1078 1782 res
1100 1751 1247 1782 venditur
1277 1752 1348 1792 plus
1379 1761 1476 1792 quam

413 1797 506 1828 valet.
530 1797 614 1834 Quia
637 1797 662 1826 si
685 1797 767 1827 valet
790 1796 886 1833 mille,
910 1796 1057 1827 venditur
1080 1806 1138 1836 pro
1155 1796 1241 1826 mille
1266 1802 1296 1826 et
1319 1805 1377 1835 pro
1402 1796 1479 1826 obli-

413 1841 539 1881 gatione
571 1841 609 1871 ad
638 1841 942 1872 retrovendendum:
975 1850 1072 1882 quam
1104 1839 1332 1879 obligationem
1356 1846 1479 1870 constat

414 1895 480 1915 esse
504 1885 731 1915 aestimabilem
755 1885 899 1925 pecunia,
921 1894 986 1915 non
1007 1884 1112 1914 minus
1136 1894 1234 1925 quam
1249 1883 1477 1923 obligationem

414 1930 452 1960 ad
474 1930 731 1965 remutuandum,
756 1939 852 1970 quam
877 1929 1028 1969 pecuniae
1048 1928 1243 1968 aequivalere
1267 1928 1341 1959 dicit
1356 1930 1478 1959 Auctor

413 1973 560 2011 inferius,
585 1973 617 2003 in
642 1984 695 2014 qu.
721 1983 800 2014 seq.,
826 1980 881 2003 art.
901 1983 936 2009 2,
961 1973 1000 2003 ad
1016 1982 1047 2012 4.
1079 1973 1135 2003 Est
1159 1982 1233 2012 ergo
1257 1972 1379 2003 licitum
1402 1982 1477 2003 ven·
1503 1992 1504 2002 i

414 2018 486 2048 dere
509 2027 575 2048 rem
600 2018 671 2057 plus
696 2028 794 2058 quam
816 2018 908 2048 valet.

469 2062 518 2091 Ad
546 2062 607 2092 hoc
638 2061 751 2092 dicitur
779 2062 867 2102 quod
894 2061 926 2091 in
956 2060 1141 2092 huiusmodi
1170 2061 1382 2091 contractibus
1412 2071 1478 2091 non

412 2106 558 2136 venditur
581 2115 628 2136 res
652 2106 724 2146 plus
748 2115 846 2146 quam
869 2105 966 2142 valet,
990 2112 1119 2146 propter
1144 2105 1220 2135 duo.
1252 2105 1377 2142 Primo,
1403 2105 1479 2145 quia

413 2149 627 2180 communiter
650 2160 697 2180 res
727 2160 808 2191 quae
833 2149 876 2180 sic
899 2150 1080 2180 venduntur
1102 2150 1209 2180 valent
1238 2149 1310 2189 plus
1335 2159 1401 2180 non
1424 2150 1479 2180 ab·
1503 2164 1505 2180 ι

1180 2284 1392 2326 ARTICU
1400 2285 1497 2326 LUS

1061 265 1326 311 QUAESTIO
1357 264 1549 311 LXXVII,
1579 265 1873 302 ARTICULUS
1905 266 1933 301 ll

1528 342 1647 378 solute,
1673 343 1727 372 sed
1749 343 1920 373 venditori:
1952 342 2027 383 quia
2057 343 2130 373 ideo
2153 343 2221 373 vult
2248 343 2327 374 illud
2355 351 2484 383 pactum
2514 345 2588 386 quia

1526 385 1770 417 incommodum
1793 397 1830 417 ex
1852 386 2033 417 venditione
2056 386 2195 417 incurrit.
2220 387 2403 427 Respondet
2418 397 2492 428 ergo
2509 388 2587 420 obli-

1526 429 1613 469 gatio
1630 430 1761 461 ementis
1785 431 1824 460 ad
1840 431 2077 461 revendendum
2101 436 2131 461 et
2153 430 2326 461 locandum
2349 432 2516 472 quantitati
2535 442 2588 463 va-

1526 472 1602 502 loris
1625 473 1668 503 rei
1699 482 1841 514 respectu
1866 474 1971 504 huius.
2005 475 2046 504 Et
2069 474 2131 512 sic,
2157 474 2232 514 quia
2259 484 2308 505 res
2330 475 2413 506 valet
2442 476 2528 506 mille
2558 483 2589 507 et

1527 517 1637 556 quanti
1667 524 1714 548 est
1743 518 1989 548 incommoditas
2013 528 2100 554 mea,
2125 518 2198 548 ideo
2222 518 2337 549 emitur
2367 529 2425 559 pro
2449 519 2535 550 mille
2559 528 2589 551 et

1528 560 1720 600 obligatione
1743 563 1782 592 ad
1804 563 2009 592 vendendum
2031 569 2062 592 et
2084 562 2268 593 locandum.

1583 604 1730 635 Secundo
1754 606 1845 646 quia,
1870 616 1943 636 cum
1967 616 2003 637 ex
2026 606 2093 636 iure
2116 606 2254 646 positivo
2286 606 2325 637 sit
2348 615 2454 637 rerum
2477 607 2589 638 divisio

1527 655 1557 679 et
1581 649 1765 688 proprietas,
1790 651 1998 687 consuetudo,
2023 660 2104 691 quae
2126 650 2203 680 iuris
2222 650 2287 680 vim
2310 651 2413 687 habet,
2439 650 2532 682 efficit
2554 658 2591 682 ut

1527 702 1585 732 pro
1602 692 1702 722 nihilo
1725 693 1900 724 habeantur
1917 694 1994 725 haec
2010 701 2100 734 pacta
2116 694 2148 724 in
2164 695 2350 725 huiusmodi
2367 695 2588 726 contractibus.

1527 737 1567 767 Et
1590 736 1652 766 hoc
1675 737 1714 766 ad
1738 738 1933 768 obviandum
1956 738 2120 769 fraudibus
2143 748 2322 770 usurarum.
2351 738 2383 769 Si
2408 739 2494 769 enim
2517 749 2590 780 ager

1525 781 1632 810 valens
1653 780 1738 810 mille
1754 781 1941 812 venderetur
1957 782 2144 822 octingentis
2165 793 2239 813 curn
2255 783 2316 813 illis
2332 783 2431 823 pactis
2455 783 2488 813 in
2504 783 2590 814 frau-

1527 825 1600 855 dem
1624 834 1803 861 usurarum,
1832 833 1982 856 mutuum
2006 826 2105 866 magis
2129 836 2227 867 quam
2249 827 2392 858 venditio
2414 834 2588 867 putaretur.

1582 869 1650 899 VII.
1675 869 1710 898 In
1734 869 1817 899 calce
1837 869 1979 909 corporis
2003 870 2144 901 eiusdem
2167 871 2288 902 articuli
2309 878 2386 902 nota
2408 871 2461 902 illa
2478 872 2588 902 verba:

1527 912 1590 943 Ille
1612 914 1667 953 qui
1689 922 1731 943 ex
1753 923 1789 943 re
1811 913 1947 944 alterius
1970 918 2100 954 accepta
2128 914 2263 945 multum
2289 916 2430 954 iuvatur,
2451 922 2509 947 etc.
2542 916 2591 946 Ex

1527 956 1575 987 his
1599 967 1738 997 namque
1762 964 1890 998 apparet
1919 958 2009 998 quod
2033 958 2238 989 nummularii
2262 959 2412 990 habentes
2434 960 2468 990 in
2491 960 2590 1000 depo-

1527 1001 1587 1031 sito
1611 1001 1748 1031 aliorum
1772 1001 1932 1042 pecunias,
1956 1001 2072 1043 quibus
2097 1002 2216 1032 utendo
2239 1002 2273 1032 in
2297 1003 2444 1034 exercitio
2469 1013 2530 1034 suo
2553 1004 2590 1034 li-

1529 1045 1591 1075 cito
1616 1046 1755 1076 multum
1778 1046 1942 1082 iuvantur,
1967 1046 2112 1087 quamvis
2142 1056 2208 1076 non
2231 1053 2398 1078 teneantur
2420 1057 2458 1077 ex
2481 1047 2589 1078 debito

1500 1119 1502 1128 ,
1527 1089 1679 1126 iustitiae,
1705 1099 1741 1120 ex
1765 1090 1871 1120 debito
1901 1097 2006 1121 tamen
2034 1090 2208 1121 honestatis
2231 1090 2366 1130 gratiose
2388 1091 2506 1122 donare
2538 1092 2592 1122 de-

1527 1134 1603 1164 bent
1625 1134 1745 1174 aliquid
1769 1133 1908 1164 dominis
1931 1134 2160 1175 depositorum.
2195 1134 2284 1165 Etsi
2312 1134 2448 1175 gratiose
2471 1135 2593 1166 donant

1528 1187 1565 1208 ex
1588 1177 1670 1209 dicta
1694 1188 1796 1214 causa,
1821 1178 1896 1220 quia
1919 1178 2037 1210 scilicet
2059 1179 2198 1210 multum
2221 1179 2370 1210 iuvantur
2388 1187 2425 1210 ex
2439 1189 2515 1210 vero
2539 1180 2592 1210 de-

1527 1221 1644 1261 posit0‚
1668 1222 1728 1262 ipsi
1750 1222 1949 1253 laudabiliter
1964 1230 2136 1264 operantur
2150 1223 2266 1259 dando,
2291 1230 2322 1254 et
2344 1223 2467 1254 domini
2492 1223 2589 1264 depo-

1501 1295 1503 1298 ,
1528 1265 1662 1296 sitorum
1685 1266 1768 1297 licite
1792 1273 1927 1306 possunt
1949 1267 2086 1307 recipere
2110 1268 2191 1298 data.
2214 1268 2366 1298 Attendat
2388 1274 2495 1298 tamen
2511 1274 2593 1299 utra-

1528 1319 1591 1349 que
1614 1319 1685 1349 pars
1710 1320 1749 1340 ne
1773 1317 1920 1350 corrupta
1943 1310 1983 1341 sit
2002 1311 2155 1347 intentio,
2180 1318 2216 1342 ut
2238 1311 2329 1352 quasi
2353 1321 2390 1342 ex
2413 1311 2520 1343 debito
2543 1312 2591 1343 iu-

1528 1353 1629 1383 stitiae
1653 1353 1794 1384 solvatur
1816 1361 1871 1384 aut
1893 1361 2080 1394 expectetur.
2110 1356 2152 1386 Et
2173 1355 2199 1386 si
2223 1356 2373 1386 dominus
2396 1356 2532 1396 depositi
2555 1357 2591 1387 li-

1527 1397 1652 1427 bentius
1683 1404 1768 1428 tenet
1790 1398 1973 1438 depositum
1996 1408 2092 1429 suum
2124 1399 2210 1439 apud
2233 1399 2319 1430 hunc
2342 1404 2467 1440 gratum
2493 1410 2592 1441 quam

1528 1441 1614 1481 apud
1638 1451 1704 1471 non
1728 1448 1870 1482 gratum,
1894 1452 1960 1473 non
1990 1449 2156 1483 propterea
2184 1450 2302 1484 peccat.
2333 1444 2375 1474 Et
2397 1443 2540 1475 similiter
2566 1445 2592 1476 si

1528 1486 1763 1517 nummularius
1791 1486 1864 1517 ideo
1895 1494 2099 1527 supererogat
2127 1494 2164 1518 ut
2190 1494 2297 1528 gratus
2323 1488 2383 1526 sit,
2407 1495 2438 1519 et
2465 1498 2503 1519 ex
2530 1488 2592 1520 hoc

1527 1530 1598 1570 ipso
1622 1531 1710 1571 quod
1733 1538 1839 1571 gratus
1863 1537 1909 1561 est
1939 1538 2044 1571 sperat
2065 1532 2154 1572 quod
2178 1531 2330 1562 dominus
2353 1532 2473 1563 tenebit
2494 1536 2596 1564 suum

1528 1575 1711 1615 depositum
1734 1576 1819 1615 apud
1843 1575 1949 1615 ipsum
1972 1583 2115 1616 gratum,
2140 1586 2205 1606 non
2230 1583 2348 1616 peccat.
2379 1576 2421 1607 Et
2439 1576 2522 1607 ratio
2546 1583 2595 1609 est

1528 1619 1603 1660 quia
1627 1619 1774 1650 omniurn
1797 1619 1876 1650 ratio
1900 1626 1946 1650 est
1969 1620 2079 1659 gratia,
2105 1630 2170 1651 non
2194 1620 2344 1661 obligatio
2368 1620 2520 1661 implicite
2543 1621 2594 1654 vel

1528 1663 1681 1703 explicite.
1712 1664 1809 1701 Quod
1833 1663 1858 1694 si
1882 1673 1948 1694 non
1972 1673 2009 1694 ex
2031 1664 2237 1704 gratitudine,
2263 1665 2317 1695 sed
2342 1671 2473 1705 propter
2495 1670 2593 1698 usum

1528 1708 1681 1748 pecuniae
1704 1708 1795 1738 datur
1817 1708 1909 1748 quasi
1932 1708 2079 1748 pretium,
2104 1719 2200 1739 usura
2223 1715 2279 1739 est.

1587 1752 1621 1782 In
1645 1751 1851 1792 responsione
1878 1753 1918 1782 ad
1942 1752 2102 1792 primum,
2131 1760 2207 1784 nota
2230 1753 2319 1794 quod
2349 1763 2385 1783 ex
2415 1753 2476 1784 hoc
2504 1754 2595 1794 quod

1529 1796 1650 1827 iustum
1681 1796 1817 1836 pretium
1845 1796 1938 1827 habet
1968 1796 2184 1834 latitudinem,
2216 1804 2256 1828 et·
2276 1797 2426 1838 distingui
2450 1798 2531 1828 solet
2557 1798 2592 1831 in

1529 1840 1636 1880 pium,
1661 1841 1863 1871 moderatum
1895 1847 1926 1871 et
1958 1841 2155 1881 rigorosum;
2190 1842 2358 1872 solvuntur
2388 1842 2591 1883 quaestiones

1529 1884 1647 1915 multae
1671 1894 1709 1914 ex
1723 1885 1810 1914 vario
1831 1885 1932 1924 pretio
1956 1885 2098 1916 eiusdem
2113 1885 2157 1916 rei
2178 1885 2211 1916 in
2227 1886 2343 1916 eodem
2365 1886 2439 1917 loco
2463 1893 2495 1917 et
2512 1893 2594 1918 tem-

1502 1946 1505 1972 3
1530 1938 1618 1969 pore,
1642 1929 1721 1959 dum
1743 1929 1890 1959 venditur
1913 1930 1950 1959 ab
1975 1939 2041 1960 uno
2065 1930 2192 1966 decem,
2216 1931 2255 1960 ab
2279 1930 2342 1960 alio
2366 1930 2528 1969 undecim,
2554 1931 2593 1962 ab

1530 1973 1593 2003 alio
1618 1973 1797 2010 duodecim,
1822 1980 1853 2004 et
1875 1974 1914 2004 ab
1937 1974 2088 2004 omnibus
2111 1974 2202 2005 iuste.
2231 1975 2273 2005 Et
2295 1974 2369 2005 hinc
2391 1973 2428 2005 fit
2450 1981 2486 2005 ut
2508 1982 2594 2006 unus

1531 2024 1614 2048 emat
1637 2018 1756 2053 decem,
1781 2024 1812 2048 et
1835 2017 1941 2048 statim
1960 2018 2075 2049 vendat
2090 2028 2158 2049 rem
2173 2019 2261 2049 illam
2276 2018 2457 2055 duodecim,
2474 2019 2595 2060 absque

1529 2061 1669 2092 laesione
1693 2061 1912 2092 conscientiae.
1943 2062 2027 2093 Hinc
2050 2073 2182 2104 quoque
2205 2062 2240 2093 fit
2263 2070 2299 2094 ut
2321 2063 2437 2094 vendat
2458 2062 2595 2095 solventi

1531 2115 1616 2136 nunc
1639 2116 1697 2146 pro
1722 2106 1847 2142 decern,
1873 2106 1929 2147 qui
1952 2107 2099 2138 soluturo
2123 2107 2162 2137 ad
2185 2117 2306 2138 annum
2336 2117 2403 2138 non
2426 2107 2496 2139 vult
2516 2116 2594 2138 ven·-

1531 2150 1603 2180 dere
1627 2150 1686 2180 nisi
1710 2160 1770 2190 pro
1794 2150 1973 2182 duodecim.
1998 2151 2039 2182 Et
2062 2151 2106 2182 sic
2130 2152 2168 2182 de
2192 2151 2260 2182 aliis
2283 2151 2448 2183 similibus.

1532 2285 1831 2326 SECUNDUS

522 2377 676 2407 UTRUM
700 2376 909 2407 VENDITIO
933 2377 1172 2407 REDDATUR
1204 2377 1375 2408 INIUSTA
1395 2378 1453 2408 ET
1472 2358 1666 2409 'ILLICITA
1690 2378 1888 2409 PROPTER
1912 2378 2151 2410 DEFECTUM
2175 2379 2245 2410 REI
2269 2380 2491 2412 VENDITAE

629 2469 855 2494 DSECUNDUM
870 2468 923 2493 sic
943 2468 1182 2493 paocanrrua.
1199 2456 1358 2494 Videtur
1373 2457 1478 2505 quod
1503 2458 1506 2494 f

546 2501 606 2561 ἵιῖο
625 2509 794 2547 venditio
824 2522 903 2546 non
932 2509 1111 2546 reddatur
1129 2509 1265 2546 iniusta
1295 2518 1330 2546 et
1354 2510 1478 2546 illicita
1504 2509 1505 2541 ἰ

433 2568 531 2622 55¹*
565 2549 783 2611 'propter
818 2562 1007 2599 defectum
1042 2562 1095 2599 rei
1123 2562 1313 2600 venditae.
1350 2563 1506 2605 Minus*¹

470 2591 570 2651 ἑῷ)
585 2608 728 2653 Xenim
749 2623 872 2652 cetera
899 2623 986 2652 sunt
1007 2616 1204 2663 pensanda
1231 2616 1268 2652 in
1293 2628 1333 2652 re
1361 2628 1479 2664 quam
1504 2615 1506 2661 ff

415 2668 468 2704 rei
498 2668 643 2716 species
681 2669 946 2706 substantialis.
984 2669 1062 2705 Sed
1095 2676 1252 2717 propter
1289 2669 1478 2706 defectum

415 2721 553 2770 speciei
589 2721 842 2758 substantialis
880 2734 958 2758 non
985 2721 1135 2758 videtur
1171 2722 1278 2759 reddi
1309 2722 1478 2760 venditio
1505 2722 1506 2744 l

415 2774 467 2811 rei
495 2774 640 2811 illicita:
669 2782 763 2823 puta
791 2774 820 2812 si
849 2774 983 2823 aliquis
1018 2776 1161 2812 vendat
1190 2783 1388 2823 argentum
1416 2777 1478 2812 vel

415 2839 549 2864 aurum
580 2827 820 2865 alchimicum
850 2840 919 2876 pro
957 2840 1064 2874 vero,
1093 2828 1198 2876 quod
1227 2836 1281 2866 est
1316 2829 1401 2866 utile
1431 2829 1479 2866 ad

415 2893 551 2917 omnes
578 2881 768 2918 humanos
801 2893 892 2918 usus
920 2881 969 2918 ad
998 2893 1096 2930 quos
1128 2882 1387 2918 necessarium
1424 2890 1479 2919 est

415 2941 613 2981 argentum
643 2941 679 2970 et
706 2946 855 2981 aurum,
877 2942 969 2982 puta
988 2935 1036 2971 ad
1064 2946 1158 2971 vasa
1187 2936 1289 2972 etad
1318 2935 1390 2971 alia
1409 2936 1479 2972 hu-

415 2986 592 3023 iusmodi.
622 2987 724 3034 Ergo
754 2988 873 3023 multo
903 2987 1027 3024 minus
1057 2987 1125 3024 erit
1154 2987 1276 3024 illicita
1308 2988 1479 3026 venditio
1505 2984 1506 3001 ¹

417 3040 446 3076 si
475 3038 521 3075 sit
549 3039 716 3076 defectus
744 3039 782 3076 in
810 3040 902 3077 aliis.
1504 3088 1507 3092 ι

471 3103 505 3128 2.
535 3093 775 3139 Pmmmm,
814 3092 982 3129 defectus
1011 3105 1056 3129 ex
1093 3101 1198 3141 parte
1242 3093 1294 3130 rei
1323 3093 1387 3142 qui
1425 3098 1507 3131 est³

417 3145 627 3182 secundum
657 3146 903 3193 quantitatem
941 3146 1105 3182 maxime
1141 3146 1293 3183 videtur
1320 3146 1480 3184 iustitiae
1505 3177 1507 3192 ,

418 3197 647 3244 contrariari,
669 3210 766 3246 quae
796 3198 833 3234 in
862 3198 1085 3246 aequalitate
1115 3198 1292 3235 consistit.
1323 3199 1481 3245 Quanti-

417 3258 474 3287 tas
502 3258 629 3287 autem
657 3263 725 3298 per
754 3262 973 3287 mensuram
996 3252 1244 3299 cognoscitur.
1275 3252 1479 3289 Mensurae

418 3311 545 3340 autem
583 3316 708 3340 rerum
742 3316 839 3352 quae
868 3304 906 3341 in
933 3316 1046 3340 usum
1083 3304 1285 3341 hominum
1323 3301 1507 3347 veniunt}

418 3369 494 3393 non
524 3365 608 3393 sunt
638 3356 918 3403 determinatae,
939 3358 1006 3394 sed
1035 3356 1172 3394 alicubi
1202 3357 1386 3404 maiores,
1416 3358 1480 3395 ali-

420 3409 505 3446 cubi
534 3410 722 3446 minores:
752 3418 792 3446 ut
821 3418 923 3458 patet
954 3422 1022 3458 per
1050 3410 1348 3458 Philosophum,
1379 3411 1416 3447 in
1446 3412 1480 3448 V
1506 3458 1507 3464 ἵ

417 3463 536 3499 Ethic.
557 3462 577 3484 '¹‘
606 3464 706 3510 Ergo
728 3475 805 3499 non
825 3470 950 3511 potest
970 3463 1099 3500 evitari
1121 3463 1288 3500 defectus
1308 3476 1353 3500 ex
1372 3472 1478 3512 parte

474 3576 500 3607 α)
521 3576 568 3600 rei.
581 3589 599 3594 -
618 3576 739 3601 venditae
759 3577 855 3600 addunt
875 3577 919 3601 Pa.

1531 2457 1585 2494 rei
1612 2458 1801 2494 venditae.
1832 2458 1881 2494 Et
1907 2458 1958 2494 ita
1984 2458 2135 2495 videtur
2162 2461 2267 2508 quod
2288 2471 2332 2498 ex
2360 2461 2436 2496 hoc
2462 2461 2597 2499 vendi-

1530 2510 1583 2546 tio
1613 2522 1691 2547 non
1719 2510 1899 2547 reddatur
1927 2510 2063 2548 illicita.

1587 2564 1621 2600 3.
1642 2563 1875 2610 PRAETEREA,
1896 2565 1944 2601 ad
1973 2564 2163 2601 defectum
2193 2564 2246 2602 rei
2266 2570 2283 2587 ²
2310 2566 2474 2614 pertinet
2502 2566 2533 2604 si
2561 2566 2596 2604 ei

1533 2616 1766 2653 conveniens
1786 2617 1945 2664 qualitas
1974 2617 2091 2654 deest.
2123 2618 2200 2655 Sed
2224 2620 2273 2656 ad
2302 2619 2522 2668 qualitatem
2542 2621 2597 2657 rei

1505 2699 1506 2719 ἢ
1533 2670 1840 2716 cognoscendam
1879 2670 2078 2718 requiritur
2114 2683 2253 2719 magna
2290 2671 2464 2719 scientia,
2498 2685 2598 2721 quae

1532 2722 1720 2772 plerisque
1749 2723 2012 2760 venditoribus
2041 2725 2157 2761 deest.
2188 2725 2289 2772 Ergo
2322 2737 2400 2762 non
2430 2726 2599 2765 redditur

1504 2799 1507 2806 ι
1531 2775 1702 2812 venditio
1731 2775 1855 2812 illicita
1882 2784 2039 2825 propter
2067 2777 2119 2814 rei
2149 2777 2352 2815 defectum.

1587 2829 1661 2865 SED
1681 2840 1827 2866 CONTRA
1846 2841 1912 2866 asT
1939 2830 2044 2878 quod
2068 2830 2296 2868 Ambrosius
2325 2831 2424 2879 dicit,
2444 2831 2483 2869 in
2500 2831 2597 2870 libro

1504 2883 1506 2924 j
1532 2882 1577 2918 de
1609 2882 1718 2929 Offic.
1738 2882 1775 2917 *ε
1804 2883 1955 2932 Regula
1984 2884 2143 2921 iustitiae
2179 2885 2378 2932 manifesta
2415 2891 2470 2922 est
2499 2885 2601 2934 quod
2625 2892 2834 2920 ‘Lib-mman-

1505 2946 1506 2978 ξ
1532 2947 1556 2971 a
1583 2946 1674 2971 vero
1703 2947 1778 2972 non
1806 2936 1995 2973 declinare
2021 2938 2146 2974 virum
2183 2938 2312 2974 deceat
2338 2939 2500 2984 bonum,
2529 2949 2599 2976 noc

1532 2989 1671 3025 damno
1691 2988 1825 3026 iniusto
1840 2990 1995 3037 afficere
2013 3001 2253 3039 quemquam,
2269 3002 2338 3027 nec
2356 2991 2501 3040 aliquid
2512 2991 2598 3029 dolo

1505 3046 1506 3049 ’
1532 3047 1730 3078 annectere
1758 3042 1815 3078 rei
1838 3052 1941 3079 su‘ae.

1586 3095 1812 3132 RESPONDEO
1833 3107 2016 3133 mci-:unum
2037 3096 2143 3144 quod
2165 3096 2264 3133 circa
2283 3109 2364 3134 rem
2386 3109 2485 3146 quae
2504 3109 2598 3136 ven-

1534 3147 1632 3184 ditur
1664 3147 1796 3195 triplex
1831 3148 2000 3185 defectus
2041 3149 2273 3186 considerari
2309 3158 2446 3198 potest.
2488 3149 2597 3188 Unus

1505 3204 1507 3238 ὲ
1534 3200 1688 3248 quidem
1717 3201 1928 3238 secundum
1953 3201 2119 3250 speciem
2140 3202 2204 3239 rei.
2234 3203 2282 3239 Et
2310 3203 2412 3240 hune
2440 3203 2596 3252 quidem

1505 3278 1507 3291 2
1534 3253 1724 3290 defectum
1753 3253 1783 3289 si
1801 3254 1978 3291 venditor
2006 3263 2210 3302 cognoscat
2228 3255 2264 3292 in
2294 3268 2333 3292 re
2359 3267 2476 3305 quam
2502 3267 2596 3292 ven-

1534 3305 1597 3352 dit,
1619 3306 1791 3342 fraudem
1813 3307 2013 3344 committit
2039 3307 2077 3344 in
2096 3308 2317 3346 venditione
2335 3321 2343 3345 :
2373 3309 2476 3347 unde
2502 3320 2596 3346 ven-

1534 3358 1624 3395 ditio
1653 3358 1777 3396 illicita
1814 3360 1993 3397 redditur.
2033 3361 2080 3397 Et
2117 3362 2192 3398 hoc
2230 3370 2285 3399 est
2318 3363 2423 3409 quod
2461 3361 2596 3399 dicitur

1533 3419 1664 3448 contra
1692 3413 1881 3460 quosdam
1912 3413 2029 3450 Isaiae
2050 3426 2059 3450 1
2079 3414 2117 3451 *z
2146 3415 2359 3464 Argentum
2379 3420 2483 3451 tuum
2511 3426 2596 3452 ver-

1531 3477 1614 3501 sum
1634 3470 1688 3501 est
1705 3466 1741 3502 in
1761 3466 1944 3511 scoriam;
1965 3467 2094 3503 vinum
2110 3473 2214 3504 tuum
2231 3468 2389 3504 mixtum
2405 3473 2460 3504 est
2471 3478 2596 3515 aqua:

2623 3426 2632 3435 ⁸
2647 3424 2714 3447 vm.
2727 3431 2760 3447 κ.
