2860 4244
31 619 42 628 ·
56 617 92 639 Cf.
111 622 176 639 num.
191 623 243 639 xm.

0 903 9 942 Ι.
29 923 40 935 ⁸
60 922 96 946 Cf.
111 928 176 945 num.
194 927 239 944 xvi.

22 1315 70 1343 '':·
105 1330 171 1349 n
188 1330 239 1353 η,

22 1403 25 1421 ³
102 1416 152 1441 n·
165 1403 195 1440 4(

32 3295 218 3344 ‘W

963 230 1230 276 QUAESTIO
1260 231 1381 278 LXII,
1410 232 1707 269 ARTICULUS
1737 233 1768 269 11

271 308 481 344 voluntatem,
505 317 563 338 nec
586 308 640 338 dat
663 307 708 338 illi
731 306 934 342 beneficium,
958 315 1025 336 non
1044 312 1168 336 tenetur
1191 307 1230 337 ad
1253 307 1338 338 resti-

271 351 440 383 tutionem.
464 351 549 391 Ergo
569 352 695 383 nullum
713 351 764 382 ius
778 350 825 381 illi
840 349 982 382 abstulit:
1007 349 1083 390 quia
1099 350 1125 380 si
1141 350 1191 380 ius
1207 351 1339 392 aliquod

270 395 450 427 abstulisset
471 395 528 432 ini,
552 402 710 427 teneretur
732 392 959 435 proculdubio
979 393 1018 423 ad
1032 393 1274 426 restitutionem.
1298 396 1339 426 Et

272 449 347 471 cum
367 446 489 471 constet
512 440 602 480 quod
625 439 755 470 abstulit
776 438 822 469 illi
846 445 952 469 totum
973 437 1062 478 quod
1086 437 1220 470 habebat
1249 440 1338 480 quod

270 483 377 523 potuit
399 483 515 515 auferri
542 494 562 514 a
584 483 676 514 malis
700 482 953 518 consultoribus,
982 480 1125 521 sequitur
1155 483 1244 523 quod
1270 483 1338 523 ipse

270 527 349 558 nihil
371 527 448 558 iuris
470 527 616 564 habebat,
640 533 671 558 et
693 527 783 567 quod
806 526 914 556 nullus
936 531 1080 556 teneatur
1101 526 1129 556 ei
1153 527 1191 556 ad
1215 527 1338 557 restitu-

270 578 403 603 tionem.

325 615 367 648 Et
394 614 600 654 confirmatur
621 623 730 645 rursus
749 614 776 644 *.
811 613 896 650 Quia
922 613 949 644 si
972 613 1040 653 ipse
1063 614 1189 655 dignior
1217 614 1336 654 aliquid

268 659 346 691 iuris
367 658 515 694 habetet,
537 665 695 689 teneretur
717 657 746 688 ei
768 657 809 688 ad
832 657 1065 692 restitutionem
1093 659 1200 689 minus
1223 659 1338 698 dignus

267 703 344 739 illo,
367 703 424 743 qui
446 709 554 734 tamen
577 708 624 732 est
646 701 778 741 dignus,
803 701 854 732 cui
877 711 943 732 non
966 704 1086 743 petenti
1114 703 1267 734 collatum
1291 709 1338 733 est

269 745 459 781 beneficium
473 745 564 776 illud.
581 762 600 768 -
611 745 653 776 Et
668 752 753 776 tenet
777 746 918 786 sequela:
943 748 1019 786 quia
1033 749 1092 779 iste
1115 748 1188 787 plus
1202 753 1338 787 occupat

266 790 336 823 iura
359 789 521 830 dignioris,
545 789 620 830 quia
643 789 892 829 irreparabiliter,
916 800 1014 830 quam
1032 792 1085 824 ille
1101 791 1157 832 qui
1172 790 1339 831 impedivit

267 833 482 869 consulendo;
506 833 583 874 quia
605 840 730 873 poterat
752 843 819 864 non
842 834 932 875 sequi
956 836 1127 869 consilium
1141 835 1209 866 eius
1233 834 1336 865 distri—

267 879 374 914 butor,
397 883 429 908 et
451 877 580 908 reddere
604 877 740 918 digniori
763 878 815 909 ius
837 888 944 910 suum.

325 921 487 959 Quartum
501 921 519 941 *
542 921 678 952 dubium
693 929 740 953 est
762 921 847 963 quia,
873 932 947 953 cum
970 923 1004 954 in
1026 924 1128 955 littera
1153 922 1278 960 dicitur,
1302 923 1339 953 Si
1362 939 1366 966 Ι

265 974 343 998 vero
366 968 430 997 iam
443 965 618 1006 firmatum
640 967 682 997 sit
703 966 788 1006 quod
809 967 908 997 alicui
929 967 1024 998 detur
1044 967 1232 1007 praebenda
1256 974 1314 998 etc.
1327 990 1335 1003 ‚

264 1016 322 1041 aut
343 1009 529 1050 intelligitur
551 1011 591 1040 de
610 1009 758 1041 firmitate
781 1010 836 1041 tali
858 1020 923 1050 qua
945 1018 992 1041 est
1009 1011 1056 1041 illi
1070 1011 1121 1042 ius
1141 1011 1336 1052 quaesitum;

265 1059 322 1085 aut
335 1054 376 1085 de
399 1053 547 1086 firmitate
568 1054 672 1086 adhuc
694 1054 880 1094 impedibili,
897 1062 932 1086 ut
954 1064 1021 1086 non
1044 1055 1084 1086 sit
1098 1055 1145 1086 illi
1167 1055 1217 1086 ius
1241 1065 1336 1095 quae-

265 1097 374 1131 situm.
404 1098 480 1130 Non
503 1098 543 1129 de
569 1098 674 1138 prima
694 1097 857 1129 firmitate:
881 1098 957 1138 quia
984 1099 1028 1130 sic
1051 1109 1118 1130 non
1137 1106 1218 1130 esset
1240 1099 1337 1130 firmi-

263 1148 312 1174 tas
335 1149 371 1174 ut
394 1143 485 1174 detur
507 1141 713 1178 beneficium,
734 1142 788 1173 sed
811 1141 942 1173 firmitas
965 1142 1030 1173 iam
1053 1144 1146 1180 dans;
1174 1153 1231 1174 nec
1255 1151 1336 1174 esset

262 1187 404 1226 amplius
418 1185 622 1226 inpedibilis,
641 1185 702 1216 nisi
717 1186 799 1217 sicut
822 1193 928 1226 potest
950 1187 1022 1227 quis
1045 1188 1160 1227 privari
1175 1198 1246 1219 suo.
1270 1189 1337 1218 Nec

264 1231 308 1265 de
328 1230 488 1263 secunda:
511 1230 588 1271 quia
605 1229 632 1261 si
651 1237 698 1261 est
715 1230 919 1270 impedibilis,
943 1241 1011 1262 non
1034 1233 1127 1263 debet
1145 1232 1268 1263 restitui
1286 1242 1336 1263 ae-

263 1274 376 1315 quam
399 1273 541 1307 multum
563 1274 649 1305 enim
673 1274 768 1306 refert
789 1274 871 1306 inter
894 1282 1001 1306 actum
1026 1283 1056 1307 et
1079 1277 1268 1316 potentiam.

308 1343 309 1346 ,
319 1318 480 1356 (bimum
493 1317 511 1337 *
529 1318 666 1353 dubium
681 1325 728 1350 est
743 1318 824 1350 circa
840 1319 1087 1351 fundamentum
1100 1321 1231 1357 litterae,
1249 1331 1336 1352 sum-

239 1362 463 1404 m}
474 1360 621 1403 fflysic„
643 1369 718 1394 text.
743 1363 794 1400 56,
817 1363 947 1395 scilicet:
971 1364 1066 1402 Quod
1085 1375 1206 1405 parum
1225 1365 1334 1403 distat,

262 1408 358 1449 quasi
373 1407 454 1439 nibil
467 1407 590 1438 distare
611 1406 739 1438 videtur
751 1406 778 1437 *.
804 1407 968 1444 Quoniam
991 1409 1100 1448 regula
1115 1409 1174 1440 ista
1189 1410 1281 1440 datur
1296 1410 1335 1440 ab

263 1450 434 1485 fflmoele
457 1460 524 1482 non
541 1451 581 1481 de
595 1451 691 1482 rebus
709 1450 742 1481 in
765 1451 886 1492 seipsis,
907 1453 963 1482 sed
987 1459 1023 1483 ut
1045 1453 1180 1484 subsunt
1201 1453 1337 1492 practice

262 1494 476 1530 &motioni
499 1501 531 1526 et
553 1494 686 1527 affectui.
700 1495 855 1526 humano.
884 1496 978 1526 Unde
1001 1496 1076 1527 dicit
1098 1498 1189 1537 quod
1211 1497 1336 1528 intelle-

262 1539 465 1580 macc-ipit
487 1548 605 1579 parum
621 1539 739 1570 distans
760 1539 890 1578 perinde
909 1550 946 1571 ac
961 1539 986 1570 si
1009 1540 1090 1571 nihil
1109 1541 1245 1578 distaret,
1262 1551 1336 1572 cum

263 1593 359 1618 uem
379 1593 496 1623 magna
508 1583 597 1615 mala
613 1590 670 1615 aut
687 1592 804 1622 magna
819 1583 904 1614 bona
927 1583 1096 1615 fuerimus:
1120 1585 1235 1625 accipit
1250 1585 1334 1616 enim

263 1628 464 1670 mquamsi
480 1627 652 1660 fuissemus
666 1627 702 1657 in
715 1626 795 1666 ipsis
814 1627 937 1667 magnis
954 1628 1047 1659 malis
1070 1635 1126 1659 aut
1141 1629 1266 1669 magnis
1282 1630 1338 1660 bo—

215 1694 217 1696 ·
263 1671 477 1706 tis-issonstat
486 1670 597 1704 auteni
608 1681 647 1703 ex
660 1670 751 1702 dictis
762 1670 780 1691 *
795 1672 885 1712 quod
900 1673 1073 1712 aequalitas
1089 1674 1336 1704 commutativae

261 1711 410 1752 Mine,
426 1716 468 1747 ad
487 1715 783 1756 quamfacierffiam
799 1715 965 1747 ordinatur
979 1717 1147 1754 restitutio,
1165 1718 1337 1749 attenditur

262 1761 445 1797 mnndum
465 1759 688 1800 aequalitatem
711 1759 756 1790 rei
778 1760 819 1790 ad
837 1770 916 1796 rem,
939 1767 971 1791 et
994 1771 1060 1791 non
1084 1763 1262 1793 secundum
1284 1773 1334 1793 ae-

203 1818 206 1820 ·
229 1823 233 1837 .·
262 1804 452 1847 *litatem
476 1803 608 1836 rationis
637 1813 762 1844 parum,
780 1814 839 1844 pro
867 1804 968 1835 nihilo
995 1805 1201 1838 aestimantis.
1233 1806 1335 1838 Cuius

262 1849 463 1890 *nomast
484 1848 583 1889 *quod
605 1858 672 1879 non
696 1857 796 1888 aeque
825 1849 958 1889 punitur
987 1850 1044 1890 qui
1071 1860 1187 1889 parum
1209 1851 1336 1882 distavit

261 1893 466 1934 ametando
489 1892 674 1928 mortaliter,
698 1900 729 1924 et
752 1892 808 1933 qui
831 1894 972 1932 peccavit
993 1894 1183 1931 mortaliter;
1208 1905 1266 1926 nec
1289 1903 1336 1926 est

261 1937 542 1970 Ἀθηιωωηάυω
556 1936 710 1968 iustitiam
726 1937 1037 1978 propinquissimum
1053 1938 1149 1969 fuisse
1162 1940 1249 1970 casui
1264 1950 1335 1980 pec-

262 1981 493 2018 otimortalis.
508 1988 540 2012 et
557 1980 707 2012 cecidisse
722 1981 755 2011 in
770 1981 867 2012 illud:
891 1982 942 2012 hic
966 1982 1052 2013 enim
1076 1983 1209 2023 punitur
1230 1994 1335 2024 poena

262 2033 399 2062 aeterna,
422 2025 475 2056 ille
499 2035 574 2056 non.
599 2025 712 2065 Neque
726 2032 775 2056 est
792 2025 879 2056 idem
901 2026 1213 2067 propinquissimum
1237 2028 1334 2059 fuisse

228 2066 232 2068 ’
262 2069 612 2106 ωιωεοιιεεάεῐιάο,
629 2075 660 2100 et
674 2076 853 2101 mutuasse:
877 2070 923 2101 illi
940 2071 1025 2101 enim
1042 2071 1121 2102 nihil
1137 2073 1335 2103 reddendum

262 2120 352 2153 mes
365 2114 422 2154 qui
443 2113 525 2145 nihil
547 2114 715 2150 mutuavit,
738 2114 814 2145 huic
828 2124 904 2145 vero
927 2115 1050 2146 restitui
1066 2123 1214 2155 oportere
1229 2124 1335 2148 censet

261 2158 392 2191 utitin-
415 2158 559 2189 Multum
580 2167 656 2198 ergo
672 2157 765 2189 refert
786 2158 827 2188 ad
849 2159 1072 2199 aequalitatem
1092 2160 1230 2192 iustitiae
1247 2171 1333 2192 com-

262 2202 436 2236 matativae
458 2211 574 2242 parum
597 2202 712 2233 distare
731 2212 786 2233 seu
806 2213 907 2243 prope
922 2213 1000 2240 esse,
1018 2211 1048 2234 et
1063 2205 1254 2244 applicuisse
1269 2206 1334 2236 sive

263 2246 388 2279 “sein
409 2246 562 2278 termino:
586 2246 733 2287 quamvis
747 2247 781 2277 in
796 2247 951 2287 pluribus,
971 2249 1150 2279 secundum
1170 2250 1335 2289 passiones

263 2295 297 2323 ὀι
312 2290 564 2333 aestimationes,
587 2296 718 2321 utamur
738 2291 795 2322 illo
819 2282 948 2322 modico
971 2302 1030 2332 pro
1054 2292 1166 2324 nihilo.
1193 2294 1235 2324 Et
1257 2294 1333 2334 quia

262 2335 364 2367 nodo
388 2335 428 2365 de
441 2335 561 2366 iustitia
584 2335 814 2366 commutativa
836 2343 1018 2372 tractamus,
1042 2336 1116 2367 ideo
1139 2337 1195 2367 illo
1220 2337 1334 2368 funda-

261 2386 375 2412 mento
398 2379 482 2410 male
503 2379 652 2410 videntur
675 2379 821 2410 doctores
845 2380 893 2410 uti
916 2380 950 2410 in
973 2381 1150 2421 preposite.

305 2423 452 2455 ‚Sextum
468 2423 486 2443 *
509 2430 565 2459 est,
589 2433 631 2453 an
653 2433 690 2453 ea
713 2434 796 2464 quae
818 2424 871 2455 hic
893 2424 1043 2456 dicuntur
1065 2425 1202 2456 habeant
1223 2425 1334 2457 locum

260 2468 387 2501 inultis
411 2467 692 2499 consecutionibus
719 2469 898 2504 bonorum,
922 2476 1000 2508 puta
1025 2469 1058 2499 in
1081 2470 1276 2500 testamentis
1303 2478 1334 2501 et

261 2511 500 2545 mationibus.
531 2512 573 2542 Et
597 2519 643 2542 est
665 2512 745 2542 ratio
771 2513 860 2542 dubii
889 2519 959 2543 tum
987 2513 1063 2553 quia
1090 2514 1193 2545 littera
1215 2514 1247 2544 in
1271 2514 1334 2545 hoc

260 2562 451 2597 agumento
476 2555 622 2586 meminit
645 2566 711 2586 non
730 2557 838 2587 solum
861 2558 1059 2596 praebendae
1079 2559 1334 2599 consequendae,

261 2601 320 2633 sod
341 2600 480 2632 aliorum
502 2601 665 2631 bonorum
681 2601 996 2641 consequendorum;
1020 2602 1178 2642 quamvis,
1202 2612 1334 2642 respon-

261 2645 379 2681 dendo,
394 2645 434 2675 de
451 2644 678 2676 consecutione
693 2645 890 2685 praebendae
906 2646 1115 2677 solummodo
1134 2647 1295 2687 loquatur.
1314 2665 1333 2670 -

261 2689 352 2721 Tum
364 2689 442 2730 quia
455 2689 580 2720 videtur
594 2689 707 2719 eadem
721 2689 802 2720 ratio
818 2690 1019 2730 responsiva:
1044 2690 1120 2731 quia
1140 2691 1257 2721 scilicet
1280 2699 1335 2722 aut

259 2733 398 2774 impedit
419 2733 512 2769 iuste,
536 2739 592 2764 aut
613 2733 741 2769 iniuste,
758 2740 817 2764 etc.

268 2792 297 2806 w
317 2777 387 2808 vll.
409 2778 462 2808 Ad
483 2777 561 2807 haec
583 2777 690 2812 dubia,
713 2787 780 2808 non
797 2778 913 2808 eodem
935 2787 1003 2818 quo
1018 2785 1107 2809 mota
1124 2785 1200 2809 sunt
1222 2779 1332 2809 ordine

261 2821 496 2862 respondendo,
517 2821 582 2856 sed,
602 2821 782 2852 utfacilior
795 2821 844 2862 ‚sit
868 2822 1020 2858 doctrina,
1044 2832 1063 2852 a
1085 2822 1199 2862 quinto
1222 2822 1331 2858 dubio,

262 2865 353 2907 quod
375 2865 415 2895 de
437 2864 648 2896 fundamento
671 2872 735 2901 est,
758 2865 886 2896 initium
909 2866 1052 2896 solvendi
1077 2876 1252 2897 sumemus.
1281 2867 1333 2896 Ad

229 2930 236 2942 ‚
262 2909 414 2951 quintum
428 2909 526 2949 igitur
539 2908 676 2939 dubium
686 2908 714 2945 *,
731 2909 771 2939 de
790 2909 843 2940 illa
858 2909 1079 2950 propositione
1095 2920 1133 2940 ex
1148 2910 1175 2940 11
1190 2911 1331 2950 Phys-ic„

265 2954 360 2991 Quod
383 2963 505 2994 parum
528 2953 644 2990 distat,
670 2953 751 2983 nihil
775 2953 897 2995 distas-e
920 2954 1064 2991 videtur,
1090 2954 1262 2984 dicendum
1285 2961 1332 2984 est

262 2998 352 3039 quod
375 2997 555 3038 propositio
577 2997 632 3028 illa
654 3007 713 3028 nec
735 2997 880 3028 habenda
900 3004 946 3028 est
968 3004 1004 3028 ut
1027 2998 1135 3037 regula
1153 2998 1186 3028 in
1201 2998 1332 3029 materia

261 3041 415 3078 iustitiae,
439 3051 498 3072 nec
519 3041 655 3072 omnino
679 3041 856 3081 spernenda
879 3048 926 3072 est
947 3042 1078 3082 quando
1101 3042 1242 3073 subiecta
1265 3052 1331 3072 ma-

261 3086 340 3118 neria
361 3085 490 3125 patitur.
514 3086 556 3116 Et
577 3085 709 3126 quidem
731 3086 821 3126 quod
844 3095 910 3116 non
926 3085 967 3116 sit
981 3096 1040 3126 pro
1057 3086 1166 3126 regula
1187 3086 1332 3117 habenda

261 3130 308 3162 in=
319 3129 580 3160 determinatione
602 3129 678 3160 iusti
701 3136 788 3169 patet
811 3140 848 3160 ex
870 3129 932 3160 hoc
957 3130 1046 3170 quod
1069 3131 1262 3161 subverteret
1284 3130 1332 3161 iu-

262 3174 396 3206 stitiam:
422 3180 458 3204 ut
478 3173 513 3204 in
535 3174 604 3214 ipsa
626 3173 759 3204 materia
781 3174 820 3204 de
844 3184 907 3214 qua
929 3174 1074 3214 loquitur
1088 3174 1273 3205 Aristoteles
1296 3174 1332 3204 li-

262 3225 350 3260 quet.
373 3218 470 3249 Verbi
491 3218 600 3258 gratia,
623 3218 735 3248 transit
756 3218 903 3258 princeps
918 3218 1032 3259 aliquis
1046 3219 1132 3250 iuxta
1147 3226 1270 3259 paratas
1284 3218 1333 3249 in-

265 3262 375 3298 sidias,
401 3269 432 3293 et
453 3272 568 3302 pamm
597 3261 700 3293 defuit
721 3262 800 3302 quin
829 3269 1008 3302 caperetur,
1034 3263 1244 3299 occideretur,
1272 3270 1330 3294 etc.

263 3307 324 3338 Iste
348 3306 494 3347 princeps
509 3312 674 3347 reputatur
689 3306 918 3347 eufortunatus
932 3306 960 3343 *‚
976 3314 1013 3338 ut
1034 3307 1153 3338 ibidem
1172 3307 1247 3338 dicit
1262 3306 1332 3338 Ari-

262 3351 405 3382 stoteles:
429 3350 514 3392 quia,
531 3360 646 3390 parum
661 3360 720 3391 pro
736 3350 839 3381 nihilo
850 3351 1040 3391 reputando,
1058 3361 1095 3382 ex
1109 3361 1227 3391 magno
1243 3351 1330 3382 malo

261 3395 412 3426 liberatus
435 3402 491 3426 est.
519 3394 552 3426 Si
574 3401 682 3425 tamen
705 3394 744 3424 ad
766 3394 841 3425 insti
863 3395 1085 3436 aequalitatem
1108 3396 1330 3435 respiciamus,

263 3449 331 3470 non
353 3446 518 3479 reputatur
539 3439 598 3469 iste
621 3439 768 3480 princeps
791 3439 946 3469 damnum
969 3449 1097 3480 passus,
1122 3440 1195 3470 licet
1216 3449 1331 3480 parum

262 3493 285 3514 a
305 3483 424 3514 damno
448 3483 617 3515 distaverit.
641 3484 773 3522 Propter
792 3483 881 3524 quod
904 3483 1013 3514 nullus
1028 3490 1154 3515 tenetur
1168 3484 1196 3515 ei
1211 3483 1331 3524 aliquid

263 3527 434 3559 restituere.
458 3528 500 3559 Et
522 3534 629 3558 tamen
652 3527 678 3558 si
701 3527 754 3557 illa
776 3527 955 3567 propositio
971 3527 1188 3559 admitteretur
1205 3528 1238 3558 in
1258 3537 1332 3568 pro-

264 3570 381 3610 posito,
405 3571 536 3608 scilicet,
555 3572 660 3612 Prope
681 3572 798 3602 habere
820 3576 852 3602 et
872 3571 990 3602 habere
1012 3577 1183 3612 reputatur
1199 3581 1263 3612 pro
1279 3582 1328 3603 eo-

2398 236 2451 281 ,45

1365 311 1367 365 y
1393 308 1475 345 dem,
1492 315 1675 349 sequeretur
1690 309 1778 349 quod
1794 309 1861 345 iste,
1878 309 1934 350 qui
1957 320 2058 350 prope
2080 310 2191 342 habuit
2213 311 2376 348 damnum,
2401 311 2454 342 ha-

1394 351 1498 382 buisse
1520 359 1718 392 reputaretur
1741 353 1908 390 damnum,
1933 361 1964 384 et
1987 361 2216 394 consequenter
2239 364 2305 385 esse
2328 355 2387 386 sibi
2410 365 2455 386 re-

1393 395 1599 427 stituendum.
1624 396 1774 427 Similiter
1797 397 1891 428 etiarn
1915 397 1992 428 falsa
2013 405 2059 429 est
2081 399 2189 438 regula
2210 398 2288 429 haec
2302 398 2335 428 in
2353 399 2454 430 lucro.

1391 439 1540 479 Princeps
1564 439 1651 470 enim
1679 440 1735 481 qui
1758 450 1858 481 prope
1881 441 2123 482 acquisitionem
2146 443 2349 473 monarchiae
2375 443 2454 481 fuit,

1391 482 1434 512 ita
1457 484 1546 523 quod
1569 494 1683 524 parurn
1706 484 1807 515 defuit
1829 485 1908 526 quin
1931 493 2013 516 esset
2035 486 2218 522 monarcha,
2241 486 2455 518 infortunatus

1391 533 1556 566 reputatur
1579 537 1614 558 ex
1638 529 1749 558 eadem
1771 528 1909 559 ratione:
1938 539 2004 560 non
2027 537 2134 561 tamen
2156 537 2323 570 propterea
2345 531 2385 561 ad
2407 531 2455 562 in-

1391 570 1612 610 aequalitatem
1626 572 1706 611 rapti
1722 572 1810 612 regni
1824 580 1987 612 reputatur
2010 574 2198 614 pervenisse,
2215 574 2296 605 sicut
2314 584 2372 605 nec
2386 585 2455 615 per-

1390 613 1491 650 venit;
1516 615 1600 645 unde
1623 625 1690 646 non
1708 622 1832 646 tenetur
1853 617 1893 647 ad
1912 617 1999 657 regni
2018 618 2260 649 restitutionem.
2284 618 2326 649 Et
2349 625 2454 649 tamen

1391 656 1417 686 si
1439 657 1493 687 illa
1516 659 1623 698 regula
1645 659 1739 690 habet
1761 660 1890 696 locum,
1913 661 2027 692 habere
2049 672 2184 702 regnum
2207 669 2238 693 et
2267 672 2382 703 parum
2408 663 2455 693 di-

1390 707 1471 731 stare
1494 712 1553 741 pro
1578 703 1693 733 eodem
1711 705 1899 742 reputando,
1916 705 1998 736 sicut
2019 706 2076 746 qui
2094 706 2272 736 abstulisset
2298 713 2456 738 teneretur

1390 745 1430 774 ad
1453 746 1695 783 restitutionem,
1719 747 1762 778 ita
1785 748 1846 784 hic,
1870 749 1926 789 qui
1949 759 2050 789 prope
2073 750 2211 781 abstulit.
2238 750 2287 781 Ex
2309 751 2454 791 proposi-

1390 788 1478 819 tione
1502 799 1576 829 ergo
1599 790 1652 820 illa
1680 801 1746 821 non
1771 799 1816 823 est
1839 793 1994 823 sumenda
2017 793 2097 824 ratio
2120 793 2228 824 efficax
2251 794 2284 824 in
2306 795 2366 826 hac
2388 805 2454 825 ma-

1390 833 1476 863 teria.
1501 834 1705 874 Quandoque
1728 842 1844 871 tamen,
1868 837 1989 867 ratione
2012 838 2169 868 subiectae
2189 838 2348 875 materiae,
2372 849 2454 880 quae

1389 876 1440 907 vel
1462 877 1556 908 habet
1579 888 1728 918 magnam
1748 879 1947 910 latitudinem
1967 881 2018 911 vel
2036 881 2288 912 incertitudinem
2310 883 2454 914 materia-

1389 920 1481 957 lium,
1502 928 1538 952 ut
1559 921 1594 952 in
1609 922 1767 953 mensuris
1790 930 1821 954 et
1843 924 1994 961 numeris,
2011 925 2133 956 utimur
2148 926 2367 965 propositione
2389 927 2454 958 illa.

1392 965 1483 995 Unde
1507 972 1538 996 et
1559 967 1683 997 Auctor
1704 966 1738 997 in
1761 967 1819 998 hac
1834 969 2042 1007 responsione
2065 979 2131 1000 non
2147 977 2194 1000 est
2206 970 2259 1000 illa
2275 980 2362 1006 usus,
2381 971 2455 1002 licet

1391 1010 1554 1049 arguendo
1577 1019 1649 1040 eam
1672 1010 1818 1042 attulerit.

1446 1053 1528 1084 V111.
1552 1054 1604 1084 Ad
1628 1054 1756 1085 tertium
1779 1055 1891 1086 deinde
1913 1056 2048 1086 dubium
2062 1056 2080 1075 *
2103 1057 2274 1088 dicendum
2289 1064 2346 1088 est.
2371 1058 2455 1095 Quia

1391 1106 1427 1126 ex
1450 1106 1517 1137 quo
1541 1098 1666 1129 exclusa
1682 1106 1728 1129 est
1750 1109 1809 1138 pro
1833 1099 2041 1131 fundamento
2064 1100 2118 1131 illa
2140 1101 2327 1141 propositio,
2347 1102 2454 1132 viden-

1390 1141 1468 1171 dum
1493 1148 1539 1172 est
1561 1142 1640 1182 quid
1663 1149 1709 1173 est
1731 1142 1993 1181 fundamentum,
2018 1145 2057 1174 de
2080 1155 2146 1185 quo
2170 1145 2298 1176 tertium
2321 1145 2454 1176 dubium

1389 1185 1522 1225 quaerit.
1552 1186 1812 1218 Fundamentum
1835 1187 1931 1227 igitur
1953 1189 2143 1219 necessitans
2166 1189 2392 1228 impedientem
2415 1191 2454 1220 ad

1389 1229 1623 1260 restitutionem
1645 1231 1679 1261 in
1703 1241 1776 1261 casu
1799 1232 1978 1272 proposito,
1996 1240 2031 1263 ut
2046 1242 2084 1263 ex
2097 1233 2199 1263 littera
2214 1233 2319 1273 colligi
2333 1241 2453 1273 potest,

1388 1273 1483 1304 habet
1505 1274 1571 1304 duo
1596 1275 1699 1314 capita
1721 1275 1832 1306 simul:
1857 1276 1974 1307 scilicet
1991 1277 2199 1307 violationem
2213 1277 2288 1308 iusti
2309 1277 2454 1309 distribu-

1389 1317 1459 1354 tivi;
1491 1325 1522 1349 et
1547 1318 1754 1350 violationem
1783 1320 1860 1350 boni
1888 1321 2044 1360 propositi
2072 1321 2282 1352 distributoris
2310 1329 2454 1362 respectu

1388 1361 1484 1392 huius
1507 1372 1671 1402 personae,
1695 1363 1746 1394 cui
1766 1364 1908 1395 dandum
1931 1373 1996 1396 erat
2019 1364 2218 1396 beneficium.
2247 1366 2344 1402 Quod
2369 1367 2454 1397 enim

1390 1407 1511 1436 Auctor
1533 1406 1645 1438 fundet
1668 1417 1700 1437 se
1724 1417 1819 1448 super
1837 1408 1921 1439 iusto
1945 1408 1979 1439 in
2001 1409 2285 1446 distributionibus,
2309 1418 2394 1450 patet
2417 1421 2454 1441 ex

1389 1450 1450 1480 hoc
1471 1451 1561 1490 quod
1584 1451 1716 1482 attendit
1737 1452 1778 1482 ad
1797 1452 1926 1491 dignam
1949 1460 1980 1483 et
1999 1454 2100 1492 magis
2119 1453 2248 1493 dignam
2267 1464 2452 1494 personam:

1387 1493 1454 1524 iarn
1475 1494 1494 1513 '⁸‘
1515 1494 1602 1524 enim
1624 1502 1710 1534 patet
1734 1496 1822 1536 quod
1844 1497 1884 1526 ad
1909 1497 2140 1527 distributivam
2160 1497 2313 1528 iustitiam
2335 1506 2454 1538 spectat

1390 1537 1588 1569 considerare
1613 1539 1779 1579 dignitates
1802 1549 2012 1579 personarum
2035 1542 2212 1571 secundum
2232 1552 2274 1573 se.
2292 1542 2389 1579 Quod
2413 1550 2455 1574 et-

1389 1581 1453 1612 iam
1478 1581 1591 1613 fundet
1610 1593 1643 1613 se
1666 1593 1762 1623 super
1782 1584 1948 1615 voluntate
1972 1585 2200 1621 distributoris,
2223 1592 2309 1625 patet
2331 1596 2368 1616 ex
2391 1587 2454 1618 hoc

1389 1626 1480 1666 quod
1494 1626 1627 1658 attendit
1642 1627 1668 1656 si
1684 1627 1951 1667 impedimentum
1967 1635 2141 1667 praestatur
2156 1630 2352 1660 consulendo
2368 1639 2453 1662 ante-

1389 1680 1488 1711 quam
1504 1670 1544 1701 sit
1558 1669 1722 1701 firmatum
1733 1671 1783 1702 vel
1799 1679 1882 1712 post.
1893 1689 1912 1696 -
1923 1673 2078 1703 Notanter
2094 1679 2201 1703 autem
2218 1673 2280 1703 dixi
2295 1673 2373 1705 haec
2389 1676 2454 1705 duo

1389 1714 1491 1754 capita
1514 1714 1611 1745 simul
1634 1725 1834 1746 concurrere:
1860 1717 1935 1757 quia
1961 1724 2110 1747 neutrum
2134 1717 2200 1747 sine
2220 1717 2319 1748 altero
2341 1718 2455 1750 sufficit

1389 1759 1430 1789 ad
1445 1759 1654 1798 obligandum
1669 1760 1709 1789 ad
1724 1760 1956 1791 restitutionem
1971 1761 2054 1791 huic.
2080 1761 2120 1791 Et
2135 1762 2223 1801 quod
2239 1771 2306 1792 non
2322 1762 2455 1794 sufficiat

1389 1802 1520 1833 violatio
1539 1803 1608 1833 sola
1625 1803 1699 1834 iusti
1719 1803 1917 1841 distributivi,
1935 1815 1972 1835 ex
1986 1805 2048 1835 hoc
2072 1812 2157 1845 patet
2173 1806 2261 1845 quod
2276 1807 2453 1847 requiritur,

1390 1847 1470 1878 ultra
1494 1847 1679 1886 dignitatem
1702 1858 1872 1888 personae,
1900 1849 2096 1889 praeparatio
2121 1849 2226 1890 aliqua
2249 1860 2330 1890 quae
2352 1851 2453 1891 impe-

1388 1891 1502 1922 diatur.
1526 1891 1558 1922 Si
1582 1892 1668 1922 enim
1691 1892 1780 1922 nulla
1802 1900 1848 1923 est
1871 1893 1910 1924 de
1929 1893 2038 1933 aliquo
2055 1894 2220 1929 memoria,
2243 1903 2301 1925 nec
2324 1895 2363 1924 ad
2380 1906 2454 1926 eum

1388 1942 1434 1966 est
1457 1935 1562 1976 aliqua
1585 1936 1758 1973 inclinatio,
1775 1937 1924 1977 quamvis
1939 1937 2064 1977 dignior
2078 1937 2127 1974 sit,
2144 1938 2252 1968 nullus
2268 1938 2382 1969 dicitur
2395 1939 2453 1970 im-

1388 1979 1523 2019 pediisse
1539 1980 1632 2010 illum
1647 1990 1666 2010 a
1680 1981 1906 2011 consecutione
1921 1981 2080 2012 beneficii:
2105 1982 2251 2022 quamvis
2266 1982 2454 2014 distribuens

1388 2031 1511 2064 peccet,
1536 2025 1686 2055 omittens
1717 2025 1893 2064 digniorem
1923 2036 1958 2056 ac
1987 2035 2043 2066 per
2065 2026 2127 2055 hoc
2149 2025 2272 2056 violans
2300 2026 2453 2058 iustitiam

1387 2068 1617 2099 distributivam
1641 2069 1675 2099 in
1700 2069 1842 2100 beneficii
1866 2070 2045 2100 collatione.
2071 2070 2169 2107 Quod
2183 2080 2259 2100 vero
2283 2080 2347 2101 non
2367 2072 2453 2102 suffi-

1388 2112 1448 2143 ciat
1471 2113 1540 2143 sola
1562 2113 1698 2144 mutatio
1721 2113 1878 2153 propositi
1908 2114 2003 2144 etiam
2026 2113 2140 2144 firmati
2163 2114 2392 2151 dism'butoris,
2416 2126 2453 2146 ex

1386 2156 1448 2187 hoc
1467 2163 1554 2197 patet
1576 2158 1676 2198 quod,
1693 2157 1719 2188 si
1738 2158 1822 2188 bona
1837 2158 1958 2188 ratione
1981 2158 2053 2198 quis
2075 2158 2262 2198 persuadeat
2277 2164 2309 2188 et
2324 2158 2454 2191 inducat

1387 2201 1618 2238 mutationem,
1643 2208 1679 2232 ut
1709 2202 1801 2232 detur
1830 2202 1981 2242 digniori,
2006 2202 2085 2232 nulli
2113 2202 2226 2232 dicitur
2249 2202 2363 2233 auferri
2386 2203 2450 2234 ius:

1386 2245 1460 2285 quia
1481 2255 1548 2276 non
1564 2245 1710 2282 violatur,
1727 2247 1782 2277 sed
1802 2253 1941 2277 servatur
1955 2246 2077 2276 iustum
2093 2245 2340 2282 distributivum,
2364 2257 2453 2287 prae-

1386 2290 1547 2329 ponendo,
1563 2290 1741 2330 digniorem
1763 2300 1830 2320 non
1853 2297 1918 2320 tarn
1943 2291 2052 2329 digno.
2076 2290 2250 2330 Utriusque
2265 2300 2340 2330 ergo
2356 2291 2452 2322 simul

1386 2333 1518 2364 violatio
1545 2333 1620 2365 facit
1643 2341 1679 2364 ut
1701 2334 1860 2374 obligetur
1884 2334 2062 2374 impediens
2088 2334 2127 2364 ad
2153 2334 2384 2365 restituendum
2407 2335 2452 2366 illi

1386 2377 1420 2408 in
1442 2384 1512 2408 toto
1529 2378 1579 2408 vel
1601 2378 1634 2408 in
1658 2385 1789 2418 parte.—
1803 2379 1845 2409 Et
1870 2379 1945 2419 quia
1969 2378 2049 2408 nulli
2067 2377 2297 2408 restituendum
2321 2386 2367 2410 est
2393 2380 2453 2410 nisi

1386 2432 1492 2458 suum,
1517 2431 1716 2464 consequens
1739 2430 1786 2453 est
1809 2423 1897 2463 quod
1912 2433 1949 2453 ex
1963 2429 2101 2462 utroque
2117 2422 2213 2452 simul
2237 2430 2451 2460 concurrente,

1386 2466 1502 2497 scilicet
1532 2466 1682 2506 dignitate
1713 2467 1833 2497 maiore
1864 2474 1895 2497 et
1925 2466 2138 2507 applicatione
2167 2467 2276 2497 saltem
2306 2467 2452 2498 inchoata

1386 2510 1476 2541 istius
1507 2510 1650 2541 beneficii
1679 2511 1720 2540 ad
1749 2511 1835 2541 hunc
1866 2510 2059 2550 digniorem,
2089 2510 2278 2541 beneficium
2308 2511 2369 2541 hoc
2399 2511 2453 2542 fiat

1385 2555 1476 2585 istius
1499 2555 1652 2594 dignioris
1675 2554 1718 2585 ita
1741 2556 1830 2595 quod
1853 2555 1964 2595 incipit
1986 2564 2053 2585 esse
2075 2564 2171 2584 suum
2199 2555 2451 2595 quodammodo,

1386 2599 1436 2629 vel
1459 2599 1644 2639 simpliciter
1666 2600 1796 2639 quando
1821 2606 1867 2629 est
1889 2598 2059 2639 applicatio
2082 2598 2214 2634 firmata,
2239 2606 2275 2629 ut
2296 2599 2329 2629 in
2353 2599 2451 2630 littera

1387 2643 1510 2674 dicitur.
1541 2643 1582 2673 Et
1605 2643 1680 2683 quia
1708 2643 1928 2684 unusquisque
1958 2643 2054 2674 habet
2083 2642 2132 2673 ius
2159 2642 2192 2672 in
2223 2652 2262 2673 eo
2290 2643 2379 2683 quod
2407 2651 2452 2674 est

1386 2698 1482 2718 suum
1505 2694 1662 2727 quatenus
1686 2697 1783 2718 suum
1798 2694 1854 2723 est,
1877 2687 1950 2718 ideo
1966 2686 2024 2717 iste
2044 2686 2168 2726 dignior
2188 2687 2238 2717 cui
2261 2686 2451 2726 dispositum

1386 2738 1451 2762 erat
1474 2732 1540 2762 dari
1563 2730 1769 2767 beneficium,
1794 2731 1888 2762 habet
1911 2738 2036 2762 tantum
2059 2731 2135 2761 iuris
2158 2730 2191 2760 in
2214 2730 2270 2761 illo
2294 2738 2450 2771 quantum

1386 2776 1480 2806 habet
1501 2775 1546 2806 ibi
1562 2775 1600 2805 de
1616 2785 1686 2806 su0.
1712 2776 1752 2806 Et
1773 2775 1846 2806 licet
1864 2785 1935 2805 vere
1950 2785 2046 2805 suum
2062 2775 2206 2805 absolute
2229 2785 2295 2805 non
2310 2775 2349 2804 sit
2370 2785 2451 2815 quo-

1386 2830 1489 2860 usque
1505 2820 1546 2850 sit
1560 2819 1620 2849 sibi
1641 2820 1762 2855 datum,
1786 2827 1833 2850 est
1851 2826 1956 2850 tamen
1971 2828 2043 2848 vere
2059 2819 2235 2848 secundum
2251 2818 2328 2859 quid
2345 2828 2449 2855 suum,

1386 2864 1458 2904 plus
1481 2870 1512 2894 et
1535 2863 1641 2893 minus
1665 2870 1786 2903 quanto
1810 2863 1883 2903 plus
1906 2863 1956 2893 vel
1978 2862 2085 2892 minus
2109 2862 2252 2902 proxima
2275 2868 2321 2892 est
2343 2862 2449 2902 dispo-

1385 2908 1458 2939 sitio
1482 2908 1523 2938 ad
1547 2907 1760 2938 collationem.
1785 2907 1873 2937 Sicut
1888 2907 1973 2937 enim
1997 2906 2220 2946 dispositiones
2235 2906 2300 2945 agri
2323 2906 2363 2936 ad
2387 2906 2448 2936 fru—

1385 2951 1590 2982 ctificandum
1613 2958 1687 2981 sunt
1709 2950 1900 2991 expectantis
1923 2951 2053 2987 fructus,
2076 2957 2107 2980 et
2129 2950 2185 2990 qui
2207 2950 2292 2980 illius
2316 2950 2448 2989 disposi-

1384 2996 1487 3027 tiones
1510 2995 1594 3026 tollit
1616 2995 1751 3035 impedit
1773 2994 2048 3026 fructificationem
2071 3001 2101 3024 et
2124 3001 2248 3025 tenetur
2269 2994 2309 3024 ad
2328 2994 2447 3025 restitu-

1385 3040 1523 3076 tionem;
1551 3039 1595 3070 ita
1618 3039 1842 3079 dispositiones
1865 3039 1905 3069 ad
1928 3037 2188 3070 consecutionem
2211 3037 2353 3068 beneficii
2377 3046 2448 3068 sunt

1383 3084 1469 3114 illius
1493 3083 1693 3114 consecuturi
1717 3083 1923 3120 beneficium,
1947 3090 1979 3114 et
2000 3082 2056 3123 qui
2080 3093 2132 3113 eas
2155 3082 2239 3112 tollit
2265 3088 2388 3112 tenetur
2410 3083 2447 3112 ad

1385 3128 1629 3159 restitutionem.
1653 3128 1695 3158 Et
1717 3127 1760 3158 sic
1783 3127 1950 3158 intervenit
1971 3127 2023 3157 hic
2046 3127 2095 3157 ius
2118 3127 2151 3156 in
2165 3136 2198 3156 re
2221 3133 2363 3165 respectu
2388 3126 2446 3156 dis-

1385 3172 1595 3213 positionum,
1619 3178 1650 3202 et
1673 3181 1768 3212 super
1786 3172 1848 3202 hoc
1871 3171 2023 3202 fundatur
2045 3171 2095 3201 ius
2111 3171 2143 3200 in
2159 3180 2215 3210 spe
2238 3177 2381 3210 respectu
2398 3171 2447 3200 be-

1384 3216 1497 3248 neficii.
1521 3217 1563 3247 Et
1584 3222 1752 3256 propterea
1767 3215 1943 3256 impediens
1962 3215 2184 3255 dispositiones
2199 3214 2239 3244 ad
2254 3223 2448 3255 consequen·

1385 3262 1464 3292 dum
1486 3260 1677 3291 beneficium
1700 3270 1767 3291 non
1787 3267 1912 3291 tenetur
1934 3260 1974 3290 ad
1997 3259 2228 3290 restituendum
2246 3258 2448 3298 aequivalens

1384 3304 1547 3342 beneficio,
1563 3305 1618 3335 sed
1641 3305 1681 3334 ad
1703 3304 1934 3335 restituendum
1952 3303 2082 3344 aliquid,
2107 3310 2235 3343 pensata
2257 3302 2446 3342 propinqui-

1384 3357 1446 3381 tate
1469 3350 1520 3380 vel
1547 3349 1748 3388 elongatione
1777 3348 1936 3388 potentiae
1965 3348 2003 3378 ab
2027 3354 2115 3383 actu,
2139 3347 2221 3377 sicut
2246 3346 2279 3376 in
2306 3346 2447 3376 laedente

1385 3394 1506 3425 semina
1529 3393 1651 3424 accidit.

2480 1063 2491 1073 ⁸
2505 1062 2575 1085 Num.
2590 1069 2622 1090 vt,
2636 1063 2692 1084 Ter-

2481 1089 2546 1111 tium.

2481 1505 2491 1515 '
2500 1504 2547 1532 Qu.
2557 1511 2602 1531 m,
2615 1508 2658 1526 art.
2670 1509 2690 1529 2,

2480 1530 2509 1552 ad
2522 1537 2543 1559 3.

1441 3439 1494 3469 IX.
1518 3438 1569 3468 Ad
1592 3436 1866 3467 confirmationem
1881 3435 1899 3455 *
1921 3435 2034 3466 dicitur
2053 3434 2168 3464 falsum
2183 3443 2250 3464 esse
2273 3434 2362 3474 quod
2385 3433 2446 3463 dis·
2473 3441 2683 3469 ·Num.v1‚Etcon-

1385 3482 1521 3513 tributor
1543 3489 1670 3512 mutans
1686 3481 1872 3511 sententiam
1896 3487 1927 3510 et
1949 3478 2108 3509 declinans
2131 3479 2170 3508 ad
2191 3478 2296 3508 minus
2313 3478 2445 3518 dignum

1385 3537 1452 3557 non
1474 3534 1617 3557 teneatur
1639 3526 1680 3556 ad
1702 3524 1942 3555 restitutionem.
1965 3523 2135 3553 Deterioris
2157 3522 2315 3562 siquidem
2337 3521 2443 3552 condi-

1384 3571 1480 3602 tionis
1502 3571 1535 3600 in
1559 3570 1622 3601 hoc
1644 3569 1827 3600 distributor
1849 3577 1947 3608 quam
1969 3567 2145 3607 impediens
2161 3573 2223 3596 est:
2247 3566 2322 3606 quia
2345 3575 2444 3606 quan-

2465 3468 2588 3495 firnumtr.
