2860 4244
155 587 167 599 ⁸
178 587 224 613 Qu.
236 589 334 613 cx1,art.
346 592 364 607 2.

155 1064 164 1073 ⁸
178 1063 247 1084 Num.
262 1069 292 1085 rx.

155 1506 163 1515 ·
173 1504 208 1527 Cf.
220 1510 284 1526 num.
298 1510 362 1526 xxvi.

395 284 468 320 286

449 362 498 392 Ad
521 361 731 392 obiectionem
753 367 857 390 autem
882 359 912 388 in
938 357 1092 397 principio
1112 357 1247 392 allatam,
1272 355 1347 396 quia
1370 356 1449 386 scili-

395 413 442 437 cet
465 405 623 436 simulatio
647 404 731 435 utilis
756 411 801 433 est
823 402 922 437 licita,
948 402 1061 431 dicitur
1091 401 1179 440 quod
1202 400 1385 440 accipiendo
1410 400 1450 430 si-

394 450 602 480 mulationem
623 458 680 488 pro
698 446 873 483 mendacio,
894 445 1009 475 falsum
1026 451 1071 474 est
1094 444 1182 484 quod
1202 445 1396 484 quandoque
1413 444 1452 474 sit

394 493 596 524 assumenda:
628 491 810 530 accipiendo
839 496 945 519 autem
976 490 1059 527 large
1089 498 1147 527 pro
1178 487 1322 524 fictione,
1347 495 1452 529 potest

393 537 586 578 quandoque
609 534 736 565 assumi.
766 534 835 563 Hoc
859 539 966 563 autern
990 532 1130 562 secundo
1154 532 1253 562 modo
1278 531 1352 563 dicit
1374 532 1451 562 infe-

394 581 466 617 rius,
485 580 517 610 in
534 578 716 620 quaestione
734 578 771 607 de
788 575 989 607 simulatione
1005 576 1031 612 *,
1055 578 1176 606 Auctor
1190 577 1279 616 quod
1295 576 1451 617 Hierony-

393 635 464 654 mus
488 622 722 654 simulationem
742 621 869 660 accepit.
894 620 929 650 In
947 628 1056 651 nostro
1073 626 1181 650 autem
1197 630 1270 650 casu
1288 620 1451 650 manifeste

393 667 550 699 concurrit
572 665 784 696 mendacium.

446 711 557 741 XXIII.
583 710 629 739 Ex
644 709 691 739 his
708 716 815 739 autem
834 708 864 738 in
885 716 933 739 tot
956 708 1059 738 dubiis
1083 707 1121 737 de
1137 708 1322 738 iuramentis
1338 708 1452 739 coactis

393 762 422 785 et
445 754 598 784 simulatis
625 752 772 783 discussis
796 759 882 791 patet
911 753 1000 793 quod
1024 752 1049 782 si
1073 751 1144 792 quis
1169 752 1276 782 animo
1301 752 1452 783 evadendi

391 799 472 829 iurat
494 797 592 828 redire
617 797 655 827 ad
679 806 850 832 carcerem,
874 796 906 826 in
930 796 1001 826 foro
1026 796 1235 827 conscientiae
1260 803 1383 827 tenetur
1406 806 1453 827 re-

391 842 456 872 dire
472 843 512 872 ad
531 851 694 877 carcerem,
719 847 1016 881 quantumcumque
1035 840 1236 877 iniuriosum,
1254 841 1319 871 sive
1338 840 1452 871 iniuste

391 886 455 916 sive
478 885 558 916 iuste
582 885 726 925 patiatur.
752 885 792 915 Et
815 885 893 915 ratio
917 885 949 914 in
965 891 1116 925 promptu
1137 891 1198 915 est:
1223 885 1298 925 quia
1322 885 1453 915 materia

391 937 437 960 est
460 930 541 960 licita
566 936 595 959 et
619 935 742 965 sancta,
775 938 847 959 nam
870 929 950 959 velle
977 929 1043 968 pati
1066 929 1202 965 iustum,
1228 936 1259 959 et
1280 929 1359 959 velle
1389 929 1453 969 pati

390 974 554 1010 iniustum,
572 981 716 1004 sanctum
740 981 801 1010 est;
827 973 955 1004 materia
976 980 1083 1003 autem
1104 973 1253 1004 existente
1269 980 1384 1010 sancta,
1405 974 1451 1003 iu-

390 1024 570 1048 ramentum
590 1027 658 1047 non
681 1017 783 1057 perdit
804 1017 870 1047 vim
889 1027 980 1047 suam
997 1017 1229 1057 obligatoriam,
1255 1024 1290 1047 ut
1313 1024 1398 1057 patet
1417 1027 1453 1047 ex

391 1061 513 1093 dictis*.
533 1062 598 1092 Nec
611 1061 678 1092 iura
691 1071 771 1102 quae
787 1061 959 1092 afferuntur
971 1061 1002 1091 in
1016 1061 1202 1102 oppositum
1218 1072 1236 1092 a
1251 1061 1452 1102 quibusdam,

391 1105 507 1136 scilicet
530 1106 633 1142 Extra,
657 1106 707 1136 De
729 1106 778 1136 his
793 1115 876 1146 quae
896 1111 999 1136 metus
1020 1115 1130 1142 causa,
1157 1116 1224 1145 cap.
1242 1116 1262 1142 1,
1287 1112 1317 1135 et
1340 1106 1452 1142 XXXI,

391 1159 444 1190 qu.
458 1160 490 1186 11,
506 1160 572 1190 cap.
586 1150 769 1187 Lotharius,
784 1149 904 1190 aliquid
919 1150 1055 1190 probant
1066 1149 1098 1179 in
1113 1150 1320 1180 contrarium:
1342 1149 1396 1179 sed
1408 1149 1454 1180 iu-

391 1201 531 1225 ramenta
546 1201 633 1224 metu
649 1194 729 1224 facta
744 1194 775 1224 in
793 1194 863 1223 foro
880 1194 1017 1224 iudiciali
1030 1200 1172 1224 tractant.
1189 1194 1230 1224 Et
1244 1194 1306 1223 hoc
1319 1193 1453 1234 particu-

390 1238 453 1268 lare
476 1238 515 1269 sit
538 1238 691 1278 scriptum
703 1246 737 1269 ut
753 1238 791 1268 de
807 1237 961 1268 similibus
978 1238 1063 1267 idern
1079 1237 1270 1276 intelligatur
1287 1237 1451 1267 iudicium.

446 1283 558 1313 XXIV.
582 1282 642 1312 Sed
667 1289 782 1312 restant
802 1282 881 1312 circa
901 1282 1074 1311 discussam
1090 1281 1252 1311 materiam
1272 1281 1375 1311 adhuc
1395 1282 1452 1311 du-

391 1326 557 1356 bitationes
575 1327 664 1356 duae.
689 1326 793 1356 Prima
809 1332 864 1361 est,
882 1335 921 1355 an
937 1325 1038 1355 iurare
1054 1332 1149 1364 super
1165 1335 1238 1355 vero
1254 1334 1327 1355 curn
1344 1324 1452 1355 animo

391 1380 455 1400 non
480 1370 602 1400 iurandi
632 1370 671 1400 sit
694 1376 858 1409 peccatum
882 1369 1023 1400 mortale.
1047 1386 1068 1391 -
1092 1369 1236 1399 Secunda
1255 1375 1316 1405 est,
1341 1379 1380 1398 an
1404 1369 1451 1399 iu-

390 1424 457 1444 rare
481 1424 555 1444 cum
578 1414 685 1444 animo
709 1423 741 1443 se
766 1423 831 1443 non
855 1412 1014 1453 obligandi
1038 1412 1077 1443 sit
1099 1412 1370 1453 interpretandum
1394 1423 1452 1453 pro

390 1457 490 1488 iurare
515 1468 590 1489 cum
614 1458 721 1488 animo
746 1467 811 1487 non
835 1457 959 1487 iurandi
974 1457 1000 1488 *-

444 1502 501 1532 Est
524 1509 630 1533 autem
654 1501 747 1542 primi
767 1501 854 1532 dubii
874 1501 952 1532 ratio
976 1501 1051 1542 quia
1067 1500 1201 1531 iurando
1217 1511 1328 1531 verum
1345 1501 1452 1531 animo

390 1556 454 1576 non
483 1546 623 1582 iurandi,
648 1556 705 1576 nec
733 1546 802 1576 Deo
834 1555 891 1576 nec
914 1545 1038 1575 homini
1068 1544 1104 1575 fit
1131 1545 1255 1576 iniuria.
1288 1545 1452 1583 Quoniam

389 1590 475 1621 Deus
500 1601 565 1621 non
589 1590 714 1621 affertur
737 1600 774 1620 ex
796 1589 975 1620 iuramento
999 1589 1143 1620 exteriori
1169 1590 1202 1620 in
1229 1596 1342 1620 testem
1365 1589 1450 1620 falsi:

389 1635 463 1675 quia
486 1635 607 1666 iuratur
625 1644 746 1666 verum.
770 1634 836 1664 Nec
860 1633 983 1664 homini
1007 1633 1231 1664 detrimentum
1255 1634 1385 1674 aliquod
1409 1634 1452 1664 af-

389 1679 502 1710 fertur:
531 1679 606 1720 quia
629 1678 662 1708 in
686 1678 775 1709 nullo
799 1678 899 1708 homo
923 1677 1057 1708 laeditur
1080 1677 1140 1708 nisi
1163 1678 1196 1708 in
1221 1678 1333 1708 notitia
1357 1678 1451 1709 unius

389 1723 564 1763 singularis,
582 1723 698 1753 scilicet
721 1723 810 1762 quod
829 1723 886 1753 iste
906 1722 999 1752 habet
1022 1722 1167 1752 animum
1182 1722 1315 1759 iurandi,
1333 1722 1365 1752 in
1385 1733 1451 1763 quo

390 1767 494 1798 fallere
517 1778 583 1798 non
598 1768 718 1798 excedit
739 1767 855 1797 limites
879 1766 996 1806 peccati
1011 1766 1151 1797 venialis.
1171 1784 1192 1789 —
1213 1767 1247 1796 In
1264 1767 1452 1806 oppositum

389 1819 496 1842 autem
519 1819 565 1842 est
595 1812 684 1852 quod
706 1811 818 1841 veritas
842 1810 996 1841 sermonis
1025 1811 1116 1841 debet
1140 1820 1207 1841 esse
1237 1821 1344 1842 comes
1371 1811 1451 1841 iura-

391 1856 504 1887 menti:
532 1863 561 1886 et
576 1856 600 1885 si
618 1855 697 1886 desit
713 1855 745 1885 in
768 1855 895 1885 materia
919 1854 1096 1890 iuramenti,
1113 1854 1174 1885 hoc
1194 1861 1240 1885 est
1256 1856 1287 1885 in
1305 1865 1343 1885 eo
1363 1856 1451 1896 quod

389 1900 566 1930 iuramento
592 1899 741 1935 firmatur,
767 1906 812 1929 est
835 1899 977 1929 mortale.
1002 1899 1097 1938 Ergo,
1122 1909 1139 1929 a
1163 1898 1299 1935 fortiori,
1324 1899 1349 1930 si
1373 1900 1453 1930 desit

390 1945 422 1974 in
446 1944 563 1980 forma,
589 1944 650 1974 hoc
674 1950 719 1974 est
748 1943 780 1973 in
803 1943 871 1982 ipsa
894 1943 1066 1978 iuratione,
1091 1943 1167 1983 quia
1195 1943 1311 1974 scilicet
1338 1944 1452 1974 iuratio

390 1989 457 2028 ipsa
481 1995 526 2018 est
550 1988 761 2023 mendacium,
786 1987 884 2026 magis
910 1994 955 2018 est
979 1987 1122 2018 mortale.

446 2032 582 2063 Secundi
605 2039 712 2062 autem
743 2031 830 2061 dubii
854 2031 933 2061 ratio
957 2038 1003 2061 est
1033 2031 1109 2071 quia
1135 2031 1300 2062 intendens
1330 2041 1363 2062 se
1387 2042 1452 2062 non

391 2077 528 2116 obligare
551 2076 684 2106 intendit
706 2075 863 2116 quidquid
887 2085 1044 2106 annexum
1068 2075 1243 2105 necessario
1264 2082 1310 2106 est
1332 2076 1371 2105 ad
1390 2076 1452 2107 hoc

390 2121 478 2161 quod
502 2127 548 2151 est
571 2130 602 2150 se
620 2130 685 2150 non
703 2119 850 2159 obligare.
875 2119 935 2150 Sed
960 2120 999 2149 ad
1018 2119 1232 2150 iuramentum
1253 2129 1326 2150 cum
1343 2120 1451 2150 animo

390 2175 455 2195 non
480 2164 639 2204 obligandi
668 2164 845 2194 annectitur
869 2163 1042 2194 necessario
1074 2164 1199 2194 animus
1228 2174 1293 2194 non
1317 2164 1452 2195 iurandi.

390 2210 474 2248 Ergo
498 2209 599 2239 iurare
624 2218 698 2239 cum
719 2208 826 2238 animo
850 2218 915 2238 non
939 2218 972 2238 se
997 2208 1157 2248 obligandi
1181 2208 1450 2248 interpretandum

390 2260 436 2284 est
463 2263 521 2293 pro
548 2253 649 2283 iurare
679 2262 752 2283 cum
776 2252 883 2282 animo
912 2262 976 2282 non
1001 2252 1136 2283 iurandi.
1161 2270 1182 2275 -
1206 2253 1240 2282 In
1265 2253 1452 2293 oppositum

390 2304 496 2328 autem
524 2304 570 2327 est
600 2297 675 2338 quia
702 2296 857 2327 mentiens
884 2296 917 2326 in
941 2306 1007 2326 uno
1038 2306 1103 2326 non
1128 2303 1174 2327 est
1200 2297 1452 2337 interpretandus

391 2341 515 2372 mentiri
538 2342 570 2372 in
587 2341 723 2372 duobus.
749 2341 810 2371 Sed
825 2341 932 2371 iurans
949 2351 1023 2371 curn
1037 2341 1145 2371 animo
1162 2351 1195 2371 se
1211 2351 1277 2371 non
1292 2341 1452 2382 obligandi

391 2385 540 2416 mentitur
563 2386 595 2416 in
619 2385 748 2416 materia
771 2385 949 2421 iuramenti,
971 2385 1088 2415 scilicet
1110 2385 1143 2415 in
1167 2385 1388 2425 promissione,
1413 2387 1452 2416 ad

391 2440 488 2471 quam
512 2440 577 2460 non
594 2429 727 2460 intendit
742 2439 774 2459 se
791 2429 940 2469 obligare,
964 2435 1000 2460 ut
1023 2429 1106 2460 dicit.
1131 2430 1215 2469 Ergo
1233 2439 1298 2460 non
1315 2437 1361 2461 est
1380 2440 1451 2461 cen-

391 2475 506 2505 sendus
536 2474 662 2505 mentiri
690 2473 784 2504 etiam
814 2473 846 2503 in
870 2473 974 2503 forma
1001 2473 1185 2504 iuramenti:
1219 2481 1342 2505 constat
1367 2475 1452 2505 enim

391 2520 479 2559 quod
502 2519 603 2549 iurare
634 2528 707 2548 cum
731 2518 839 2548 animo
863 2527 929 2548 non
953 2518 1076 2548 iurandi
1106 2525 1152 2548 est
1175 2518 1300 2548 mentiri
1329 2518 1362 2548 in
1385 2519 1452 2559 ipsa

391 2563 555 2594 iuratione.

446 2607 544 2637 XXV.
568 2607 618 2636 Ad
642 2605 831 2636 evidentiam
855 2605 949 2645 primi
973 2605 1077 2641 dubii,
1103 2605 1267 2636 sciendum
1291 2612 1337 2636 est
1365 2607 1452 2647 quod

390 2651 423 2681 in
438 2651 495 2681 hac
510 2650 696 2691 quaestione
713 2659 778 2680 non
795 2657 841 2680 est
860 2649 1026 2680 difficultas
1041 2660 1077 2680 ex
1097 2657 1183 2689 parte
1200 2650 1357 2687 materiae,
1377 2651 1453 2691 quia

392 2695 583 2735 supponitur
611 2695 699 2735 quod
721 2704 833 2724 verum
863 2693 983 2724 dicatur
1007 2702 1036 2725 et
1059 2694 1195 2724 iustum:
1228 2694 1282 2724 sed
1307 2704 1343 2725 ex
1366 2702 1453 2735 parte

392 2739 490 2779 ipsius
520 2746 607 2770 actus
637 2738 777 2774 iurandi,
807 2738 840 2768 in
868 2748 934 2779 quo
963 2738 1165 2768 mendacium
1191 2738 1349 2769 invenitur
1378 2739 1453 2780 quia

393 2784 473 2814 iurat
495 2784 591 2814 verbo
616 2790 646 2814 et
669 2793 734 2812 non
758 2789 873 2812 mente.
904 2782 945 2812 Et
969 2789 1133 2822 propterea
1157 2789 1284 2822 oportet
1306 2792 1342 2813 ex
1366 2791 1454 2823 parte

393 2827 547 2858 mendacii
569 2827 673 2857 videre
705 2827 729 2856 si
760 2827 798 2857 sit
828 2826 1054 2867 perniciosum.
1087 2829 1227 2867 Apparet
1251 2826 1336 2857 enim
1365 2828 1454 2868 quod

1002 280 1267 326 QUAESTIO
1298 279 1510 326 LXXXIX,
1540 280 1836 317 ARTICULUS
1865 280 1950 316 VIII

1505 367 1580 387 non.
1607 357 1690 395 Quia
1707 357 1899 394 mentiendo,
1924 358 2001 387 dum
2027 357 2111 394 dicit,
2135 358 2225 389 Deus
2248 363 2294 389 est
2317 360 2416 397 testis,
2442 370 2507 390 non
2523 368 2569 392 at-

1505 445 1594 485 quod
1616 445 1703 475 Deus
1723 452 1768 476 est
1792 445 1876 476 testis
1893 445 1998 475 omnis
2014 445 2168 476 veritatis:
2194 446 2249 476 sed
2273 445 2412 478 attribuit
2434 448 2493 478 sibi
2508 448 2569 489 ipsi

1505 533 1538 562 in
1569 533 1630 563 hoc
1660 533 1746 563 enim
1776 534 1936 564 mentitur.
1969 534 2040 564 Hoc
2071 533 2104 564 in
2133 533 2251 564 nullius
2275 533 2424 564 iniuriam
2445 535 2570 567 videtur

1506 586 1582 607 esse.
1608 594 1628 599 ν-
1652 577 1712 607 Sed
1737 577 1762 607 si
1786 577 1933 608 subtilius
1949 577 2186 618 inspexerimus,
2211 578 2374 618 apparebit
2397 578 2458 609 hoc
2481 589 2569 610 men-

1507 620 1632 651 dacium
1662 621 1876 660 perniciosum
1906 631 1943 652 ex
1966 622 2094 662 propria
2118 629 2247 653 natura:
2272 622 2425 662 quoniam
2455 623 2570 655 directe

1507 665 1712 695 contrariatur
1736 665 1790 695 fini
1813 665 1993 702 iurationis,
2018 666 2135 696 scilicet
2158 665 2393 697 confirmationi
2414 667 2568 704 veritatis;

1506 709 1578 738 ideo
1595 709 1680 739 enim
1695 708 1847 746 iuramus,
1866 717 1901 740 ut
1919 710 2080 740 veritatem
2097 710 2333 741 confirmemus.
2359 711 2462 741 Iurare
2481 721 2570 742 nam-

1507 763 1569 793 que
1593 763 1658 783 non
1682 763 1756 783 curn
1784 753 1892 783 animo
1916 753 2040 784 iurandi
2064 761 2110 784 est
2133 753 2318 785 confirmare
2350 763 2380 786 et
2404 764 2468 785 non
2493 765 2570 786 con-

1506 796 1630 827 firmare
1653 796 1832 827 veritatem:
1865 807 1939 827 nam
1969 798 2044 838 quia
2072 797 2153 828 iurat
2169 801 2255 830 'actu
2283 798 2442 835 exteriori,
2465 798 2570 831 firmat

1505 841 1668 871 veritatem
1697 841 1888 881 inquantum
1912 848 1958 871 est
1985 851 2022 871 ex
2044 842 2147 881 specie
2174 849 2262 873 actus
2285 843 2461 880 exterioris;
2496 843 2571 884 quia

1505 895 1580 916 vero
1601 895 1667 915 non
1683 885 1764 915 iurat
1779 891 1895 921 mente,
1913 894 1979 915 non
1996 884 2162 916 confirmat
2177 886 2348 918 veritatem.
2373 887 2466 918 Unde
2483 894 2570 919 actus

1506 930 1572 965 iste,
1590 929 1633 960 sic
1653 939 1816 969 perversus
1841 928 1872 958 in
1897 929 2001 969 seipso
2025 935 2060 959 ut
2083 929 2142 960 sibi
2164 930 2225 970 ipsi
2249 931 2288 961 sit
2311 931 2499 968 contrarius,
2524 939 2571 963 est

1506 974 1702 1015 perniciosus
1723 973 1780 1004 toti
1796 973 1902 1013 generi
1918 973 2079 1003 humano:
2105 980 2226 1014 utpote,
2243 982 2400 1015 quantum
2415 975 2448 1006 in
2465 986 2498 1006 se
2514 983 2569 1013 est,

1506 1018 1620 1049 tollens
1644 1029 1661 1048 a
1685 1018 1863 1048 iuramento
1880 1017 2022 1048 exteriori
2047 1016 2143 1047 finem
2166 1028 2263 1059 quare
2287 1018 2331 1055 fit,
2355 1019 2472 1051 scilicet
2495 1030 2570 1051 con-

1506 1061 1718 1093 firmationem
1735 1061 1813 1097 veri;
1838 1068 1868 1092 et
1891 1061 2042 1098 similiter,
2060 1069 2217 1102 quantum
2231 1072 2268 1092 ex
2292 1072 2324 1092 se
2348 1069 2403 1099 est,
2420 1073 2571 1095 enervans

1505 1106 1601 1136 fidem
1626 1107 1764 1136 dandam
1787 1105 1931 1136 exteriori
1952 1106 2142 1137 iuramento.
2162 1124 2183 1129 -
2202 1106 2303 1146 Magis
2319 1114 2425 1137 autem
2442 1115 2571 1147 apparet

1506 1151 1620 1181 directe
1649 1150 1802 1191 pernicies
1830 1150 2015 1181 huiusmodi
2044 1149 2106 1181 ficti
2129 1150 2314 1187 iuramenti,
2340 1151 2570 1182 considerando

1505 1194 1722 1225 iuramentum
1737 1194 1769 1224 in
1786 1195 1897 1224 ordine
1916 1195 1955 1224 ad
1978 1195 2093 1226 Deum.
2118 1195 2201 1225 Nam
2218 1195 2261 1226 sic
2276 1195 2378 1225 iurare
2394 1202 2440 1226 est
2458 1205 2495 1226 ex
2511 1205 2571 1226 suo

1505 1248 1618 1278 genere
1640 1238 1771 1268 illudere
1802 1238 1910 1268 divino
1939 1239 2140 1269 testimonio:
2171 1239 2246 1280 quia
2273 1249 2310 1270 ex
2332 1246 2403 1270 actu
2428 1239 2572 1270 exteriori

1505 1282 1627 1312 inducit
1651 1282 1795 1312 divinum
1818 1282 2049 1320 testimonium,
2073 1290 2103 1313 et
2126 1293 2162 1313 ex
2177 1291 2249 1314 actu
2265 1283 2405 1315 interiori
2429 1284 2572 1315 dissentit

1505 1325 1698 1356 invocationi
1729 1325 1826 1355 divini
1860 1326 2051 1363 testimonii;
2085 1327 2172 1368 quod
2210 1327 2286 1358 nihil
2324 1328 2410 1358 aliud
2447 1328 2572 1359 videtur

1505 1379 1604 1411 quam
1618 1369 1775 1410 quaedam
1791 1369 1889 1400 divini
1905 1370 2078 1400 testimonii
2093 1371 2211 1402 illusio.
2232 1390 2251 1394 —
2271 1372 2311 1402 Et
2329 1382 2386 1412 per
2403 1372 2467 1403 hoc
2486 1379 2571 1413 patet

1506 1414 1624 1445 solutio
1650 1413 1836 1444 obiectionis
1859 1414 1891 1444 in
1916 1414 2116 1454 oppositum.

1561 1459 1627 1489 Nec
1654 1465 1745 1498 putes
1769 1467 1820 1488 me
1847 1458 2071 1489 immemorem
2095 1459 2382 1499 suprascriptorum
2396 1460 2430 1496 *,
2454 1460 2573 1492 scilicet

1506 1503 1594 1543 quod
1617 1502 1724 1533 iurans
1747 1512 1856 1533 secum
1878 1502 1985 1533 animo
2006 1513 2071 1533 non
2087 1503 2211 1533 iurandi
2228 1513 2294 1534 non
2309 1503 2433 1543 ligatur,
2458 1515 2493 1535 ac
2515 1514 2572 1545 per

1506 1547 1568 1577 hoc
1591 1557 1658 1577 non
1681 1546 1773 1577 iurat.
1804 1546 1890 1577 Cum
1914 1547 1997 1577 enim
2028 1547 2129 1578 homo
2153 1547 2211 1578 sibi
2233 1547 2294 1588 ipsi
2321 1547 2480 1588 loquitur,
2505 1558 2572 1579 non

1506 1591 1599 1622 habet
1622 1591 1732 1622 locum
1751 1590 1953 1621 mendacium
1977 1601 2034 1621 nec
2050 1591 2083 1622 in
2100 1592 2229 1622 materia
2252 1591 2358 1622 necin
2375 1591 2491 1623 forma:
2517 1593 2572 1624 sed

1506 1635 1573 1665 sola
1596 1635 1639 1665 ibi
1655 1635 1822 1666 intervenit
1835 1645 1915 1665 vana
1939 1642 1969 1666 et
1993 1635 2078 1666 fatua
2101 1636 2238 1676 prolatio
2255 1636 2384 1667 illorum
2400 1637 2572 1668 verborum

1505 1686 1659 1720 tanquam
1682 1679 1760 1709 nihil
1783 1678 2038 1720 significantium,
2063 1680 2105 1710 ita
2125 1681 2213 1721 quod
2230 1680 2340 1711 omnia
2354 1682 2458 1718 verba,
2477 1681 2572 1712 etiam

1505 1724 1574 1764 ipsa
1601 1724 1733 1760 iuratio,
1758 1723 1958 1754 materialiter
1986 1723 2191 1764 proferuntur
2218 1731 2248 1755 et
2276 1732 2474 1766 supponunt.
2505 1726 2572 1757 Nec

1506 1767 1695 1807 contingunt
1719 1768 1794 1798 haec
1818 1768 1961 1808 personis
1985 1768 2052 1798 sani
2076 1769 2190 1809 capitis
2208 1769 2242 1799 in
2264 1769 2336 1800 hoc.

1561 1812 1674 1843 XXVI.
1698 1812 1749 1842 Ad
1772 1812 1949 1842 secundum
1973 1813 2107 1843 dubium
2121 1812 2139 1832 *
2162 1813 2275 1844 dicitur
2298 1813 2386 1855 quod
2410 1824 2485 1844 cum
2500 1814 2572 1855 quis

1505 1856 1590 1886 fatue
1614 1866 1722 1886 secum
1746 1856 1804 1886 sibi
1827 1856 1888 1896 ipsi
1911 1856 1992 1887 iurat
2016 1867 2089 1887 curn
2114 1857 2221 1887 animo
2245 1867 2312 1888 non
2335 1867 2368 1888 se
2392 1858 2570 1898 obligandi,

1505 1900 1608 1931 iurare
1631 1900 1710 1930 illud
1734 1910 1792 1940 pro
1816 1909 1898 1930 vano
1922 1900 2105 1931 habendum
2129 1907 2192 1931 est:
2223 1901 2297 1942 quia
2321 1911 2395 1932 cum
2419 1902 2508 1932 nulla
2530 1902 2571 1934 sit

1505 1945 1548 1975 ibi
1572 1945 1712 1982 materia,
1736 1944 1890 1985 quoniam
1908 1945 2002 1975 verba
2026 1955 2108 1986 quae
2131 1945 2280 1976 dicuntur
2295 1945 2496 1976 materialiter
2519 1957 2572 1977 su-

1505 1996 1653 2025 muntur,
1678 1989 1894 2020 iuramentum
1917 1999 2012 2029 super
2035 1989 2135 2019 nihilo
2163 1989 2339 2030 profertur,
2363 1999 2483 2033 ac-per
2510 1990 2572 2022 hoc

1505 2033 1680 2063 indiscrete.
1697 2051 1718 2056 —
1741 2033 1803 2064 Sed
1827 2043 1900 2063 cum
1916 2033 1987 2074 quis
2002 2033 2089 2064 alteri
2112 2033 2269 2073 promittit
2283 2040 2338 2064 aut
2353 2033 2428 2065 dicit
2450 2035 2509 2065 sub
2524 2034 2572 2066 iu-

1505 2083 1649 2108 ramento
1680 2087 1753 2107 cum
1777 2076 1884 2107 animo
1913 2087 1945 2108 se
1969 2087 2035 2108 non
2058 2077 2239 2118 obligandi,
2263 2077 2480 2109 iuramentum
2510 2088 2570 2120 pro

1504 2122 1682 2152 iuramento
1708 2131 1781 2152 cum
1798 2121 1906 2152 animo
1923 2122 2046 2152 iurandi
2062 2122 2333 2163 interpretandum
2350 2129 2406 2154 est.
2430 2123 2472 2154 Et
2489 2122 2570 2154 ratio

1506 2173 1552 2196 est
1575 2166 1650 2206 quia
1673 2165 1704 2196 in
1729 2166 1908 2196 iuramento
1932 2166 2056 2197 animus
2077 2166 2201 2197 iurandi
2226 2166 2385 2197 concurrit
2407 2166 2522 2198 directe
2541 2173 2573 2198 et

1506 2210 1670 2240 manifeste
1694 2210 1754 2250 ipsi
1777 2210 1907 2240 iuranti:
1937 2220 1972 2241 ac
1996 2220 2052 2251 per
2073 2210 2152 2247 hoc,
2177 2221 2344 2251 nunquam
2365 2211 2572 2252 interpretan-

1506 2255 1585 2284 dum
1608 2261 1655 2284 est
1677 2254 1784 2284 deesse
1808 2254 1952 2285 animum
1975 2254 2098 2285 iurandi
2123 2255 2181 2285 nisi
2205 2255 2371 2286 manifesta
2393 2255 2433 2286 sit
2462 2256 2572 2287 huius-

1505 2298 1594 2329 modi
1618 2298 1751 2329 intentio
1774 2298 1923 2335 iurantis;
1949 2299 2089 2339 regulare
2113 2299 2272 2340 siquidem
2294 2309 2330 2330 ac
2358 2300 2501 2330 naturale
2523 2307 2572 2331 est

1505 2349 1541 2373 ut
1559 2342 1698 2373 iurantes
1714 2342 1849 2373 habeant
1864 2343 2008 2374 animum
2024 2343 2157 2374 iurandi.
2178 2344 2219 2375 Et
2238 2343 2393 2385 quoniam
2409 2354 2447 2375 ex
2462 2344 2570 2375 animo

1505 2397 1572 2417 non
1596 2397 1629 2418 se
1652 2387 1814 2427 obligandi
1837 2397 1903 2418 non
1918 2387 1977 2418 nisi
1993 2387 2142 2418 indirecte
2165 2394 2196 2419 et
2218 2388 2342 2419 occulte
2365 2388 2508 2430 sequitur
2523 2388 2571 2419 in-

1505 2431 1605 2463 tentio
1629 2441 1694 2462 non
1718 2431 1858 2468 iurandi,
1883 2431 1956 2462 ideo
1980 2442 2017 2462 ex
2040 2432 2148 2462 animo
2172 2442 2238 2462 non
2262 2442 2295 2463 se
2318 2432 2481 2473 obligandi
2504 2442 2571 2464 non

1505 2482 1552 2506 est
1580 2475 1852 2516 interpretandum
1881 2476 2096 2507 iuramentum
2126 2476 2216 2516 quod
2244 2476 2285 2507 sit
2314 2475 2434 2507 factum
2461 2477 2570 2507 animo

1506 2529 1572 2550 non
1587 2519 1721 2550 iurandi.
1742 2520 1931 2557 Quinimmo
1949 2530 1986 2550 ex
2001 2530 2105 2550 errore
2119 2520 2244 2551 videtur
2259 2520 2429 2561 procedere
2445 2521 2571 2551 animus

1505 2563 1563 2594 iste
1586 2573 1652 2593 non
1676 2574 1709 2593 se
1733 2563 1908 2604 obligandi:
1937 2564 2012 2605 quia
2035 2564 2152 2595 scilicet
2174 2571 2288 2605 putant
2310 2574 2403 2604 posse
2427 2575 2459 2596 se
2482 2575 2571 2605 sepa-

1506 2617 1572 2638 rare
1596 2607 1823 2647 obligationem
1847 2618 1865 2638 a
1888 2608 2078 2639 iuramento.

1562 2652 1601 2682 Et
1620 2662 1676 2691 per
1691 2651 1753 2682 hoc
1773 2659 1858 2692 patet
1872 2653 2036 2693 responsio
2054 2653 2093 2683 ad
2109 2653 2322 2683 obiectionem
2341 2663 2399 2692 pro
2416 2653 2571 2684 contraria

1506 2703 1604 2736 parte.
1634 2696 1708 2726 Non
1733 2696 1818 2726 enim
1845 2697 2042 2738 quicumque
2065 2697 2132 2728 vult
2155 2697 2275 2738 aliquid
2305 2698 2372 2728 vult
2396 2707 2492 2728 omne
2516 2707 2571 2728 ne-

1507 2740 1640 2770 cessario
1664 2750 1823 2771 annexum
1851 2741 1908 2771 sibi
1931 2741 2146 2781 incognitum,
2170 2741 2260 2782 quod
2287 2741 2384 2773 credit
2413 2751 2479 2772 non
2503 2751 2570 2772 esse

1507 2794 1676 2815 annexum.
1715 2785 1818 2815 Immo
1850 2795 1886 2815 ex
1915 2795 2019 2816 errore
2047 2786 2117 2816 vult
2150 2785 2302 2826 implicite
2330 2786 2571 2817 contradictoria

1505 2828 1634 2859 latentia
1657 2829 1743 2869 apud
1768 2839 1853 2860 eum.

1171 3002 1487 3046 ARTICULUS
1519 3003 1792 3046 OCTAVUS

874 3104 1028 3134 UTRUM
1052 3104 1191 3135 MAIOR
1215 3103 1281 3134 SIT
1304 3104 1541 3135 OBLIGATIO
1565 3105 1805 3135 IURAMENTI
1831 3105 1957 3142 QUAM
1981 3105 2087 3137 vo‘rl

433 3230 442 3239 ι
462 3222 494 3239 *s
514 3238 517 3242 ,
545 3227 566 3243 ,(-

448 3240 469 3254 ””
524 3220 582 3311 ᾗ(
606 3251 729 3288 maior
743 3250 788 3287 sit
808 3250 984 3298 obligatio
1005 3251 1206 3287 iuramenti
1226 3264 1343 3300 quam
1357 3252 1450 3289 voti.

431 3340 435 3350 ⁵
456 3343 459 3347 ¹
548 3294 574 3348 μή
588 3301 747 3341 Votum
766 3304 867 3340 enirn
887 3311 941 3340 est
958 3304 1118 3352 simplex
1137 3304 1352 3352 promissio.
1375 3305 1452 3341 Sed

452 3371 461 3381 x
484 3349 539 3390 ⁷52*
563 3348 858 3394 iuramentum
889 3369 1003 3406 supra
1030 3357 1323 3405 promissionem
1349 3357 1453 3394 adhi-

395 3410 460 3446 bet
479 3406 944 3447 divinum'testimonium.
970 3411 1070 3458 Ergo
1090 3410 1213 3446 maior
1237 3417 1291 3447 est
1313 3410 1453 3458 obliga-

396 3463 446 3500 tio
475 3463 674 3500 iuramenti
703 3475 819 3512 quam
847 3463 939 3500 voti.

451 3528 485 3552 2.
511 3517 745 3562 PRAETEREA‚
767 3515 925 3554 debilius
953 3516 1049 3552 solet
1070 3527 1139 3564 per
1162 3515 1293 3552 fortius
1317 3517 1453 3553 confir-

397 3568 503 3605 mari.
548 3569 623 3606 Sed
665 3577 798 3606 votum
841 3569 1029 3606 interdum
1070 3569 1316 3606 confirmatur
1357 3569 1453 3606 iura-

530 3226 551 3237 s.
604 3210 627 3235 n
643 3209 813 3235 ocTAvuM
834 3210 887 3234 su:
906 3209 1145 3235 PROCEDITUR.
1167 3199 1326 3236 Videtur
1345 3200 1451 3247 quod
1476 3198 1479 3239 1
1505 3208 1648 3237 mento.
1679 3201 1780 3249 Ergo
1809 3201 2067 3239 iuramentum
2106 3210 2161 3240 est
2189 3203 2321 3241 fortius
2356 3215 2472 3252 quam
2499 3194 2570 3242 vo-

1506 3260 1599 3289 tum.

1562 3306 1596 3342 3.
1617 3306 1851 3353 PRAETEREA,
1872 3306 2050 3354 obligatio
2079 3308 2158 3345 voti
2188 3315 2363 3346 causatur
2381 3320 2427 3346 ex
2451 3308 2568 3346 animi

1507 3358 1788 3405 deliberatione,
1804 3367 1845 3396 ut
1864 3372 1979 3408 supra
1992 3360 2013 3382 ’¹‘
2032 3361 2174 3398 dictum
2196 3369 2262 3399 est.
2293 3361 2482 3410 obligatio
2503 3374 2568 3399 au-
2597 3375 2606 3385 ·

1507 3418 1583 3447 tem
1613 3411 1815 3448 iuramenti
1844 3421 2017 3450 causatur
2041 3426 2086 3451 ex
2111 3413 2239 3451 divina
2265 3413 2435 3461 veritate,
2461 3414 2568 3452 cuius

1507 3463 1767 3502 testimonium
1791 3465 2000 3503 invocatur.
2023 3467 2123 3504 Cum
2143 3479 2232 3515 ergo
2256 3466 2395 3504 veritas
2413 3467 2486 3504 Dei
2507 3480 2568 3505 ex-

1509 3517 1618 3554 cedat
1654 3517 1965 3556 deliberationem
2003 3520 2233 3566 humanam,
2271 3519 2422 3558 videtur
2464 3521 2568 3569 quod

1479 3597 1482 3618 1
1509 3570 1686 3618 obligatio
1711 3571 1911 3608 iuramenti
1928 3572 1973 3608 sit
1992 3572 2125 3609 fortior
2142 3584 2259 3622 quam
2279 3572 2458 3620 obligatio
2473 3574 2566 3611 voti.

1505 489 1594 529 quod
1618 499 1684 519 non
1709 490 1871 527 convenit,
1896 489 2013 520 scilicet
2037 500 2069 519 se
2085 489 2231 520 invocare
2254 490 2286 520 in
2310 496 2423 521 testem
2445 492 2583 529 Deum?

1505 400 1613 431 tribuit
1642 401 1762 442 aliquid
1792 412 1857 432 non
1886 408 2070 441 competens
2097 402 2186 438 Deo,
2211 402 2366 442 quoniam
2388 413 2500 434 verum
2523 412 2570 436 est
2612 430 2614 432 ,

2599 1471 2609 1481 ·
2619 1469 2656 1492 ef.
2670 1475 2734 1492 num.
2748 1475 2797 1492 m.

2600 1819 2609 1829 ⁸
2622 1817 2693 1840 Num.
2708 1823 2774 1840 xxiv.
