2860 4244
92 620 102 630 ⁴
109 619 164 647 Cap.
173 625 210 643 m.
216 624 277 641 ven.
287 624 301 647 9

89 652 162 694 issq⁶f
170 645 301 667 Commeat.

41 1349 44 1352 Α
90 1356 228 1386 {Veram
246 1357 300 1385 [ᾧ.

313 1302 619 1351 ,praedicationis
654 1303 831 1339 verbum.
869 1302 980 1340 Unde
1018 1315 1133 1351 super
1168 1303 1257 1341 illud
1291 1305 1304 1340 1
1341 1304 1392 1341 ad

1038 274 1304 319 QUAESTIO
1333 276 1381 322 C,
1410 275 1706 313 ARTICULUS
1737 277 1785 312 Ill

328 350 426 387 licite
463 359 624 398 possunt
658 359 817 388 statutae
847 360 884 388 et
916 359 1119 388 consuetae
1158 353 1389 398 oblationes,
1417 390 1419 399 ,

329 410 365 439 et
384 407 396 424 ⁸
425 403 656 452 quicumque
676 405 736 441 alii
765 412 985 453 proventuS,
1008 404 1102 452 exigi
1132 416 1154 440 a
1177 406 1391 442 nolentibus
1417 402 1419 430 ³

330 464 366 492 et
392 456 605 493 valentibus
641 458 808 503 solvere,
839 457 1059 494 auctoritate
1096 458 1299 505 superioris
1338 459 1391 495 in—

328 516 574 546 tervemente.
1417 545 1419 568 5

382 563 440 598 An
475 574 612 599 PR1MUM
647 574 745 599 ERGO
778 574 962 599 DICENDUM
995 563 1111 610 quod,
1133 562 1227 599 sicut
1257 563 1391 600 Hiero·
1417 593 1418 596 ,

329 626 467 662 nymus
487 615 586 662 dicit,
601 627 715 663 super
732 615 952 652 [Michaeam
972 615 1002 662 ²¹²,
1020 627 1180 652 munera
1200 617 1390 664 quaedam

329 675 464 716 sponte
494 667 769 704 exhibebantur
801 668 911 704 bonis
948 669 1142 716 prophetis
1171 669 1218 705 ad
1247 677 1390 706 susten-

328 721 510 757 tationem
539 721 722 769 ipsorum,
749 733 825 757 non
854 721 962 768 quasi
990 721 1039 758 ad
1068 722 1275 759 emendum
1306 735 1391 771 pro·
1417 729 1419 753 ἔ

328 773 478 822 phetiae
507 785 636 810 usum:
666 785 782 821 quern
802 781 932 810 tamen
955 774 1313 824 pseudoprophetae
1334 787 1390 811 re-

327 826 557 874 torquebant
584 825 632 862 ad
660 834 874 875 quaestum.

381 880 440 915 An
467 890 659 916 SECUNDUM
686 891 870 916 memnon
890 879 994 928 quod
1022 879 1071 916 illi
1090 880 1156 928 qui
1185 881 1274 917 dant
1293 881 1390 916 elee-

329 943 511 980 mosynas
538 932 771 980 pauperibus
799 941 840 969 ut
869 932 1083 969 orationum
1121 934 1170 970 ab
1199 933 1288 981 ipsis
1315 933 1391 969 suf-

328 984 444 1032 fragia
472 984 694 1034 impetrent,
724 997 802 1022 non
831 997 877 1022 eo
906 993 1037 1022 tenore
1076 986 1167 1022 dant
1200 985 1308 1034 quasi
1336 985 1390 1022 in-

328 1037 525 1075 tendentes
545 1037 735 1075 orationes
755 1050 904 1075 emere:
934 1038 1001 1075 sed
1020 1050 1089 1086 per
1107 1038 1306 1086 gratuitam
1325 1038 1389 1074 be-

329 1090 571 1128 neficentiam
591 1103 805 1140 pauperum
825 1091 972 1128 animas
987 1090 999 1115 (
1017 1098 1229 1139 provocant
1247 1091 1296 1128 ad
1316 1091 1390 1128 hoc

329 1145 431 1192 quod
460 1156 532 1193 pro
561 1144 615 1181 eis
642 1144 755 1192 gratis
774 1151 811 1180 et
830 1155 875 1180 ex
895 1143 1047 1180 caritate
1075 1151 1194 1180 orent.
1225 1165 1249 1172 -
1277 1145 1389 1181 Prae·
1416 1140 1418 1153 ¹

328 1196 540 1234 dicantibus
568 1197 682 1234 etiam
711 1196 935 1245 temporalia
964 1197 1150 1234 debentur
1177 1197 1225 1234 ad
1245 1205 1389 1234 susten-

327 1249 509 1286 tationem
520 1249 840 1309 praedicantium,
862 1261 940 1286 non
964 1257 1091 1286 autem
1113 1251 1160 1287 ad
1181 1252 1389 1288 emendum

331 1355 427 1392 Tim.
446 1367 472 1392 v
489 1355 527 1402 ²⁸,
552 1356 628 1398 Qui
644 1356 738 1392 bene
755 1361 941 1404 praesunt
956 1357 1172 1405 presbyteri
1198 1365 1281 1402 etc.‚
1303 1357 1391 1394 dicit

327 1407 466 1446 Glossa
485 1408 521 1446 *ε
550 1409 791 1451 Necessitatis
818 1414 872 1445 est
897 1410 1069 1457 accipere
1103 1410 1200 1446 unde
1234 1410 1389 1456 vivitur,
1417 1444 1419 1458 ,

327 1461 493 1498 caritatis
520 1467 575 1499 est
593 1463 797 1511 praebere:
821 1468 1036 1499 nontamen
1053 1462 1185 1499 venale
1199 1468 1253 1499 est
1263 1464 1391 1500 Evan-

325 1514 482 1564 gelium,
507 1521 549 1552 ut
568 1527 642 1565 pro
669 1515 726 1552 his
743 1515 996 1564 praedicetur.
1030 1516 1072 1551 Si
1097 1516 1196 1552 enim
1223 1516 1278 1552 sic
1303 1527 1391 1553 ven-

325 1567 429 1615 dunt,
449 1579 634 1618 magnam
661 1580 742 1605 rem
765 1568 832 1605 vili
848 1569 1014 1605 vendunt
1030 1573 1048 1595 '¹
1070 1569 1205 1616 pretio.
1227 1589 1251 1596 -
1281 1569 1391 1606 Simi-

326 1620 410 1658 liter
437 1621 550 1658 etiam
579 1621 704 1671 aliqua
737 1621 962 1670 temporalia
990 1621 1128 1658 dantur
1158 1622 1284 1658 Deum
1313 1623 1391 1659 lau-

327 1673 504 1711 dantibus
531 1674 570 1712 in
598 1674 851 1712 celebratione
881 1674 1118 1711 ecclesiastici
1151 1675 1280 1722 officii,
1309 1675 1390 1712 sive

325 1738 398 1776 pro
426 1727 526 1765 vivis
554 1728 635 1765 sive
662 1739 732 1776 pro
762 1727 943 1775 mortuis,
975 1739 1053 1764 non
1072 1728 1180 1776 quasi
1207 1728 1389 1776 pretium,

327 1781 395 1818 sed
423 1781 532 1830 quasi
551 1780 832 1818 sustentationis
860 1780 1101 1830 stipendium.
1132 1782 1181 1817 Et
1209 1793 1255 1818 eo
1276 1781 1390 1819 etiam

325 1841 460 1871 tenore
493 1846 564 1883 pro
583 1832 596 1856 ⁰
624 1834 932 1883 processionibus
969 1834 1150 1871 faciendis
1187 1834 1225 1871 in
1263 1834 1390 1883 aliquo

325 1887 459 1924 funere
486 1887 634 1936 aliquae
664 1888 932 1936 eleemosynae
961 1887 1203 1937 recipiuntur.

381 1940 422 1977 Si
450 1949 580 1978 autem
607 1940 827 1978 huiusmodi
854 1949 967 1990 pacto
992 1940 1266 1978 interveniente
1284 1941 1389 1988 fiant,

327 2001 392 2031 aut
426 1993 540 2031 etiam
569 2005 658 2030 cum
695 1993 903 2031 intentione
936 1994 1140 2043 emptionis
1167 1995 1230 2031 vel
1257 1994 1390 2031 vendi-

327 2046 451 2094 tionis,
473 2047 727 2084 simoniacum
747 2053 755 2068 ‘
785 2054 893 2084 esset.
923 2047 1035 2084 Unde
1055 2047 1179 2084 illicita
1207 2054 1307 2084 esset
1331 2059 1391 2084 or-

328 2099 471 2138 dinatio
499 2100 531 2137 si
550 2100 588 2137 in
608 2100 734 2150 aliqua
764 2100 922 2138 ecclesia
941 2108 1166 2138 statueretur
1184 2100 1287 2149 quod
1311 2113 1390 2137 non

325 2153 435 2190 fieret
469 2153 663 2202 processio
699 2154 737 2191 in
774 2154 904 2191 funere
937 2154 1094 2191 alicuius
1129 2153 1199 2190 nisi
1226 2154 1391 2191 solveret

327 2214 468 2244 certam
497 2206 682 2256 pecuniae
711 2207 981 2255 quantitatem:
1012 2207 1100 2257 quia
1126 2219 1196 2256 per
1214 2208 1288 2244 tale
1317 2214 1389 2244 sta-

325 2267 449 2297 tutum
476 2260 784 2310 praecluderetur
810 2260 875 2297 via
902 2261 1016 2308 gratis
1044 2261 1215 2297 officium
1243 2260 1390 2309 pietatis

326 2313 515 2362 aliquibus
544 2313 802 2362 impendendi.
842 2313 965 2361 Magis
993 2321 1121 2351 autem
1156 2313 1255 2350 licita
1291 2321 1390 2350 esset

326 2366 514 2404 ordinatio
554 2366 584 2403 si
617 2366 842 2403 statueretur
878 2367 983 2414 quod
1026 2367 1204 2403 omnibus
1247 2374 1387 2403 certam

325 2421 613 2468 eleemosynam
639 2419 815 2456 dantibus
843 2420 926 2456 talis
945 2426 962 2441 κ
990 2421 1115 2457 honor
1133 2419 1388 2457 exhiberetur:

324 2473 415 2521 quia
442 2485 512 2522 per
538 2473 613 2510 hoc
641 2485 719 2509 non
748 2473 1055 2521 praecluderetur
1081 2473 1145 2509 via
1178 2472 1258 2509 aliis
1288 2473 1388 2510 exhi-

324 2525 452 2563 bendi.
491 2527 541 2563 Et
569 2533 764 2575 praeterea
792 2526 916 2574 prima
944 2526 1133 2563 ordinatio
1161 2527 1276 2563 habet
1304 2538 1389 2575 spe-

325 2580 422 2616 ciem
461 2579 689 2616 exactionis:
728 2579 895 2616 secunda
932 2592 1026 2616 vero
1063 2580 1178 2616 habet
1220 2579 1387 2627 speciem

324 2632 505 2680 gratuitae
534 2633 912 2682 recompensationis.

377 2687 436 2722 Au
464 2696 624 2723 TERTmM
653 2698 838 2723 menapum
858 2686 963 2735 quod
981 2685 1041 2722 ille
1062 2685 1121 2722 cui
1141 2684 1390 2722 committitur

324 2738 525 2787 spiritualis
553 2746 731 2787 potestas,
763 2751 807 2775 ex
836 2739 964 2776 officio
994 2738 1180 2786 obligatur
1208 2738 1256 2775 ad
1275 2750 1388 2775 usum
1416 2769 1419 2776 .

2431 277 2505 323 359

1446 354 1639 401 potestatis
1669 354 1737 390 sibi
1767 354 1992 390 commissae
2021 354 2059 390 in
2087 353 2334 402 spiritualium
2355 353 2505 401 dispen-

1447 407 1613 443 satione:
1645 415 1680 443 et
1713 407 1826 443 etiam
1864 419 1933 455 pro
1963 419 2030 443 sua
2067 407 2335 443 sustentatione
2371 414 2505 442 statuta

1447 459 1631 508 stipendia
1667 460 1782 496 habet
1810 472 1853 496 ex
1883 459 2090 497 redditibus
2123 459 2381 496 ecclesiasticis
2400 457 2425 495 λ.
2456 459 2504 495 Et

1446 512 1532 548 ideo
1562 512 1591 548 si
1620 512 1760 560 aliquid
1789 513 1974 561 acciperet
2002 525 2071 561 pro
2101 525 2171 549 usu
2211 512 2409 561 spiritualis
2436 524 2504 560 po-

1445 565 1597 610 testatis,
1615 577 1691 601 non
1712 565 1975 613 intelligeretur
1995 567 2118 602 locare
2138 578 2273 614 operas
2293 577 2390 611 suas,
2408 577 2502 613 quas

1417 651 1418 663 2
1447 629 1492 653 ex
1521 617 1648 654 debito
1669 619 1831 666 suscepti
1859 618 1973 655 officii
1993 624 2011 646 μ
2039 619 2152 655 debet
2171 618 2405 666 impendere,
2434 618 2501 654 sed

1446 670 1710 717 intelligeretur
1748 672 1916 708 vendere
1959 672 2083 719 ipsum
2126 671 2324 720 spiritualis
2364 670 2502 719 gratiae

1445 735 1571 759 usum.
1602 724 1649 759 Et
1677 731 1832 772 propter
1854 725 1940 769 hoc,
1961 736 2038 760 non
2057 724 2143 760 licet
2170 736 2239 772 pro
2258 735 2501 772 quacumque

1446 775 1726 823 dispensatione
1754 777 1893 825 aliquid
1923 777 2111 825 accipere;
2141 789 2265 825 neque
2295 776 2407 813 etiarn
2431 789 2501 825 pro

1444 829 1519 864 hoc
1556 830 1660 875 quod
1691 841 1776 865 suas
1803 829 1907 866 vices
1944 829 2199 876 committant3
2229 842 2354 877 neque
2389 829 2501 866 etiam

1445 893 1515 929 pro
1543 882 1619 918 hoc
1638 882 1742 929 quod
1772 894 1861 918 suos
1881 882 2051 919 subditos
2071 883 2267 930 corrigant,
2295 883 2358 919 vel
2378 895 2400 919 a
2420 894 2499 919 cor-

1445 933 1602 981 rigendo
1633 934 1821 971 desistant.
1853 935 1958 971 Licet
1985 942 2114 972 tamen
2143 935 2196 971 eis
2224 935 2394 984 accipere
2413 947 2500 984 pro-

1445 986 1658 1023 curationes
1696 988 1851 1034 quando
1889 988 2057 1024 subditos
2084 988 2254 1034 visitant,
2284 1000 2362 1024 non
2395 988 2502 1037 quasi

1443 1040 1606 1088 pretium
1636 1039 1897 1086 correctionis,
1926 1041 1994 1077 sed
2023 1040 2129 1088 quasi
2158 1041 2326 1078 debitum
2364 1040 2502 1089 stipen-

1444 1092 1560 1130 dium.

1498 1146 1561 1182 Ille
1589 1153 1716 1181 autem
1754 1145 1819 1193 qui
1846 1145 1962 1182 habet
1997 1145 2213 1192 scientiam,
2243 1158 2319 1182 non
2349 1145 2501 1193 suscipit

1443 1206 1573 1235 tamen
1591 1204 1605 1219 ν
1631 1198 1706 1234 hoc
1735 1197 1905 1235 officium
1926 1210 1971 1234 ex
1990 1210 2067 1245 quo
2088 1198 2272 1246 obligetur
2291 1198 2369 1234 aliis
2388 1210 2500 1235 usum

1444 1251 1620 1288 scientiae
1640 1251 1874 1300 impendere.
1904 1252 1953 1287 Et
1971 1251 2058 1288 ideo
2077 1251 2174 1288 licite
2193 1259 2317 1299 potest
2338 1251 2501 1299 pretium

1444 1317 1535 1342 suae
1565 1304 1758 1342 doctrinae
1785 1305 1848 1341 vel
1873 1304 2014 1340 consilii
2043 1304 2214 1353 accipere
2232 1304 2267 1351 ²¹⁸,
2297 1315 2375 1340 non
2395 1304 2501 1352 quasi
2530 1308 2539 1318 ⁸

1443 1358 1642 1395 veritatem
1671 1365 1735 1394 aut
1754 1356 1948 1394 scientiam
1969 1358 2150 1404 vendens,
2180 1357 2246 1394 sed
2275 1356 2382 1406 quasi
2411 1369 2502 1405 ope-

1445 1423 1505 1448 ras
1525 1423 1612 1448 suas
1631 1411 1773 1447 locans.
1803 1431 1827 1438 -
1849 1410 1888 1446 Si
1907 1418 2035 1447 autem
2065 1422 2110 1446 ex
2138 1410 2265 1447 officio
2286 1410 2333 1447 ad
2351 1410 2427 1446 hoc
2449 1417 2502 1446 te-

1445 1472 1615 1510 neretur,
1646 1463 1907 1511 intelligeretur
1938 1463 2058 1511 ipsam
2087 1463 2285 1500 veritatem
2314 1463 2500 1500 vendere:

1445 1518 1547 1554 unde
1576 1516 1738 1564 graviter
1773 1524 1957 1564 peccaret.
1995 1516 2099 1553 Sicut
2134 1524 2235 1565 patet
2268 1516 2306 1552 in
2342 1515 2409 1552 illis
2437 1515 2502 1563 qui

1446 1570 1689 1607 instituuntur
1715 1569 1754 1606 in
1782 1569 1969 1618 aliquibus
2008 1569 2171 1605 ecclesiis
2201 1569 2248 1606 ad
2283 1569 2501 1606 docendum

1446 1622 1602 1660 clericos
1631 1621 1810 1658 ecclesiae
1839 1629 1876 1658 et
1904 1621 1998 1658 alios
2025 1634 2222 1670 pauperes,
2251 1633 2322 1670 pro
2347 1633 2423 1669 quo
2453 1621 2501 1658 ab

1446 1675 1605 1712 ecclesia
1633 1674 1865 1712 beneficium
1894 1675 2093 1723 recipiunt:
2122 1687 2144 1711 a
2164 1675 2301 1723 quibus
2321 1686 2399 1711 non
2418 1674 2502 1711 licet

1446 1729 1499 1766 eis
1527 1727 1668 1776 aliquid
1697 1727 1882 1776 recipere,
1913 1740 1983 1764 nec
2011 1728 2060 1764 ad
2088 1728 2162 1764 hoc
2190 1728 2294 1775 quod
2324 1728 2500 1773 doceant,

1445 1794 1516 1819 nec
1544 1782 1592 1818 ad
1621 1782 1695 1817 hoc
1723 1781 1828 1829 quod
1865 1781 1987 1829 aliqua
2015 1781 2108 1817 festa
2145 1780 2281 1817 faciant
2306 1781 2368 1817 vel
2396 1792 2502 1828 prae-

1445 1835 1660 1872 termittant.

1497 1890 1557 1924 AD
1577 1898 1750 1930 QUARTuM
1768 1898 1954 1924 DICENDUM
1973 1886 2078 1935 quod
2097 1898 2167 1934 pro
2183 1886 2352 1934 ingressu
2371 1898 2504 1922 mona-

1445 1941 1545 1978 sterii
1564 1953 1642 1977 non
1661 1940 1748 1977 licet
1774 1939 1914 1988 aliquid
1941 1939 2088 1987 exigere
2106 1940 2169 1976 vel
2197 1939 2367 1987 accipere
2395 1939 2502 1987 quasi

1444 1994 1618 2043 pretium.
1649 1993 1755 2030 Licet
1781 2000 1922 2038 tamen,
1952 1993 1982 2029 si
2002 1992 2276 2029 monasterium
2304 1992 2350 2028 sit
2375 1999 2501 2039 tenue,

1445 2047 1551 2096 quod
1582 2059 1660 2083 non
1697 2045 1857 2083 sufficiat
1885 2046 1934 2082 ad
1961 2053 2017 2083 tot
2049 2057 2234 2094 personas
2267 2044 2500 2092 nutriendas,

1443 2100 1555 2149 gratis
1575 2099 1731 2148 quidem
1751 2099 1962 2147 ingressum
1982 2098 2199 2136 monasterii
2221 2098 2408 2144 exhibere,
2434 2098 2502 2134 sed

1444 2154 1615 2203 accipere
1644 2152 1783 2201 aliquid
1811 2164 1881 2201 pro
1909 2152 2011 2189 victu
2037 2163 2223 2200 personae
2243 2163 2340 2200 quae
2364 2150 2401 2187 in
2419 2163 2502 2187 mo-

1443 2207 1608 2244 nasterio
1635 2205 1745 2242 fuerit
1771 2205 2007 2254 recipienda,
2037 2205 2068 2242 si
2095 2206 2143 2242 ad
2171 2205 2246 2241 hoc
2282 2203 2502 2241 monasterii

1444 2273 1522 2297 non
1542 2259 1730 2296 sufficiant
1748 2270 1854 2307 opes.
1885 2279 1909 2286 -
1939 2258 2117 2295 Similiter
2137 2257 2249 2294 etiam
2274 2257 2417 2294 licitum
2446 2264 2502 2294 est

1443 2313 1473 2350 si
1501 2320 1658 2362 propter
1695 2311 1942 2348 devotionem
1970 2323 2087 2359 quam
2124 2310 2255 2359 aliquis
2292 2310 2341 2347 ad
2370 2321 2502 2346 mona-

1443 2366 1597 2403 sterium
1637 2364 1801 2402 ostendit
1844 2365 1964 2412 largas
2003 2365 2265 2412 eleemosynas
2305 2362 2501 2410 faciendo,

1443 2420 1586 2456 facilius
1606 2419 1644 2455 in
1672 2417 1905 2455 monasterio
1927 2417 2147 2466 recipiatur;
2177 2416 2272 2453 sicut
2296 2416 2408 2452 etiam
2429 2415 2504 2452 lici-

1442 2481 1523 2509 tum
1553 2479 1609 2508 est
1637 2484 1658 2507 e
1678 2483 1866 2507 converso
1906 2470 2071 2518 aliquem
2105 2481 2319 2518 provocare
2356 2468 2404 2505 ad
2439 2468 2503 2505 de-

1442 2525 1642 2562 votionem
1662 2523 1880 2560 monasterii
1900 2535 1968 2572 per
1987 2523 2210 2571 temporalia
2238 2522 2436 2567 beneficia,
2462 2529 2503 2557 ut

1444 2590 1489 2615 ex
1517 2580 1591 2615 hoc
1611 2577 1809 2614 inclinetur
1837 2577 1884 2613 ad
1913 2575 2133 2613 monasterii
2160 2575 2390 2623 ingressum;
2420 2574 2505 2611 licet

1443 2643 1523 2669 non
1551 2631 1597 2668 sit
1624 2630 1767 2667 licitum
1797 2641 1842 2666 ex
1870 2637 1982 2678 pacto
2020 2628 2159 2678 aliquid
2193 2629 2281 2665 dare
2314 2629 2376 2665 vel
2414 2627 2504 2663 reci-

1443 2696 1534 2734 pere
1553 2696 1624 2733 pro
1650 2683 1821 2731 ingressu
1844 2682 2075 2729 monasterii,
2096 2689 2137 2718 ut
2155 2682 2316 2718 habetur
2340 2683 2366 2728 l,
2382 2693 2446 2729 qu.
2468 2692 2501 2727 11,

1445 2750 1527 2785 cap.
1561 2737 1685 2779 Quam
1709 2737 1786 2785 pio.

378 2855 400 2887 ε)
420 2858 486 2880 et.-—
503 2857 551 2879 aut
570 2853 642 2883 BEF,
662 2857 692 2878 ut
710 2853 782 2885 ApK,
802 2853 844 2878 vel
862 2853 893 2878 D.

376 2889 402 2923 ζ)
421 2889 536 2915 animas.
548 2903 567 2908 -
584 2889 689 2914 animos
708 2889 739 2912 P.

377 2925 404 2957 η)
424 2925 471 2950 vili
488 2924 616 2950 vendunt.
627 2938 646 2943 —
664 2923 830 2955 vilipendunt
848 2923 900 2948 BF.

377 2959 402 2993 0)
416 2967 510 2993 pro.—
528 2959 590 2985 Om.
608 2958 772 2991 ABEFGpK,
792 2959 818 2983 in
839 2958 889 2983 CL.

378 2997 397 3028 ι)
416 2995 599 3021 simoniacum.
612 3008 631 3014 -
648 2994 762 3020 simonia
782 2994 828 3019 Pa.

378 3031 403 3064 κ)
423 3030 493 3057 talis.
506 3045 525 3050 -
543 3030 615 3064 quod
633 3030 695 3055 tcilis
714 3029 865 3062 BEFHIpK.

1494 2849 1523 2883 λ)
1542 2850 1733 2876 ecclesiasticis.
1744 2863 1763 2869 -
1780 2849 1904 2874 ecclesiae
1922 2849 1969 2873 Pa.

1496 2887 1525 2919 μ.)
1544 2886 1659 2917 suscepti
1681 2885 1770 2918 officii.
1783 2898 1803 2903 -
1819 2885 1934 2916 suscepti
1958 2883 2044 2917 officio
2070 2883 2192 2916 ELpBK,
2210 2886 2331 2914 suscepto
2356 2882 2444 2916 officio
2468 2882 2503 2913 F,

1442 2925 1563 2953 suscepto
1581 2921 1664 2954 officii
1682 2921 1715 2946 H.

1494 2957 1518 2989 ν)
1537 2964 1589 2982 non
1604 2955 1714 2987 suscipit
1733 2958 1830 2980 tamen.
1842 2968 1863 2974 -
1879 2958 1906 2979 et
1924 2961 1976 2979 non
1991 2953 2101 2985 suscipit
2119 2961 2179 2978 cum
2197 2953 2235 2977 Pa
2240 2960 2250 2982 ‚·
2268 2960 2316 2985 pro
2334 2953 2390 2982 hoc,
2405 2960 2442 2977 ex
2456 2953 2504 2978 hoc

1444 2993 1467 3022 1;
1487 3000 1534 3024 pro
1553 2999 1591 3017 ex
1609 2999 1668 3023 quo,
1687 2991 1724 3016 ad
1743 2991 1792 3015 hoc
1811 2994 1840 3016 ut
1858 2990 1879 3015 C
1886 2998 1893 3020 ;
1913 2997 1961 3022 pro
1980 2989 2016 3014 Et
2034 2989 2101 3018 ideo,
2121 2989 2181 3013 ideo
2199 2989 2246 3018 La,
2265 2996 2319 3013 om.
2339 2988 2367 3012 P.

999 3095 1332 3132 'Commenta-ia.
1353 3097 1605 3130 cardinalis
1625 3095 1827 3129 cajetani

356 3183 375 3203 N
400 3171 532 3203 articulo
556 3171 658 3207 tertio,
676 3171 715 3201 ad
734 3170 895 3206 ultimum,
915 3176 991 3200 nota
1010 3168 1098 3210 quod
1115 3167 1390 3210 quemadmodum

329 3185 460 3248 Itextus
482 3216 692 3247 Decretorum
722 3214 894 3255 prohibens
924 3213 1044 3254 aliquid
1074 3213 1147 3243 dare
1174 3213 1225 3243 vel
1253 3212 1390 3257 recipere

325 3272 385 3302 pro
408 3261 550 3301 ingressu
567 3259 750 3291 monasterii
772 3259 937 3299 glossatur.
947 3258 1038 3299 quod
1053 3257 1238 3297 intelligitur
1260 3256 1390 3297 quando

326 3306 444 3346 petitur
458 3305 509 3335 vel
522 3305 614 3335 datur
628 3309 779 3344 tanquam
793 3304 932 3343 pretium
950 3311 1012 3343 pro
1029 3303 1190 3343 ingressu,
1210 3301 1299 3342 quod
1314 3307 1390 3331 tunc

326 3357 373 3381 est
389 3349 519 3390 quando
537 3359 574 3379 ex
589 3355 682 3389 pacto
707 3354 753 3378 est
771 3357 789 3377 a
805 3357 870 3377 non
885 3346 1044 3387 indigente
1061 3345 1254 3376 monasterio
1269 3344 1390 3386 aliquid
1416 3358 1417 3383 ;

327 3394 463 3434 exigere;
489 3393 543 3424 sed
567 3392 593 3423 si
616 3391 846 3423 monasterium
869 3390 1017 3431 indigeat,
1042 3397 1073 3421 et
1095 3389 1260 3420 manifeste
1284 3395 1391 3420 caveat

326 3438 417 3479 quod
445 3447 503 3479 pro
532 3436 704 3468 necessaria
731 3434 958 3466 sustentatione
988 3441 1115 3474 oportet
1142 3440 1267 3465 tantum
1296 3433 1388 3468 dare,

328 3482 415 3512 nulla
438 3481 574 3512 simonia
597 3487 656 3511 est:
681 3480 723 3511 ita
742 3479 810 3510 iura
834 3478 893 3509 alia
917 3479 956 3509 de
970 3478 1032 3509 hoc
1050 3478 1282 3518 interpretanda
1305 3483 1388 3507 sunt.

328 3526 421 3557 Unde
444 3526 574 3567 quando
598 3532 719 3556 taxatus
742 3531 788 3554 est
811 3532 963 3554 numerus
990 3522 1179 3553 monialium
1209 3530 1292 3562 quae
1315 3530 1389 3560 pos-
1416 3524 1417 3540 ¹

327 3577 402 3601 sunt
424 3571 542 3611 absque
566 3569 695 3610 penuria
724 3567 886 3604 sustineri,
911 3566 953 3598 ita
977 3566 1065 3607 quod
1088 3566 1113 3596 si
1137 3566 1243 3606 plures
1273 3564 1390 3604 recipe-

1445 3173 1568 3203 rentur,
1594 3165 1823 3196 monasterium
1850 3171 2044 3206 gravaretur,
2069 3164 2111 3195 ita
2134 3164 2223 3204 quod
2247 3164 2314 3194 aliis
2344 3163 2504 3194 sororibus

1445 3217 1705 3252 opportunorum
1727 3209 1847 3250 aliquid
1871 3219 1909 3240 ex
1931 3209 1993 3240 hoc
2017 3208 2152 3244 deesset;
2177 3208 2258 3239 licite
2282 3214 2389 3248 posset
2411 3207 2504 3237 statui

1445 3255 1534 3296 quod
1557 3265 1652 3295 supra
1674 3254 1770 3285 talem
1793 3263 1964 3284 numerum
1987 3253 2074 3283 nulla
2089 3252 2256 3292 recipiatur
2278 3251 2336 3282 nisi
2360 3261 2441 3292 quae
2457 3261 2506 3281 re-

1444 3300 1588 3330 levamen
1611 3298 1799 3339 gravaminis
1829 3298 1918 3339 quod
1946 3303 2126 3338 sequeretur
2155 3295 2291 3332 afferret,
2315 3302 2391 3335 puta
2419 3294 2504 3325 mille

1444 3354 1568 3374 aureos·
1601 3342 1763 3380 Quoniam
1786 3342 1847 3373 hoc
1876 3352 1941 3372 non
1972 3348 2017 3372 est
2044 3350 2103 3380 pro
2126 3339 2266 3380 ingressu
2291 3339 2425 3379 exigere,
2450 3339 2505 3368 sed

1445 3398 1502 3428 pro
1527 3387 1766 3418 sustentatione.
1790 3387 1855 3417 Nec
1870 3393 1915 3416 est
1931 3384 2131 3425 praecludere
2147 3383 2231 3414 viam
2255 3383 2333 3419 aliis,
2350 3382 2504 3424 quoniam

1444 3432 1511 3472 ipsa
1535 3431 1649 3462 taxatio
1673 3431 1796 3461 numeri
1820 3440 1901 3470 quae
1921 3429 2096 3464 secundum
2115 3427 2183 3458 iura
2206 3426 2250 3464 fit,
2271 3427 2388 3458 claudit
2403 3427 2502 3458 viam:

1444 3476 1499 3506 sed
1523 3483 1569 3506 est
1591 3475 1710 3516 aperire
1733 3474 1817 3504 viam
1840 3474 1998 3513 ingressus
2014 3471 2200 3502 habentibus
2214 3471 2410 3512 temporalia,
2435 3471 2504 3511 qui-

1444 3520 1503 3550 bus
1527 3529 1609 3550 onus
1633 3518 1814 3550 monasterii
1837 3518 1999 3548 sublevare
2023 3523 2158 3557 possunt
2180 3525 2215 3546 ac
2237 3516 2359 3547 volunt.

1446 3646 1550 3654 m
