2860 4244
1075 285 1343 331 QUAESTIO
1373 286 1458 333 XC,
1487 286 1784 323 ARTICULUS
1814 287 1862 322 ΙΙΙ

2480 286 2554 333 293

377 363 541 394 hibernus:
567 363 683 394 scilicet
707 363 875 403 expulsive,
900 363 950 393 vel
973 362 1178 403 compulsive.
1211 363 1251 393 Et
1275 370 1440 403 propterea
1465 363 1468 390 ἰ
1494 374 1568 394 cum
1590 363 1681 394 hoste
1704 363 1736 394 in
1761 364 1808 394 his
1825 373 1907 404 quae
1926 363 2052 394 hostilia
2071 370 2154 399 sunt,
2171 370 2216 393 est
2235 363 2421 403 perniciosa,
2445 369 2557 402 utpote

377 407 426 438 his
449 407 525 437 solis
545 408 671 438 duobus
689 408 802 443 modis,
828 417 883 447 per
899 417 930 437 se
946 407 1121 448 loquendo,
1146 406 1229 437 licite
1248 408 1287 436 ad
1312 408 1440 437 daemo-

377 461 432 482 nes
452 461 511 481 nos
534 451 703 482 habemus:
729 452 778 482 vel
802 451 996 492 expellendo,
1013 458 1048 481 ut
1068 451 1101 480 in
1118 451 1297 481 exorcismis
1317 459 1346 481 et
1370 462 1439 482 ora-

1494 407 1657 438 hostilitati
1679 408 1844 439 contraria.
1867 408 1959 438 Unde
1976 407 2119 448 sequitur
2142 407 2230 448 quod
2254 407 2279 437 si
2303 417 2377 438 cum
2401 407 2557 438 daemone

1493 459 1652 482 exercetur
1674 459 1762 482 actus
1785 452 1908 482 socialis
1933 452 2078 492 perfecte,
2103 458 2148 481 est
2171 458 2336 491 peccatum
2360 451 2506 481 mortale:
2532 450 2557 480 si

377 496 518 526 tionibus
542 506 637 535 supra
660 496 837 535 arreptitios
860 495 913 532 fit;
938 495 988 526 vel
1018 495 1251 535 compellendo,
1276 502 1312 526 ut
1342 496 1440 526 sancti
1492 505 1567 525 vero
1590 495 1782 535 imperfecte,
1808 503 1854 526 est
1877 503 2041 536 peccatum
2065 495 2195 526 veniale.

375 540 433 570 viri
457 550 549 580 saepe
573 539 707 576 faciunt,
732 539 955 579 praecipiendo
980 538 1023 569 eis
1047 539 1152 569 divina
1180 546 1350 579 potestate,
1375 550 1439 580 qua

377 594 409 614 se
426 594 480 614 eos
498 584 687 624 compellere
703 594 797 624 posse
813 583 926 619 sciunt,
946 591 982 614 ut
1000 583 1106 623 aliqua
1125 583 1230 613 dicant
1245 584 1294 613 vel
1314 583 1438 620 faciant,

377 639 442 658 non
467 635 503 658 ut
525 627 701 668 spontanei,
719 628 773 658 sed
797 634 834 657 ut
856 627 963 657 hostes
986 627 1016 657 in
1045 627 1257 667 captivitatem
1281 627 1438 658 servitutis

375 673 501 708 redacti,
526 682 592 712 quo
616 672 715 702 modo
738 672 825 702 Deus
850 677 880 701 et
903 671 1005 710 angeli
1022 678 1155 702 utuntur
1171 671 1345 702 ministerio
1370 672 1439 702 dae-

375 726 522 747 monum.

432 761 483 791 111.
508 759 540 790 Si
556 769 631 790 vero
651 759 750 788 homo
775 759 814 788 ad
838 759 1027 789 daemonem
1045 769 1076 790 se
1094 760 1206 790 habeat
1230 770 1295 789 non
1320 767 1355 790 ut
1378 759 1436 789 ho-

375 811 472 839 stem,
497 810 663 843 peccatum
687 810 748 833 est:
774 803 968 843 quandoque
992 804 1144 840 mortale,
1169 804 1364 844 quandoque
1387 813 1438 833 ve—

374 848 466 878 niale.
491 848 574 878 Nam
594 847 706 878 habere
724 847 873 878 socialem
889 855 994 878 actum
1019 858 1092 878 cum
1117 849 1274 878 daemone
1298 855 1345 878 est
1366 857 1437 888 pec-

374 899 480 922 catum
504 891 637 922 mortale
668 901 706 922 ex
728 902 788 921 suo
811 899 943 932 genere:
976 891 1051 932 quia
1079 899 1166 923 actus
1190 891 1315 922 socialis
1345 891 1438 921 habet

373 935 537 967 materiam
553 942 783 975 repugnantem
800 946 865 966 non
879 935 1163 976 qualitercumque,
1181 936 1235 966 sed
1251 935 1436 975 perniciose.

373 980 414 1011 Et
436 980 525 1020 quod
549 980 588 1010 sit
611 980 741 1010 materia
765 990 954 1020 repugnans,
980 987 1066 1020 patet
1089 990 1126 1010 ex
1141 990 1180 1010 eo
1201 979 1289 1020 quod
1313 978 1438 1009 socialis

373 1031 460 1055 actus
483 1024 670 1054 terminatur
692 1024 731 1054 ad
755 1024 881 1054 hostem
905 1023 979 1060 Dei,
1005 1023 1144 1059 caelestis
1167 1023 1301 1062 patriae,
1327 1030 1356 1053 et
1380 1032 1436 1052 no-

372 1076 483 1100 strum.
508 1068 642 1099 Constat
666 1068 751 1098 enim
774 1069 900 1099 hostem
919 1077 1094 1107 repugnare
1110 1066 1268 1098 societati:
1293 1075 1367 1097 cum
1387 1076 1436 1096 so-

373 1113 466 1144 cietas
490 1113 596 1143 omnis
627 1113 685 1142 sub
709 1112 845 1143 amicitia
875 1111 1162 1151 comprehendatur
1184 1110 1328 1146 honesti,
1353 1111 1437 1140 dele—

373 1157 492 1188 ctabilis
512 1157 563 1187 vel
583 1156 688 1192 utilis;
713 1157 800 1186 nulla
816 1163 923 1186 autem
939 1165 1012 1186 cum
1033 1156 1123 1186 hoste
1140 1155 1278 1185 amicitia
1297 1161 1343 1185 est
1362 1164 1437 1185 con-

372 1211 467 1232 cessa.
497 1201 594 1238 Quod
617 1207 725 1231 autem
748 1200 788 1230 sit
811 1209 990 1239 repugnans
1014 1199 1204 1240 perniciose,
1229 1206 1314 1239 patet
1337 1209 1374 1229 ex
1397 1209 1435 1229 eo

371 1247 460 1287 quod
475 1252 522 1276 est
545 1254 618 1275 curn
635 1244 726 1274 hoste
749 1244 782 1274 in
806 1244 854 1274 his
878 1244 909 1274 in
927 1244 1044 1284 quibus
1067 1251 1114 1274 est
1137 1243 1246 1274 hostis.
1270 1244 1354 1273 Nam
1371 1253 1436 1273 non

370 1296 475 1330 potest
496 1289 529 1319 in
553 1289 709 1319 daemone
733 1288 883 1327 distingui
907 1289 1023 1328 duplex
1047 1298 1146 1328 genus
1170 1287 1434 1324 voluntariorum,

319 1355 325 1358 -
365 1333 532 1374 quoddam
563 1332 723 1375 perfluens
753 1333 792 1363 ad
822 1333 1029 1363 hostilitatem
1053 1339 1084 1363 et
1105 1332 1269 1383 quoddam
1293 1342 1376 1368 non,
1400 1339 1435 1362 ut

272 1376 623 1416 mesmes
646 1378 685 1408 ad
709 1377 845 1408 invicem
869 1377 1015 1407 inimicos
1040 1377 1209 1416 contingit.
1241 1377 1296 1406 sed
1327 1376 1435 1407 omnia

117 1436 137 1455 ..i
146 1443 181 1461 μ’,
235 1441 255 1458 ’ἡ

129 1531 340 1560 ·-‚q.1·11⁸·u

256 2295 258 2297 ¹
307 2339 310 2343 .
365 2305 502 2343 iuratio
523 2306 572 2343 ad
600 2317 716 2356 quem
745 2305 906 2354 pertinet
925 2305 1072 2342 iuratio.
1104 2305 1179 2342 Sed
1200 2305 1333 2342 iuratio
1355 2317 1432 2342 non
1458 2321 1459 2338 z

125 2524 138 2536 ⁸
150 2524 202 2547 An.
217 2530 232 2551 ι,
246 2530 269 2546 2.

250 1919 303 1939 [τ’-’1
326 1924 328 1927 ·
363 1940 379 1943 υ
394 1908 443 1941 ἷξῗ
486 1912 525 1963 ’ί

416 1946 435 1953 ”
452 1944 483 1982 22-

357 2523 407 2555 tut
434 2529 480 2555 ex
505 2518 728 2568 supradictis
747 2518 768 2540 ’¹‘

360 2571 460 2608 'dum
495 2571 790 2621 deprecationis:
827 2583 905 2620 quo
940 2583 1018 2608 non
1053 2583 1260 2619 possumus
1293 2571 1347 2607 uti
1383 2571 1430 2608 ad

366 1421 545 1453 voluntaria
568 1422 733 1452 daemonis
756 1420 883 1452 hostilia
905 1428 996 1458 sunt,
1020 1428 1149 1461 propter
1173 1431 1286 1451 eorum
1313 1431 1436 1461 perver-

368 1477 436 1497 sam
459 1476 494 1497 ac
518 1465 709 1497 obstinatam
732 1466 932 1499 voluntatem
955 1466 987 1496 in
1012 1465 1114 1502 malo,
1141 1466 1171 1495 in
1196 1471 1321 1495 tantum
1345 1472 1380 1496 ut
1403 1465 1434 1495 in

367 1511 513 1552 quolibet
543 1519 602 1541 suo
626 1507 807 1541 voluntario
839 1520 936 1550 opere
967 1517 1097 1550 peccent
1125 1509 1320 1545 mortaliter,
1345 1515 1381 1539 ut
1403 1509 1435 1538 in

1547 539 1651 570 Habet
1674 547 1781 570 autem
1805 540 1960 570 rationem
1984 547 2072 571 actus
2095 540 2220 570 socialis
2243 539 2389 579 perfecte,
2414 539 2461 569 uti
2486 539 2556 568 dae-

1493 583 1597 612 monis
1620 584 1797 614 voluntaria
1821 584 2087 620 confabulatione,
2112 584 2255 620 servitio,
2281 583 2439 619 doctrina,
2464 590 2494 613 et
2518 582 2556 612 si-

1493 626 1635 656 milibus:
1660 627 1736 657 haec
1759 628 1843 658 enim
1867 628 1990 659 socialis
2013 635 2087 659 sunt
2110 629 2200 659 vitae.
2226 627 2411 668 Imperfecte
2437 634 2555 662 autem,

1492 671 1517 700 si
1541 670 1612 710 quis
1636 681 1673 700 ex
1695 671 1818 702 levitate
1841 673 1891 702 vel
1914 672 2102 708 curiositate,
2124 683 2190 703 non
2207 673 2335 702 credens
2359 682 2391 702 se
2416 671 2556 701 divinam

1490 714 1661 744 amicitiam
1676 715 1844 751 offendere,
1869 726 1944 746 cum
1967 723 2149 747 occurrente
2170 717 2325 747 daemone
2341 715 2373 746 in
2390 722 2554 755 assumpto

1491 768 1623 808 corpore
1646 759 1696 788 vel
1721 760 1900 799 arreptitio,
1925 770 1980 800 per
2010 762 2146 791 modum
2176 759 2365 791 transeuntis
2394 760 2554 800 loquitur,

1490 802 1621 842 inquirit
1645 803 1778 839 curiosa,
1803 803 1876 834 facit
1899 804 2018 844 aliquid
2038 815 2157 835 vanum
2174 806 2212 835 ab
2229 814 2268 835 eo
2283 804 2349 835 fieri
2373 802 2465 846 (puta
2484 814 2555 835 mo-

1491 856 1562 876 vere
1583 845 1747 888 lapidem),
1770 848 1940 898 respondet
1958 859 2016 888 pro
2032 850 2179 879 tunc.1n
2197 849 2246 879 his
2266 858 2405 889 namque
2423 848 2554 884 actibus,

1490 890 1562 920 licet
1586 890 1625 920 sit
1649 890 1784 929 perfecte
1808 891 1887 921 ratio
1911 892 2043 922 humani
2067 899 2170 929 actus,
2195 903 2261 923 non
2285 900 2391 924 tamen
2415 900 2461 923 est
2484 903 2552 933 per-

1491 933 1569 964 fecte
1594 933 1672 964 ratio
1697 942 1783 965 actus
1807 935 1949 965 socialis:
1975 943 2005 966 et
2035 937 2156 967 ratione
2186 937 2281 967 huius
2308 936 2555 977 imperfectionis

1490 987 1507 1007 a
1523 978 1649 1008 mortali
1665 985 1866 1015 excusantur3
1891 979 1971 1009 sicut
1989 980 2021 1010 in
2041 981 2184 1020 quolibet
2203 990 2315 1020 genere
2333 981 2452 1021 peccati
2470 991 2554 1011 mor-

1490 1022 1558 1052 talis
1582 1029 1669 1052 actus
1701 1030 1830 1062 propter
1858 1023 2131 1063 imperfectionem
2162 1031 2236 1055 sunt
2259 1032 2386 1065 peccata
2408 1025 2552 1056 venialia.

1546 1065 1597 1097 IV.
1623 1066 1709 1097 Cum
1737 1067 1785 1096 his
1816 1074 1922 1097 autem
1951 1068 2100 1098 omnibus
2124 1076 2183 1099 stat
2213 1070 2301 1109 quod
2332 1079 2387 1109 per
2410 1069 2554 1100 accidens

1490 1109 1610 1140 licitum
1635 1121 1702 1140 esse
1730 1118 1835 1150 potest
1865 1112 1902 1141 ab
1932 1119 2115 1142 occurrente
2145 1113 2300 1143 daemone
2323 1113 2498 1154 inquirere,
2524 1120 2554 1144 et

1489 1164 1563 1185 cum
1587 1164 1626 1184 eo
1654 1155 1764 1195 loqui,
1788 1162 1918 1195 propter
1946 1155 2082 1186 aliorum
2106 1156 2290 1193 utilitatem,
2315 1164 2350 1187 ut
2377 1160 2498 1188 Auctor
2521 1158 2553 1187 in

1489 1198 1649 1238 allegata*
1673 1199 1857 1229 auctoritate
1873 1199 1956 1235 dicit,
1982 1200 2007 1229 si
2032 1210 2121 1230 casus
2146 1201 2273 1237 accidat,
2298 1201 2388 1241 quasi
2411 1201 2553 1232 testimo-

1490 1243 1580 1273 nium
1595 1244 1634 1273 ab
1653 1243 1744 1274 hoste
1761 1243 1869 1274 oblato
1886 1243 2022 1283 exigens.
2048 1245 2088 1275 Et
2107 1252 2182 1275 tunc
2201 1251 2355 1286 tanquam
2371 1255 2445 1275 cum
2463 1245 2554 1276 hoste

1490 1288 1565 1317 haec
1580 1288 1701 1328 agenda
1717 1295 1801 1326 sunt,
1818 1294 1849 1318 et
1867 1298 1923 1327 per
1939 1289 2074 1318 modum
2093 1289 2292 1320 transeuntis.
2317 1290 2364 1319 Ex
2382 1299 2448 1330 quo
2466 1300 2553 1320 nam-

1488 1342 1550 1372 que
1567 1332 1628 1362 hoc
1645 1339 1691 1363 est
1707 1342 1763 1373 per
1778 1332 1932 1367 accidens,
1946 1342 2011 1362 non
2028 1333 2161 1373 exigitur
2175 1333 2355 1373 compulsio
2371 1343 2428 1364 nec
2445 1334 2554 1374 expul-

1489 1375 1546 1412 sio,
1561 1376 1619 1406 nisi
1635 1377 1742 1416 quoad
1758 1375 1870 1407 finem:
1890 1376 1953 1407 hoc
1964 1384 2010 1407 est
2024 1378 2113 1418 quod
2128 1377 2200 1408 finis
2215 1378 2379 1418 proximus
2398 1378 2438 1408 sit
2451 1378 2555 1408 immi-

1489 1430 1565 1450 nens
1582 1420 1700 1451 utilitas
1716 1421 1778 1451 hoc
1794 1430 1966 1460 exposcens
1983 1421 2023 1450 ad
2042 1422 2200 1452 honorem
2218 1422 2343 1454 Christi.
2365 1422 2464 1459 Quod
2483 1433 2553 1453 raro

1489 1471 1543 1495 aut
1558 1474 1726 1504 nunquam
1750 1465 1888 1495 accidere
1911 1465 2035 1496 videtur
2050 1466 2110 1496 nisi
2133 1466 2183 1497 his
2196 1467 2252 1507 qui
2272 1473 2407 1506 possunt
2426 1467 2554 1497 daemo-

1491 1518 1545 1538 nes
1563 1509 1770 1559 compellere:
1795 1508 1960 1549 quoniam,
1981 1510 2116 1540 mendax
2133 1521 2207 1541 cum
2224 1511 2263 1541 sit
2282 1518 2312 1541 et
2331 1511 2442 1548 hostis,
2467 1511 2554 1541 nulla

68 1580 72 1583 ,
100 1557 108 1566 ’
127 1547 276 1585 mm’-
289 1565 313 1585 4·
364 1555 566 1596 praecedenti
598 1555 743 1585 habitum
771 1560 818 1585 est
845 1554 942 1585 Libro
961 1553 988 1585 *.
1020 1553 1136 1585 Omnis
1167 1560 1274 1584 autem
1300 1552 1437 1583 amicitia
1490 1559 1596 1592 potest
1619 1554 1687 1583 eius
1710 1553 1813 1583 verbis
1837 1552 1914 1583 fides
1932 1553 1997 1583 dari
2028 1554 2087 1584 nisi
2116 1554 2197 1585 adsit
2219 1555 2317 1585 virtus
2345 1555 2553 1595 compulsiva.

1168 1697 1487 1739 ARTICULUS
1517 1697 1746 1739 TERTIUS

841 1792 996 1823 UTRUM
1021 1791 1181 1822 LICEAT
1204 1791 1427 1822 AmURARE
1452 1790 1784 1821 IRRATIONALEM
1808 1789 2080 1821 CREATURAM

514 1905 553 1945 3<
577 1892 600 1918 n
620 1891 781 1917 TERTluM
810 1892 863 1917 510
882 1891 1124 1916 PROCEm‘rUR.
1144 1879 1304 1916 Videtur
1325 1878 1432 1927 quod

417 1977 421 1984 ⁴
503 1944 555 1995 <34
579 1945 657 1971 non
691 1933 801 1970 liceat
834 1933 1008 1970 adiurare
1040 1932 1295 1969 irrationalem
1331 1944 1433 1969 crea-

400 2021 405 2034 ,
471 1979 487 2017 ²?
519 1978 716 2024 sf.turam
751 1986 949 2023 Adiuratio
979 1985 1080 2022 enim
1109 1986 1152 2023 fit
1179 1998 1248 2034 per
1275 1985 1432 2022 locutio-

420 2056 436 2069 «
456 2033 516 2068 ''¹3‘'
535 2032 567 2076 K
580 2052 681 2077 nem.
704 2041 780 2077 Sed
800 2040 936 2077 frustra
952 2051 1078 2076 sermo
1095 2039 1264 2087 dirigitur
1278 2039 1327 2076 ad
1343 2051 1432 2076 eum

367 2092 431 2143 qui
460 2105 539 2129 non
563 2093 740 2141 intelligit,
770 2093 890 2142 qualis
915 2100 970 2129 est
997 2092 1222 2129 irrationalis
1250 2100 1431 2129 creatura.

366 2146 469 2194 Ergo
487 2157 634 2184 vanum
658 2154 714 2183 est
741 2154 777 2183 et
804 2145 973 2183 illicitum
1003 2146 1258 2183 irrationalem
1289 2153 1431 2182 creatu-

367 2211 448 2252 ram
479 2199 665 2237 adiurare.

421 2264 456 2289 2.
486 2253 729 2300 PRAETEREA‚
760 2251 807 2289 ad
837 2264 927 2289 eum
955 2252 1106 2289 videtur
1125 2260 1343 2312 competere
1367 2253 1432 2289 ad-

365 2358 527 2408 pertinet
555 2359 604 2396 ad
633 2366 844 2396 creaturam
863 2359 1130 2395 irrationalem.
1160 2359 1263 2418 Ergo
1283 2358 1433 2395 videtur

366 2412 472 2461 quod
501 2412 549 2449 ad
579 2424 663 2450 earn
694 2424 771 2448 non
800 2412 909 2448 liceat
937 2411 1172 2449 adiuratione
1200 2412 1267 2448 uti.

421 2465 456 2502 3.
486 2466 720 2511 PRAETER-EA,
751 2465 887 2514 duplex
919 2473 974 2502 est
1002 2465 1246 2502 adiurationis
1275 2465 1430 2512 modus,

796 2526 910 2567 patet.
939 2519 1047 2556 Unus
1077 2517 1233 2566 quidem
1261 2530 1330 2566 per
1349 2530 1432 2554 mo-

365 2623 622 2662 irrationalem
644 2633 867 2671 creaturam,
889 2636 987 2672 quae
1015 2637 1093 2661 non
1113 2632 1169 2661 est
1197 2624 1354 2661 domina
1373 2624 1430 2661 sui

366 2684 482 2714 actus,
511 2677 596 2714 Alia
617 2685 744 2715 autem
766 2685 821 2714 est
840 2677 1026 2714 adiuratio
1054 2690 1123 2727 per
1142 2678 1304 2714 modum
1326 2690 1430 2714 com-

364 2729 567 2786 pulsionis:
597 2742 672 2780 qua
702 2730 827 2776 etiam,
857 2738 899 2767 ut
920 2730 1083 2778 videtur,
1104 2731 1152 2767 ad
1175 2743 1259 2767 eam
1278 2730 1333 2767 uti
1352 2743 1430 2767 non

365 2794 599 2843 possumus3
623 2784 713 2831 quia
740 2796 818 2821 non
852 2791 907 2820 est
934 2791 1107 2820 nostrum
1138 2783 1314 2820 creaturis
1342 2784 1431 2821 irra-

331 2837 334 2838 ’
365 2835 599 2874 tionalibus
589 2848 789 2885 lmperare,
815 2837 882 2874 sed
911 2837 1035 2873 solum
1065 2836 1162 2873 illius
1192 2837 1238 2873 de
1268 2848 1346 2884 quo
1375 2837 1430 2874 di-

127 2891 219 2915 aven.
233 2898 269 2920 ²7·

127 3134 224 3157 Vide'
245 3134 338 3157 Fabric-

129 3160 338 3215 ffliffffissffv‘iifl

126 3214 190 3238 13⁸!-
199 3204 301 3237 certam
306 3214 339 3235 A-

123 3243 189 3271 post.
221 3241 264 3265 lib.
290 3240 338 3268 VI,

127 3273 179 3296 σιμ.
192 3273 240 3289 xvi.

367 2889 473 2933 citur,
495 2889 629 2926 Matth.
658 2901 718 2926 vm
737 2888 774 2926 *ε
809 2889 906 2931 Quia
935 2891 1037 2927 venti
1059 2895 1096 2926 et
1121 2901 1228 2926 mare
1256 2889 1432 2926 obediunt

366 2943 411 2980 ei.
445 2943 548 2990 Ergo
577 2942 679 2979 nullo
709 2943 841 2989 modo,
869 2950 911 2979 ut
938 2943 1100 2988 videtur,
1130 2942 1216 2979 licet
1242 2942 1296 2979 uti
1324 2942 1430 2979 adiu-

366 2995 510 3036 ratione
539 2995 588 3032 ad
617 2994 851 3032 irrationales
880 3002 1081 3032 creaturas.

420 3049 495 3085 SED
515 3059 662 3085 CONTRA
681 3059 748 3085 EST
767 3048 873 3096 quod
902 3047 1036 3085 Simon
1059 3055 1095 3084 et
1114 3047 1226 3085 Iudas
1254 3048 1430 3096 leguntur

366 3101 560 3139 adiurasse
589 3103 786 3148 dracones,
817 3109 853 3138 et
881 3101 933 3138 eis
961 3101 1200 3150 praecepisse
1227 3109 1269 3137 ut
1297 3101 1335 3137 in
1364 3100 1428 3138 de-

366 3162 507 3192 sertum
536 3155 663 3191 locum
693 3154 931 3192 discederent
947 3153 990 3191 *.'

419 3209 645 3245 Responmzo
659 3219 844 3245 menapum
863 3207 969 3256 quod
989 3210 1182 3244 creaturae
1198 3207 1428 3244 irrationales

366 3262 414 3298 ab
443 3261 516 3298 alio
536 3268 698 3310 aguntur
725 3261 774 3298 ad
801 3259 974 3310 proprias
995 3260 1248 3310 operationes.
1278 3261 1427 3298 Eadem

1487 1886 1614 1923 autem
1638 1879 1735 1916 actio
1767 1887 1822 1916 est
1850 1879 1930 1915 eius
1959 1879 2063 1927 quod
2094 1878 2214 1926 agitur
2242 1886 2278 1915 et
2306 1886 2496 1926 movetur,
2519 1888 2555 1917 et

1487 1932 1566 1969 eius
1596 1932 1700 1992 quod
1729 1932 1803 1980 agit
1832 1939 1867 1968 et
1896 1940 2029 1969 movet
2047 1932 2083 1968 *ε
2120 1932 2216 1968 sicut
2243 1940 2370 1968 motus
2398 1933 2552 1981 sagittae

1487 1993 1542 2022 est
1571 1986 1682 2022 etiam
1712 1985 1904 2033 quaedam
1934 1985 2104 2040 operatio
2135 1985 2350 2032 sagittantis.
2389 1986 2438 2022 Et
2464 1986 2551 2024 ideo

1486 2038 1655 2087 operatio
1685 2038 1910 2076 irrationalis
1931 2046 2123 2075 creaturae
2153 2051 2232 2075 non
2251 2039 2375 2075 solum
2405 2038 2476 2088 ipsi
2499 2048 2552 2076 at-

1486 2092 1670 2139 tribuitur,
1693 2092 1761 2129 sed
1785 2092 2039 2141 principaliter
2057 2093 2156 2138 Deo,
2178 2091 2284 2129 cuius
2305 2091 2552 2141 dispositione

1458 2151 1460 2162 ¹
1487 2145 1616 2182 omnia
1645 2145 1862 2183 moventur.
1901 2145 2069 2182 Pertinet
2105 2145 2219 2182 etiarn
2252 2145 2302 2182 ad
2336 2145 2550 2192 diabolum,

1458 2195 1460 2204 '
1486 2199 1567 2247 qui,
1597 2199 1847 2248 permissione
1878 2198 2020 2245 divina,
2050 2198 2165 2235 utitur
2193 2198 2382 2246 aliquibus
2410 2199 2552 2236 irratio-

1488 2252 1634 2289 nalibus
1664 2251 1843 2289 creaturis
1871 2251 1920 2289 ad
1949 2251 2170 2289 nocendum
2198 2251 2431 2289 hominibus.

1540 2305 1603 2342 Sic
1632 2317 1721 2353 ergo
1751 2305 1936 2342 adiuratio
1970 2317 2046 2353 qua
2079 2305 2162 2353 quis
2190 2304 2306 2342 utitur
2333 2305 2380 2342 ad
2409 2304 2553 2342 irratio-

1487 2359 1611 2396 nalem
1638 2366 1863 2405 creaturam,
1893 2366 2018 2407 potest
2045 2357 2198 2406 intelligi
2227 2357 2435 2407 dupliciter.
2465 2358 2552 2395 Uno

1486 2412 1617 2458 modo,
1638 2419 1680 2448 ut
1698 2412 1883 2449 adiuratio
1909 2412 2090 2448 referatur
2116 2410 2197 2448 ad
2189 2423 2312 2459 ipsam
2339 2419 2551 2448 creaturam

1486 2465 1743 2502 irrationalem
1773 2465 1985 2502 secundum
2024 2476 2076 2501 se.
2115 2465 2165 2501 Et
2192 2464 2245 2501 sic
2273 2476 2416 2501 vanum
2454 2472 2552 2501 esset

1485 2519 1740 2555 irrationalem
1762 2525 1975 2555 creaturam
1999 2517 2186 2555 adiurare.
2207 2539 2232 2545 —
2251 2517 2338 2554 Alio
2359 2517 2491 2563 modo,
2511 2525 2552 2554 ut

1485 2572 1665 2608 referatur
1684 2572 1732 2608 ad
1754 2584 1843 2608 eum
1863 2583 1885 2607 a
1905 2583 1982 2619 quo
2003 2571 2227 2608 irrationalis
2243 2578 2413 2608 creatura
2433 2570 2552 2619 agitur

1485 2634 1520 2662 et
1538 2632 1726 2662 movetur.
1758 2626 1807 2661 Et
1826 2624 1879 2661 sic
1900 2624 2097 2673 dupliciter
2115 2624 2309 2661 adiuratur
2327 2623 2550 2660 irrationalis

1485 2686 1666 2715 creatura.
1696 2678 1784 2715 Uno
1807 2677 1964 2726 quidem
1985 2677 2117 2723 modo,
2145 2689 2215 2726 per
2233 2677 2394 2714 modum
2417 2677 2548 2726 depre-

1485 2731 1641 2768 cationis
1662 2731 1710 2768 ad
1731 2732 1858 2767 Deum
1880 2730 2065 2767 directae:
2095 2730 2200 2778 quod
2228 2729 2390 2779 pertinet
2413 2730 2461 2767 ad
2483 2743 2549 2766 eos

1485 2784 1547 2833 qui
1589 2783 1720 2821 divina
1763 2783 2004 2820 invocatione
2043 2782 2227 2819 miracula
2268 2782 2419 2819 faciunt.
2462 2783 2547 2819 Alio

1485 2837 1624 2883 modo,
1654 2849 1723 2885 per
1751 2837 1913 2873 modum
1943 2836 2234 2884 compulsionis,
2264 2848 2361 2884 quae
2391 2835 2549 2872 refertur

1483 2890 1532 2926 ad
1561 2889 1769 2936 diabolum,
1800 2889 1864 2938 qui
1883 2889 1921 2925 in
1942 2896 2220 2926 nocumentum
2241 2895 2414 2925 nostrum
2433 2888 2548 2925 utitur

1483 2942 1800 2979 irrationabilibus
1830 2942 2030 2978 creaturis:
2061 2949 2097 2978 et
2123 2941 2206 2978 talis
2235 2949 2291 2978 est
2318 2941 2458 2978 modus
2481 2941 2546 2979 ad-

1483 2995 1630 3032 iurandi
1662 2995 1700 3031 in
1729 2994 1922 3032 Ecclesiae
1952 2994 2194 3041 exorcismis,
2223 3006 2292 3043 per
2325 3006 2422 3043 quos
2459 2994 2546 3032 dae-

1484 3060 1645 3085 monum
1665 3055 1832 3097 potestas
1857 3047 2065 3085 excluditur
2083 3048 2131 3084 ab
2151 3047 2427 3085 irrationalibus
2443 3059 2546 3084 crea-

1482 3101 1574 3138 turis
1587 3101 1618 3138 *.
1640 3100 1826 3138 Adiurare
1846 3108 1974 3138 autem
1991 3101 2201 3139 daemones
2221 3101 2270 3138 ab
2290 3100 2343 3138 eis
2363 3100 2543 3138 auxilium

1483 3154 1735 3204 implorando,
1765 3166 1843 3191 non
1872 3154 1968 3191 licet.

1535 3209 1584 3258 Et
1610 3219 1680 3257 per
1705 3207 1781 3244 hoc
1806 3214 1910 3256 patet
1937 3206 2136 3256 responsio
2164 3207 2212 3244 ad
2241 3206 2400 3244 obiecta.

1248 3445 1658 3486 ——-⁴-·m..-.—-.
1671 3464 1852 3502 ...affl-pam?
1875 3464 1878 3465 γ
1899 3463 1921 3465 ὠ
1947 3463 1951 3464 7
2006 3462 2090 3465 „ffic-

2582 1208 2588 1215 '
2605 1206 2677 1228 Num.

2580 1941 2632 1962 ⁸1).
2647 1947 2683 1970 34.

2666 1988 2671 1999 ι

2572 3114 2582 3124 ⁸
2597 3113 2626 3135 D.
2641 3113 2676 3136 82.
