2860 4244
946 273 1213 320 QUAEsrio
1243 273 1344 321 civ,

261 351 444 393 manifestet
462 352 595 384 consilia
611 353 767 383 cordium.
787 370 807 375 -
827 352 901 385 Alio
917 352 1027 388 modo,
1045 358 1080 382 ut
1096 359 1169 383 sunt
1184 352 1323 383 rationes

259 402 391 427 actuum
407 395 608 427 exteriorum.
633 397 674 427 Et
689 396 732 428 sic
757 403 983 437 computantur
1007 406 1081 427 cum
1097 396 1216 427 actibus
1240 404 1322 428 exte-

259 438 395 470 rioribus
416 440 559 470 humano
574 440 692 473 iudicio
710 440 852 472 subditis.
877 439 918 471 Et
936 440 998 470 hoc
1014 440 1112 470 modo
1130 440 1247 470 cadunt
1262 441 1322 471 sub

259 482 510 514 inhibitionibus
525 479 694 516 Ecclesiae.

313 527 420 558 Altera
443 537 518 558 vero
542 528 695 565 obiectio,
720 529 759 559 de
784 527 904 559 iudicio
928 526 1164 563 confessorum,
1189 528 1323 558 solvitur

259 570 393 602 dicendo
409 573 499 613 quod
514 572 677 603 confessor
700 582 765 603 non
786 579 821 602 ut
839 572 950 608 homo,
968 572 1023 602 sed
1038 578 1074 602 ut
1087 572 1186 607 Deus,
1202 579 1323 603 exercet

259 615 469 647 confessionis
491 616 659 648 iudicium:
685 625 760 647 nam
805 616 872 647 uod
896 616 954 647 scit
975 616 1008 646 in
1029 615 1238 654 confessione,
1255 626 1321 646 non

259 659 317 691 scit
339 666 375 697 ut
397 659 509 696 homo,
533 660 588 691 sed
612 667 648 695 ιιι
669 660 766 692 Deus.
782 626 857 691 effic
880 660 976 691 habet
998 659 1126 690 simile'
1118 670 1151 691 ιιι
1166 670 1322 711 quocum-

259 713 322 744 que
350 703 416 734 ‘alio
445 709 516 734 actu
548 703 768 735 ecclesiastico.
802 703 843 734 Et
871 703 944 734 ideo
974 714 1039 734 non
1071 710 1117 734 est
1147 703 1265 735 mirum
1296 703 1322 734 si

259 747 355 778 etiam
384 743 591 788 cogitationes
621 748 724 778 cordis
755 746 945 778 confessoris
975 748 1156 778 subduntur
1181 747 1320 784 iudicio,

257 791 340 822 sicut
361 792 542 822 subduntur
564 791 688 822 divinae
703 791 775 833 legi,
798 801 882 833 quae
895 798 981 823 vetat
1003 792 1227 832 concupiscere
1243 801 1322 823 uxo·

224 853 230 864 ·
257 843 330 869 rm
349 842 380 868 et
402 845 470 868 rem
492 835 672 876 proximi*.

277 878 365 922 111.
389 879 441 921 Ad
465 880 641 912 secundum
665 880 803 911 dubium
817 880 835 899 *
853 880 967 911 dicitur
990 881 1090 920 quod,
1106 887 1142 910 ιιι
1164 880 1198 910 in
1220 847 1322 911 littera

255 900 451 962 itisinuatur,
481 924 562 954 inter
591 930 737 955 naturam
771 923 912 965 corporis
943 930 974 954 et
1005 924 1144 955 actiones
1175 923 1250 955 alias
1285 933 1321 955 ac

256 977 305 998 res
328 977 488 1008 possessas
511 967 588 998 haec
613 975 659 999 est
678 967 859 1004 differentia,
883 968 972 1009 quod
995 968 1170 998 homines*
1163 978 1194 997 ιιι
1210 974 1321 998 natura

257 1018 332 1042 sunt
354 1021 454 1052 pares,
472 1019 502 1043 et
524 1012 597 1043 ideo
621 1013 731 1043 nullus
747 1014 778 1043 in
795 1013 932 1044 alterum
957 1013 1124 1052 imperium
1140 1011 1265 1042 habet*
1287 1011 1320 1041 in

194 1055 202 1064 ⁰
255 1055 305 1086 his
329 1065 410 1096 quae
434 1063 508 1087 sunt
531 1064 672 1093 naturae,
691 1064 726 1087 ut
749 1057 946 1093 alimentum,
963 1056 1198 1096 operimentum
1215 1061 1246 1086 et
1268 1065 1320 1094 ge-

255 1099 393 1131 neratio:
422 1100 476 1130 sed
499 1100 532 1131 in
555 1101 734 1131 actionibus
758 1108 788 1132 et
811 1101 904 1131 rebus
927 1099 1018 1130 valde
1037 1099 1174 1140 impares
1197 1109 1318 1136 sumus,

255 1143 334 1174 dum
358 1144 410 1175 alii
426 1144 494 1175 aliis
513 1151 681 1184 praestant.
706 1145 747 1175 Et
765 1145 805 1175 ad
827 1145 904 1175 haec
923 1143 1130 1184 disponenda,
1147 1143 1318 1184 punienda,

255 1189 496 1230 compescenda,
513 1195 583 1225 etc„
607 1188 785 1229 superiores
808 1188 1027 1219 instituuntur.
1054 1188 1095 1218 Et
1118 1188 1190 1218 ideo
1214 1187 1247 1218 in
1271 1187 1319 1217 his

253 1231 355 1264 homo
371 1238 384 1264 t
403 1242 424 1265 n
505 1229 632 1264 hetam
649 1232 786 1264 obedire.
811 1232 951 1263 Ecclesia
966 1238 1073 1263 autem
1092 1242 1149 1272 per
1163 1231 1319 1263 ieiunium

311 1315 313 1318 ι
336 1285 375 1308 ιιι
398 1276 493 1311 trahit
506 1276 708 1308 alimentum:
725 1277 787 1308 hoc
800 1276 886 1307 enim
902 1276 1080 1317 praecipere
1096 1277 1199 1308 multo
1213 1275 1319 1307 minus

298 1316 303 1329 ⁶
339 1357 343 1359 ,
384 1323 485 1363 quam
498 1319 710 1364 'virginitatem
726 1321 850 1352 servari.
875 1320 937 1362 Sed
961 1321 999 1351 de
1020 1327 1164 1371 tempore
1189 1327 1219 1351 et
1242 1329 1318 1361 qua-

343 1357 517 1406 ..(Ᾰίἰιιιοιιιῑ
529 1364 655 1396 ordinat
673 1365 718 1396 sic
739 1371 774 1396 ut
792 1372 924 1396 naturae
943 1365 1130 1396 sustentatio
1146 1364 1320 1396 necessaria

330 1402 486 1441 ἰ’ὸΉιιιιιι.
578 1415 581 1417 ·

262 1444 356 1502 ζῗἹἘι
371 1450 462 1491 scito,
486 1451 621 1490 novitia,
646 1453 736 1505 quod
759 1453 860 1484 littera
884 1453 990 1484 dicens
1014 1452 1103 1494 quod
1126 1452 1228 1483 homo
1251 1462 1318 1483 non

363 1506 379 1528 r
405 1497 530 1528 homini
557 1497 589 1528 in
617 1497 684 1528 istis
713 1497 860 1535 obedire,
882 1497 1067 1537 intelligitur
1096 1496 1256 1528 absolute:
1288 1503 1319 1527 et

327 1537 383 1573 'de
406 1540 537 1573 homine
560 1541 616 1583 qui
634 1542 709 1573 iam
716 1551 749 1573 se
764 1547 842 1572 voto
857 1541 988 1582 proprio
1005 1540 1156 1581 obligavit
1171 1541 1211 1571 ad
1229 1541 1316 1578 haec,

161 1583 170 1590 '
210 1588 215 1595 '‘
253 1579 337 1666 Ψ
348 1582 620 1664 adivirginitgtem
643 1593 675 1617 et
696 1585 900 1622 huiusmodi;
924 1584 957 1616 hi
974 1585 1060 1615 enim
1079 1590 1226 1616 tenentur
1242 1585 1319 1616 obe-

342 1638 377 1660 ra
403 1638 466 1661 one
487 1638 530 1660 vo

224 1706 233 1715 ,
338 1681 396 1705 ιιιιι
417 1681 526 1705 autem
543 1673 634 1706 audis
657 1673 803 1713 homines
819 1673 997 1704 secundum
1013 1680 1159 1704 naturam
1174 1682 1241 1703 esse
1261 1683 1317 1713 pa-

252 1710 479 1838 {mffilhge
502 1727 569 1749 non
593 1711 642 1749 de
654 1711 841 1760 aequalitate
865 1717 1023 1758 dignitatis
1046 1727 1102 1748 seu
1126 1715 1316 1754 nobilitatis,

431 1769 463 1794 et
484 1763 661 1794 secundum
683 1762 822 1793 animam
846 1769 877 1793 et
900 1761 1078 1793 secundum
1094 1770 1210 1802 corpus
1234 1771 1317 1791 unus

331 1804 491 1851 invenitur
506 1806 645 1838 nobilior
659 1817 677 1837 a
693 1813 822 1838 natura:
847 1806 902 1837 sed
919 1806 957 1837 de
974 1806 1162 1847 aequalitate
1181 1810 1318 1846 potesta-

1374 273 1671 311 ARTICULUS
1699 272 1750 309 Vl

1378 351 1428 387 tis;
1457 351 1532 392 quia
1553 351 1669 385 nullus
1685 351 1800 388 homn,
1825 352 1856 382 in
1881 351 1929 382 his
1953 362 2034 393 quae
2058 353 2097 383 ad
2121 360 2266 385 naturam
2290 358 2439 393 spectant,

1377 395 1470 426 habet
1493 402 1683 436 potestatem
1705 405 1801 436 super
1825 396 1934 427 aliurn.

1431 439 1483 470 IV.
1509 439 1543 470 In
1567 439 1774 479 responsione
1805 440 1843 478 ad
1868 439 1996 470 tertium
2020 440 2162 471 eiusdem
2193 439 2295 482 quinti
2319 438 2439 470 articuli

1376 482 1509 514 dubium
1533 483 1684 520 occurrit,
1708 493 1748 515 an
1771 475 1938 524 religiosus
1969 489 2112 515 teneatur
2140 484 2267 516 obedire
2299 484 2438 524 praelato

1375 527 1578 567 praecipienti
1597 537 1633 558 ea
1650 527 1684 558 in
1700 527 1818 568 quibus
1841 528 1947 568 potest
1968 529 2125 568 praelatus
2141 527 2339 570 dispensare.
2362 535 2439 568 puta

1375 571 1464 611 quod
1487 571 1635 602 comedat
1658 582 1782 608 carnes,
1806 574 1894 613 quod
1924 573 2075 613 loquatur
2100 573 2135 603 in
2156 574 2230 603 loco
2254 572 2384 608 silentii,
2409 579 2440 603 et

1375 615 1571 646 huiusmodi.
1595 615 1635 646 Et
1658 623 1705 648 est
1727 616 1807 647 ratio
1823 616 1911 648 dubii
1935 617 2010 657 quia
2029 626 2066 648 ex
2082 627 2148 658 quo
2166 617 2266 648 facere
2282 616 2356 649 talia
2372 626 2438 647 non

1375 665 1421 690 est
1444 659 1621 690 secundum
1644 660 1797 700 regulam,
1822 661 1878 691 sed
1900 661 2027 701 regulae
2041 661 2201 697 relaxatio,
2226 671 2291 691 non
2315 667 2439 692 tenetur

1375 702 1511 732 obedire.
1542 702 1590 733 Ex
1613 713 1651 733 eo
1676 711 1783 735 autem
1813 705 1901 746 quod
1929 705 2086 745 praelatus
2117 712 2223 747 potest
2245 705 2381 735 relaxare
2405 705 2437 736 in

1375 746 1436 776 hoc
1459 746 1617 786 regulam,
1642 747 1783 788 sequitur
1806 749 1894 789 quod
1918 756 2023 799 potest
2048 749 2110 780 hoc
2132 749 2327 790 praecipere.
2357 749 2438 780 sicut

1375 790 1434 820 alia
1457 800 1540 830 quae
1563 800 1629 820 non
1654 799 1728 823 sunt
1750 801 1894 832 expressa
1916 793 1949 823 in
1973 793 2090 833 regula.

1428 834 1480 864 Ad
1503 834 1565 864 hoe
1589 834 1703 866 dicitur
1715 837 1814 886 ‘quod
1837 836 2030 876 dispensatio
2054 844 2159 876 potest
2177 835 2244 868 fieri
2259 837 2435 877 dupliciter.

1375 877 1492 913 Primo,
1516 878 1674 915 absolute,
1698 879 1764 910 sine
1789 890 1900 911 causae
1924 881 2134 918 discussione,
2158 881 2232 922 quia
2254 881 2299 912 sic
2314 881 2437 915 videtur

1374 922 1515 962 praelato
1531 902 1695 962 superficie
1711 931 1803 954 tenus
1818 932 1874 955 aut
1888 925 1954 955 sine
1971 935 2045 956 cura
2062 925 2270 966 dispensanti:
2295 931 2331 955 ut
2347 935 2434 955 com-

1375 965 1512 996 muniter
1535 964 1600 996 fieri
1615 966 1739 997 videtur
1762 968 1794 998 in
1810 968 1875 998 istis
1898 967 2029 1000 levibus.
2054 969 2126 999 Alio
2144 970 2253 1005 modo,
2271 978 2345 999 cum
2362 979 2434 999 cau-

1373 1017 1425 1040 sae
1449 1010 1588 1049 urgentis
1612 1010 1807 1042 discussione
1832 1019 1862 1042 et
1885 1013 2098 1043 conclusione.
2124 1013 2155 1044 Si
2179 1014 2337 1053 praelatus
2360 1023 2434 1053 ergo

1374 1054 1544 1094 praecipiat
1568 1054 1688 1094 aliquid
1712 1063 1819 1086 contra
1843 1057 1893 1086 vel
1916 1064 2038 1096 praeter
2059 1058 2232 1096 regularem
2253 1057 2351 1087 vitam
2373 1057 2435 1087 dis-

1371 1098 1536 1138 pensando
1560 1098 1664 1138 primo
1689 1100 1798 1136 modo,
1823 1109 1889 1130 non
1913 1107 2036 1131 tenetur
2059 1102 2202 1131 subditus
2226 1101 2363 1137 obedire,
2380 1101 2434 1131 sed

1373 1143 1466 1172 debet
1488 1141 1578 1183 sequi
1606 1142 1714 1182 potius
1738 1150 1892 1174 statutum
1916 1144 2075 1184 religionis
2099 1155 2183 1175 suae
2215 1145 2256 1175 Et
2286 1145 2364 1175 ratio
2389 1152 2435 1175 est

1373 1186 1448 1237 quia
1471 1186 1664 1226 dispensatio
1688 1187 1754 1218 sine
1779 1198 1872 1219 causa
1893 1188 2033 1228 legitima
2057 1188 2229 1220 sufficiente
2257 1189 2296 1219 ad
2319 1189 2433 1220 relaxa-

1373 1231 1494 1261 tionem
1516 1230 1594 1271 legis
1618 1230 1650 1262 in
1673 1230 1736 1262 hoc
1759 1241 1850 1271 casu,
1874 1242 1938 1263 non
1963 1238 2009 1263 est
2031 1233 2224 1274 dispensatio
2231 1256 2242 1271 ‚
2266 1232 2322 1264 sed
2344 1233 2434 1264 dissi-

1369 1276 1457 1315 patio
1470 1274 1489 1294 *
1511 1273 1586 1317 (nisi
1609 1274 1690 1306 forte
1714 1275 1898 1316 dispensans
1918 1276 1957 1308 sit
1976 1276 2132 1318 princeps,
2147 1277 2181 1308 in
2196 1276 2245 1308 his
2265 1286 2346 1318 quae
2361 1283 2435 1308 sunt

1373 1328 1451 1359 pure
1474 1318 1550 1349 iuris
1573 1318 1726 1363 positivi).
1757 1337 1778 1343 -
1805 1319 1838 1351 Si
1860 1330 1936 1352 vero
1965 1320 2135 1362 praecipiat
2162 1320 2282 1362 aliquid
2309 1321 2433 1362 dispen

1372 1362 1472 1394 sando
1503 1373 1578 1393 cum
1602 1373 1695 1394 causa
1719 1363 1877 1404 legitima,
1901 1364 1945 1396 sic
1975 1372 2099 1396 tenetur
2125 1365 2270 1396 subditus
2295 1364 2431 1397 obedire.

1372 1407 1412 1438 Et
1427 1398 1507 1438 ratio
1523 1414 1571 1438 est
1593 1407 1668 1448 quia
1686 1417 1723 1438 ex
1738 1418 1805 1450 quo
1821 1407 1950 1440 accessit
1971 1409 2113 1449 legitima
2131 1408 2333 1451 dispensatio,
2350 1419 2432 1449 opus

1371 1451 1450 1482 illud
1473 1461 1531 1492 pro
1555 1458 1631 1482 tunc
1647 1461 1713 1483 non
1730 1459 1776 1483 est
1793 1460 1902 1484 contra
1921 1460 1976 1484 aut
1989 1461 2111 1498 praeter
2125 1453 2302 1494 regularem
2317 1452 2430 1484 vitam:

1372 1502 1401 1526 et
1424 1505 1461 1526 ex
1481 1494 1541 1526 alia
1557 1503 1653 1536 parte,
1671 1497 1778 1527 subest
1793 1506 1886 1527 causa
1909 1495 2120 1537 praecipiendi
2135 1504 2170 1528 ut
2189 1496 2243 1528 fiat
2259 1497 2322 1528 hoc
2339 1507 2431 1548 opus,

1372 1546 1501 1580 propter
1519 1539 1658 1581 aliquem
1681 1539 1779 1570 finem
1795 1540 2036 1583 subordinatum
2053 1541 2186 1581 regulari
2202 1541 2433 1572 conversationi

1371 1593 1425 1614 seu
1450 1583 1546 1620 vitae,
1572 1583 1611 1614 ad
1635 1594 1733 1625 quam
1756 1584 1864 1615 omnia
1893 1585 2034 1616 hominis
2058 1591 2223 1626 praecepta
2246 1585 2433 1616 ordinantur

1370 1628 1402 1657 in
1426 1607 1586 1668 religione.
1619 1627 1829 1670 Consequens
1859 1636 1905 1660 est
1935 1636 1970 1660 ut
2000 1629 2088 1660 nulla
2117 1629 2239 1660 ratione
2267 1637 2432 1660 excusetur

1371 1672 1515 1702 subditus
1539 1672 1577 1703 ab
1596 1671 1782 1704 huiusmodi
1798 1673 1988 1704 obedientia.
2013 1673 2106 1705 Unde
2128 1673 2316 1710 Bernardus,
2340 1673 2372 1704 in
2396 1674 2431 1704 li-

2366 271 2435 319 391

1372 1717 1428 1746 bro
1452 1716 1491 1746 de
1512 1716 1661 1757 Dispens.
1686 1721 1717 1748 et
1736 1717 1909 1757 Praecepto
1925 1717 1951 1754 *,
1977 1717 2095 1758 inquit:
2119 1715 2228 1748 Vo'tum
2246 1727 2349 1748 meum
2367 1728 2429 1748 non
2457 1718 2467 1727 ⁸

1372 1761 1496 1791 minuat
1511 1761 1684 1801 praelatus
1699 1762 1768 1792 sine
1788 1762 1983 1799 necessitate,
2004 1761 2167 1792 insinuans
2191 1762 2279 1803 quod
2302 1762 2431 1802 quando

1372 1804 1539 1836 necessitas
1561 1805 1658 1842 adest,
1683 1812 1787 1845 potest
1810 1806 1967 1846 praelatus
1990 1806 2177 1846 praecipere.

1075 1941 1394 1983 ARTICULUS
1434 1940 1642 1982 SEXTUS

530 2036 686 2067 UTRUM
709 2035 955 2067 CHRISTIANI
980 2034 1250 2065 TENEANTUR
1272 2033 1593 2065 SAECULARIBUS
1616 2033 1940 2064 POTESTATlssUS
1964 2033 2150 2065 ominum

870 2113 890 2138 11
910 2114 993 2142 Sent„
1013 2113 1072 2138 dist.
1090 2120 1157 2143 niv,
1177 2121 1221 2145 qu.
1240 2120 1268 2144 n,
1287 2117 1334 2138 art.
1355 2120 1383 2144 2;
1402 2112 1446 2137 Aa
1464 2112 1552 2141 Rom„
1572 2120 1627 2145 cap.
1646 2120 1700 2142 xm.
1719 2113 1778 2138 lect.
1796 2120 1814 2137 1.

287 2204 293 2206 “
341 2208 379 2231 2²*
392 2212 443 2261 43*
465 2205 488 2230 ι)
509 2205 652 2231 st-:x'ruu
677 2205 731 2231 sm
757 2205 998 2231 euoenon-ua.
1028 2193 1187 2230 Videtur
1211 2192 1318 2241 quod

293 2207 347 2248 1³5

285 2241 335 2286 §12¹¹

335 2233 670 2351 &Christiani
707 2259 787 2284 non
823 2254 1023 2284 teneantur
1059 2245 1317 2284 saecularibus

373 2343 382 2351 .
406 2282 716 2350 potestatibus
750 2299 919 2337 obedire.
957 2299 1057 2346 Quia
1086 2311 1200 2348 super
1227 2298 1316 2336 illud

407 2306 601 2390 ιΜιιιιΙι.
630 2364 702 2390 xvu
720 2352 752 2400 ³¹⁸,
781 2354 889 2402 Ergo
918 2353 1026 2390 liberi
1050 2358 1138 2390 sunt
1151 2352 1240 2400 filii,
1263 2352 1316 2389 di-

219 2418 227 2426 ·
255 2404 305 2443 cit
332 2400 470 2442 Glossa
488 2405 528 2442 *z
557 2406 600 2442 Si
617 2406 654 2442 in
675 2406 838 2454 quolibet
863 2417 982 2455 regno
995 2406 1076 2454 filii
1093 2405 1190 2442 illius
1216 2405 1325 2454 regia

255 2458 322 2507 qui
347 2470 466 2518 regno
486 2458 540 2495 illi
551 2460 771 2507 praefertur
793 2464 880 2495 sunt
898 2459 1014 2505 liberi,
1043 2465 1131 2495 tunc
1147 2458 1227 2506 filii
1242 2459 1316 2495 Re-

253 2511 315 2562 gis
334 2516 352 2532 ²
379 2511 442 2548 cui
468 2512 595 2548 omnia
624 2524 745 2562 regna
772 2513 991 2557 subduntur,
1015 2513 1051 2548 in
1081 2512 1243 2560 quolibet
1260 2523 1317 2548 re-

253 2575 333 2615 gno
351 2564 460 2602 liberi
485 2577 563 2602 esse
590 2565 731 2602 dehent.
767 2565 844 2602 Sed
874 2564 1075 2602 Christiani
1103 2576 1171 2613 per
1197 2565 1316 2602 fidem

256 2617 394 2655 Christi
408 2618 493 2655 facti
507 2626 594 2655 sunt
608 2618 674 2655 filii
689 2618 776 2655 Dei:
797 2618 1010 2655 secundum
1029 2618 1119 2655 illud
1136 2619 1263 2655 Ioan.1
1280 2617 1315 2654 *ι

254 2670 368 2708 Dedit
385 2671 437 2708 eis
449 2676 669 2719 potestatem
687 2671 794 2719 filios
812 2672 887 2708 Dei
896 2672 1012 2719 fieri.-
1036 2671 1091 2708 his
1109 2669 1125 2700 β
1149 2671 1215 2719 qui
1235 2682 1314 2708 cre-

255 2723 350 2760 dunt
373 2723 412 2760 in
440 2724 591 2761 nomine
609 2725 698 2761 eius.
729 2725 831 2773 Ergo
852 2736 930 2761 non
950 2731 1125 2762 tenentur
1151 2731 1318 2772 potesta-

255 2775 355 2815 tibus
383 2776 638 2814 saecularibus
667 2777 834 2814 obedire.

310 2841 346 2867 2.
374 2830 612 2877 PRAETEREA,
645 2831 758 2867 Rom.
785 2842 834 2866 vu
853 2830 873 2851 *
901 2830 1054 2866 dicitur:
1092 2829 1319 2877 Mortificati

255 2882 339 2919 estis
366 2882 445 2933 legi
463 2895 537 2931 per
563 2894 700 2931 corpus
724 2883 878 2919 Christi:
908 2890 944 2919 et
971 2881 1138 2929 loquitur
1158 2882 1204 2918 de
1233 2883 1314 2929 lege

256 2934 385 2973 divina
411 2936 550 2973 veteris
569 2935 817 2979 Testamenti.
849 2935 926 2972 Sed
946 2934 1072 2971 minor
1097 2942 1152 2970 est
1170 2935 1229 2970 lex
1248 2935 1317 2970 hu-

255 2999 386 3035 mana,
415 3001 485 3038 per
511 3001 630 3038 quam
657 2987 834 3025 homines
871 2987 1121 3036 potestatibus
1149 2988 1317 3023 saecula-

255 3036 359 3078 ribus
388 3042 612 3087 subduntur,
638 3053 753 3089 quam
783 3041 843 3077 lex
872 3040 1000 3078 divina
1027 3039 1164 3076 veteris
1184 3040 1317 3076 Testa-

255 3093 385 3130 menti.
415 3095 517 3142 Ergo
537 3094 656 3130 multo
678 3093 799 3141 magis
818 3092 1006 3139 homines,
1026 3104 1094 3141 per
1113 3093 1188 3128 hoc
1212 3092 1316 3141 quod

256 3154 343 3183 sunt
370 3146 455 3183 facti
484 3147 660 3183 membra
689 3146 858 3195 corporis
887 3145 1037 3191 Christi,
1063 3145 1267 3182 liberantur
1295 3157 1316 3181 a

255 3199 338 3247 lege
358 3198 601 3236 subiectionis
621 3211 710 3252 qua
724 3198 979 3236 saecularibus
998 3174 1232 3247 piincipibus
1252 3199 1316 3235 ad·
1342 3243 1344 3253 k

256 3251 542 3300 stringebantur.

310 3306 345 3342 3.
372 3306 614 3350 PRAETEREA,
643 3303 870 3351 latronibus,
899 3303 964 3352 qui
990 3316 1060 3352 per
1096 3303 1315 3341 violentiam
1342 3341 1343 3344 ,

256 3358 487 3407 opprimunt,
517 3357 694 3394 homines
722 3356 879 3394 obedire
907 3369 986 3393 non
1013 3364 1198 3393 tenentur.
1239 3356 1314 3393 Sed

254 3410 487 3459 Augustinus
517 3410 615 3456 dicit,
646 3410 698 3446 IV
724 3411 770 3446 de
803 3410 881 3446 Civ.
910 3409 986 3446 Dei
1002 3409 1041 3446 *z
1071 3410 1231 3446 Remota
1261 3410 1316 3445 iu·
1341 3449 1343 3453 ¹

1371 2192 1487 2238 stitia,
1526 2192 1617 2240 quid
1646 2198 1732 2229 sunt
1767 2204 1888 2243 regna
1926 2194 1998 2230 nisi
2028 2205 2172 2243 magna
2205 2195 2432 2232 latrocinia?

1373 2245 1473 2282 Cum
1501 2245 1610 2293 igitur
1639 2245 1808 2282 dominia
1844 2247 2051 2283 saecularia
2078 2247 2290 2296 principum
2309 2253 2324 2275 Ύ
2353 2250 2430 2297 ple-

1373 2310 1535 2347 rumque
1564 2311 1651 2335 curn
1671 2298 1844 2335 iniustitia
1872 2307 2126 2347 exerceantur,
2146 2301 2209 2337 vel
2229 2301 2276 2338 ab
2305 2301 2430 2350 aliqua

1371 2351 1509 2388 iniusta
1535 2351 1782 2400 usurpatione
1819 2352 2045 2401 principium
2065 2351 2078 2374 δ
2107 2355 2350 2402 sumpserint,
2376 2355 2431 2391 vi-

1373 2405 1481 2441 detur
1508 2405 1614 2453 quod
1642 2417 1721 2442 non
1740 2405 1785 2451 sit
1803 2405 2035 2454 principibus
2063 2407 2317 2444 saecularibus
2341 2408 2431 2444 obe-

1343 2482 1344 2492 }
1373 2458 1555 2495 diendum
1586 2470 1608 2494 a
1637 2458 1868 2495 Christianis.

1426 2511 1500 2548 SED
1521 2522 1667 2561 CONTRA
1685 2523 1751 2548 EST
1770 2511 1875 2559 quod
1897 2511 2029 2548 dicitur
2051 2512 2120 2549 Tit.
2142 2524 2176 2549 ιιι
2195 2512 2231 2549 ²¹²:
2259 2513 2432 2550 Admone

1371 2563 1453 2600 illos
1479 2564 1713 2613 principibus
1741 2570 1777 2600 et
1797 2566 2038 2612 potestatibus
2073 2566 2236 2602 subditos
2263 2578 2363 2610 esse,·
2396 2574 2431 2602 et

1371 2617 1386 2653 Ι
1401 2617 1483 2653 Pet.
1499 2616 1574 2654 11³⁸:
1600 2617 1763 2654 Subiecti
1778 2623 1890 2654 estote
1908 2619 2014 2655 omni
2029 2619 2218 2655 humanae
2236 2625 2432 2656 creaturae

1365 2676 1524 2718 propter
1549 2671 1695 2708 Deum:
1721 2671 1800 2708 sive
1823 2671 1917 2720 regi,
1938 2671 2047 2719 quasi
2067 2671 2309 2720 praecellenti
2315 2685 2328 2714 ‚·
2353 2673 2432 2709 sive

1370 2723 1538 2768 ducibus,
1567 2728 1747 2772 tanquam
1777 2725 1825 2760 ab
1853 2736 1896 2760 eo
1925 2724 2056 2761 missis.

1425 2776 1652 2813 Rasroum-:o
1695 2788 1879 2813 DICENDUM
1922 2777 2026 2824 quod
2063 2777 2159 2813 fides
2197 2776 2333 2814 Christi
2376 2785 2432 2814 est

1371 2827 1532 2866 iustitiae
1575 2828 1800 2877 principium
1838 2837 1874 2865 et
1909 2841 2047 2866 causa:
2091 2830 2301 2866 secundum
2339 2829 2431 2866 illud

1370 2882 1483 2918 Rom.
1506 2893 1541 2918 111
1560 2881 1596 2918 *ε
1626 2882 1770 2918 Iustitia
1789 2882 1864 2917 Dei
1874 2883 2074 2930 perfidem
2096 2883 2181 2918 Iesu
2206 2882 2351 2919 Christi.
2382 2883 2431 2919 Et
2457 2889 2466 2899 '

1371 2934 1459 2970 ideo
1488 2947 1557 2983 per
1576 2934 1695 2970 fidem
1716 2933 1853 2970 Christi
1873 2947 1950 2971 non
1980 2934 2118 2971 tollitur
2140 2935 2235 2971 ordo
2256 2935 2428 2982 iustitiae,

1371 2987 1438 3024 sed
1468 2987 1587 3034 magis
1615 2987 1799 3023 firmatur.
1830 2987 1937 3023 Ordo
1966 2994 2094 3023 autem
2123 2987 2282 3024 iustitiae
2307 2989 2430 3037 requi-

1371 3039 1416 3075 rit
1435 3047 1476 3076 ut
1495 3039 1690 3076 inferiores
1711 3039 1787 3075 suis
1807 3040 2064 3088 superioribus
2098 3040 2296 3077 obediant:
2326 3041 2432 3078 aliter

1372 3092 1473 3128 enim
1501 3104 1579 3128 non
1607 3101 1736 3140 posset
1763 3093 2018 3129 humanarum
2048 3105 2174 3129 rerum
2195 3101 2311 3130 status
2341 3106 2430 3130 con-

1372 3144 1526 3181 servari.
1557 3145 1604 3181 Et
1632 3145 1718 3182 ideo
1750 3157 1819 3193 per
1847 3145 1965 3182 fidem
1987 3145 2124 3182 Christi
2151 3158 2229 3182 non
2250 3159 2430 3183 excusan-

1370 3205 1431 3234 tur
1458 3197 1590 3234 fideles
1620 3197 1712 3246 quin
1740 3197 1972 3247 principibus
2000 3198 2254 3236 saecularibus
2275 3199 2430 3236 obedire

1370 3258 1580 3288 teneantur.

1424 3306 1482 3340 An
1509 3315 1647 3340 Palmum
1676 3315 1774 3340 ERGO
1795 3316 1978 3341 memnon
2003 3304 2127 3351 quod,
2157 3303 2252 3340 sicut
2279 3317 2392 3353 supra
2411 3304 2431 3326 '¹‘

1372 3356 1515 3393 dictum
1546 3364 1612 3402 est,
1634 3356 1793 3393 servitus
1822 3369 1898 3405 qua
1917 3357 2036 3393 homo
2064 3356 2212 3393 homini
2240 3357 2431 3394 subiicitur

1370 3409 1419 3446 ad
1449 3421 1587 3457 corpus
1611 3409 1780 3457 pertinet,
1803 3422 1879 3445 non
1909 3410 1957 3446 ad
1986 3409 2165 3456 animam,
2187 3422 2284 3458 quae
2313 3409 2430 3447 libera

308 3525 336 3556 α)
355 3524 447 3558 Regis.
463 3538 482 3543 -
501 3524 571 3549 illius
589 3524 687 3548 addunt
706 3523 751 3548 Pa.

308 3558 334 3592 β)
353 3560 402 3585 his.
419 3573 438 3579 -
457 3559 518 3585 Om.
538 3560 565 3584 P.

1424 3523 1451 3555 γ)
1470 3522 1620 3547 saecularia
1636 3522 1798 3554 principum.
1816 3535 1834 3540 -
1852 3521 2029 3546 saecularium
2044 3522 2196 3553 principum
2216 3522 2270 3552 DL,
2283 3523 2431 3548 saecularia

1373 3557 1426 3586 EG,
1444 3557 1596 3589 principum
1615 3557 1765 3582 saecularia
1784 3558 1823 3581 ed.
1843 3564 1867 3585 a,
1883 3557 2037 3589 principum
2056 3557 2232 3582 saecularium
2253 3558 2281 3582 P.

1425 3591 1448 3625 δ)
1463 3593 1637 3624 principium.
1655 3606 1674 3612 -
1687 3592 1869 3624 principatum
1889 3592 1937 3617 Pa.

2461 1275 2591 1297 'Bel-nard.
2600 1293 2605 1302 ‚
2626 1275 2671 1297 loc.

2460 1302 2498 1323 cit.
2510 1302 2576 1323 infra.

2457 2523 2468 2534 ⁶
2483 2521 2552 2543 Vera.
2568 2527 2584 2542 1.

2458 2629 2468 2637 ⁸
2483 2627 2549 2649 Vers.
2565 2632 2594 2655 13,
2611 2633 2642 2653 ¹4·

2481 2888 2549 2910 Vers.
2564 2894 2598 2909 22.

2458 3308 2468 3318 ⁸
2483 3308 2534 3329 Art.
2549 3314 2568 3336 5.
