2860 4244
822 210 826 213 ⁷
879 213 1145 260 QUAESTIO
1174 215 1420 263 Lxxxvm,
1449 216 1744 254 ARTlcULth
1773 217 1807 254 v
2347 231 2422 268 249

257 293 383 329 culum
402 292 597 330 immineat
616 292 764 329 cadenti
786 292 832 329 de
853 303 964 340 equo,
994 292 1174 340 Alioquin
1197 305 1310 341 opor·
1337 293 1339 331 :
1417 297 1477 331 An
1500 306 1660 333 TERTuJM
1686 307 1869 334 utcssuuuu
1897 300 2003 346 quod
2032 298 2182 335 Christo
2211 301 2421 337 secundum

115 352 132 369 α
256 353 348 381 teret
375 346 423 382 ab
453 346 630 383 omnibus
658 345 770 381 bonis
807 355 952 381 cessare
981 355 1077 392 quae
1102 349 1120 375 *²
1147 356 1216 393 per
1252 357 1312 382 ac·
1337 347 1339 391 ζ
1366 358 1407 383 se
1427 359 1504 384 non
1528 345 1770 397 competebat
1788 361 1944 388 vovere.
1975 351 2079 387 Tum
2099 351 2188 398 quia
2206 352 2311 389 Deus
2331 361 2421 389 erat.

257 397 386 434 cidens
406 410 450 435 ex
471 398 594 447 aliquo
624 405 762 435 eventu
790 404 950 446 possunt
977 407 1059 433 esse
1086 397 1310 444 periculosa.
1366 399 1470 436 Tum
1501 400 1615 437 etiam
1635 402 1736 449 quia,
1758 402 1983 450 inquantum
2012 404 2144 451 homo,
2170 404 2335 441 habebat
2360 406 2424 442 fir-

257 449 367 487 Unde
404 450 536 488 dicitur
560 451 685 487 Eccle.
712 462 747 486 xi
770 449 811 486 *z
854 450 928 491 Qui
957 450 1132 486 observat
1162 455 1312 486 ventum
1339 478 1340 502 3
1367 459 1509 488 matam
1532 454 1768 491 voluntatem
1789 455 1825 492 in
1855 456 1972 503 bono,
1993 456 2101 503 quasi
2125 458 2424 505 comprehensor

257 515 330 539 non
364 504 543 540 seminat.-
575 509 612 539 et
643 503 709 551 qui
723 502 946 539 considerat
971 502 1086 538 nubes
1119 511 1312 550 nunquam
1339 505 1341 561 l
1368 503 1540 541 existens.
1585 506 1773 552 Quamvis
1810 520 1880 556 per
1911 509 2105 556 quandam
2142 509 2424 547 similitudinem

256 561 375 592 metet.
412 555 630 592 Periculum
667 563 795 591 aut-em
831 554 988 591 voventi
1024 566 1101 591 non
1141 555 1314 592 imminet
1339 564 1341 611 3
1367 567 1413 592 ex
1441 568 1604 604 persona
1634 559 1713 595 eius
1742 559 1886 597 dicatur
1918 561 1955 598 in
1984 562 2124 599 Psalm.
2145 562 2183 608 ²¹⁶,
2213 565 2423 601 secundum
2453 569 2494 616 ἐξ

258 619 302 644 ex
328 608 412 657 ipso
439 617 546 655 voto,
574 608 643 644 sed
671 618 716 643 ex
744 607 856 656 culpa
884 606 1060 653 hominis,
1087 608 1150 655 qui
1178 609 1313 645 volun·
1340 614 1341 650 ὲ
1368 608 1545 645 Glossam
1565 609 1606 646 *ι
1633 612 1725 648 Vota
1745 624 1828 649 mea
1848 614 2002 650 reddam
2027 615 2063 651 in
2083 621 2277 663 conspectu
2297 617 2426 653 timeri·
2454 610 2620 672 ·L'113)ter¹in-A
2641 630 2662 646 et

257 668 373 697 tatem
404 668 527 697 mutat
559 659 835 707 transgrediens
863 667 1009 696 votum.
1047 659 1158 697 Unde
1186 662 1314 708 Augu·
1340 658 1342 700 ὲ
1368 661 1460 697 tium
1496 673 1606 698 eum:
1647 664 1812 712 loquitur
1839 674 1964 703 autem
1993 679 2062 715 pro
2090 665 2106 696 β
2138 679 2297 716 corpore
2335 681 2425 715 suo,
2473 658 2511 672 ⁰¹¹²
2531 667 2536 672 “
2555 658 2584 711 {¹
2624 658 2661 678 ‘¹⁵³'

257 713 375 750 atinus
412 713 499 750 dicit
531 713 568 750 in
606 713 739 749 eadem
768 713 946 762 epistola:
983 713 1074 749 Non
1110 719 1144 749 te
1170 714 1316 750 vovisse
1340 727 1342 766 1
1369 714 1473 761 quod
1503 721 1558 750 est
1577 715 1757 753 Ecclesia.
1778 737 1802 745 -
1827 719 1999 766 Apostoli
2019 726 2146 756 autem
2173 720 2427 769 intelliguntur
2456 739 2662 766 ‘Matth.cap.1v‚

255 765 468 812 poenitean-
487 766 611 802 Immo
647 765 775 815 gaude
801 766 878 802 iam
915 765 980 802 tibi
1011 765 1065 801 sic
1101 777 1175 803 non
1203 766 1316 803 licere
1341 776 1342 787 ¹
1368 766 1523 802 vovisse
1542 767 1767 814 pertinentia
1786 770 1835 807 ad
1849 772 2089 819 perfectionis
2111 780 2248 810 statum
2269 775 2424 823 quando
2455 771 2513 787 vm·
2542 766 2565 787 ¹⁸
2596 771 2664 793 “¹4³

19 453 29 463 ‘
43 451 108 473 Vera.
121 458 144 477 ⁴·

2497 575 2515 589 S.
2535 574 2582 591 xxi.
2603 575 2660 590 vers,

2455 798 2506 819 cap.
2513 797 2560 818 xix,
2568 798 2626 813 vers.
2631 798 2664 819 ²73

257 818 358 865 quod
382 829 468 854 cum
497 823 558 854 tuo
587 818 805 855 detrimento
835 818 1004 855 licuisset.

311 929 339 962 α)
358 934 434 961 quae.
447 943 466 948 —
483 929 564 954 etiam
584 930 682 955 addunt
699 930 758 955 Pla.

1341 827 1343 854 1
1371 816 1577 877 Christum,
1608 820 1742 857 relictis
1770 824 1953 869 omnibus,
1981 830 2068 861 sunt
2092 827 2208 862 secuti
2223 826 2254 863 *.

1426 931 1451 964 β)
1470 934 1559 956 autem
1574 939 1637 964 pro.
1651 946 1668 952 -
1687 933 1720 958 de
1737 934 1769 964 D,
1787 937 1875 959 autem
1895 935 1928 959 de
1946 936 1974 960 P.

932 1018 1265 1059 Commentariun
1287 1019 1537 1052 Gal-dinastia,
1559 1020 1760 1054 Caietam

263 1107 308 1169 IN
331 1096 462 1128 articulo
485 1104 598 1138 quarto
628 1097 769 1128 eiusdem
794 1097 988 1138 quaestionis
1018 1098 1314 1138 octogesimaeocta-

287 1150 354 1178 vae,
379 1141 503 1171 adverte
527 1142 615 1181 quod
638 1141 788 1172 articulus
811 1151 957 1181 praesens
982 1142 1020 1172 de
1034 1142 1169 1173 utilitate
1185 1143 1251 1173 voti
1269 1143 1316 1173 in·
1343 1161 1345 1183 ἰ

258 1185 370 1225 quirit,
395 1191 431 1215 ut
454 1184 564 1215 divisio
594 1185 787 1225 quaestionis
810 1192 840 1216 et
863 1185 973 1216 titulus
997 1186 1118 1217 articuli
1148 1193 1316 1217 testantur:

258 1227 299 1259 it‘a
321 1229 411 1270 quod
433 1228 584 1269 expedire
606 1228 759 1269 significat
781 1229 813 1259 in
837 1230 1003 1270 proposito
1027 1230 1106 1261 utile
1128 1239 1212 1268 esse,
1237 1231 1318 1261 sicut

222 1287 229 1298 ‚
257 1273 290 1303 in
305 1271 479 1312 Evangelio
490 1272 519 1311 *,
541 1273 681 1314 Expedit
697 1278 732 1304 ut
748 1283 832 1304 unus
848 1275 1008 1304 moriatur
1016 1284 1079 1315 pro
1089 1275 1220 1315 populo.
1240 1275 1316 1306 Pro-

258 1318 326 1356 pter
348 1316 437 1357 quod
459 1315 492 1346 in
511 1317 648 1357 ‘corpore
664 1316 786 1348 articuli
809 1317 926 1348 utilitas
942 1318 1008 1349 voti
1031 1325 1233 1355 monstratur,
1251 1329 1317 1351 non

257 1360 485 1400 respectu'Dei,
509 1361 564 1391 sed
586 1358 695 1398 nostri,
719 1362 827 1402 quoad
843 1368 1025 1403 utrumque,
1042 1362 1160 1393 scilicet
1182 1363 1317 1403 promis-

257 1403 384 1444 sionem
385 1410 435 1442 gt,
444 1404 664 1441 redditionem,
680 1405 790 1436 ordine
809 1413 915 1436 tamen
933 1413 1147 1446 praepostero,
1164 1407 1202 1437 ab
1223 1417 1318 1447 opere

251 1440 519 1489 affincipium
541 1449 760 1489 procedendo,
785 1457 821 1480 ut
843 1460 861 1480 a
884 1450 1062 1481 notioribus
1086 1457 1116 1480 et
1141 1451 1317 1490 potioribus

257 1491 312 1522 fiat
330 1491 511 1533 ‘disciplitun
876 1531 880 1534 Α

266 1535 348 1566 ’Ἱη
378 1537 494 1577 eodem
521 1536 674 1575 articulo,
697 1537 729 1567 in
757 1537 964 1578 responsione
992 1537 1031 1567 ad
1054 1538 1212 1578 primum,
1238 1538 1318 1569 circa

257 1579 346 1618 illud,
375 1578 464 1611 Talis
478 1585 525 1612 est
547 1581 719 1612 necessitas
733 1581 799 1612 voti
812 1587 881 1617 etc.,
905 1580 1040 1612 dubium
1061 1582 1211 1613 occurrit:
1236 1592 1317 1623 quo-

259 1623 344 1654 niam
374 1623 490 1655 falsum
511 1624 636 1655 videtur
657 1634 724 1655 esse
753 1625 841 1667 quod
865 1625 1030 1656 necessitas
1052 1625 1119 1657 voti
1146 1625 1186 1656 sit
1208 1625 1319 1656 similis

259 1668 433 1699 necessitati
456 1667 701 1710 nonz'p'eccandi.
726 1669 889 1706 Quoniam
905 1669 1071 1700 necessitas
1087 1680 1153 1700 non
1168 1670 1319 1710 peccandi

259 1710 502 1743 estss'n‘eeessitas
532 1712 572 1743 a‘d
599 1712 722 1743 bonurn
751 1720 788 1744 ut
817 1713 1019 1753 distinguitur
1046 1722 1155 1746 contra
1177 1714 1318 1745 malum:

133 1760 155 1774 '¹
176 1758 232 1801 ‘2¹3¹'
259 1747 424 1787 necessitas
438 1765 514 1787 vero
529 1757 597 1787 voti
613 1762 660 1787 est
672 1757 840 1788 necessitas
856 1758 895 1787 ad
913 1758 1036 1788 bonurn
1061 1765 1096 1789 ut
1119 1757 1320 1798 distinguitur

259 1799 496 1838 &Shira'ininus
518 1800 652 1832 bonum.
686 1801 771 1837 Quia
793 1801 922 1832 materia
952 1801 1080 1842 propria
1102 1802 1169 1833 voti
1193 1809 1240 1834 est
1262 1803 1318 1833 bo-

259 1844 339 1882 num
350 1844 653 1885 supererogationis,
670 1851 708 1875 ut
728 1851 814 1892 patet
832 1855 869 1876 ex
885 1845 973 1876 dictis
987 1845 1016 1882 *,
1038 1846 1079 1876 ad
1101 1845 1190 1887 quod
1205 1853 1318 1878 votum
1344 1862 1346 1868 ι

260 1886 440 1919 necessitat:
464 1889 587 1919 bonum
603 1892 710 1920 autem
725 1889 1020 1930 supererogationis,
1044 1897 1081 1921 ut
1103 1890 1156 1927 sic,
1181 1900 1247 1921 non
1263 1901 1320 1932 op-

259 1931 389 1972 pdnitur
404 1932 501 1969 malo,
517 1933 573 1963 sed
595 1933 701 1963 minus
720 1933 818 1965 bono.
841 1933 950 1974 Igitur.
975 1951 995 1957 -
1018 1934 1189 1971 Praeterea,
1204 1941 1318 1966 votum

260 1975 326 2006 nen
349 1975 514 2007 necessitat
536 1976 576 2007 ad
598 1977 722 2008 bonum
737 1977 1022 2018 supererogationis
1039 1978 1191 2015 absolute,
1209 1978 1263 2009 sed
1279 1980 1317 2010 ad

259 2019 323 2050 tale
343 2020 467 2051 bonum
488 2020 792 2062 supererogationis,
816 2028 894 2062 puta
916 2021 1217 2063 peregrinationem,
1241 2023 1319 2054 ieiu-

261 2055 370 2098 nium,
385 2067 444 2096 etc.
471 2064 559 2095 Haec
582 2070 689 2101 autem
716 2066 801 2096 bona
824 2066 1018 2108 quandoque
1041 2074 1116 2098 sunt
1136 2066 1319 2108 impeditiva

261 2102 388 2139 ffifi'ioris
411 2109 504 2139 boni:
528 2108 571 2140 ita
588 2108 693 2151 'qu'od,
709 2109 735 2140 si
758 2109 811 2140 ille
833 2121 900 2141 non
918 2110 1065 2147 vovisset,
1090 2110 1222 2152 quilibet
1245 2121 1319 2142 con-

261 2151 376 2183 suleret
397 2152 456 2183 sibi
478 2152 567 2194 quod
590 2152 818 2196 eleemosynas,
842 2161 897 2186 aut
915 2153 1034 2196 aliquid
1050 2154 1134 2186 aliud
1151 2155 1253 2186 maius
1267 2166 1319 2186 su-

1373 1100 1620 1139 pererogationis
1637 1111 1719 1140 opus
1736 1100 1858 1137 faceret,
1879 1112 1975 1142 quam
1996 1104 2250 1143 peregrinaretur.
2276 1106 2358 1146 Ergo
2376 1118 2430 1137 vo-

1373 1150 1443 1173 tum
1473 1144 1638 1175 necessitat
1666 1145 1705 1174 ad
1732 1145 1854 1175 bonum
1885 1146 2002 1176 habens
2030 1157 2086 1186 per
2108 1148 2250 1179 accidens
2274 1159 2430 1181 annexum

1343 1217 1345 1221 ,
1373 1187 1638 1227 impedimentum
1669 1189 1819 1220 melioris.
1850 1189 1984 1221 Constat
2013 1198 2119 1221 autem
2149 1194 2237 1232 quod
2266 1194 2431 1225 necessitas

1373 1240 1440 1262 non
1462 1233 1613 1271 peccandi
1631 1243 1702 1263 non
1726 1233 1890 1264 necessitat
1918 1235 1957 1264 ad
1980 1235 2164 1266 huiusmodi
2188 1237 2290 1272 bona,
2315 1238 2369 1267 sed
2392 1239 2431 1268 ad

1373 1276 1505 1307 bonum.
1529 1277 1602 1306 Non
1627 1283 1673 1307 est
1696 1287 1770 1317 ergo
1794 1277 1862 1308 talis
1886 1279 2053 1309 necessitas
2074 1280 2138 1310 voti
2163 1280 2243 1311 sicut
2265 1282 2432 1312 necessitas

1373 1329 1439 1350 non
1462 1320 1621 1360 peccandi.
1652 1338 1673 1343 -
1702 1320 1768 1352 Nec
1791 1329 1838 1352 est
1859 1322 1978 1353 habens
2006 1323 2244 1354 similitudinem
2267 1326 2429 1366 quandam

1373 1372 1444 1394 cum
1468 1363 1710 1405 confirmatione
1731 1365 1912 1404 beatorum,
1937 1374 2066 1407 propter
2093 1368 2219 1398 easdem
2242 1369 2387 1400 rationes.
2412 1388 2431 1392 -

1373 1407 1523 1444 Quorum
1547 1408 1734 1448 oppositum
1757 1410 1789 1439 in
1813 1409 1913 1440 littera
1937 1410 2059 1441 dicitur.

1427 1452 1478 1482 Ad
1501 1452 1581 1482 hanc
1605 1451 1834 1484 dubitationem
1849 1454 1982 1485 breviter
2005 1455 2118 1485 dicitur
2141 1457 2228 1496 quod
2245 1456 2430 1493 similitudo,

1373 1494 1447 1525 siin
1464 1495 1613 1526 omnibus
1637 1503 1783 1533 curreret,
1806 1507 1872 1528 non
1889 1506 1969 1529 esset
1991 1498 2176 1536 similitudo,
2193 1501 2245 1531 sed
2268 1500 2431 1532 identitas:

1373 1537 1488 1570 sufficit
1511 1550 1649 1580 namque
1678 1541 1767 1581 quod
1790 1548 1893 1572 teneat
1923 1543 2030 1582 quoad
2053 1543 2084 1572 id
2109 1543 2140 1573 in
2164 1554 2229 1584 quo
2254 1544 2289 1574 fit
2311 1545 2431 1574 assimi-

1345 1604 1346 1609 ,
1372 1582 1460 1614 latio.
1491 1583 1563 1614 Hoc
1586 1591 1692 1614 autem
1716 1591 1762 1615 est
1785 1585 1816 1615 in
1841 1585 2006 1626 proposito
2029 1585 2159 1617 firmitas
2189 1597 2244 1618 seu
2268 1589 2434 1619 necessitas

1373 1627 1413 1657 ad
1436 1628 1570 1658 bonum.
1593 1627 1629 1657 In
1653 1628 1714 1658 hoc
1736 1635 1844 1659 antem
1867 1636 1988 1660 constat
2011 1631 2098 1670 quod
2122 1631 2187 1661 voti
2204 1632 2369 1662 necessitas
2393 1633 2433 1662 si-

1374 1671 1458 1702 milis
1473 1679 1519 1702 est
1542 1672 1675 1702 libertati
1698 1682 1716 1702 a
1738 1680 1867 1712 peccato
1892 1680 1922 1704 et
1945 1673 2176 1705 confirmationi
2192 1675 2224 1706 in
2241 1676 2328 1706 bono
2352 1686 2433 1716 quae

1374 1722 1420 1746 est
1437 1715 1470 1746 in
1489 1716 1596 1751 beatis,
1613 1716 1770 1757 quidquid
1785 1716 1824 1747 sit
1843 1717 1880 1747 de
1897 1717 2077 1749 necessitate
2093 1719 2131 1749 ad
2150 1719 2211 1749 tale
2226 1719 2360 1758 bonurn,
2373 1727 2430 1750 etc.

1373 1759 1414 1791 Et
1437 1759 1498 1790 hoc
1521 1759 1636 1790 sufficit
1658 1761 1698 1790 ad
1723 1761 1935 1801 propositum,
1960 1762 2014 1792 ubi
2030 1761 2201 1793 sustinetur
2223 1764 2312 1804 quod
2329 1773 2434 1794 neces-

1373 1803 1447 1834 sitas
1469 1803 1536 1834 voti
1564 1814 1629 1834 non
1657 1805 1832 1845 opponitur
1860 1805 1994 1836 libertati
2024 1806 2098 1847 quia
2126 1814 2172 1837 est
2204 1807 2370 1838 necessitas
2394 1808 2431 1838 ad

1373 1848 1511 1884 bonum,
1535 1848 1617 1878 sicut
1639 1848 1804 1879 necessitas
1832 1849 2091 1880 confirmatorum
2115 1861 2181 1881 non
2204 1852 2378 1892 opponitur
2400 1852 2433 1881 li-

1372 1891 1482 1923 bertati
1513 1892 1587 1933 quia
1615 1898 1662 1922 est
1690 1892 1855 1923 necessitas
1882 1894 1922 1924 ad
1948 1894 2082 1924 bonum.

1430 1936 1491 1966 Pro
1514 1935 1710 1976 plenitudine
1733 1943 1839 1967 tamen
1863 1937 2032 1974 doctrinae,
2049 1938 2127 1969 scito
2151 1940 2239 1979 quod
2261 1945 2374 1970 votum
2398 1940 2436 1970 de

1372 1981 1460 2011 bono
1484 1980 1573 2022 quod
1595 1981 1789 2022 quandoque
1811 1991 1868 2021 per
1891 1981 2033 2012 accidens
2061 1982 2227 2022 impediret
2254 1983 2355 2013 maius
2378 1984 2436 2013 bo-

1373 2034 1462 2060 num,
1478 2033 1544 2054 non
1567 2023 1610 2057 ita
1633 2025 1796 2056 necessitat
1811 2025 1851 2055 ad
1865 2025 1926 2056 tale
1949 2026 2072 2056 bonum
2089 2026 2166 2067 quin
2182 2027 2339 2068 relinquat
2352 2028 2437 2057 viam

1373 2068 1413 2098 ad
1437 2068 1549 2098 melius
1565 2078 1620 2108 per
1636 2069 1936 2106 commutationem;
1960 2071 2010 2100 vel
2033 2070 2160 2110 propria
2178 2078 2341 2112 potestate,
2358 2071 2438 2102 sicut

1374 2122 1448 2143 cum
1473 2119 1688 2143 commutatur
1716 2113 1749 2143 in
1771 2120 1884 2144 votum
1908 2113 2083 2154 religionis;
2107 2114 2157 2144 vel
2179 2115 2363 2146 auctoritate
2386 2125 2438 2147 su-

1372 2156 1521 2196 perioris,
1546 2167 1620 2188 cum
1640 2163 1853 2188 commutatur
1876 2157 1909 2188 in
1932 2157 2006 2194 alia;
2031 2165 2066 2188 ut
2089 2157 2219 2189 inferius
2234 2158 2252 2178 *
2274 2166 2368 2200 patet.

735 2372 738 2374 g
1051 2309 1368 2351 ARTICULUS
1398 2310 1655 2382 QUINJUS

755 2401 909 2432 UTRUM
932 2401 1090 2433 VOTUM
1113 2402 1180 2432 st‘r
1204 2401 1346 2433 AcTus
1370 2402 1558 2433 LATRIAE
1582 2402 1675 2433 sivi:
1699 2403 1942 2434 RELIGIONIS

268 2504 308 2522 111
344 2460 345 2470 ¹
969 2481 1044 2506 cont.
1062 2481 1209 2506 retrahent.
1227 2481 1298 2507 hom.
1315 2481 1349 2506 ab
1368 2481 1482 2514 ingr-ess.
1501 2481 1600 2514 Relig..
1620 2489 1676 2514 cap.
1695 2489 1739 2506 xu.

380 2572 447 2608 ”aa
473 2568 499 2594 n
522 2568 686 2599 Quum-un
709 2569 763 2596 stc
783 2569 1023 2596 PROOEmTua.
1042 2557 1204 2596 Videtur
1218 2559 1322 2607 quod

398 2606 448 2649 ²5³
473 2617 610 2647 votum
643 2622 723 2648 non
751 2610 797 2648 sit
825 2612 930 2648 actus
967 2610 1096 2648 latriae
1129 2611 1210 2648 sive
1238 2610 1322 2648 reli-

368 2656 403 2698 ἓ,
415 2643 446 2698 ’ἦ
475 2662 608 2710 gionis.
641 2663 770 2700 Omne
799 2663 900 2700 enim
929 2675 1027 2712 opus
1050 2664 1198 2701 virtutis
1224 2664 1323 2701 cadit

379 2749 382 2751 ,
415 2723 419 2734 ’
456 2715 547 2751 ...ub
582 2723 688 2752 voto.
732 2716 810 2753 Sed
852 2717 901 2753 ad
937 2717 1102 2754 eandem
1144 2717 1322 2753 virtutem

263 2766 451 2816 pertinere
471 2767 622 2804 videtur
648 2769 868 2817 promittere
904 2769 1042 2819 aliquid
1072 2778 1107 2807 et
1134 2770 1256 2807 facere
1284 2770 1324 2806 il-

264 2818 340 2856 lud.
369 2819 472 2867 Ergo
493 2827 630 2859 votum
649 2821 811 2870 pertinet
830 2822 879 2859 ad
904 2823 1113 2871 quamlibet
1131 2822 1323 2870 virtutem,

267 2879 302 2909 et
329 2884 409 2909 non
437 2872 648 2921 specialiter
676 2873 726 2911 ad
754 2874 988 2923 religionem.

320 2937 356 2962 2.
377 2926 610 2974 Pmmm,
630 2927 844 2964 secundum
863 2927 1032 2964 Tullium
1047 2927 1078 2974 ²,
1109 2927 1157 2964 ad
1181 2927 1325 2974 religio-

266 2989 355 3014 nem
379 2978 543 3026 pertinet
565 2979 704 3016 cultum
723 2985 760 3016 et
776 2981 1053 3017 caeremoniam
1072 2981 1154 3016 Deo
1173 2979 1323 3030 offerre.

267 3030 346 3070 Sed
372 3030 432 3067 ille
462 3032 526 3080 qui
554 3040 672 3069 vovet
699 3033 874 3070 nondum
902 3032 1045 3083 aliquid
1064 3033 1148 3069 Deo
1169 3032 1280 3069 offert
1295 3037 1324 3081 α,

267 3083 335 3123 sed
364 3084 488 3121 solum
515 3085 710 3135 promittit.
738 3086 840 3134 Ergo
868 3094 1004 3125 votum
1031 3098 1111 3125 non
1138 3091 1194 3123 est
1222 3093 1326 3123 actus

267 3136 469 3184 religionis.

290 3190 358 3227 23.
379 3190 614 3238 pamma,
635 3191 755 3228 cultus
780 3191 968 3240 religionis
991 3204 1069 3229 non
1088 3191 1202 3228 debet
1225 3191 1327 3228 exhi-

268 3243 348 3279 beri
369 3242 438 3279 nisi
457 3244 555 3280 Deo.
581 3243 660 3281 Sed
677 3250 812 3289 votum
833 3256 912 3282 non
931 3245 1056 3282 solum
1080 3245 1124 3282 fit
1141 3245 1238 3292 Deo,
1259 3244 1326 3282 sed

268 3295 387 3333 etiam
413 3296 549 3333 sanctis
577 3303 614 3333 et
638 3296 826 3349 praelatis,
855 3298 994 3346 quibus
1022 3297 1183 3346 religiosi
1210 3297 1327 3347 profi-

269 3353 389 3390 tentes
417 3348 674 3387 obedientiam
697 3352 855 3388 vovent.
883 3351 986 3400 Ergo
1005 3357 1142 3388 votum
1169 3362 1248 3388 non
1273 3357 1328 3388 est

269 3401 458 3450 religionis
486 3410 603 3441 actus.

324 3515 352 3548 α)
371 3515 488 3548 offert.-
503 3515 584 3549 affert
601 3516 677 3541 ABF.

413 3569 522 3593 Sumus
540 3568 641 3593 Timor..
661 3569 692 3593 D.
703 3569 825 3594 'Taouan
839 3569 870 3594 T.
884 3569 926 3594 Vl.

1376 2623 1462 2648 eum
1490 2611 1527 2648 in
1547 2611 1674 2648 hostiis
1697 2618 1733 2648 et
1749 2613 1977 2659 muneribus,
1998 2619 2032 2650 et
2049 2619 2136 2650 vota
2154 2616 2342 2652 vovebunt
2358 2616 2438 2652 Do-

1376 2664 1479 2700 mino
1507 2670 1544 2700 et
1567 2664 1720 2701 solvent.
1769 2665 1845 2702 Sed
1884 2665 2008 2702 colere
2045 2667 2172 2703 Deum
2205 2675 2260 2703 est
2287 2668 2438 2716 proprie

1378 2716 1566 2764 religionis
1595 2717 1676 2754 sive
1704 2718 1844 2754 latriae.
1874 2719 1976 2766 Ergo
2004 2727 2139 2756 votum
2173 2727 2229 2756 est
2256 2728 2361 2757 actus
2388 2722 2439 2757 la-

1377 2769 1469 2806 triae
1498 2769 1578 2806 sive
1606 2769 1807 2818 religionis.

1378 2927 1488 2964 triam
1524 2927 1684 2976 pertinet
1719 2940 1788 2976 per
1820 2928 1981 2965 modurn
2019 2929 2188 2978 imperii,
2226 2931 2438 2968 secundum

1379 2980 1484 3028 quod
1521 2981 1570 3017 ad
1598 2980 1768 3017 divinam
1798 2981 2048 3019 reverentiam
2085 2982 2299 3030 ordinatur,
2335 2986 2439 3033 quod

1381 3041 1436 3070 est
1461 3032 1637 3082 proprius
1666 3033 1753 3071 finis
1781 3033 1921 3071 latriae.
1965 3034 2154 3072 Ordinare
2189 3043 2316 3073 autem
2346 3037 2438 3074 alios

1381 3093 1485 3123 actus
1512 3085 1551 3125 in
1575 3097 1689 3124 suum
1716 3087 1835 3125 finem
1861 3087 2023 3136 pertinet
2050 3088 2099 3125 ad
2117 3088 2295 3126 virtutem
2319 3089 2439 3138 impe-

1381 3147 1540 3186 rantem,
1569 3151 1647 3177 non
1675 3140 1724 3177 ad
1743 3140 1899 3178 virtutes
1922 3140 2137 3190 imperatas.
2167 3143 2216 3179 Et
2243 3142 2330 3179 ideo
2357 3143 2438 3191 ipsa

1381 3192 1568 3229 ordinatio
1598 3200 1751 3229 actuum
1780 3193 2053 3242 cuiuscumque
2079 3195 2226 3231 virtutis
2258 3195 2296 3231 in
2324 3195 2439 3231 servi—

1380 3245 1475 3282 tium
1501 3245 1573 3282 Dei
1609 3253 1664 3282 est
1691 3246 1867 3294 proprius
1890 3253 1994 3283 actus
2021 3247 2161 3283 latriae.
2193 3246 2437 3284 Manifestum

1382 3305 1438 3335 est
1451 3305 1579 3335 autem
1594 3311 1639 3336 ex
1652 3299 1855 3348 praedictis
1870 3301 1890 3321 *
1905 3299 2009 3348 quod
2023 3307 2158 3336 votum
2173 3307 2228 3336 est
2247 3301 2438 3348 quaedam

1381 3350 1584 3400 promissio
1605 3352 1690 3388 Deo
1713 3351 1830 3389 facta:
1861 3360 1895 3390 et
1914 3353 2019 3400 quod
2046 3351 2247 3400 promissio
2274 3353 2364 3391 nihil
2385 3361 2441 3390 est

1382 3403 1485 3440 aliud
1513 3416 1629 3452 quarn
1668 3404 1853 3442 ordinatio
1882 3405 2073 3453 quaedam
2107 3405 2188 3443 eius
2215 3406 2321 3453 quod
2353 3418 2440 3455 pro-

1437 3516 1463 3550 β)
1482 3524 1567 3543 omne.
1581 3532 1599 3536 -
1618 3518 1678 3542 Om.
1691 3518 1769 3542 PGH.

2268 3571 2297 3595 32

1431 2823 1656 2860 Responmzo
1677 2834 1862 2860 DICENDUM
1880 2823 1998 2871 quod,
2015 2823 2109 2860 sicut
2127 2836 2241 2872 supra
2255 2824 2275 2846 ’¹‘
2295 2825 2436 2863 dictum
2467 2831 2475 2840 ⁴
2487 2830 2511 2857 Q

2456 818 2510 839 Luc.
2519 824 2568 845 cap.
2575 825 2596 844 v,
2606 824 2664 840 vers.

2456 851 2462 865 ι

2466 2169 2476 2178 ⁸
2490 2170 2540 2189 Art.
2556 2173 2588 2191 10,
2604 2173 2631 2188 12.

2467 3306 2475 3315 ⁸
2491 3307 2540 3326 Art.

1430 2559 1504 2596 SED
1521 2570 1668 2595 CONTRA
1686 2570 1753 2596 EST
1767 2558 1873 2607 quod
1893 2559 2028 2597 dicitur
2043 2561 2159 2598 Isaiae
2174 2574 2235 2599 xix
2248 2561 2286 2598 *:
2312 2562 2442 2599 Colent
2470 2569 2476 2576 “
2492 2566 2559 2588 Vefs·
2571 2573 2599 2587 ²¹·

2513 2837 2535 2851 u.
2544 2836 2621 2855 mxi,
2670 2846 2675 2851 .

2468 2863 2482 2881 ι,
2493 2857 2520 2877 ad
2530 2863 2550 2882 ις
2561 2861 2602 2878 art.
2613 2864 2635 2883 4,
2647 2857 2674 2877 ad

1379 2882 1451 2921 est,
1482 2887 1598 2912 omne
1617 2873 1632 2904 β
1661 2887 1758 2924 opus
1786 2875 1932 2912 virtutis
1961 2876 2009 2913 ad
2038 2876 2261 2924 religionem
2289 2890 2357 2916 seu
2385 2880 2435 2915 la-
2467 2890 2483 2909 1‘

2632 2835 2666 2851 ari
