2860 4244
85 794 95 804 “
105 793 170 814 Vers.
185 799 212 821 34
227 798 276 820 sqq.

85 961 94 969 '⁸
119 958 241 980 Comment.
268 958 291 978 in

86 985 169 1007 Mami.
185 985 223 1006 lib.
239 985 255 1005 1.

182 1059 199 1075 α

84 1222 93 1231 ’
103 1220 158 1242 Can.
171 1219 291 1241 clericum.

84 1481 91 1489 ⁸
106 1481 155 1501 Art.
170 1486 193 1506 4.

83 1533 90 1539 ·
106 1528 172 1549 Vera.
192 1534 216 1556 23
237 1533 288 1555 sqq.

84 1688 92 1698 '
109 1687 173 1708 Vers.
187 1693 214 1714 15,
229 1686 260 1708 16.

82 1846 92 1855 ⁸
107 1846 155 1866 Art.
171 1851 186 1870 ι,
202 1845 230 1866 ad
244 1851 263 1873 3.

83 2275 91 2284 ⁸
107 2274 154 2301 Qu.
170 2280 184 2300 1,
200 2277 241 2295 art.
258 2280 272 2295 1.

313 887 393 941 per*
413 898 569 939 terram,
600 904 717 940 neque
742 904 815 940 per
841 893 1135 940 lerosolymam,
1166 904 1284 941 neque
1304 904 1378 941 per

319 317 392 364 278

949 315 1213 362 QUAESTIO
1242 314 1455 360 LXXXIX,
1486 314 1780 351 ARTICULUS
1810 314 1859 349 Vl

1123 430 1440 473 ARTICULUS
1475 431 1683 474 SEXTUS

952 524 1104 554 UTRUM
1130 523 1288 554 LICEAT
1311 523 1393 553 PER
1417 523 1674 555 CREATURAS
1698 525 1857 555 IURARE

393 605 422 629 111
442 604 525 632 Sent„
545 603 602 627 dist.
622 610 701 631 xxx1x,
721 607 766 626 art.
791 610 817 632 13
837 602 934 634 Expos.
953 601 1027 631 Litt.;
1048 601 1089 626 De
1109 601 1172 626 Dec.
1192 601 1337 633 Praecept„
1357 609 1413 633 cap.

375 708 400 731 9
439 704 490 732 „4ss-
516 695 552 719 D
572 694 712 719 SEXTUM
741 693 794 718 Sic
822 693 1062 718 PROCED1TUR.
1091 680 1252 718 Videtur
1272 681 1375 730 quod

360 726 397 753 ‘⁴³
531 748 607 772 non
635 735 743 771 liceat
762 747 832 783 per
851 741 1039 770 creaturas
1068 734 1201 771 iurare.
1231 734 1378 771 Dicitur

503 784 632 824 enim
662 788 793 824 Matth.
815 799 838 823 v
858 788 897 823 *ι
927 788 1013 836 Ego
1042 787 1123 823 dico
1151 787 1271 833 vobis,
1302 799 1376 823 non

531 841 659 877 iurare
677 840 848 877 omnino.-
867 851 986 888 neque
998 851 1071 887 per
1085 840 1242 885 caelum,
1260 851 1378 888 neque

319 951 431 993 caput
456 950 581 982 tuum:
611 947 713 994 quod
735 957 927 993 exponens
948 945 1206 994 Hieronymus
1225 945 1244 967 ’¹‘
1273 945 1376 982 dicit:

324 998 526 1035 Considera
555 1000 654 1046 quod
679 999 740 1034 hic
766 999 941 1035 Salvator
969 1010 1042 1035 non
1070 1010 1144 1047 per
1170 999 1294 1035 Deum
1324 999 1377 1035 iu-

319 1063 406 1087 rare
428 1051 662 1099 prohibuerit
681 1057 708 1098 2,
737 1052 803 1087 sed
822 1063 894 1099 per
913 1051 1058 1088 caelum
1079 1058 1115 1088 et
1131 1057 1284 1097 terram,
1307 1059 1376 1088 etc.

373 1115 407 1140 2.
429 1105 661 1150 PRAETEREA,
691 1116 817 1152 poena
846 1117 924 1140 non
952 1104 1112 1141 debetur
1139 1104 1209 1141 nisi
1232 1105 1377 1154 culpae.

320 1157 396 1193 Sed
423 1157 557 1193 iuranti
594 1170 662 1206 per
691 1165 881 1194 creaturas
910 1157 1111 1194 adhibetur
1136 1170 1284 1206 poena:
1325 1157 1378 1194 di-

320 1209 411 1246 citur
426 1209 528 1246 enirn
554 1211 671 1256 XXII,
693 1223 755 1259 qu.
773 1222 782 1246 1
797 1210 832 1246 *ε
867 1210 1054 1247 Clericum
1072 1222 1144 1258 per
1162 1217 1376 1247 creaturam

319 1263 503 1299 iurantem
531 1263 715 1299 acerrime
734 1264 1033 1313 obiurgandum.-
1060 1264 1094 1300 si
1108 1264 1314 1311 perstiterit
1339 1264 1375 1300 in

318 1316 426 1360 vitio,
456 1316 858 1352 excommunicandum
881 1317 1034 1364 placuit.
1074 1317 1175 1364 Ergo
1208 1316 1375 1353 illicitum

320 1375 374 1404 est
402 1380 470 1416 per
498 1376 689 1405 creaturas
717 1369 851 1405 iurare.

373 1422 407 1457 3.
443 1422 681 1466 PRAETEREA,
720 1422 976 1458 iuramentum
1013 1429 1069 1459 est
1103 1429 1208 1458 actus
1237 1421 1385 1469 latriae,

318 1473 412 1509 sicut
431 1473 570 1510 dictum
591 1483 645 1511 est
663 1474 694 1511 ³¹².
725 1474 802 1511 Sed
831 1475 951 1512 cultus
970 1475 1098 1512 latriae
1122 1487 1200 1511 non
1220 1475 1379 1512 debetur

318 1526 427 1563 alicui
447 1535 653 1574 creaturae,
674 1535 715 1564 ut
733 1535 836 1576 patet
853 1529 965 1565 Rom.
984 1540 993 1565 1
1012 1528 1043 1565 ²¹⁸.
1070 1529 1172 1575 Ergo
1196 1540 1275 1564 non
1294 1527 1380 1564 licet

318 1579 440 1616 iurare
469 1592 536 1628 per
565 1580 730 1629 aliquam
761 1588 984 1618 creaturam.

373 1632 446 1669 SED
475 1644 621 1670 CONTRA
655 1645 721 1670 EST
749 1634 854 1682 quod
884 1634 1022 1682 Ioseph
1058 1633 1195 1670 iuravit
1223 1645 1296 1682 per
1322 1636 1404 1670 sa-‘

319 1685 431 1721 lutem
459 1686 681 1732 Pharaonis,
709 1694 750 1722 ut
779 1687 911 1734 legitur
941 1687 1033 1724 Gen.
1054 1686 1175 1723 XL11*.
1214 1687 1270 1723 Ex
1291 1699 1380 1723 con-

319 1737 518 1775 suetudine
547 1739 659 1775 etiam
689 1739 831 1776 iuratur
858 1752 927 1788 per
954 1739 1220 1787 Evangelium,
1251 1747 1287 1776 et
1314 1752 1382 1788 per

320 1791 508 1838 reliquias,
540 1800 575 1828 et
602 1804 671 1840 per
698 1801 860 1829 sanctos.

372 1845 596 1882 RESPONDEO
616 1857 799 1882 DICENDUM
820 1845 936 1894 quod,
953 1845 1049 1881 sicut
1067 1857 1182 1893 supra
1199 1845 1218 1867 '⁸
1238 1845 1379 1882 dictum

319 1904 386 1944 est,
409 1897 546 1945 duplex
566 1906 621 1934 est
649 1898 917 1935 iuramentum.
947 1898 1076 1935 Unum
1101 1898 1257 1946 quidem
1276 1899 1381 1946 quod

319 1950 361 1986 fit
378 1962 448 1998 per
467 1949 677 1999 simplicem
699 1951 1031 1988 contestationem:
1061 1951 1286 1999 inquantum
1311 1952 1380 1988 sci·
1407 1949 1408 1954 ’

319 2002 404 2038 licet
438 2003 509 2039 Dei
542 2004 800 2041 testimonium
838 2004 1048 2041 invocatur.
1092 2005 1141 2040 Et
1177 2005 1252 2040 hoc
1286 2004 1382 2041 iura-

318 2063 489 2093 mentum
518 2056 686 2093 innititur
714 2057 864 2094 divinae
894 2057 1052 2103 veritati,
1083 2057 1178 2093 sicut
1207 2065 1243 2094 et
1269 2057 1379 2094 fides.

318 2108 431 2144 Fides
460 2117 587 2145 autem
626 2117 681 2146 est
708 2122 776 2158 per
804 2123 845 2146 se
874 2109 1028 2158 quidem
1065 2117 1101 2146 et
1128 2110 1382 2159 principaliter

319 2161 365 2197 de
386 2162 482 2208 Deo,
504 2162 567 2210 qui
597 2169 652 2199 est
675 2163 756 2211 ipsa
775 2163 932 2208 veritas;
962 2163 1187 2200 secundario
1221 2171 1350 2200 autem
1366 2162 1381 2193 β

320 2213 366 2250 de
401 2215 597 2262 creaturis,
637 2215 674 2252 in
703 2215 841 2264 quibus
868 2216 1008 2253 veritas
1044 2216 1116 2252 Dei
1150 2217 1312 2264 relucet,
1341 2225 1381 2254 ut

319 2279 432 2315 supra
460 2267 480 2289 ’Β
515 2267 687 2305 habitum
726 2277 792 2306 est.
836 2269 885 2305 Et
922 2269 1090 2306 similiter
1124 2268 1380 2307 iuramentum

318 2319 568 2369 principaliter
588 2322 744 2359 refertur
763 2322 811 2359 ad
839 2321 966 2370 ipsum
990 2323 1130 2369 Deum,
1153 2323 1258 2359 cuius
1281 2323 1380 2360 testi-

319 2373 494 2410 monium
514 2373 727 2411 invocatur:
752 2375 975 2412 secundario
992 2383 1120 2412 autern
1137 2383 1381 2413 assumuntur

319 2425 368 2462 ad
395 2426 652 2463 iuramentum
681 2427 829 2476 aliquae
850 2436 1043 2465 creaturae
1069 2441 1147 2465 non
1167 2429 1380 2466 secundum

320 2491 372 2525 se,
402 2479 470 2516 sed
498 2479 722 2528 inquantum
751 2481 788 2517 in
817 2480 870 2517 eis
899 2481 1027 2518 divina
1054 2482 1193 2518 veritas
1224 2482 1381 2519 manife-

373 2593 400 2625 α)
416 2593 591 2624 prohibuerit.
604 2607 623 2612 -
636 2594 775 2626 prohibuit
794 2594 926 2619 PDGH.—
944 2598 992 2620 etc.
1011 2603 1064 2620 om.
1083 2596 1142 2620 GH.

1433 601 1465 626 de
1484 601 1541 626 Sec.
1561 601 1714 634 Praecept.‚·
1735 602 1764 627 In
1784 602 1891 631 March„
1911 609 1966 634 cap.
1985 610 2016 633 v;
2034 602 2078 626 Ad
2096 602 2172 631 Heb„
2192 609 2247 634 cap.
2261 609 2296 631 vi,
2317 602 2375 626 lect.
2388 609 2423 626 ιν.

1431 688 1569 726 statur;
1599 681 1695 718 sicut
1722 681 1890 718 iuramus
1917 694 1986 731 per
2010 681 2275 729 Evangelium,
2305 682 2401 720 idest
2427 694 2496 731 per

1431 735 1571 781 Deum,
1603 734 1708 770 cuius
1735 734 1875 772 veritas
1909 735 1945 772 in
1975 735 2186 783 Evangelio
2213 735 2493 782 manifestatur3

1433 795 1468 823 et
1495 799 1563 835 per
1591 794 1760 833 sanctos,
1791 787 1855 836 qui
1893 788 1992 824 hanc
2023 788 2221 824 veritatem
2255 788 2496 826 crediderunt

1433 847 1468 876 et
1496 841 1812 876 observaverunt.

1485 892 1591 928 Alius
1620 900 1747 929 autem
1776 893 1917 929 modus
1945 893 2093 931 iurandi
2122 902 2177 931 est
2203 907 2272 943 per
2292 895 2496 932 execratio-

1433 958 1534 982 nem.
1566 946 1614 982 Et
1632 945 1669 981 in
1689 946 1763 982 hoc
1790 945 2002 982 iuramento
2031 946 2219 984 inducitur
2240 955 2410 984 creatura
2432 948 2496 985 ali-

1433 1011 1509 1046 qua
1527 1006 1568 1035 ut
1586 998 1623 1035 in
1643 1011 1717 1047 qua
1737 998 1908 1035 divinum
1927 998 2108 1036 iudicium
2125 1008 2354 1037 exerceatur.
2381 1001 2430 1038 Et
2444 1001 2497 1038 sic

1432 1053 1528 1088 solet
1545 1052 1664 1088 homo
1685 1051 1807 1088 iurare
1827 1063 1895 1100 per
1923 1060 2036 1100 caput
2055 1065 2181 1100 suum,
2201 1053 2263 1090 vel
2286 1065 2355 1101 per
2372 1053 2496 1091 filium

1433 1117 1561 1151 suum,
1587 1113 1651 1141 aut
1678 1117 1746 1153 per
1774 1104 1940 1153 aliquam
1970 1105 2083 1142 aliam
2113 1118 2192 1142 rem
2222 1117 2338 1154 quam
2368 1106 2494 1155 diligit.

1433 1158 1538 1194 Sicut
1558 1166 1593 1194 et
1620 1159 1827 1207 Apostolus
1851 1158 1998 1204 iuravit,
2021 1159 2052 1194 II
2082 1159 2133 1195 ad
2160 1159 2246 1195 Cor.
2269 1159 2324 1206 1*,
2346 1158 2495 1197 dicens:
2523 1171 2534 1180 ·

1431 1212 1518 1260 Ego
1547 1216 1672 1247 testem
1701 1211 1825 1247 Deum
1858 1211 1991 1248 invoco
2020 1212 2057 1248 in
2086 1212 2255 1249 animam
2283 1223 2420 1249 meam.

1487 1264 1604 1309 Quod
1641 1271 1769 1300 autem
1812 1264 1951 1313 Ioseph
1971 1277 2054 1312 ,per
2091 1265 2250 1302 salutem
2287 1265 2498 1302 Pharaonis

1433 1316 1588 1362 iuravit,
1618 1324 1780 1365 utroque
1818 1317 1936 1354 modo
1965 1326 2091 1366 potest
2122 1318 2296 1366 intelligi:
2334 1319 2396 1355 vel
2429 1330 2498 1367 per

1433 1369 1594 1405 modum
1634 1369 1901 1417 execrationis,
1940 1371 2049 1417 quasi
2086 1372 2245 1408 salutem
2286 1371 2497 1408 Pharaonis

1434 1422 1657 1470 obligaverit
1683 1423 1790 1468 Deo3
1818 1423 1880 1458 vel
1913 1434 1983 1471 per
2010 1424 2171 1467 modum
2202 1425 2495 1472 contestationis,

1434 1475 1541 1524 quasi
1570 1475 1818 1512 contestando
1837 1475 2036 1513 veritatem
2068 1476 2218 1514 divinae
2246 1477 2418 1525 iustitiae,
2448 1478 2498 1515 ad

1435 1528 1540 1565 cuius
1570 1528 1832 1565 executionem
1851 1528 2041 1578 principes
2066 1537 2187 1567 terrae
2208 1530 2495 1568 constituuntur.

1487 1583 1546 1618 AD
1562 1593 1699 1618 ramum
1718 1592 1816 1618 ERGO
1837 1593 2021 1620 DICENDUM
2037 1583 2142 1632 quod
2161 1584 2352 1621 Dominus
2370 1584 2498 1632 prohi-

1435 1634 1515 1671 buit
1543 1634 1666 1670 iurare
1694 1646 1761 1682 per
1781 1642 1970 1672 creaturas
1996 1636 2046 1672 ita
2065 1637 2171 1684 quod
2199 1637 2252 1674 eis
2272 1637 2498 1674 adhibeatur

1434 1687 1647 1724 reverentia
1663 1687 1803 1724 divina.
1833 1688 1944 1725 Unde
1970 1689 2229 1737 Hieronymus
2251 1690 2394 1727 ibidem
2409 1691 2498 1727 sub-

1436 1740 1489 1778 dit
1507 1740 1612 1788 quod
1635 1740 1779 1786 Iudaei,
1793 1752 1866 1789 per
1884 1742 2052 1791 angelos,
2069 1750 2105 1778 et
2124 1750 2247 1780 cetera
2265 1743 2497 1791 huiusmodi,

1435 1794 1611 1839 iurantes,
1641 1799 1835 1830 creaturas
1861 1796 2140 1832 venerabantur
2167 1797 2242 1834 Dei
2266 1798 2420 1834 honore.

1488 1847 1537 1882 Et
1557 1847 1693 1883 eadem
1724 1847 1867 1884 ratione
1886 1847 2040 1896 punitur
2059 1850 2270 1886 secundum
2296 1862 2463 1887 canones
2477 1850 2498 1872 '¹‘

1435 1899 1592 1936 clericus
1620 1911 1688 1948 per
1708 1907 1918 1936 creaturam
1947 1900 2087 1948 iurans,
2112 1902 2218 1949 quod
2246 1902 2295 1939 ad
2323 1903 2498 1952 blasphe-

1436 1952 1552 1988 miam
1581 1952 1808 1989 infidelitatis
1835 1953 2006 2002 pertinet.
2037 1954 2149 1991 Unde
2178 1955 2215 1991 in
2236 1956 2409 2003 sequenti
2438 1968 2498 1993 ca-

1434 2006 1553 2054 pitulo
1579 2006 1732 2042 dicitur:
1763 2007 1805 2042 Si
1821 2007 1903 2054 quis
1916 2018 1988 2055 per
2006 2007 2182 2057 capillum
2202 2009 2278 2044 Dei
2303 2009 2364 2045 vel
2387 2015 2502 2057 caput

1434 2059 1626 2104 iuraverit,
1655 2059 1715 2095 vel
1732 2059 1807 2096 alio
1835 2060 1946 2096 modo
1966 2059 2195 2109 blasphemia
2222 2066 2353 2098 contra
2373 2062 2498 2099 Deum

1436 2124 1522 2149 usus
1536 2112 1665 2158 fuerit,
1682 2112 1716 2148 si
1733 2113 1769 2149 in
1785 2112 2030 2150 ecclesiastico
2047 2114 2178 2151 ordine
2192 2120 2255 2160 est,
2275 2115 2495 2163 deponatur.

1488 2165 1538 2201 Et
1564 2177 1634 2213 per
1660 2166 1733 2202 hoc
1762 2173 1864 2214 patet
1892 2166 2089 2215 responsio
2119 2168 2167 2204 ad
2196 2168 2418 2206 secundum.

1488 2219 1546 2254 AD
1574 2229 1733 2255 TER-rmM
1769 2230 1952 2256 DICENDUM
1985 2221 2088 2267 quod
2119 2221 2239 2257 cultus
2272 2220 2399 2258 latriae
2433 2221 2498 2259 ad-

1434 2270 1585 2307 hibetur
1614 2271 1647 2307 ei
1676 2271 1781 2308 cuius
1809 2272 2068 2310 testimonium
2096 2273 2258 2311 iurando
2286 2274 2497 2312 invocatur.

1434 2324 1483 2360 Et
1510 2323 1597 2360 ideo
1617 2324 1844 2373 praecipitur
1861 2325 1985 2362 Exod.
2006 2338 2090 2363 xxm
2112 2328 2151 2363 *ε
2179 2327 2254 2363 Per
2271 2339 2408 2365 nomen
2432 2340 2498 2365 ex·
2525 2337 2535 2347 ⁴

1433 2382 1626 2414 ternorum
1655 2378 1811 2414 deorum
1841 2390 1914 2415 non
1944 2379 2125 2417 iurabitis.
2158 2380 2249 2417 Non
2277 2388 2406 2419 autem
2437 2393 2497 2418 ex-

1433 2429 1585 2466 hibetur
1604 2431 1724 2467 cultus
1750 2430 1880 2468 latriae
1906 2432 2083 2469 creaturis
2102 2445 2201 2481 quae
2224 2433 2263 2471 in
2281 2433 2496 2471 iuramento

1434 2491 1678 2520 assumuntur
1705 2484 1916 2521 secundum
1947 2485 2086 2522 modos
2114 2486 2329 2534 praedictos
2348 2486 2378 2523 *.

1485 2597 1509 2629 β)
1529 2601 1628 2623 autem.
1646 2611 1666 2617 -
1682 2599 1763 2623 etiam
1782 2599 1866 2630 ABE,
1885 2602 1974 2623 autem
1998 2599 2078 2624 etiam
2098 2600 2192 2630 FLsC,
2211 2604 2300 2626 autem
2326 2605 2366 2626 est
2392 2602 2435 2631 Κ,-
2448 2609 2498 2628 au-

1431 2635 1482 2657 tem
1508 2633 1553 2663 (de
1575 2633 1717 2665 creaturis)
1736 2633 1816 2658 etiam
1836 2634 1853 2663 l,
1872 2637 1960 2658 autem
1980 2635 2040 2666 (per
2058 2637 2209 2667 creaturas)
2229 2637 2261 2660 Η.

995 2709 1326 2742 Commentario.
1349 2710 1599 2743 cardinalis
1621 2711 1822 2744 Caietam

350 2796 370 2815 N
394 2786 525 2816 articulo
549 2793 636 2817 sexto
665 2787 807 2817 eiusdem
837 2787 1031 2827 quaestionis
1060 2788 1376 2828 octogesimaenonae
1402 2788 1404 2813 Ι

324 2797 482 2860 Idubium
504 2831 648 2866 occurrit,
665 2841 703 2861 an
721 2830 907 2861 confirmare
926 2832 1014 2872 quod
1039 2831 1152 2862 dicitur
1175 2832 1319 2869 dicendo,
1337 2833 1376 2863 In

320 2875 463 2912 veritate,
489 2881 557 2911 aut,
581 2876 645 2905 Per
656 2875 759 2916 fidem
784 2885 899 2913 meam,
925 2882 955 2906 et
977 2876 1178 2912 huiusmodi,
1203 2877 1242 2907 sit
1264 2877 1375 2908 iurare.

320 2918 359 2948 Et
389 2925 435 2948 est
463 2918 541 2949 ratio
571 2918 658 2949 dubii
689 2919 852 2950 instructio
882 2920 1074 2960 simplicium
1102 2927 1133 2951 et
1156 2921 1306 2951 correctio
1331 2931 1377 2951 er-

319 2962 466 2993 rantium.

376 3007 423 3036 Ad
446 3006 507 3036 hoc
531 3007 664 3037 breviter
682 3006 795 3037 dicitur
813 3008 902 3047 quod
921 3007 999 3038 nihil
1022 3008 1139 3039 horum
1155 3015 1201 3039 est
1220 3009 1376 3039 iuramen—

319 3056 403 3085 tum,
433 3050 588 3090 quidquid
616 3050 721 3081 minus
744 3058 916 3082 scrutantes
940 3052 1127 3092 scripserint.
1160 3053 1200 3083 Et
1227 3053 1306 3084 ratio
1331 3060 1377 3084 est

319 3093 394 3133 quia
418 3103 483 3123 non
506 3093 669 3124 invocatur
692 3094 724 3124 in
749 3095 796 3125 his
819 3096 1037 3126 testimonium
1061 3096 1214 3133 divinum,
1239 3098 1294 3127 sed
1317 3098 1377 3128 hu—

320 3146 413 3167 mana
429 3137 588 3167 adduntur
602 3138 751 3168 adiectiva
765 3139 805 3168 ad
820 3138 1009 3170 firmitatem.
1036 3140 1121 3171 Cum
1144 3140 1228 3171 enim
1253 3141 1375 3178 dicitur,

319 3181 358 3210 In
383 3181 517 3211 veritate
538 3182 584 3212 sic
606 3187 662 3218 est,
688 3182 765 3211 nihil
787 3182 874 3212 aliud
896 3183 1008 3214 dicitur
1031 3194 1138 3224 quam,
1163 3185 1240 3215 Vere
1257 3187 1304 3216 sic
1319 3191 1375 3216 est.

319 3225 385 3254 Nec
409 3225 512 3255 obstat
534 3225 608 3266 quia
631 3226 717 3255 Deus
741 3226 851 3256 veritas
875 3234 930 3257 est.
954 3228 1036 3257 Nam
1059 3228 1132 3259 licet
1154 3229 1240 3259 Deus
1263 3229 1302 3260 sit
1325 3240 1376 3260 ve—

321 3268 402 3304 ritas,
425 3278 490 3299 non
513 3275 618 3299 tamen
642 3269 796 3310 quidquid
821 3269 992 3301 affirmatur
1006 3272 1045 3301 de
1061 3272 1188 3303 veritate
1205 3272 1377 3304 affirmatur

321 3312 358 3342 de
382 3312 466 3342 Deo:
498 3313 572 3353 quia
595 3313 706 3343 veritas
731 3314 933 3344 communior
956 3322 1002 3345 est
1024 3325 1122 3355 quam
1145 3316 1241 3347 Deus.
1266 3334 1287 3340 -
1311 3317 1375 3354 Qui

321 3363 426 3386 autem
450 3356 533 3392 dicit,
557 3358 619 3387 Per
631 3357 735 3398 fidem
756 3367 859 3388 meam
878 3359 925 3388 sic
938 3358 1077 3398 faciam,
1094 3359 1151 3395 vel,
1167 3361 1213 3390 sic
1228 3365 1284 3397 est,
1310 3370 1375 3391 non

322 3401 359 3429 de
382 3399 443 3430 fide
473 3410 554 3441 quae
584 3408 630 3431 est
656 3402 753 3432 virtus
777 3401 969 3442 theologica,
995 3403 1048 3432 sed
1072 3403 1110 3433 de
1134 3402 1195 3434 fide
1219 3413 1300 3444 quae
1331 3411 1377 3434 est

1430 2789 1527 2820 virtus
1550 2791 1678 2821 moralis
1701 2791 1857 2832 loquitur,
1882 2792 1943 2822 hoc
1968 2799 2027 2829 est,
2052 2792 2217 2824 fidelitate:
2243 2801 2273 2824 et
2295 2795 2426 2834 perinde
2450 2802 2496 2826 est

1430 2844 1466 2864 ac
1483 2834 1508 2864 si
1525 2834 1647 2871 diceret,
1668 2835 1720 2866 Ita
1739 2836 1798 2866 hoc
1808 2835 1936 2876 faciam
1953 2837 2036 2867 sicut
2050 2847 2121 2868 sum
2135 2837 2249 2878 fidelis
2264 2839 2296 2869 in
2310 2840 2493 2879 promissis,

1428 2878 1488 2914 vel,
1513 2879 1544 2908 in
1568 2879 1700 2910 dicendo
1725 2889 1845 2910 verum.
1871 2880 2018 2920 Seipsum
2033 2891 2108 2921 ergo
2124 2881 2212 2913 affert
2229 2882 2262 2912 in
2282 2889 2404 2920 testem,
2425 2893 2491 2914 non

1430 2922 1546 2953 Deum.
1570 2923 1658 2954 Sicut
1681 2933 1767 2963 reges
1791 2925 2010 2964 promittentes
2033 2927 2066 2956 in
2080 2926 2153 2967 fide
2176 2927 2281 2968 regia,
2306 2937 2372 2958 non
2392 2928 2496 2959 iurant

1430 2976 1485 3006 per
1504 2966 1578 2997 hoc:
1602 2968 1656 2998 sed
1675 2968 1837 3008 propriam
1856 2968 2039 3000 fidelitatem
2056 2970 2269 3007 excellentem,
2285 2971 2387 3013 qualis
2403 2972 2496 3003 debet

1429 3010 1461 3040 in
1485 3020 1557 3051 rege
1581 3021 1657 3048 esse,
1681 3012 1815 3043 afferunt
1837 3014 1878 3043 ad
1902 3013 2167 3051 confirmandum,
2192 3021 2228 3046 ut
2251 3015 2295 3047 sic
2315 3015 2436 3056 seipsos
2450 3016 2496 3047 in-

1430 3055 1548 3085 ducant
1578 3055 1609 3085 in
1640 3063 1750 3092 testes,
1781 3067 1847 3087 non
1879 3057 1996 3089 Deum.
2032 3058 2073 3089 Et
2103 3066 2150 3089 est
2180 3059 2223 3090 sic
2250 3059 2289 3091 de
2319 3060 2494 3090 similibus:

1430 3106 1508 3138 puta
1527 3099 1638 3136 dicere,
1654 3100 1706 3130 Ad
1716 3101 1820 3141 fidem
1840 3101 1966 3139 bonam,
1983 3109 2052 3139 etc„
2069 3104 2116 3134 sic
2131 3109 2188 3141 est,
2206 3110 2270 3140 aut,
2294 3105 2341 3135 sic
2352 3104 2493 3145 faciam.

1430 3143 1561 3182 Semper
1583 3154 1722 3185 namque
1745 3145 1783 3175 de
1806 3144 1954 3177 fidelitate
1978 3153 2024 3177 est
2047 3156 2171 3178 sermo:
2203 3147 2278 3189 quia
2308 3157 2495 3179 sermonum

1430 3186 1542 3217 veritas
1563 3186 1705 3219 fidelitati
1720 3188 1873 3226 innititur,
1898 3200 1964 3220 non
1986 3189 2059 3221 fidei
2083 3201 2165 3232 quae
2181 3199 2228 3223 est
2250 3192 2348 3223 virtus
2371 3192 2497 3223 theolo-

2550 1170 2615 1192 νει-ι.
2630 1176 2664 1199 23·

2524 1855 2536 1868 ⁸
2549 1856 2585 1879 Cf.
2600 1862 2649 1883 arg.
2662 1862 2683 1879 α.

2549 2335 2616 2359 Ven.
2631 2342 2659 2365 ¹3·

2524 2487 2534 2496 ⁸
2548 2485 2574 2506 In
2590 2490 2698 2513 corpore.

1429 3231 1514 3270 gica;
1541 3238 1571 3262 et
1593 3233 1686 3262 verba
1710 3233 1886 3264 secundum
1909 3234 2082 3265 subiectam
2104 3236 2268 3268 materiam
2291 3236 2493 3277 intelligenda
2523 3239 2526 3242 '

1430 3282 1514 3304 sunt.

1485 3318 1572 3349 Haec
1595 3325 1702 3349 autem
1727 3320 1841 3352 debent
1864 3331 1919 3361 per
1943 3332 1975 3352 se
1998 3322 2143 3363 intelligi,
2169 3333 2235 3354 non
2258 3333 2315 3364 per
2337 3323 2492 3354 accidens-

1431 3362 1515 3399 Quia
1531 3362 1556 3392 si
1579 3362 1636 3393 iste
1657 3370 1748 3403 putat
1763 3365 1851 3404 quod
1875 3365 1976 3396 dicere
1994 3366 2051 3397 ista
2075 3367 2115 3398 sit
2137 3368 2249 3404 iurare,
2266 3374 2298 3399 et
2320 3367 2403 3404 dicit,
2416 3377 2492 3408 pro-

1430 3406 1481 3435 cul
1497 3406 1595 3436 dubio
1611 3416 1648 3436 ex
1664 3407 1838 3439 intentione
1861 3419 1916 3439 sua
1933 3410 2014 3441 iurat
2037 3411 2104 3448 iste,
2123 3421 2188 3442 non
2205 3422 2242 3442 ex
2256 3411 2286 3442 vi
2310 3412 2491 3442 verborum.
