2860 4244
34 3117 259 3216 fflaezvu

31 3216 51 3240 ·.
121 3218 259 3242 uncae.

34 3266 77 3294 ‚⁴
64 3274 105 3289 **
146 3260 223 3300 qiuv.

954 248 1220 294 QUAESTIO
1251 250 1388 297 LXIV,
1418 249 1715 287 ARTICULUS
1743 249 1812 286 VII

288 372 294 377 ³
337 339 371 364 2.
392 328 629 375 PRAETEREA,
650 327 689 364 in
707 339 845 375 genere
868 334 1114 376 peccatorum
1135 340 1231 376 quae
1252 341 1341 365 con-

280 387 339 416 tra
355 379 575 428 proximum
596 380 895 426 committuntur,
916 387 1019 417 tanto
1035 380 1186 417 videtur
1202 381 1341 430 aliquid

283 444 365 469 esse
385 432 508 470 maius
533 441 735 482 peccatum
755 440 898 480 quanto
918 432 1041 469 maius
1064 441 1340 471 nocumentum

281 484 438 523 infertur
466 486 500 522 ei
527 485 566 522 in
593 497 710 534 quem
738 493 928 534 peccatur.
976 485 1054 522 Sed
1088 486 1229 523 occisio
1257 488 1341 535 plus

282 546 395 575 nocet
421 538 611 587 peccatori
639 550 755 587 quam
782 538 990 585 innocenti,
1021 538 1086 585 qui
1115 539 1162 575 de
1190 539 1342 576 miseria

281 590 393 628 huius
411 591 514 628 vitae
532 591 582 628 ad
602 591 803 628 caelestem
825 590 985 638 gloriam
1005 592 1136 628 transit
1154 604 1222 639 per
1241 604 1343 628 mor·
1369 588 1370 598 ¹

282 650 385 680 tem..
403 643 503 680 Cum
523 655 613 690 ergo
639 643 748 680 liceat
774 643 814 680 in
833 643 960 692 aliquo
981 655 1071 680 casu
1098 652 1342 693 peccatorem

281 748 345 785 vel
370 747 523 784 iustum.

337 801 372 838 3.
388 801 624 847 PRAETEREA,
638 800 730 838 illud
750 801 855 848 quod
874 801 917 838 fit
935 802 1148 840 secundum
1172 801 1344 839 ordinem

282 852 444 890 iustitiae
472 865 551 890 non
580 860 636 890 est
661 861 874 901 peccatum.
914 854 992 891 Sed
1020 854 1251 903 quandoque
1281 865 1344 890 co-

282 906 378 955 gitur
397 905 531 954 aliquis
550 906 762 943 secundum
787 906 963 944 ordinem
990 906 1150 944 iustitiae
1169 906 1344 944 occidere

282 958 546 996 innocentem:
575 966 667 1007 puta
695 971 784 996 cum
812 959 946 1006 iudex,
975 959 1040 1008 qui
1068 959 1182 996 debet
1210 971 1346 995 secun-
1370 959 1373 1002 ᾖ

284 1011 378 1049 dum
406 1012 563 1059 allegata
604 1011 790 1061 iudicare,
834 1011 1066 1049 condemnat
1100 1011 1150 1049 ad
1179 1018 1344 1049 mortem

285 1075 372 1101 eum
392 1076 510 1112 quem
538 1063 607 1101 scit
624 1064 880 1110 innocentem,
898 1075 968 1112 per
987 1065 1101 1101 falsos
1122 1071 1235 1101 testes
1255 1076 1346 1101 con-

282 1116 449 1163 victum
486 1125 523 1154 et
549 1116 719 1154 similiter
746 1116 916 1154 minister
943 1117 1007 1164 qui
1039 1116 1176 1154 iniuste
1205 1118 1346 1154 conde-

285 1177 458 1207 mnatum
495 1169 633 1209 occidit
668 1169 853 1206 obediens
891 1168 1016 1206 iudici.
1065 1170 1168 1217 Ergo
1200 1170 1344 1218 absque

283 1229 441 1271 peccato
469 1229 594 1270 potest
615 1221 753 1269 aliquis
781 1221 955 1260 occidere
983 1221 1238 1260 innocentem.

324 1275 412 1315 Seu
431 1285 579 1311 CONTRA
596 1286 663 1312 sss‘r
680 1275 786 1322 quod
811 1274 946 1312 dicitur
961 1276 1087 1312 Exod.
1107 1287 1191 1312 xxm
1210 1274 1252 1312 *z
1281 1276 1346 1312 In-

285 1308 477 1365 nocentem
496 1332 512 1355 Υ
530 1328 737 1364 ‚et-sustam
765 1339 840 1364 non
869 1328 1026 1365 occides.

259 1381 564 1421 -JRESPONDEO
583 1392 768 1418 chssnnuu
793 1381 899 1429 quod
927 1380 1060 1430 aliquis
1087 1381 1206 1417 homo
1226 1380 1345 1429 dupli-

285 1433 376 1472 citer
403 1432 633 1472 considerari
661 1440 807 1482 potest:
853 1445 934 1470 uno
961 1433 1098 1479 modo,
1133 1434 1344 1471 secundum

285 1499 348 1533 se;
376 1486 451 1524 alio
470 1487 603 1533 modo,
622 1498 692 1535 per
710 1486 1040 1535 comparationem
1066 1485 1115 1522 ad
1134 1485 1248 1524 aliud.
1277 1487 1345 1523 Se-

286 1539 455 1579 cundum
479 1551 520 1576 se
539 1539 696 1587 quidem
725 1538 1003 1576 considerando
1031 1538 1243 1586 hominem,
1263 1540 1344 1576 nul-

285 1593 365 1633 lum
393 1591 568 1634 occidere
594 1591 700 1629 licet:
728 1591 819 1640 quia
845 1591 885 1629 in
908 1591 1090 1639 quolibet,
1119 1591 1232 1629 etiam
1257 1604 1346 1640 pec·

286 1652 434 1693 catere,
463 1645 651 1682 debemus
686 1656 816 1682 amare
847 1645 1044 1690 naturam,
1083 1655 1200 1691 quam
1238 1645 1346 1682 Deus

285 1697 382 1746 fecit,
413 1709 510 1746 quae
537 1709 607 1746 per
625 1697 857 1735 occisionem
886 1697 1150 1745 corrumpitur.
1194 1697 1271 1734 Sed
1299 1698 1347 1734 si-

285 1758 349 1790 cut
365 1763 489 1799 xsupra
508 1750 651 1789 dietum
671 1758 728 1787 est
744 1750 775 1797 ²¹²,
803 1750 943 1787 occisio
962 1750 1171 1799 peccatoris
1188 1750 1233 1787 fit
1250 1750 1346 1787 licita

283 1816 355 1854 per
381 1803 704 1852 comparationem
734 1803 784 1842 ad
811 1804 959 1840 bonum
987 1815 1210 1850 commune,
1241 1804 1347 1852 quod

283 1868 352 1907 per
369 1863 570 1906 peccatum
599 1856 863 1905 corrumpitur.
892 1857 980 1894 Vita
999 1863 1127 1894 autem
1156 1856 1344 1894 iustorum

285 1917 342 1949 est
369 1909 633 1947 conservativa
670 1916 708 1946 et
734 1909 955 1958 promotiva
987 1909 1079 1946 boni
1107 1909 1343 1947 communis:

284 1962 374 2012 quia
401 1962 473 2012 ipsi
499 1969 587 2000 sunt
613 1962 854 2012 principalior
885 1975 972 2012 pars
1000 1962 1261 2000 multitudinis.
1297 1963 1346 2000 Et

283 2015 372 2055 ideo
400 2015 504 2053 nullo
532 2015 652 2053 modo
679 2015 765 2053 licet
793 2015 966 2053 occidere
993 2014 1250 2053 innocentem.

336 2070 396 2105 An
424 2080 561 2106 ramum
598 2079 696 2105 ERGO
733 2080 918 2106 mei-:nuum
946 2068 1051 2128 quod
1089 2069 1194 2105 Deus
1229 2068 1346 2106 habet

285 2121 499 2160 dominium
518 2121 651 2159 mortis
670 2128 708 2158 et
725 2121 846 2159 vitae:
875 2121 955 2158 eius
980 2121 1082 2158 enim
1106 2121 1344 2159 ordinatione

337 2260 365 2294 γ)
385 2260 587 2286 ἰὴηοεεηΐεηιμ-
606 2260 735 2285 insontem
753 2260 784 2285 P.

337 2295 362 2329 Β)
381 2297 418 2321 ad
426 2296 590 2328 superiorem
601 2295 770 2321 remittere-
779 2295 817 2320 ad
824 2295 990 2327 superiorem
1000 2295 1148 2327 relinquere
1159 2296 1344 2324 ABCDEFKa,

283 2332 321 2361 od
338 2332 493 2366 inferiorem
512 2332 659 2364 relinquere
672 2331 710 2362 13,
729 2331 865 2356 remittere
882 2331 920 2356 ad
931 2331 1094 2363 superiorem
1108 2331 1140 2360 H,
1158 2331 1292 2363 superiori
1304 2338 1345 2356 re-

248 2402 251 2406 ·
283 2363 403 2402 lmquere
421 2367 455 2397 P,
474 2374 521 2399 pro
540 2366 720 2396 iudicandum,
741 2366 854 2391 iudicem
873 2367 904 2391 L.

2405 252 2453 298 73

1394 328 1608 366 moriuntur
1636 336 1672 365 et
1699 336 1920 377 peccatores
1940 335 1976 365 et
1994 328 2090 366 iusti.
2121 330 2169 366 Et
2196 329 2283 366 ideo
2312 329 2371 365 ille
2391 329 2457 401 qui

1368 461 1370 475 1
1395 434 1491 471 sicut
1518 447 1590 471 nec
1608 435 1726 481 Deus,
1755 434 1859 471 cuius
1879 442 1935 471 est
1953 442 2151 471 executor:
2183 442 2219 471 et
2247 434 2458 472 ostenditur

1368 521 1370 526 ,
1395 488 1522 523 Deum
1552 487 1695 533 timere,
1725 487 1806 524 eius
1834 487 2022 525 mandatis
2050 487 2246 525 obediens.

1449 541 1508 575 Ao
1537 551 1727 576 SECUNDUM
1753 552 1935 578 mer-:nuum
1954 540 2061 588 quod
2089 540 2127 577 in
2151 540 2349 589 pensanda
2377 552 2458 587 gra—

1395 591 1510 629 vitate
1530 592 1675 639 peccati
1694 593 1814 640 magis
1835 601 1889 629 est
1907 593 2228 630 considerandum
2246 593 2337 630 illud
2352 593 2459 641 quod

1369 651 1453 691 ,est
1488 656 1557 692 per
1585 655 1624 680 se
1654 656 1770 692 quam
1808 645 1899 682 illud
1932 647 2034 694 quod
2073 653 2128 683 est
2163 658 2233 694 per
2268 645 2456 682 accidens.

283 695 468 742 occidere,
498 697 617 732 multo
646 695 767 743 magis
794 695 881 732 licet
905 696 1079 734 occidere
1098 697 1342 734 innocentem
1370 703 1371 707 ’

1397 696 1507 733 Unde
1532 696 1591 732 ille
1612 696 1678 743 qui
1698 697 1834 734 occidit
1854 698 1993 734 iustum
2013 698 2165 746 gravius
2191 706 2325 747 peccat
2342 710 2458 747 quam

1397 749 1456 785 ille
1477 748 1541 796 qui
1569 749 1706 786 occidit
1734 758 1988 798 peccatorem.
2018 751 2149 788 Primo
2169 751 2339 800 quidem,
2369 751 2459 799 quia

1397 809 1509 838 nocet
1538 801 1573 837 ei
1599 813 1714 848 quem
1743 804 1828 850 plus
1849 803 1963 840 debet
1990 803 2162 851 diligere:
2199 811 2235 840 et
2261 804 2311 841 ita
2338 804 2458 851 magis

1399 861 1530 890 contra
1551 854 1742 890 caritatem
1761 855 1847 902 agit.
1878 856 2070 903 Secundo,
2091 857 2181 904 quia
2207 857 2383 894 iniuriam
2402 857 2459 893 in-

1397 906 1467 942 fert
1495 905 1529 942 ei
1550 905 1615 954 qui
1643 914 1699 943 est
1718 907 1845 944 minus
1865 908 2020 955 dignus:
2050 916 2086 945 et
2113 909 2164 946 ita
2188 909 2307 958 magis
2327 917 2457 946 contra

1397 958 1575 996 iustitiam
1604 958 1688 1005 agit.
1718 960 1862 1006 Tertio,
1888 960 1977 1008 quia
2000 961 2124 1009 privat
2143 961 2458 999 communitatem

1399 1011 1534 1048 maiori
1563 1011 1679 1048 bono.
1723 1012 1881 1059 Quarto,
1912 1014 2000 1061 quia
2028 1014 2147 1062 magis
2175 1015 2302 1052 Deum
2332 1022 2459 1051 conte-

1399 1064 1510 1101 mnit:
1540 1064 1754 1102 secundum
1782 1065 1872 1102 illud
1893 1066 1985 1102 Luc.
2007 1078 2030 1102 x
2048 1066 2084 1103 *ε
2124 1067 2198 1108 Qui
2214 1079 2280 1103 vos
2306 1068 2457 1116 spernit,

1398 1129 1459 1153 me
1485 1117 1634 1164 spernit.
1657 1137 1680 1144 —
1711 1118 1825 1164 Quod
1846 1125 1973 1154 autem
1993 1118 2110 1155 iustus
2139 1119 2286 1156 occisus
2312 1120 2362 1157 ad
2381 1121 2459 1168 glo-

1399 1169 1494 1206 riam
1526 1169 1754 1217 perducatur
1782 1183 1804 1207 a
1832 1171 1937 1217 Deo,
1967 1183 2036 1219 per
2063 1171 2239 1208 accidens
2277 1184 2316 1209 se
2343 1173 2459 1209 habet

1399 1222 1447 1260 ad
1476 1222 1720 1260 occisionem.

1451 1277 1511 1312 An
1539 1286 1698 1312 TERTiuM
1726 1287 1910 1313 Dicennum
1944 1277 2048 1324 quod
2075 1276 2207 1323 iudex,
2237 1277 2267 1313 si
2296 1277 2364 1314 scit
2395 1277 2459 1314 ali-

1399 1340 1515 1376 quem
1554 1339 1636 1364 esse
1668 1328 1912 1366 innocentem
1941 1329 2004 1377 qui
2039 1329 2141 1366 falsis
2175 1329 2331 1366 testibus
2369 1342 2458 1367 con-

1397 1381 1580 1428 vincitur,
1612 1381 1724 1417 debet
1762 1381 1972 1430 diligentius
2009 1382 2224 1419 examinare
2256 1389 2388 1430 testes,
2417 1391 2459 1420 ut

1397 1433 1566 1471 inveniat
1601 1434 1844 1472 occasionem
1882 1434 2067 1472 liberandi
2106 1435 2325 1482 innoxium,
2364 1435 2459 1472 sicut

1398 1486 1534 1523 Daniel
1562 1486 1648 1523 fecit
1666 1486 1697 1523 *.
1748 1486 1788 1523 Si
1815 1494 1942 1524 autem
1971 1488 2046 1524 hoc
2074 1500 2152 1524 non
2180 1495 2315 1536 potest,
2346 1488 2459 1525 debet

1400 1548 1488 1576 eum
1517 1539 1567 1576 ad
1594 1539 1831 1587 superiorem
1861 1540 2049 1577 remittere
2070 1538 2084 1562 ⁸
2112 1540 2370 1578 iudicandum.
2418 1541 2458 1578 Si

1399 1599 1528 1628 autem
1556 1603 1627 1628 nec
1654 1592 1760 1628 hoc‘
1788 1600 1931 1640 potest,
1962 1605 2040 1630 non
2072 1601 2208 1651 peccat
2244 1594 2457 1631 secundum

1400 1645 1556 1692 allegata
1575 1644 1800 1682 sententiam
1820 1644 1988 1682 ferens‘:
2018 1646 2104 1694 quia
2124 1658 2203 1683 non
2221 1646 2301 1695 ipse
2321 1647 2459 1684 occidit

1399 1693 1656 1744 innocentem,
1673 1697 1741 1734 sed
1759 1698 1810 1734 illi
1829 1698 1894 1746 qui
1914 1710 2003 1735 eum
2019 1706 2190 1735 asserunt
2208 1706 2422 1736 nocentem.
2433 1720 2458 1728 -

1400 1749 1572 1788 Minister
1586 1758 1714 1787 autern
1738 1750 1869 1788 iudicis
1891 1751 2180 1788 condemnantis
2203 1751 2456 1799 innocentem,

1399 1803 1430 1840 si
1448 1803 1632 1840 sententia
1659 1804 1934 1841 intolerabilem
1964 1816 2132 1841 errorem
2159 1804 2359 1852 contineat,
2379 1818 2458 1842 non

1400 1856 1512 1894 debet
1540 1856 1717 1893 obedire:
1755 1857 1847 1894 alias
1875 1864 2143 1894 excusarentur
2171 1857 2366 1894 carnifices
2393 1858 2458 1907 qui

1399 1917 1584 1957 martyres
1613 1909 1842 1947 occiderunt.
1878 1910 1918 1947 Si
1941 1922 2034 1947 vero
2064 1922 2143 1947 non
2171 1910 2360 1947 contineat
2378 1923 2458 1947 ma-

1399 1962 1573 2000 nifestam
1592 1962 1823 2010 iniustitiam,
1852 1975 1930 2000 non
1948 1970 2081 2012 peccat
2098 1971 2344 2012 praeceptum
2374 1975 2458 2000 exe-

1399 2016 1568 2064 quendo:
1599 2016 1688 2063 quia
1706 2015 1786 2064 ipse
1806 2028 1885 2053 non
1910 2016 2025 2053 habet
2045 2015 2228 2053 discutere
2254 2016 2458 2065 superioris

1398 2069 1644 2112 sententiam;
1673 2081 1744 2106 nec
1772 2069 1852 2117 ipse
1872 2069 2010 2106 occidit
2032 2068 2288 2117 innocentem,
2309 2069 2376 2106 sed
2403 2069 2458 2106 iu-

1399 2122 1483 2168 dex,
1512 2121 1571 2158 cui
1601 2121 1852 2158 ministerium
1880 2121 2035 2159 adhibet
2053 2127 2083 2158 η.

1450 2262 1472 2293 ε)
1492 2268 1538 2286 nec
1557 2261 1644 2286 hoc.—
1663 2261 1711 2286 hoc
1729 2268 1780 2286 non
1802 2261 1872 2286 PGa.

1450 2295 1476 2328 ζ)
1490 2295 1592 2328 ferens.
1604 2310 1623 2315 —
1636 2297 1781 2329 proferens
1798 2296 1829 2321 D.
1841 2309 1862 2316 -
1880 2296 1930 2321 Pro
1949 2303 2002 2321 non
2021 2295 2084 2328 ipse,
2104 2297 2158 2328 ipse
2176 2303 2229 2321 non
2249 2296 2295 2320 Ρα-

1452 2332 1479 2364 η)
1498 2332 1645 2357 adhibet.—-
1663 2331 1771 2356 exhibet
1789 2332 1829 2356 Pl.

967 2444 1300 2477 Commentaria
1322 2444 1572 2477 cardinalis
1596 2445 1797 2478 Caietam

315 2535 336 2556 n
354 2525 487 2556 arficulo
510 2524 624 2565 quinto
640 2530 671 2554 et
686 2530 773 2554 sexto
797 2523 876 2553 nihil
891 2523 977 2554 aliud
993 2523 1194 2554 scribendum
1209 2523 1345 2554 occurrit
1370 2527 1373 2564 Ι
1400 2523 1534 2554 ctabitur
1556 2523 1687 2553 inferius
1702 2523 1719 2542 *
1734 2547 1741 2559 ,
1767 2533 1838 2554 cum
1864 2523 2005 2563 exposita
2030 2523 2086 2554 erit
2113 2523 2256 2564 quaestio
2281 2523 2319 2553 de
2346 2522 2458 2553 iudice.

288 2537 375 2600 Inisi
398 2569 487 2610 quod
510 2568 675 2599 difficultas
698 2567 779 2599 tertii
795 2567 971 2608 argumenti
986 2567 1019 2597 in
1035 2574 1122 2598 sexto
1139 2567 1270 2598 articulo
1285 2573 1345 2597 tra-
1370 2565 1373 2605 Ι
1399 2567 1440 2597 Et
1462 2574 1539 2598 tunc
1564 2567 1658 2598 etiarn
1683 2567 1721 2597 de
1745 2567 1888 2598 ministro
1912 2567 2024 2598 iudicis
2049 2567 2238 2598 tractabitur.

1068 2720 1384 2764 ARTICULUS
1414 2721 1682 2763 SEPTIMUS

690 2822 845 2853 UTRUM
869 2821 1014 2853 Auem
1039 2821 1198 2852 LICEAT
1221 2821 1441 2853 occmERE
1463 2822 1664 2859 ALIQUEM
1688 2821 1737 2852 SE
1760 2821 2053 2852 DEFENDENDO

1009 2908 1043 2933 lv
1061 2908 1149 2937 sent„
1169 2908 1228 2933 dist.
1246 2915 1302 2939 xxv,
1322 2916 1367 2940 qu.
1386 2915 1414 2939 11,
1434 2913 1481 2933 art.
1502 2915 1526 2937 2,
1546 2907 1596 2940 qu*
1616 2915 1639 2939 2,
1659 2908 1691 2932 nd
1711 2907 1734 2932 3.

323 3012 339 3026 l.
353 3014 376 3028 ,Χ
400 3012 433 3035 Sl

312 3020 588 3106 'W'Qii
615 3049 726 3087 liceat
752 3048 925 3086 occidere
954 3048 1120 3097 aliquem
1149 3060 1189 3085 se
1213 3048 1343 3086 defen-

305 3105 339 3151 <Y
364 3116 465 3155 «ς,
435 3085 466 3141 ἔτι
498 3102 639 3140 dendo.
680 3101 781 3140 Dicit
804 3102 907 3139 enim
925 3101 1170 3150 Augustinus,
1191 3101 1244 3139 ad
1267 3102 1341 3139 Pu-

304 3152 325 3158 ”’
343 3148 440 3189 ῘῗἿ-’ὥ
456 3145 487 3187 *x
505 3155 672 3194 licolam
709 3155 749 3192 *ε
788 3156 849 3192 De
883 3155 1093 3192 occidendis
1128 3155 1342 3192 hominibus

286 3220 334 3246 ne
360 3208 409 3244 ab
440 3207 492 3243 eis
520 3209 718 3256 quisquam
754 3208 965 3254 occidatur,
994 3220 1070 3245 non
1097 3208 1191 3244 mihi
1218 3207 1346 3256 placet

195 3251 259 3268 ‘²¹¹⁵'
285 3260 502 3307 consilium,
531 3262 605 3298 nisi
617 3262 727 3309 forte
751 3261 799 3298 sit
823 3261 947 3307 miles,
984 3267 1052 3298 aut
1075 3261 1227 3310 publica
1248 3262 1344 3309 fun-

285 3314 407 3351 ctione
433 3319 613 3360 teneatur,
642 3319 684 3350 ut
708 3326 783 3350 non
804 3325 880 3362 pro
898 3326 938 3350 se
954 3314 1026 3351 hoc
1048 3314 1169 3359 faciat
1193 3314 1260 3350 sed
1269 3325 1344 3362 pro

285 3366 380 3413 aliis,
409 3372 561 3416 accepta
590 3367 756 3417 legitima
779 3372 970 3414 potestate,
997 3367 1032 3404 si
1057 3368 1135 3404 eius
1158 3372 1346 3416 congruat

279 3431 479 3468 personae.
510 3420 587 3457 Sed
614 3420 675 3456 ille
694 3418 759 3468 qui
782 3431 822 3455 se
847 3419 1087 3457 defendendo
1117 3419 1254 3457 occidit
1269 3420 1344 3460 ⁴ali-

286 3484 415 3521 quem,
445 3473 493 3510 ad
522 3474 596 3510 hoc
626 3484 715 3509 eum
744 3471 880 3509 occidit
907 3484 956 3509 ne
983 3472 1065 3521 ipse
1093 3473 1142 3510 ab
1171 3485 1217 3509 eo
1245 3473 1358 3510 occi-

287 3525 407 3563 datur.
438 3526 540 3573 Ergo
568 3526 642 3563 hoc
669 3525 821 3563 videtur
849 3537 930 3562 esse
958 3525 1138 3563 illicitum.

428 3595 537 3620 Sumen:
556 3594 656 3620 Tutor..
676 3594 708 3619 D.
726 3594 841 3619 Tnonar.
859 3593 891 3618 Τ.
910 3593 953 3618 VI.

497 3009 519 3034 n
535 3007 714 3034 sr-:P'rmun
733 3008 786 3033 s1c
804 3007 1044 3033 PROCEmTtJR.
1064 2995 1223 3033 Videtur
1238 2996 1342 3044 quod
1369 2995 1372 3035 Ι

1452 3007 1486 3032 2.
1517 2996 1759 3042 PRAETEREA,
1796 2995 1835 3032 in
1869 2996 1881 3031 I
1925 2996 1970 3032 de
2002 2995 2084 3031 Lib.
2122 2996 2215 3031 Arh.
2235 2995 2255 3016 ’¹‘
2302 2995 2456 3032 dicitur:

1401 3048 1596 3090 Quomodo
1633 3049 1736 3097 apud
1762 3048 1927 3085 divinam
1949 3048 2228 3096 providentiam
2256 3059 2280 3085 α
2302 3053 2458 3096 peccato

1397 3101 1506 3138 liberi
1530 3106 1617 3138 sunt
1634 3102 1700 3150 qui
1709 3113 1784 3150 pro
1812 3101 1868 3138 his
1895 3101 2006 3138 rebus
2025 3112 2117 3149 quas
2143 3101 2333 3138 contemni
2349 3113 2459 3149 opor-

1397 3160 1456 3200 tet,
1483 3155 1652 3191 humana
1680 3154 1794 3191 caede
1814 3153 1952 3202 polluti
1976 3153 2092 3191 sunt?
2137 3154 2214 3190 Eas
2243 3162 2370 3190 autem
2399 3166 2458 3190 res

1399 3206 1487 3244 dicit
1507 3219 1588 3244 esse
1609 3207 1909 3245 contemnendas
1928 3218 2021 3255 quas
2039 3207 2207 3243 homines
2228 3207 2334 3243 inviti
2350 3207 2458 3243 amit-

1397 3266 1475 3297 tere
1496 3266 1672 3309 possunt,
1701 3267 1743 3297 ut
1779 3272 1824 3297 ex
1857 3259 2075 3309 praemissis
2099 3259 2120 3281 '¹‘
2145 3266 2259 3307 patet.
2307 3259 2457 3295 Horum

2486 1076 2495 1086 ·
2509 1075 2575 1097 Vers.
2590 1075 2622 1097 16.

2485 1493 2494 1502 ·
2505 1491 2562 1513 Dan.
2577 1497 2627 1519 cap.
2643 1498 2694 1519 xm,

2484 1524 2543 1540 vers.
2557 1524 2644 1554 513qq.

2587 1553 2601 1570 ο

2586 1602 2596 1618 ε

2583 1646 2596 1674 ζ

2486 2530 2496 2540 ·
2501 2529 2548 2556 Qu.
2554 2535 2622 2555 uvn,
2627 2532 2670 2551 art.
2676 2536 2696 2551 2.

2486 3008 2495 3017 ⁸
2510 3007 2567 3034 Cap.
2582 3013 2604 3028 v.
2615 3018 2624 3022 -
2635 3008 2695 3034 Aug.

2484 3271 2495 3281 ⁶
2509 3270 2567 3292 lbid.

1398 3321 1527 3351 autem
1554 3320 1610 3350 est
1627 3313 1706 3350 vita
1732 3313 1948 3363 corporalis.
1979 3313 2080 3360 Ergo
2103 3324 2174 3360 pro
2195 3311 2458 3348 conservanda
2486 3332 2493 3337 -

1396 3366 1474 3405 vita
1494 3366 1681 3415 corporali
1710 3366 1800 3403 nulli
1819 3365 1960 3402 licitum
1981 3372 2036 3402 est
2053 3364 2249 3401 hominem
2270 3364 2456 3402 occidere.

1453 3420 1488 3456 3.
1510 3420 1742 3466 PRAETEREA,
1759 3418 1941 3455 Nicolaus
1955 3417 1975 3439 '¹‘
1994 3418 2099 3466 Papa
2118 3417 2206 3454 dicit
2219 3416 2270 3464 *³¹2
2288 3425 2324 3454 et
2342 3417 2458 3454 habe-

1398 3480 1458 3509 tur
1481 3471 1519 3508 in
1546 3472 1729 3518 Decretis,
1755 3471 1836 3508 dist.
1858 3472 1890 3507 L
1909 3470 1948 3492 *·
1975 3471 2035 3507 De
2062 3470 2204 3506 clericis
2223 3482 2296 3519 pro
2325 3470 2458 3518 quibus

1399 3525 1631 3571 consuluisti,
1659 3524 1798 3561 scilicet
1824 3524 1889 3572 qui
1921 3535 1961 3559 se
1996 3523 2224 3569 defendendo
2257 3534 2456 3573 paganum

2286 3599 2317 3616 10

2485 3405 2606 3428 Primus.

2486 3432 2505 3443 '⁸
2533 3433 2570 3454 Ad
2599 3430 2694 3453 Osbald.

2485 3458 2585 3486 choi-epi
2588 3464 2620 3479 s.c
2630 3458 2695 3485 Qun-

2485 3484 2558 3507 dmut-

2485 3510 2696 3533 Can.Denisc1e-

2485 3538 2549 3560 rucis.
