2860 4238
217 1507 300 1554 scili:
314 1512 369 1554 ἰἐὲῖῑ
383 1512 401 1554 1¹:

218 1868 299 1921 ἷὸῗῖξῑ
312 1874 426 1917 Qui&

218 1922 270 1942 lect.
287 1927 318 1947 vx,
334 1927 374 1942 vn.

216 2292 225 2299 ⁵
240 2290 296 2316 Cap.
312 2297 327 2314 ι,
344 2296 367 2311 n.
395 2306 400 2311 .

215 2317 239 2339 S.
254 2317 299 2338 Th.
315 2317 367 2338 lect.
383 2322 398 2337 1.

217 2451 300 2498 sfiiz
309 2457 405 2499 ¹se¹0¹12²31
416 2461 427 2465 “

464 212 541 256 450
1083 207 1349 253 QUAESTio
1380 207 1536 253 cxvn,

463 289 651 337 largiaris.
683 289 731 324 Et
759 287 844 324 ideo
874 286 921 322 illi
950 286 1013 332 qui
1045 292 1171 321 carent
1199 285 1278 321 aliis
1306 284 1517 330 virtutibus,
1544 287 1547 331 l

463 341 547 377 licet
575 341 612 377 in
636 340 759 387 aliqua
780 340 879 375 mala
908 351 1025 386 opera
1054 338 1171 374 multa
1193 338 1418 385 expendant,
1440 349 1517 373 non
1544 351 1545 403 1

464 402 549 430 sunt
577 393 758 429 liberales.
1543 406 1545 424 ⁴.

516 446 616 482 Nihil
645 445 756 481 etiam
790 443 964 492 prohibet
1001 442 1146 489 aliquos
1175 442 1292 478 multa
1327 442 1365 478 in
1394 442 1518 478 bonos
1543 428 1545 493 l

462 511 552 535 usus
582 498 834 545 expendentes
855 494 866 516 θ
895 495 1065 531 habiturn
1096 494 1322 531 liberalitatis
1347 507 1425 531 non
1452 495 1518 531 ha·
1543 529 1545 550 Ι

463 553 571 587 bere:
602 551 695 586 sicut
716 557 751 585 et
775 549 932 585 aliarum
953 548 1134 584 virtutum
1155 559 1272 595 opera
1291 547 1432 584 faciunt
1449 548 1516 584 ho·
1543 553 1545 593 ξ

462 604 581 640 mines
610 611 809 650 antequam
839 601 1009 637 habitum
1038 600 1183 636 virtutis
1219 601 1402 646 habeant,
1431 601 1518 636 licet

1543 596 1545 626 l

365 654 372 669 ¹
391 653 404 668 ⁸
427 661 433 668 ‘
460 669 537 692 non
554 668 598 691 eo
615 661 621 676 ²
639 656 755 691 modo
773 667 849 702 quo
865 653 1036 699 virtuosi,
1053 661 1093 689 ut
1116 665 1229 701 supra
1243 653 1264 674 ’¹‘
1287 653 1427 690 dictum
1448 660 1514 689 est.
1542 628 1544 701 i

510 785 534 818 θ)
553 785 741 817 expendentes.
759 799 775 803 —
795 785 947 816 expendere
965 787 991 809 et
1011 784 1057 808 Pa.

1219 919 1536 988 ARTICULUS

1566 207 1862 244 ARTICULUS
1893 208 1938 253 11,
1960 208 2008 243 111

1628 284 1806 321 Similiter
1825 285 1936 322 etiam
1956 285 2046 322 nihil
2064 286 2241 334 prohibet
2259 286 2406 334 aliquos
2424 286 2628 334 virtuosos,

1572 336 1656 373 licet
1684 337 1756 374 sint
1782 350 1982 386 pauperes,
2004 350 2085 374 esse
2114 338 2297 375 liberales.
2327 339 2438 376 Unde
2458 339 2629 376 Philoso-

1572 390 1671 437 phus
1691 390 1790 437 dicit,
1810 391 1848 427 in
1869 391 1919 427 IV
1937 391 2054 427 Ethic.
2077 390 2113 427 *z
2143 392 2354 428 Secundum
2373 393 2628 438 substantiam,
2657 393 2667 404 ⁸

1572 441 1669 478 idest
1688 442 1901 480 facultatem
1919 443 2145 490 divitiarum,
2163 443 2364 481 liberalitas
2382 445 2533 481 dicitur.-
2555 457 2628 482 non

1572 495 1671 531 enim
1695 496 1858 532 consistit
1875 497 1911 533 in
1934 497 2167 533 multitudine
2193 497 2379 542 datorum,
2399 498 2465 534 sed
2482 498 2518 534 in
2539 498 2630 535 dan-

1572 547 1616 583 tis
1643 548 1782 584 habitu.
1812 549 1860 585 Et
1888 549 2115 586 Ambrosius
2145 549 2247 596 dicit,
2278 550 2315 586 in
2346 551 2358 585 I
2388 551 2433 586 de
2465 550 2572 598 Offic.
2592 550 2628 598 *,

1572 600 1678 647 quod
1706 601 1862 650 affectus
1889 602 2038 639 divitem
2067 603 2300 639 collationem
2329 608 2395 639 aut
2421 614 2629 651 pauperem

1568 653 1672 698 facit,
1702 659 1736 689 et
1757 654 1920 701 pretium
1950 656 2060 691 rebus
2079 655 2244 703 imponit.

1623 784 1640 816 ι)
1660 791 1701 810 eo.
1717 797 1736 802 -
1754 785 1845 809 eodem
1866 784 2009 809 PADGHa.

1567 946 1867 988 SECUNDUS

1097 1039 1253 1070 UTRUM
1276 1039 1557 1070 LIBERALITAS
1581 1039 1647 1069 SIT
1672 1038 1802 1070 CIRCA
1826 1038 2036 1069 PECUNIAS

703 1119 795 1150 Supra,
815 1125 859 1150 qu.
878 1125 943 1148 xxxt,
963 1123 1009 1142 art.
1034 1126 1054 1147 1,
1074 1118 1105 1141 ad
1126 1124 1153 1147 2;
1174 1125 1218 1149 qu.
1238 1124 1307 1146 Lvnr.
1326 1123 1372 1142 art.

1197 1152 1238 1177 De
1257 1152 1340 1181 Malo,
1361 1160 1406 1185 qu.
1424 1160 1481 1181 xm,
1501 1157 1547 1177 art.

539 1252 544 1263 =
586 1261 609 1273 st
665 1245 687 1269 D
726 1244 915 1269 SECUNDUM
949 1243 1001 1268 sm
1035 1242 1264 1268 PRoceon‘UR
1290 1231 1320 1267 *.
1355 1231 1540 1298 Videturl

1392 1125 1417 1150 9,
1437 1118 1468 1142 ad
1489 1125 1518 1148 23
1537 1117 1611 1146 Infra.
1631 1125 1675 1149 qu.
1694 1124 1780 1146 cxvur,
1799 1123 1847 1142 art.
1867 1117 1891 1146 3,
1910 1118 1942 1142 ad
1962 1125 1990 1148 2;
2011 1125 2056 1149 qu.
2075 1125 2172 1147 cxxxlv,
2191 1123 2238 1143 an.
2256 1125 2281 1149 4,
2301 1118 2332 1142 ad
2356 1126 2381 1149 ις

1568 1159 1597 1182 ις
1617 1152 1651 1176 1v
1670 1152 1771 1181 Ethic.,
1792 1152 1848 1176 lect.
1868 1160 1885 1177 1.

1567 1230 1668 1266 euim
1699 1230 1832 1278 aliquis
1861 1243 1883 1267 a
1912 1243 1952 1267 se
1982 1231 2136 1278 emittit,
2167 1233 2459 1280 quodammodo
2487 1234 2579 1272 illud
2607 1248 2630 1272 a

571 1273 579 1290 ’ἶ
665 1285 770 1334 quod
799 1285 1000 1322 liberalitas
1028 1297 1107 1321 non
1127 1284 1173 1320 sit
1193 1283 1291 1320 circa
1317 1285 1509 1332 pecunias.
1538 1299 1539 1328 l
1560 1295 1635 1319 sua
1655 1283 1829 1320 custodia
1850 1290 1885 1319 et
1905 1283 2076 1320 dominio
2104 1283 2248 1332 liberat,
2269 1293 2305 1322 et
2324 1287 2496 1324 animum
2515 1300 2628 1326 suum

646 1335 804 1383 ΚΟῐιπιίε
841 1338 942 1374 enirn
974 1337 1094 1374 virtus
1130 1336 1285 1373 moralis
1324 1345 1378 1373 est
1416 1331 1540 1389 circa!

665 1390 905 1439 operationes
932 1391 993 1426 vel
1022 1390 1230 1438 passiones.
1260 1390 1355 1426 Esse
1384 1397 1511 1426 autem
1538 1405 1539 1409 ¹

456 1444 552 1480 circa
581 1444 820 1491 operationes
853 1451 909 1480 est
941 1443 1138 1491 proprium
1172 1442 1352 1489 iustitiae,
1386 1450 1428 1479 ut
1459 1442 1512 1479 di-

417 1516 426 1520 —
456 1497 549 1533 citur
576 1495 611 1532 in
642 1496 677 1533 V
694 1496 813 1533 Ethic.
835 1495 855 1517 *
883 1497 996 1543 Ergo,
1023 1508 1109 1533 cum
1140 1495 1340 1532 liberalitas
1369 1495 1414 1532 sit
1440 1495 1512 1532 vir-

454 1557 513 1586 tus
542 1549 707 1595 moralis,
737 1549 887 1586 videtur
915 1549 1019 1598 quod
1049 1549 1093 1586 sit
1122 1549 1218 1585 circa
1245 1548 1454 1596 passiones,
1478 1555 1514 1584 et

455 1615 533 1639 non
561 1601 658 1638 circa
686 1602 878 1650 pecunias.

508 1666 542 1691 2.
574 1655 815 1701 PRAETEREA,
845 1656 892 1692 ad
921 1654 1113 1691 liberalem
1143 1654 1305 1702 pertinet
1333 1665 1512 1701 quarum—

456 1719 620 1755 cumque
649 1707 862 1744 divitiarum
892 1719 994 1744 usus.
1035 1707 1111 1744 Sed
1141 1706 1294 1744 divitiae
1323 1707 1511 1743 naturales

455 1768 541 1797 sunt
567 1760 737 1797 veriores
766 1773 881 1809 quam
912 1759 1063 1797 divitiae
1092 1760 1318 1805 artificiales,
1347 1771 1445 1807 quae
1474 1759 1512 1795 in

454 1812 623 1862 pecuniis
663 1813 884 1850 consistunt:
924 1821 964 1849 ut
990 1821 1092 1860 patet
1119 1825 1188 1860 per
1220 1812 1510 1860 Philosophum,

454 1866 493 1902 in
522 1867 534 1902 1
563 1866 669 1902 Polit.
692 1867 711 1887 *
739 1867 840 1913 Ergo
861 1866 1061 1902 liberalitas
1081 1877 1159 1902 non
1188 1872 1243 1901 est
1261 1865 1512 1914 principaliter

455 1919 552 1956 circa
575 1919 766 1967 pecunias.

510 1972 544 2007 3.
570 1972 806 2017 PRAETEREA‚
844 1970 1080 2007 diversarum
1118 1970 1300 2006 virtutum
1339 1970 1538 2021 diversae³

453 2031 539 2060 sunt
558 2025 753 2061 materiae:
784 2023 871 2072 quia
899 2023 1048 2060 habitus
1078 2022 1355 2070 distinguuntur
1379 2035 1512 2060 secun-

454 2077 546 2113 dum
575 2077 735 2113 obiecta.
776 2076 852 2113 Sed
881 2088 939 2112 res
973 2076 1176 2113 exteriores
1209 2084 1296 2112 sunt
1331 2076 1511 2113 materiae

451 2129 610 2166 iustitiae
631 2129 887 2166 distributivae
909 2137 944 2165 et
964 2129 1272 2166 commutativae.
1302 2129 1404 2176 Ergo
1432 2141 1509 2166 non
1537 2146 1539 2170 ς

452 2190 538 2219 sunt
564 2182 718 2219 materia
747 2181 986 2219 liberalitatis.

507 2236 581 2272 SED
609 2247 755 2272 CONTRA
774 2246 840 2271 EST
863 2235 969 2282 quod
998 2234 1254 2282 Philosophus
1275 2233 1374 2281 dicit,
1403 2234 1442 2270 in
1462 2235 1514 2271 IV

384 2296 424 2311 ¹·
451 2289 570 2325 Ethic.
600 2288 634 2334 ²¹⁶,
675 2288 779 2336 quod
817 2287 1016 2324 liberalitas
1053 2288 1200 2324 videtur
1231 2299 1309 2323 esse
1336 2287 1513 2324 medietas

453 2342 636 2389 quaedam
666 2342 766 2377 circa
789 2342 983 2388 pecunias.

506 2395 730 2431 RESPONDEO
759 2406 941 2431 DICENDUM
962 2393 1079 2442 quod,
1110 2393 1322 2429 secundum
1341 2393 1513 2430 Philoso-
1538 2400 1539 2433 J

453 2447 585 2495 phum,
606 2448 643 2484 in
669 2448 719 2484 IV
745 2447 864 2483 Ethic.
885 2446 915 2493 ³¹⁶,
946 2446 993 2483 ad
1013 2446 1207 2482 liberalem
1228 2446 1387 2494 pertinet
1406 2446 1512 2483 emis·
1538 2443 1539 2451 ³

452 2501 572 2536 sivum
602 2513 695 2537 esse.
725 2500 836 2536 Unde
866 2507 902 2536 et
930 2499 1002 2535 alio
1032 2498 1189 2535 nomine
1217 2498 1417 2535 liberalitas
1438 2499 1512 2536 lar·
1539 2508 1540 2530 ἒ

451 2553 550 2602 gitas
577 2553 812 2590 nominatur:
842 2552 928 2601 quia
957 2552 1062 2600 quod
1090 2552 1236 2599 largum
1264 2559 1330 2597 est,
1352 2564 1430 2588 non
1459 2560 1514 2589 est
1539 2569 1541 2606 3

453 2606 692 2653 retentivum,
714 2606 780 2643 sed
809 2614 864 2642 est
893 2605 1126 2642 emissivum.
1156 2605 1204 2641 Et
1232 2605 1281 2641 ad
1308 2605 1383 2640 hoc
1411 2604 1512 2642 idern
1540 2613 1541 2649 ἶ

451 2659 602 2696 videtur
629 2659 815 2708 pertinere
845 2658 958 2695 etiarn
978 2658 1209 2695 liberalitatis
1233 2669 1394 2694 nornen:
1425 2670 1513 2694 curn

505 2791 531 2821 α)
554 2790 694 2814 Doctrina.
711 2803 730 2808 —
750 2789 899 2821 Disciplina
918 2789 946 2813 P.

1566 1337 1615 1372 ab
1645 1335 1725 1372 eius
1753 1335 1892 1373 affectu
1927 1336 2090 1373 liberum
2120 1349 2203 1374 esse
2231 1340 2405 1376 ostendit.
2443 1340 2503 1378 Ea
2532 1353 2628 1379 vero

1566 1401 1665 1437 quae
1696 1389 1900 1426 emittenda
1933 1398 2019 1426 sunt
2047 1390 2095 1426 ab
2127 1402 2206 1427 uno
2241 1392 2397 1429 homine
2425 1392 2464 1430 in
2492 1393 2627 1443 alium,

1566 1449 1653 1478 sunt
1681 1442 1784 1478 bona
1811 1454 2011 1490 possessa,
2041 1455 2140 1490 quae
2169 1444 2326 1482 nomine
2361 1446 2549 1494 pecuniae
2580 1446 2629 1484 si-

1565 1495 1799 1542 gnificantur.
1838 1496 1887 1532 Et
1914 1495 2000 1533 ideo
2028 1496 2184 1545 propria
2212 1498 2369 1535 materia
2400 1499 2629 1538 liberalitatis

1567 1555 1622 1584 est
1649 1548 1823 1596 pecunia.

1618 1602 1678 1637 An
1707 1612 1844 1637 PR1MUM
1872 1612 1970 1638 ERGO
2000 1613 2184 1639 DICENDUM
2213 1604 2329 1652 quod,
2359 1604 2455 1641 sicut
2483 1605 2629 1644 dictum

1567 1660 1621 1689 est
1639 1653 1671 1700 ²¹²,
1702 1653 1903 1690 liberalitas
1923 1667 2001 1690 non
2028 1651 2229 1692 attenditur
2248 1656 2287 1693 in
2305 1658 2512 1705 quantitate
2538 1658 2626 1706 dati,

1566 1706 1632 1743 sed
1661 1706 1699 1742 in
1727 1706 1866 1743 affectu
1895 1707 2029 1744 dantis.
2058 1707 2229 1746 Affectus
2257 1708 2385 1747 autern
2411 1711 2535 1748 dantis
2554 1711 2628 1750 dis-

1564 1759 1719 1807 ponitur
1751 1759 1963 1796 seeundum
1997 1760 2195 1809 passiones
2233 1763 2375 1800 amoris
2411 1771 2448 1801 et
2489 1777 2627 1802 concu-

1564 1812 1782 1860 piscentiae,
1805 1820 1840 1848 et
1867 1825 1937 1861 per
1965 1825 2204 1861 consequens
2233 1814 2491 1854 delectationis
2511 1825 2548 1854 et
2565 1817 2628 1856 tri-

1565 1865 1702 1911 stitiae,
1732 1866 1781 1902 ad
1811 1878 1855 1902 ea
1883 1878 1982 1913 quae
2017 1867 2163 1904 dantur.
2205 1868 2252 1904 Et
2285 1868 2373 1906 ideo
2407 1869 2633 1909 immediata·

1565 1917 1723 1954 materia
1764 1918 1993 1956 liberalitatis
2039 1928 2126 1957 sunt
2167 1919 2365 1959 interiores
2409 1923 2627 1971 passiones:

1565 1971 1631 2008 sed
1659 1971 1822 2019 pecunia
1851 1972 2012 2009 exterior
2042 1981 2096 2009 est
2124 1973 2317 2011 obiectum
2346 1975 2515 2024 ipsarum
2542 1988 2629 2026 pas-

1565 2036 1729 2060 Sionum.

1617 2079 1676 2113 Ao
1705 2088 1896 2114 SECUNDUM
1924 2089 2108 2115 DICENDUM
2136 2080 2254 2126 quod,
2280 2079 2376 2118 sicut
2393 2081 2628 2129 Augustinus

1567 2129 1666 2176 dicit,
1683 2129 1721 2166 in
1741 2129 1837 2166 libro
1864 2130 1909 2166 de
1927 2131 2112 2168 Doctrina
2132 2137 2150 2153 α
2173 2132 2306 2170 Christ.
2326 2133 2358 2180 ²⁸¹,
2379 2139 2494 2172 totum
2524 2135 2628 2184 quid-

1565 2183 1657 2231 quid
1672 2183 1842 2219 homines
1869 2183 1906 2219 in
1936 2189 2037 2220 terra
2065 2185 2212 2231 habent,
2241 2191 2278 2222 et
2303 2187 2431 2224 omnia
2466 2198 2629 2236 quorum

1538 2234 1539 2277 J
1564 2241 1652 2272 sunt
1678 2236 1831 2281 domini,
1846 2236 2010 2284 pecunia
2029 2243 2209 2275 vocatur:
2237 2239 2326 2287 quia
2345 2241 2500 2289 antiqui,
2529 2252 2630 2290 quae

1566 2289 1762 2341 habebant,
1791 2289 1828 2325 in
1853 2290 2052 2337 pecoribus
2078 2291 2274 2329 habebant.
2304 2293 2354 2329 Et
2371 2293 2629 2343 Philosophus

1567 2341 1665 2386 dicit,
1686 2341 1724 2378 in
1746 2342 1796 2377 lV
1813 2342 1976 2388 Ethic.*,
1997 2343 2102 2390 quod
2115 2346 2298 2392 pecunias
2316 2346 2474 2383 dicimus
2499 2349 2628 2386 omnia

1566 2406 1727 2443 quorum
1755 2395 1918 2443 dignitas
1946 2396 2170 2433 numismate
2197 2405 2448 2436 mensuratur.

1620 2449 1679 2483 AD
1711 2459 1870 2484 TERTIUM
1904 2460 2087 2486 DicENDUM
2125 2451 2228 2498 quod
2264 2451 2401 2489 iustitia
2439 2453 2628 2491 constituit

1567 2500 1831 2548 aequalitatem
1858 2500 1897 2536 in
1925 2500 2002 2538 istis
2031 2503 2275 2541 exterioribus
2296 2506 2424 2542 rebus:
2455 2518 2532 2543 non
2561 2518 2627 2544 au-

1566 2560 1642 2589 tem
1673 2553 1721 2589 ad
1742 2565 1827 2589 eam
1856 2554 2008 2602 proprie
2027 2555 2189 2603 pertinet
2216 2557 2408 2595 moderari
2431 2559 2627 2597 interiores

1567 2606 1775 2654 passiones.
1805 2606 1916 2643 Unde
1945 2607 2051 2644 aliter
2077 2609 2239 2656 pecunia
2268 2618 2323 2648 est
2351 2612 2508 2649 materia
2537 2612 2627 2650 libe·-

1568 2658 1730 2705 ralitatis,
1761 2667 1797 2695 et
1825 2659 1931 2696 aliter
1958 2660 2129 2699 iustitiae.

1248 2949 1564 2992 ARTICULUS
1592 2950 1822 2993 TERTIUS

999 3042 1154 3073 UTRUM
1177 3043 1251 3074 UTI
1275 3043 1463 3075 PECUNIA
1487 3044 1552 3075 sir
1576 3044 1718 3076 ACTUS
1743 3045 2071 3077 LIBERALITATIS

1404 3122 1437 3146 lv
1456 3122 1552 3152 Ethic.,

508 3212 546 3251 ᾗ»
571 3218 638 3257 “mi
664 3209 685 3234 D
705 3209 863 3249 Tea-rium
878 3210 930 3235 sm
946 3209 1174 3235 pnocemrua
1183 3199 1213 3236 ³¹³.
1230 3200 1389 3237 Videtur
1404 3201 1508 3249 quod

663 3250 716 3286 uti
749 3250 908 3298 pecunia
941 3263 1018 3288 non
1053 3251 1098 3287 sit
1133 3260 1237 3288 actus
1270 3252 1507 3290 liberalitatis.
1535 3284 1536 3310 ᾖ

471 3301 520 3348 sy,
551 3319 588 3355 *Z—
612 3305 634 3348 (ς
665 3303 913 3339 Diversarum
935 3303 1035 3340 enim
1055 3304 1237 3341 virtutum
1257 3305 1396 3342 diversi
1425 3314 1510 3342 sunt
1535 3312 1537 3346 Ι

511 3355 599 3381 *³¹¹
622 3344 779 3392 actus.
820 3356 895 3393 Sed
933 3356 986 3393 uti
1021 3357 1183 3404 pecunia
1221 3358 1398 3395 convenit
1432 3359 1537 3408 aliis}

509 3487 535 3519 α)
554 3487 694 3511 liberalem.
712 3501 730 3505 -
749 3487 932 3513 liberalitatem
951 3489 1052 3513 PGHL.

1573 3123 1630 3148 lect.
1649 3131 1666 3147 1.

1561 3202 1779 3239 virtutibus:
1809 3202 1904 3239 sicut
1931 3203 2091 3241 iustitiae
2120 3213 2156 3242 et
2183 3206 2496 3254 magnificentiae.
2532 3209 2624 3246 Non

1565 3266 1653 3302 ergo
1684 3262 1738 3291 est
1766 3256 1943 3304 proprius
1972 3264 2077 3294 actus
2105 3257 2342 3296 liberalitatis.

1618 3319 1652 3343 2.
1670 3308 1901 3355 PRAETEREA,
1924 3309 1972 3346 ad
1987 3309 2211 3348 liberalem²
2225 3324 2303 3349 non
2323 3313 2448 3350 solum
2463 3313 2623 3362 pertinet

1565 3359 1666 3406 dare,
1689 3360 1755 3397 sed
1785 3361 1897 3398 etiam
1918 3362 2090 3411 accipere
2119 3371 2155 3401 et
2179 3364 2380 3403 custodire.
2411 3365 2486 3405 Sed
2515 3378 2621 3404 acce-

2655 1663 2666 1675 ·
2679 1647 2732 1685 Ᾰη.
2746 1669 2763 1690 ι,
2777 1663 2806 1685 ad
2819 1670 2839 1692 3.

2656 2146 2858 2220 wenteitpcnr.

2655 2197 2860 2252 :iiaectdpqevpf-

2655 2354 2741 2404 §.032
2754 2359 2809 2404 {331
2821 2361 2860 2404 .².·.·
