2860 4244
59 1080 268 1122 gamanam.

78 1380 121 1407 α
134 1386 200 1405 ιιι.
214 1386 250 1404 ιιι.

980 253 1246 299 QUAESTIO
1275 254 1414 306 Lxxi,
1443 253 1740 291 ARTICULUS
1770 254 1782 289 1

293 331 331 368 in
365 342 454 368 casu
490 331 561 368 isto
595 331 665 368 nisi
702 343 770 380 per
801 331 1047 368 advenientes
1083 331 1349 368 subveniatur:
1376 332 1378 378 i

294 391 331 420 et
357 383 444 421 ideo
471 391 647 421 tenentur
682 383 823 422 iuvare.
853 384 945 421 Non
973 391 1099 420 autern
1137 391 1352 421 tenerentur
1377 379 1379 430 ᾖ

293 435 323 473 si
350 443 480 485 posset
507 436 657 475 aliunde
686 436 899 475 remedium
927 435 1065 474 afferri.

345 491 405 526 An
433 501 623 528 SECUNDUM
659 501 844 527 monimum
872 489 977 538 quod
1013 489 1131 526 homo
1170 490 1351 526 talentum

2391 255 2459 290 123

1405 332 1685 381 opportunitate
1719 333 1892 369 locorum
1922 339 1958 368 et
1988 339 2207 380 temporum
2237 339 2273 368 et
2306 332 2462 368 aliarum

1405 397 1544 432 rerum,
1564 392 1606 421 ut
1634 384 1775 421 dictum
1803 392 1858 421 est
1875 384 1907 421 *.

1458 439 1516 474 An
1544 448 1703 474 TERTmM
1732 448 1916 474 nicanum«
1945 437 2047 485 quod
2076 448 2154 473 non
2184 436 2372 486 quaelibet
2400 448 2465 472 ne-

1407 490 1558 526 cessitas
1587 497 1715 526 causat
1743 489 1913 527 debitum
1948 489 2214 536 subveniendi,
2231 489 2312 532 ‚sed
2340 489 2464 525 solum

294 541 364 579 sibi
389 541 573 580 creditum
593 540 607 564 ὅ
633 549 781 580 tenetur
798 541 934 579 utiliter
953 541 1184 590 dispensare,
1204 550 1354 579 servata
1378 540 1381 590 ἰ
1405 541 1466 578 illa
1485 553 1582 589 quae
1611 550 1666 579 est
1695 542 1792 580 dicta
1810 542 1842 579 ²¹⁶.

347 654 373 688 ὃ)
391 655 533 681 eredit-m
545 667 564 674 -
582 653 714 679 eradit-m
734 653 829 679 Pflxa.

964 732 1297 765 Commentario·
1318 732 1572 765 Cardinalis
1594 732 1795 765 Caietani

325 823 345 843 a
369 812 462 844 titulo
485 811 607 843 aru'culi
630 811 724 852 primi
747 818 778 842 et
800 819 978 843 ceterorum
1006 811 1201 852 quaestionis
1227 817 1352 851 septua-
1378 829 1379 839 ι

299 826 594 896 Igesimaeprimae,
611 856 736 886 adverte
759 857 848 896 quod
863 856 1034 886 advocatus
1053 856 1114 886 hoc
1129 855 1163 885 in
1177 855 1251 885 loco
1267 863 1353 884 com·
1378 848 1380 870 ¹¹

295 900 434 931 muniter
453 899 606 940 significat
628 907 694 930 tam
710 910 782 930 eum
803 909 901 940 quem
924 899 1057 930 dicimus
1071 898 1240 939 vulgariter
1254 898 1353 927 advo·
1378 907 1380 939 ;

296 951 417 980 catum,
441 953 540 984 quam
566 950 821 984 procuratorem:
852 943 895 974 ita
917 950 1023 974 tamen
1049 943 1142 983 quod
1163 942 1354 972 advocatum

296 998 361 1018 uon
384 997 478 1018 voces
501 997 576 1018 eum
607 987 664 1028 qui
693 987 800 1018 solum
831 986 1000 1018 consilium
1030 986 1082 1016 dat
1104 985 1138 1016 in
1160 984 1276 1024 scripto
1300 991 1355 1015 aut

294 1033 391 1062 verbo
416 1031 524 1068 domi;
548 1031 603 1062 sed
626 1031 682 1072 qui
705 1031 919 1071 patrocinatur
932 1039 1039 1070 opere,
1063 1029 1278 1069 comparendo
1303 1037 1354 1059 co-

295 1085 364 1107 ram
386 1075 500 1106 iudice.
532 1075 625 1106 Unde
641 1081 672 1106 et
695 1074 903 1115 Augustinus,
920 1079 956 1104 ut
976 1073 1010 1102 in
1034 1079 1090 1103 art.
1107 1081 1128 1111 4
1143 1072 1161 1091 *
1182 1071 1290 1108 habes,
1308 1071 1354 1101 di-

297 1119 428 1160 stinguit
455 1119 645 1149 advocatum
668 1125 776 1150 contra
799 1117 1030 1158 iurisperstum,
1055 1116 1160 1146 diceus
1183 1115 1273 1156 quod
1295 1115 1353 1146 ad-

295 1169 427 1196 vocatus
449 1164 567 1194 iustum
587 1163 814 1202 patrocinium,
839 1166 869 1192 et
892 1161 1095 1200 iurisperitus
1117 1169 1229 1190 verum
1253 1160 1354 1190 consi-

296 1209 376 1239 lium
398 1207 484 1238 licite
506 1205 624 1238 vendit.
786 1220 791 1224 -

294 1291 416 1373 {ime
448 1292 584 1324 d‘ubium
607 1292 742 1324 occurrit
771 1292 810 1322 de
833 1301 926 1322 sensu
949 1291 1070 1322 litterae
1096 1290 1129 1321 iu
1151 1290 1212 1321 illis
1234 1290 1353 1321 verbis:

294 1382 415 1426 estete.
430 1381 448 1402 *
472 1381 557 1412 Nam
572 1387 627 1412 aut
641 1380 775 1412 intendit
797 1380 885 1422 quod
900 1389 937 1410 ex
952 1379 1014 1410 hoc
1037 1379 1126 1420 quod
1147 1379 1180 1410 in
1202 1385 1355 1429 promptu

253 1422 661 1471 —deu‘squo
687 1431 793 1465 potest
814 1424 903 1455 aliter
929 1423 1061 1464 pauperi
1087 1422 1266 1459 subveuin,
1290 1432 1356 1453 uon

289 1475 420 1509 ,tenetur
443 1468 515 1510 quis
533 1468 709 1500 subvenire.
733 1469 775 1499 Et
797 1467 841 1499 sic
864 1467 980 1498 falsum
1002 1467 1125 1498 dicitur.
1149 1467 1234 1504 Quia
1256 1476 1356 1508 quan-

289 1519 507 1555 tumcumque
522 1519 694 1554 appareant
706 1512 740 1542 in
751 1518 905 1552 promptu
921 1511 1008 1542 mille
1019 1510 1110 1541 modi
1123 1510 1241 1551 quibus
1255 1509 1357 1551 possit

289 1557 364 1601 'sine
392 1567 443 1588 me
473 1556 620 1588 famelico
648 1563 703 1587 aut
731 1555 806 1586 alias
834 1554 1004 1596 impotenti
1035 1554 1213 1590 subveniri,
1237 1560 1268 1585 et
1289 1563 1356 1584 non

291 1596 515 1637 subveniatur,
539 1610 613 1632 non
624 1609 759 1631 excusor
779 1609 839 1640 ego
863 1599 902 1629 ab
925 1597 1099 1630 homicidio
1122 1599 1151 1629 si
1173 1607 1236 1629 non
1254 1607 1356 1638 pasco

289 1645 592 1688 flatemorientem
606 1643 635 1675 *.
658 1643 796 1684 Oportet
819 1642 1015 1684 namquein
1029 1648 1182 1683 promptu
1206 1651 1357 1682 apparere

287 1690 494 1726 meolam
515 1688 702 1728 potentiam,
726 1688 782 1719 sed
804 1694 911 1719 actum
933 1686 1152 1718 subventionis
1168 1685 1305 1723 aliunde,
1322 1693 1358 1717 ut

288 1736 562 1775 ,agonen-'tenear
576 1731 752 1764 subvenire.
776 1749 798 1754 —
821 1734 887 1763 Aut
901 1731 1036 1762 intendit
1052 1731 1142 1773 quod
1155 1730 1189 1760 in
1204 1736 1356 1771 promptu

286 1771 427 1824 ‘apparet
446 1776 566 1809 modus
589 1786 656 1818 quo
680 1776 719 1807 de
741 1775 824 1806 facto
849 1775 1063 1806 subveniatur.
1093 1775 1134 1806 Et
1157 1781 1232 1806 tunc
1255 1775 1357 1806 littera

298 1824 347 1853 eat
367 1819 539 1852 diminuta:
563 1820 638 1862 quia
661 1819 740 1850 nihil
762 1819 836 1850 dicit
859 1819 898 1850 de
917 1818 1099 1860 apparentia
1121 1818 1205 1856 facti,
1222 1819 1277 1849 sed
1299 1829 1358 1860 po-

296 1865 422 1897 tentiae.

237 1921 245 1929 ·
287 1908 392 1943 >dull.
414 1909 590 1940 {neodem
612 1907 745 1939 articulo
767 1907 872 1948 primo
896 1907 1031 1938 dubium
1054 1907 1188 1938 alterum
1211 1913 1258 1937 est
1270 1906 1298 1943 *,
1317 1917 1358 1937 an

285 1953 481 1990 seuuclusio,
509 1953 627 1984 scilicet
652 1951 742 1992 quod
774 1951 903 1992 quando
934 1961 1000 1983 non
1030 1957 1160 1991 apparet
1189 1951 1357 1991 quomodo

289 1997 388 2036 gauter
410 1996 570 2029 subveniri
598 1996 718 2037 possit,
741 2002 866 2027 tenetur
887 1995 988 2027 sciens
1011 1994 1177 2026 subvenire
1204 2001 1235 2026 et
1262 1995 1359 2026 advo-

299 2047 388 2078 catus
409 2039 600 2084 patrocinari
629 2046 660 2071 et
681 2038 823 2071 medicus
846 2039 978 2076 mederi,
1002 2039 1194 2079 intelligatur
1217 2039 1256 2070 de
1279 2039 1358 2070 obli-

298 2085 426 2130 gatione
440 2085 559 2126 peccati
574 2083 725 2120 mortalis,
741 2093 780 2114 an
797 2082 936 2114 venialis.
953 2083 995 2114 Et
1011 2089 1057 2114 est
1075 2082 1155 2114 ratio
1170 2083 1258 2115 duffii
1273 2083 1358 2124 quia,

291 2128 326 2160 “si
347 2129 482 2160 intendit
504 2129 543 2159 de
559 2132 695 2169 'peccato
717 2127 860 2164 mortali,
892 2127 1077 2158 contradicit
1099 2127 1157 2158 sibi
1181 2133 1213 2158 et
1234 2127 1358 2158 rationi.

298 2173 367 2217 sibi·
387 2174 528 2215 quidem,
552 2172 628 2214 quia
649 2172 683 2202 in
705 2171 860 2212 principio
877 2171 1019 2212 corporis
1038 2171 1133 2202 huius
1149 2171 1271 2202 articuli
1286 2171 1361 2202 dicit

288 2305 335 2348 iu
357 2312 413 2336 art.
437 2306 454 2336 5
479 2315 534 2346 qu.
549 2314 641 2340 xxxix,
658 2303 778 2336 dictum
803 2311 850 2335 est
869 2304 957 2345 quod
981 2314 1043 2334 non
1067 2305 1171 2334 omnis
1189 2305 1359 2335 necessitas

299 2340 421 2393 effugat
443 2349 488 2380 aa
509 2353 735 2389 praeceptum,
753 2347 810 2379 sed
831 2348 888 2378 illa
911 2348 980 2379 sola
1003 2349 1072 2379 sine
1094 2357 1158 2388 qua
1181 2348 1208 2378 is
1230 2349 1286 2388 qui
1306 2357 1358 2378 ne·
1385 2348 1386 2353 ’

292 2395 476 2427 ‘cessitatem
494 2393 623 2433 patitur
644 2392 819 2423 sustentari
841 2402 903 2422 non
918 2397 1032 2432 potest.
1064 2391 1150 2422 Cum
1172 2391 1268 2431 igitur
1282 2401 1360 2431 pau-

299 2439 356 2478 per
384 2446 422 2468 ex
454 2436 517 2467 hoc
547 2436 637 2477 quod
669 2435 860 2476 opprimitur
896 2444 990 2466 causa
1021 2445 1096 2472 sua,
1126 2445 1192 2466 non
1223 2436 1361 2466 incurrat
1385 2435 1387 2448 ”

299 2481 333 2512 iu
356 2491 465 2512 casum
485 2481 571 2511 hunc
594 2479 683 2520 quod
699 2479 866 2511 sustentari
885 2489 952 2510 non
967 2479 1076 2520 possit,
1094 2479 1237 2520 sequitur
1258 2480 1357 2520 quod,

299 2525 476 2561 secundum
499 2523 670 2560 antedicta,
694 2533 761 2554 nou
784 2530 927 2555 teneatur
949 2524 1119 2554 advocatus
1146 2524 1206 2554 sub
1229 2531 1359 2564 peccato

300 2569 426 2602 mortali
444 2568 654 2610 patrocinari,
672 2567 767 2599 etiam
790 2568 816 2598 si
839 2566 946 2598 nullus
973 2567 1054 2598 alius
1077 2574 1225 2608 appareat
1246 2574 1360 2607 potens

291 2609 475 2654 'subveniress
499 2631 520 2636 -
542 2611 671 2643 Rationi
693 2621 785 2648 vero,
809 2611 885 2653 quia
907 2621 982 2643 cum
1011 2618 1215 2652 praeceptum
1238 2612 1277 2642 de
1299 2611 1360 2642 mi-

300 2657 487 2693 sericordiae
510 2656 660 2697 operibus
674 2665 749 2687 vnon
773 2654 891 2696 obliget
912 2656 953 2686 ad
972 2656 1106 2686 mortale
1128 2655 1188 2686 nisi
1215 2661 1359 2697 tempore

290 2701 508 2738 necessitatis,
539 2710 615 2732 cum
648 2699 689 2731 sit
724 2699 963 2735 affirmativum
997 2706 1053 2731 aut
1085 2700 1148 2731 hoc
1175 2700 1359 2741 intelligitur

299 2746 340 2777 de
362 2745 546 2777 necessitate
567 2743 759 2784 simpliciter,
783 2743 900 2775 scilicet
921 2750 1064 2784 respectu
1087 2743 1179 2781 vitae,
1203 2744 1279 2785 quia
1302 2744 1358 2776 sci-

298 2789 373 2823 licet
401 2789 490 2820 aliter
518 2798 584 2819 non
607 2794 716 2828 posset
737 2787 859 2819 vivere:
889 2795 944 2819 aut
972 2788 1011 2818 de
1040 2787 1224 2819 necessitate
1255 2797 1358 2828 respe-
1383 2803 1386 2830 4

301 2839 353 2864 ctu
377 2831 509 2864 alicuius
531 2831 726 2873 particularis
742 2841 842 2866 casuS,
864 2831 939 2872 quia
954 2830 1071 2862 scilicet
1093 2831 1181 2862 aliter
1196 2841 1262 2862 non
1285 2842 1358 2872 pos-

301 2883 348 2908 set
369 2875 403 2907 in
426 2875 480 2907 tali
506 2875 634 2916 negotio
657 2874 834 2906 subsistere.
865 2875 927 2906 Sed
956 2882 1079 2906 constat
1101 2875 1190 2916 quod
1221 2885 1287 2906 non
1310 2875 1357 2906 in-

300 2920 450 2961 telligitur
465 2920 503 2950 de
519 2919 700 2950 necessitate
714 2919 776 2949 hoc
790 2919 930 2950 secundo
946 2918 1057 2955 modo,
1077 2925 1113 2949 ut
1135 2925 1222 2959 patet
1242 2919 1358 2950 discur-

300 2965 400 2996 rendo
423 2973 478 3005 per
501 2973 599 3004 opera
616 2962 861 2995 misericordiae:
886 2972 961 2993 uam
983 2972 1051 2993 non
1073 2969 1183 2993 teneor
1205 2963 1264 2993 sub
1286 2973 1359 3003 pec-

302 3015 371 3040 cato
395 3007 520 3039 mortali
543 3006 689 3047 colligere
712 3005 872 3046 hospitem
904 3006 959 3047 qui
989 3005 1178 3037 dormiendo
1201 3007 1260 3037 sub
1284 3007 1358 3037 divo

301 3063 367 3084 non
382 3058 566 3088 moreretur,
581 3061 639 3082 nec
655 3050 797 3082 similiter
811 3057 920 3081 teneor
934 3050 1064 3090 sepelire
1080 3057 1245 3081 mortuum
1260 3060 1358 3092 quesn

302 3096 409 3127 nullus
428 3095 558 3136 sepelire
573 3102 669 3132 curat,
694 3101 748 3125 aut
764 3094 916 3125 redimere
931 3094 1092 3135 captivum
1115 3095 1170 3135 qui
1193 3102 1360 3135 propterea

302 3151 367 3172 non
392 3139 534 3175 moritur,
559 3146 590 3170 et
613 3139 656 3169 sic
672 3139 711 3169 de
725 3138 802 3169 aliis.
827 3139 911 3178 Ergo
927 3138 1110 3179 intelligitur
1124 3139 1163 3169 de
1179 3138 1360 3170 necessitate

293 3184 405 3226 primo
429 3184 539 3219 modo,
564 3183 680 3214 scilicet
701 3189 846 3223 respectu
869 3183 961 3214 vitae.
983 3185 1030 3213 Ac
1054 3192 1110 3222 per
1132 3183 1203 3219 hoc,
1227 3193 1292 3213 non
1316 3191 1359 3214 te-

301 3228 426 3259 nebitur
454 3227 526 3268 quis
549 3228 608 3258 sub
631 3233 760 3267 peccato
785 3227 910 3258 mortali
934 3226 1122 3267 patrocinari
1146 3237 1258 3258 causae
1281 3237 1359 3267 pau-

301 3272 394 3313 peris,
418 3271 563 3312 quamvis
586 3270 794 3311 opprimatur,
815 3270 840 3301 si
863 3271 999 3311 perditio
1015 3280 1127 3302 causae
1143 3281 1209 3302 non
1225 3271 1360 3311 pertinet

301 3317 340 3347 ad
364 3323 535 3347 extremam
558 3315 639 3345 vitae
663 3315 890 3346 necessitatem.

357 3360 389 3391 Si
405 3367 512 3391 autem
528 3358 662 3390 intendit
675 3359 713 3389 de
728 3365 857 3399 peccato
872 3358 996 3395 veniali,
1013 3358 1139 3390 obstant
1154 3358 1220 3390 tria.
1239 3359 1357 3395 Primo,

301 3404 466 3445 responsio
491 3404 530 3434 ad
553 3403 690 3438 tertium,
716 3402 770 3433 ubi
793 3404 923 3439 Auctor,
946 3412 1088 3443 expresse
1103 3403 1296 3443 respondens
1312 3413 1358 3433 ar-

301 3455 454 3488 gumento
478 3448 516 3478 de
540 3454 719 3488 praecepto,
744 3446 819 3477 dicit
841 3446 1058 3478 necessitatem
1081 3447 1114 3477 in
1138 3457 1270 3487 corpore
1288 3447 1358 3477 arti-

302 3492 364 3523 culi
379 3492 517 3533 positam
532 3501 658 3522 causare
675 3490 826 3521 debitum.
850 3507 871 3513 —
895 3490 1052 3527 Secundo,
1069 3491 1271 3531 quorundam
1291 3491 1360 3531 opi-

302 3535 357 3566 nio
381 3535 574 3567 credentium
599 3545 665 3566 esse
689 3534 821 3565 mortale
851 3541 1016 3574 peccatum
1040 3534 1083 3573 si,
1108 3535 1261 3565 advocato
1293 3544 1358 3564 non

1404 810 1630 852 patrocinante,
1647 820 1768 850 pauper
1784 811 1816 841 in
1833 812 1973 842 notabile
1989 813 2144 842 damnum
2158 812 2299 843 incurrit.
2313 830 2333 835 -
2345 812 2465 843 Tertio,

1404 855 1454 886 ius
1478 853 1630 893 scriptum
1654 853 1826 894 disponens
1843 856 1932 895 quod
1951 856 2082 896 pauperi
2105 857 2155 886 vel
2179 864 2307 897 propter
2322 857 2465 897 inopiam

1404 898 1454 928 vel
1483 904 1612 938 propter
1641 898 1789 928 adversae
1817 899 1913 938 partis
1944 899 2119 939 potentiam
2147 900 2262 931 carenti
2293 900 2467 936 advocato,

1405 942 1500 973 iudex
1522 941 1575 972 det
1597 941 1798 978 advocatum,
1823 943 1966 982 cogendo
1982 943 2088 979 illum;
2113 951 2143 974 et
2159 944 2321 974 nolentem
2338 945 2466 974 obedire

1406 991 1512 1026 potest
1534 985 1661 1025 punire:
1693 992 1728 1015 ut
1747 992 1832 1025 patet
1856 985 1886 1016 ff.
1903 987 1943 1016 de
1969 986 2084 1027 Officio
2106 987 2293 1018 Proconsul.
2315 994 2345 1018 et
2367 989 2466 1028 Leg.,

1406 1030 1427 1061 1.
1444 1029 1513 1061 Nec
1535 1029 1718 1069 quidquam,
1739 1029 1888 1060 adiuncto
1914 1029 1951 1061 C.
1973 1031 2014 1061 de
2026 1031 2161 1069 Postul„
2178 1032 2197 1062 l.
2218 1032 2466 1062 Providendum.

1407 1074 1479 1103 Hoc
1503 1079 1611 1103 autern
1630 1082 1696 1102 non
1712 1079 1793 1103 esset
1808 1072 1833 1102 si
1849 1083 1915 1103 non
1932 1079 2089 1105 teneretur
2106 1075 2177 1115 quis
2193 1076 2340 1115 pauperis
2357 1085 2468 1105 causae

1407 1116 1597 1158 patrocinari
1620 1126 1694 1146 cum
1718 1116 1807 1147 aliter
1828 1127 1895 1147 non
1918 1124 2022 1157 potest
2044 1118 2198 1149 iustitiam
2215 1129 2306 1149 suam
2322 1119 2413 1150 tueri.

1463 1161 1516 1192 111.
1539 1160 1590 1190 Ad
1613 1159 1755 1200 primum
1778 1161 1942 1191 dubium*
1965 1161 2079 1192 dicitur
2100 1163 2189 1202 quod
2215 1172 2326 1193 sensus
2349 1163 2468 1193 litterae

1380 1217 1382 1240 ς
1408 1204 1582 1235 sumendus
1613 1210 1660 1235 est
1688 1203 1775 1234 iuxta
1805 1204 1971 1236 materiam
2001 1205 2185 1236 subiectam.
2217 1206 2252 1236 Iu
2281 1206 2468 1239 huiusmodi

352 1251 387 1282 Iu
409 1249 542 1283 articulo
565 1249 670 1289 primo
701 1248 844 1280 eiusdem
873 1246 1068 1289 quaestionis
1091 1246 1354 1288 septuagesimae·
1381 1245 1382 1280 l

1409 1248 1495 1279 enim
1527 1246 1700 1278 moralibus
1736 1247 1769 1278 in
1797 1248 1977 1288 particulari
2006 1255 2082 1280 tunc
2110 1249 2143 1280 in
2174 1256 2327 1291 promptu
2357 1250 2470 1282 dicitur

1381 1317 1382 1324 ,
1407 1302 1557 1333 apparere
1581 1291 1698 1322 modus
1721 1300 1788 1332 quo
1812 1298 1918 1332 potest
1940 1293 2110 1330 subveniri,
2131 1294 2262 1335 quando
2284 1295 2404 1335 absque
2422 1294 2469 1324 in-

292 1340 293 1347 *
326 1339 333 1346 '
354 1338 386 1369 in
403 1341 556 1378 promptu
572 1342 729 1377 appareat
750 1335 908 1377 quomodo
931 1336 960 1366 ei
982 1335 1079 1366 aliter
1099 1334 1263 1366 subveniri
1280 1344 1355 1375 pos·
1381 1332 1383 1342 '

1381 1411 1383 1418 ,
1407 1380 1462 1411 sed
1490 1379 1634 1421 potentia
1662 1380 1869 1420 probabiliter
1900 1381 2123 1421 coniungenda
2153 1382 2254 1413 actui:
2287 1388 2323 1412 ut
2346 1382 2372 1413 si
2398 1382 2470 1423 quis

1407 1336 1579 1377 quisitione
1595 1335 1726 1366 offertur
1739 1336 1856 1367 modus
1880 1347 1946 1378 quo
1965 1343 2072 1377 potest
2095 1347 2161 1368 non
2183 1337 2468 1379 qualitercumque,

1406 1424 1492 1455 videt
1514 1433 1688 1464 pauperem
1706 1424 1810 1454 vexari
1834 1431 1864 1455 et
1887 1424 1944 1457 scit
1967 1425 2059 1456 illum
2081 1425 2197 1456 habere
2220 1425 2350 1456 stan-em
2374 1427 2470 1456 advo-

1409 1475 1533 1504 catum,
1557 1468 1630 1498 satis
1654 1467 1687 1498 in
1710 1474 1862 1508 promptu
1885 1469 1971 1499 videt
2000 1470 2167 1510 quomodo
2197 1476 2303 1510 potest
2325 1470 2353 1500 ei
2383 1470 2472 1501 aliter

1409 1511 1567 1543 subveniri
1591 1521 1665 1542 cum
1689 1510 1799 1542 effectu
1823 1512 2042 1551 probabiliter;
2066 1520 2096 1544 et
2119 1513 2263 1544 similiter
2284 1513 2309 1544 si
2331 1513 2396 1544 scio
2418 1513 2472 1544 ali—

1408 1566 1506 1597 quem
1529 1565 1596 1586 esse
1613 1555 1774 1595 captivum
1796 1555 1965 1586 habentem
1988 1556 2097 1587 fratres
2113 1557 2235 1594 divites,
2260 1557 2334 1588 satis
2357 1559 2471 1598 proba-

1409 1599 1471 1630 bile
1486 1606 1533 1630 est
1555 1599 1645 1640 quod
1668 1598 1822 1630 rediment
1845 1608 1937 1636 eum;
1962 1606 1992 1630 et
2015 1601 2060 1631 sic
2075 1601 2114 1630 de
2130 1601 2208 1633 aliis.
2231 1601 2305 1631 Non
2328 1601 2471 1642 loquitur

1409 1653 1485 1684 ergo
1508 1645 1630 1674 Auctor
1652 1642 1686 1672 in
1709 1652 1783 1673 casu
1813 1653 1880 1683 quo
1904 1651 2034 1683 apparet
2055 1644 2123 1684 ipsa
2147 1645 2314 1675 subventio
2343 1645 2376 1675 in
2400 1652 2471 1676 actu

1409 1687 1555 1724 exercito,
1579 1686 1654 1727 quia
1676 1693 1753 1717 tunc
1775 1696 1842 1717 uon
1859 1694 1940 1718 esset
1957 1687 1990 1717 in
2007 1697 2081 1718 casu
2096 1689 2298 1723 necessitatis.
2315 1689 2370 1719 sed
2389 1696 2473 1720 extra

1382 1756 1384 1760 .
1409 1732 1642 1763 necessitatem:
1675 1731 1730 1761 sed
1758 1731 1888 1771 quando
1912 1732 2079 1762 subventio
2111 1739 2241 1774 apparet
2262 1732 2295 1762 in
2319 1739 2471 1773 promptu

1409 1775 1517 1808 futura
1538 1775 1625 1806 iuxta
1647 1774 1822 1805 humanam
1841 1775 2104 1807 aestimationem.
2129 1776 2170 1807 Et
2192 1783 2380 1817 proptereaa
2395 1787 2473 1807 usus

1410 1827 1456 1851 est
1478 1819 1639 1861 potentiae
1663 1818 1808 1849 nomine:
1834 1825 1866 1849 et
1887 1819 1975 1850 nulla
1998 1826 2045 1850 est
2068 1820 2238 1851 diminutio
2261 1820 2294 1850 in
2318 1830 2367 1851 eo.

1466 1864 1519 1895 IV.
1543 1864 1594 1894 Ad
1610 1863 1787 1893 secundum
1800 1863 1818 1882 *
1834 1863 1949 1894 dicitur
1971 1864 2070 1904 quod,
2089 1874 2163 1895 cum
2178 1867 2300 1895 Auctor
2322 1865 2474 1905 loquatur

1411 1909 1449 1939 de
1473 1907 1681 1939 subventione
1704 1917 1786 1948 quae
1810 1913 1856 1938 est
1878 1908 2114 1943 misericordiae
2134 1918 2227 1948 opus,
2250 1917 2316 1938 non
2339 1919 2473 1949 possum

1408 1951 1583 1992 intelligere
1606 1951 1694 1992 quod
1716 1951 1868 1992 loquatur
1892 1952 1930 1985 de
1954 1951 2148 1992 obligatione
2170 1953 2290 1993 peccati
2313 1953 2472 1989 mortalis,

1411 1996 1471 2028 nisi
1486 1996 1520 2027 in
1536 2005 1610 2027 casu
1627 2005 1693 2036 quo
1714 1996 1920 2026 succumbere
1935 2002 1966 2026 et
1981 1996 2120 2037 opprimi
2135 1996 2169 2026 in
2185 2006 2279 2027 causa
2293 1996 2346 2033 illa
2369 1997 2408 2027 ad
2423 2007 2472 2028 ex-

1410 2048 1545 2072 tremam
1563 2038 1781 2070 necessitatem
1799 2046 1962 2079 spectaret.
1987 2040 2086 2077 Quod
2108 2040 2184 2081 quia
2208 2040 2389 2081 contingere
2413 2051 2471 2081 po-

1384 2113 1386 2122 ,
1410 2091 1486 2122 test,
1510 2085 1583 2115 ideo
1611 2086 1733 2114 Auctor
1761 2083 1940 2114 indistincte
1969 2084 2097 2114 locutus
2126 2091 2191 2120 est,
2221 2084 2355 2115 dicendo
2383 2086 2473 2125 quod

1384 2142 1386 2158 ε
1411 2136 1535 2161 tenetur
1557 2128 1738 2164 subvenire,
1764 2134 1795 2159 et
1817 2137 1883 2158 non
1906 2127 2092 2167 explicando
2116 2129 2268 2165 modurn,
2293 2139 2333 2159 an
2357 2129 2474 2160 scilicet

1384 2191 1386 2214 2
1410 2172 1573 2204 venialiter
1594 2172 1646 2202 vel
1669 2172 1842 2203 mortaliter
1864 2178 1972 2212 peccet
2000 2182 2066 2203 non
2094 2172 2334 2212 patrocinando.
2364 2174 2472 2210 Quan-

288 2218 390 2259 ›quud
412 2218 494 2250 idem
509 2222 558 2248 est
577 2217 630 2247 hic
650 2216 818 2247 dicendum
842 2216 926 2257 quod
947 2225 1047 2256 supra
1068 2216 1108 2247 de
1121 2216 1197 2250 aliis
1211 2216 1359 2256 operibus
1384 2230 1386 2256 ³,

299 2262 539 2294 misericordiae
560 2260 678 2292 dictum
707 2265 762 2291 est.
792 2259 926 2291 Constat
948 2266 1054 2290 autem
1084 2260 1175 2301 quod
1197 2259 1358 2300 superius,
1384 2260 1386 2270 ³

1412 2218 1517 2258 doque
1541 2226 1680 2256 namque
1703 2223 1784 2246 esset
1806 2223 1972 2256 peccatum
1987 2217 2132 2254 mortale,
2157 2224 2187 2247 et
2209 2216 2404 2257 quandoque
2419 2227 2473 2248 ve—

1411 2261 1492 2292 niale
1505 2284 1512 2298 ,
1535 2260 1623 2291 iuxta
1652 2267 1798 2290 naturam
1821 2260 2022 2291 necessitatis.
2059 2261 2156 2298 Quod
2186 2260 2376 2302 explicatum
2406 2271 2473 2292 esse

1410 2305 1512 2336 voluit
1535 2314 1591 2344 per
1613 2304 1666 2334 illa
1687 2303 1782 2334 verba
1804 2303 1837 2334 in
1860 2304 2016 2344 principio
2041 2304 2181 2344 corporis
2201 2304 2332 2341 articuli,
2357 2305 2474 2336 scilicet

1412 2350 1502 2391 quod
1525 2349 1607 2379 idem
1627 2353 1673 2379 est
1694 2348 1746 2378 hic
1768 2348 1936 2379 dicendum
1960 2348 2045 2388 quod
2059 2358 2159 2388 supra
2182 2348 2222 2378 de
2236 2349 2311 2379 aliis
2325 2349 2472 2388 operibus

1413 2392 1652 2424 miseridordiae
1673 2392 1791 2422 dictum
1808 2397 1864 2422 est.
1956 2427 1961 2434 ,

1467 2436 1647 2476 Tripliciter
1670 2445 1744 2475 ergo
1769 2445 1862 2466 causa
1893 2435 2040 2475 pauperis
2064 2445 2225 2466 occurrere
2249 2442 2354 2476 potest
2376 2437 2473 2467 advo-

1413 2488 1494 2513 cato.
1517 2480 1636 2516 Primo,
1649 2480 1689 2510 ad
1706 2486 1878 2510 extremam
1893 2486 2036 2520 spectans
2051 2479 2268 2510 necessitatem
2281 2479 2472 2520 simpliciter.

1411 2526 1452 2556 Et
1466 2532 1543 2556 tunc
1558 2530 1682 2555 tenetur
1700 2524 1759 2554 sub
1775 2529 1905 2564 peccato
1927 2523 2064 2562 mortali,
2089 2523 2116 2553 si
2138 2524 2218 2554 alius
2242 2533 2307 2554 non
2327 2532 2474 2564 appareat

1410 2569 1468 2610 qui
1483 2568 1649 2599 subveniat
1667 2575 1811 2608 tempore
1827 2577 1896 2598 su0.
1914 2585 1934 2590 -
1951 2567 2108 2604 Secundo,
2126 2574 2161 2598 ut
2177 2568 2216 2598 ad
2234 2578 2382 2608 magnam
2396 2579 2473 2608 pau-

1412 2613 1494 2654 peris
1518 2612 1736 2643 necessitatem
1759 2618 1912 2652 spectans.
1939 2612 1980 2642 Et
2001 2618 2087 2647 tunc,
2105 2612 2129 2641 si
2153 2612 2232 2642 alius
2255 2622 2322 2642 non
2345 2620 2474 2652 apparet

1412 2657 1468 2699 qui
1487 2667 1546 2687 suo
1564 2656 1730 2687 subveniat
1745 2661 1899 2696 tempore,
1915 2662 2048 2692 tenetur,
2065 2656 2119 2686 sed
2147 2666 2212 2686 non
2229 2657 2287 2687 sub
2304 2657 2439 2687 mortali.
2452 2674 2473 2679 -

1411 2701 1540 2737 Tertio,
1569 2700 1699 2741 quando
1727 2708 1856 2740 apparet
1887 2699 1968 2731 alius
1998 2699 2221 2740 patrocinator.
2258 2700 2299 2731 Et
2331 2707 2406 2731 tunc
2435 2701 2473 2730 de

1412 2745 1547 2777 consilio
1572 2751 1618 2775 est
1641 2753 1772 2784 operam
1796 2753 1888 2774 suam
1910 2744 2142 2784 praeveniendo
2165 2744 2358 2784 impendere.

1466 2789 1519 2820 Ad
1541 2788 1642 2829 prima
1665 2797 1740 2827 ergo
1763 2787 1887 2818 obiecta
1916 2797 1981 2819 non
2006 2794 2133 2828 oportet
2155 2787 2244 2818 aliter
2265 2788 2472 2828 respondere:

1411 2832 1487 2873 quia
1509 2831 1574 2863 iam
1596 2838 1681 2872 patet
1705 2841 1741 2862 ex
1763 2831 1853 2862 dictis
1877 2832 1966 2872 quod
1989 2831 2161 2862 conformis
2178 2838 2224 2862 est
2247 2830 2399 2862 sententia
2415 2832 2473 2862 ista

1411 2885 1507 2917 supra
1530 2875 1620 2906 dictis
1643 2882 1673 2906 et
1695 2875 1821 2906 rationi.

1466 2920 1505 2951 V.
1525 2919 1576 2950 Ad
1599 2919 1722 2950 obiecta
1743 2929 1819 2949 vero
1843 2919 1982 2949 secundo
2006 2918 2079 2949 loco
2094 2918 2121 2955 *,
2144 2919 2182 2949 de
2206 2919 2398 2959 obligatione
2420 2929 2472 2949 ve-

1411 2963 1497 3000 niali,
1512 2963 1735 3004 respondendo
1759 2962 1886 2993 dicitur:
1910 2963 1950 2992 ad
1972 2962 2114 3002 primum
2137 2963 2277 3003 quidem,
2295 2964 2383 3003 quod
2406 2966 2471 2994 Au-

1412 3014 1480 3038 ctor
1495 3017 1562 3038 non
1584 3007 1726 3048 loquitur
1742 3007 1885 3038 distincte
1909 3007 1947 3037 de
1969 3006 2098 3037 viuculo
2115 3007 2242 3038 mortali
2265 3014 2319 3038 aut
2342 3007 2471 3043 veniali,

1411 3051 1466 3082 sed
1489 3051 1522 3081 in
1545 3051 1720 3082 communi.
1739 3051 1780 3081 Et
1795 3057 1970 3091 propterea,
1991 3051 2153 3081 tractando
2177 3058 2390 3091 praeceptum,
2407 3062 2472 3082 nou

1411 3095 1574 3136 respondit
1597 3095 1686 3135 quod
1702 3101 1748 3125 est
1771 3095 1915 3126 debitum
1930 3095 2073 3131 mortale,
2091 3095 2145 3125 sed
2161 3096 2249 3136 quod
2269 3102 2315 3126 est
2330 3095 2472 3126 debitum

1412 3149 1448 3170 ex
1471 3139 1625 3170 antedicta
1648 3139 1840 3175 necessitate,
1865 3138 2033 3170 coniuncta
2054 3149 2128 3170 curn
2151 3139 2274 3175 maiori,
2292 3140 2472 3170 necessitate

1412 3183 1527 3214 scilicet
1551 3190 1696 3219 extrema,
1721 3193 1819 3224 quam
1841 3183 1874 3213 in
1898 3183 2054 3223 principio
2081 3183 2232 3223 corporis,
2257 3183 2419 3213 referendo
2440 3194 2472 3214 se

1413 3228 1451 3258 ad
1482 3227 1626 3267 superius
1655 3227 1737 3257 dicta
1767 3227 1806 3257 de
1836 3227 1985 3267 operibus
2016 3227 2262 3263 misericordiae,
2295 3237 2471 3267 expressam

1413 3282 1479 3302 esse
1504 3271 1633 3302 censuit.

1467 3315 1518 3346 Ad
1539 3315 1715 3346 secundum
1727 3324 1813 3350 vero,
1830 3315 1918 3355 quod
1935 3315 2072 3345 dicentes
2088 3324 2216 3354 peccare
2232 3314 2405 3345 mortaliter
2421 3315 2472 3344 ad-

1411 3366 1561 3390 vocatum
1585 3369 1651 3389 non
1672 3359 1870 3390 exhibentem
1893 3358 2104 3398 patrocinium
2119 3359 2249 3399 pauperi
2272 3358 2365 3398 gratis
2387 3359 2470 3388 unde

1412 3413 1533 3444 pauper
1556 3403 1694 3434 notabile
1718 3403 1872 3433 damnum
1894 3402 2033 3438 incurrit,
2051 3403 2168 3442 absque
2193 3401 2400 3432 fundamento
2424 3402 2471 3432 lo-

1413 3447 1468 3488 qui
1490 3447 1646 3478 videntur.
1671 3447 1834 3484 Quoniam
1856 3456 1892 3476 ex
1904 3452 2071 3486 praecepto
2092 3445 2226 3476 caritatis
2247 3456 2310 3476 uon
2327 3453 2471 3476 tenemur

1412 3492 1470 3521 sub
1487 3491 1613 3521 mortali
1630 3498 1758 3531 peccato
1775 3490 1813 3520 ad
1830 3490 2082 3520 subveniendum
2098 3489 2243 3530 proximo
2260 3490 2379 3520 ratione
2396 3500 2470 3520 suae

1412 3535 1603 3566 necessitatis
1628 3534 1774 3574 praecise,
1800 3534 1857 3564 nisi
1879 3533 1918 3564 sit
1937 3541 2087 3564 extrema:
2113 3534 2150 3564 de
2167 3534 2219 3564 tali
2236 3534 2320 3564 enirn
2338 3534 2470 3564 Ioannes

2491 381 2501 390 ⁸
2515 379 2541 401 Iu
2555 386 2662 407 corpore.

2492 534 2503 545 ⁸
2515 532 2576 554 lbid.

2493 1166 2504 1178 ⁸
2518 1166 2590 1188 Num.
2601 1172 2617 1188 1.

2496 1866 2508 1878 '¹
2523 1867 2595 1889 Num.
2609 1873 2635 1889 ιι.

2499 2929 2509 2938 ’
2529 2927 2599 2949 Num.
2625 2933 2656 2954 n,
2682 2927 2712 2949 Si

2499 2955 2583 2975 autem.
