2860 4244
281 730 300 746 q,
443 693 572 740 religio
601 705 681 730 non
713 693 758 730 sit
784 694 1034 742 praeferenda
1068 695 1148 732 aliis
1176 697 1292 733 virtu-

247 748 258 788 “,
278 743 366 800 ’(ρς,
389 745 543 782 tibus
562 746 783 782 moralibus.
813 747 997 783 Perfectio
1019 748 1120 785 enim
1145 749 1292 786 virtutis

251 786 381 830 ”sffffiffi
398 791 427 831 Ἃ
443 798 599 835 moralis
635 798 805 835 consistit
838 799 876 836 in
904 801 980 836 hoc
1007 802 1111 850 quod
1149 802 1293 850 attingit

29 878 32 880 >
50 855 201 878 απυδ-ΤΒ·
230 849 419 887 medium:
438 857 481 887 ut
499 858 602 899 patet
620 851 659 888 in
679 853 711 888 II
730 853 849 889 Ethic.
870 852 891 874 ’¹‘
919 853 996 890 Sed
1016 854 1144 902 religio
1165 855 1293 892 deficit

59 887 91 910 vr,
106 887 147 904 vn.

230 902 268 940 in
296 902 514 951 attingendo
544 904 715 941 medium
743 905 923 942 iustitiae:
954 906 1043 955 quia
1071 918 1150 944 non
1169 907 1292 944 reddit

231 1007 309 1045 aliis
337 1008 539 1046 virtutibus
567 1010 788 1048 moralibus.

244 1092 246 1094 .
284 1072 319 1098 2.
337 1062 570 1110 PRAETEREA,
592 1064 629 1100 in
648 1063 706 1100 his
721 1075 820 1112 quae
838 1064 1059 1101 hominibus
1075 1070 1092 1086 α
1112 1064 1291 1101 exhiben-

229 1121 301 1161 tur,
322 1121 426 1152 tanto
444 1115 596 1153 videtur
619 1116 759 1165 aliquid
785 1128 866 1153 esse
894 1117 1118 1154 laudabilius
1147 1125 1290 1166 quanto

229 1231 315 1257 Lvut
333 1221 374 1258 *ε
401 1222 560 1271 Frange
577 1222 756 1258 esurienti
773 1233 915 1270 panem
936 1228 1052 1259 tuum.
1084 1223 1161 1260 Sed
1185 1225 1291 1260 Deus

230 1285 309 1310 non
337 1273 478 1321 indiget
505 1274 632 1322 aliquo
660 1274 765 1322 quod
795 1274 828 1311 ei
861 1287 883 1311 a
911 1275 1021 1312 nobis
1050 1276 1289 1314 exhibeatur:

195 1343 203 1351 ·
229 1326 440 1363 secundum
469 1326 560 1364 illud
587 1327 727 1364 Psalm.
748 1328 788 1364 *ε
817 1328 914 1365 Dixi
931 1327 964 1365 βε
993 1330 1098 1366 Deus
1121 1341 1226 1367 meus
1253 1342 1292 1367 es

228 1383 280 1425 aa,
309 1380 703 1431 quonigrsnfhonorum
739 1392 910 1418 meorum
941 1393 1015 1419 non
1044 1394 1143 1432 eges.
1188 1384 1290 1431 Ergo

228 1430 368 1479 religi&
381 1429 539 1470 Videtur
573 1433 699 1470 minus
737 1433 934 1471 laudabilis
971 1435 1051 1472 aliis
1078 1436 1289 1483 virtutibus,

227 1495 307 1533 per.
325 1497 420 1534 quas
447 1486 670 1523 hominibus
698 1487 932 1526 subvenitur.

284 1538 319 1575 3.
339 1539 573 1587 PRAETEREA,
594 1547 737 1588 quanto
763 1540 906 1588 aliquid
934 1541 977 1577 fit
1005 1553 1050 1577 ex
1071 1541 1207 1578 maiori
1226 1553 1291 1578 ne—

227 1749 352 1787 maius
381 1750 571 1798 debitum,
601 1751 653 1788 ibi
681 1759 738 1789 est
775 1752 899 1789 maior
930 1752 1147 1790 necessitas.
1191 1753 1290 1790 Cum

227 1801 339 1850 ig'nur
364 1803 451 1840 Deo
479 1803 644 1841 maxime
674 1805 720 1841 sit
748 1805 919 1842 debiturn
948 1806 1053 1855 quod
1082 1806 1115 1843 ei
1143 1807 1192 1843 ab
1223 1807 1293 1843 ho-

228 1854 332 1893 mine
361 1856 578 1904 exhibetur,
607 1857 760 1895 videtur
786 1859 893 1907 quod
928 1858 1058 1907 religio
1094 1859 1138 1896 sit
1166 1859 1293 1896 minus

227 1907 426 1946 laudabilis
453 1910 551 1947 inter
575 1909 735 1948 virtutes
763 1912 963 1949 humanas.

239 1966 244 1975 ²
282 1961 358 1999 SED
377 1973 525 2000 CONTRA
543 1974 610 2000 Es‘r
629 1964 733 2012 quod
751 1965 876 2002 Exod.
891 1977 939 2002 xx
957 1973 1152 2014 ponuntur
1165 1966 1292 2014 primo

227 2022 433 2064 praecepta
476 2016 526 2053 ad
567 2017 785 2065 religionem
821 2018 1066 2066 pertinentia,
1109 2027 1290 2068 tanquam

226 2067 444 2117 praecipua.
489 2069 597 2107 Ordo
634 2077 763 2107 autem
795 2079 1091 2121 praeceptorum
1129 2085 1292 2121 propor-

279 2189 311 2222 α)
326 2189 484 2216 hominibus.
496 2204 516 2210 —
532 2191 654 2217 omnibus
671 2192 888 2226 ABCEFHlex.

275 2223 306 2259 β)
326 2225 438 2251 Dixi.-
455 2226 518 2252 Om.
537 2227 567 2257 D,
589 2227 703 2253 Domine
721 2229 791 2253 addit
808 2236 834 2259 a,
856 2229 971 2255 Domino
990 2231 1060 2255 addit
1078 2231 1106 2256 P.

278 2261 306 2295 γ)
326 2261 474 2286 necessitas.
486 2275 506 2280 -
523 2262 592 2287 enim
613 2263 711 2288 addunt
729 2263 807 2289 PDG.

256 2419 279 2441 u
295 2410 428 2442 articulo
448 2419 535 2442 sexto
562 2413 703 2444 eiusdem
733 2414 928 2455 quaestionis
957 2415 1290 2456 octogesimaeprimae

257 2451 392 2486 dubium
420 2456 557 2487 occurrit
579 2457 619 2487 ad
642 2458 824 2495 hominem,
850 2466 881 2489 et
909 2459 1100 2500 simpliciter.
1131 2461 1214 2490 Nam
1238 2470 1290 2491 su-

225 2498 332 2540 perius
345 2499 379 2530 in
394 2509 449 2541 qu.
462 2511 545 2537 Lvm,
559 2508 615 2532 art.
629 2502 696 2538 ult„
717 2505 838 2533 Auctor
857 2504 965 2543 posuit
983 2504 1137 2535 iustitiam
1153 2505 1290 2544 primam

225 2542 307 2574 inter
328 2542 458 2575 virtutes
482 2546 627 2576 morales.
660 2546 722 2577 Hic
745 2554 852 2578 autem
875 2548 966 2587 ponit
988 2548 1175 2588 religionem
1199 2559 1287 2589 prae-

226 2587 354 2628 cipuam
383 2588 464 2619 inter
493 2590 630 2620 easdem.
655 2608 675 2612 —
698 2590 888 2631 Simpliciter
917 2599 1041 2628 autem,
1070 2593 1145 2633 quia
1172 2592 1290 2624 iustitia

226 2675 299 2714 hoc,
321 2675 431 2716 religio
455 2677 658 2717 praeferenda
674 2686 720 2709 est
742 2679 888 2717 iustitiae,
913 2680 1009 2711 etiam
1032 2681 1134 2721 legali,
1151 2691 1233 2722 quae
1248 2682 1288 2712 ad

226 2719 351 2750 bonum
375 2730 547 2752 commune
570 2722 750 2754 humanum
774 2724 947 2756 ordinatur.

281 2763 333 2794 Ad
347 2764 411 2795 hoc
433 2765 547 2796 dicitur
569 2767 658 2807 quod
680 2768 876 2808 comparatio
899 2779 1055 2809 praesens,
1078 2769 1118 2799 ad
1141 2769 1286 2806 litteram,

226 2817 292 2838 non
315 2806 352 2838 fit
373 2809 434 2839 nisi
457 2809 538 2840 inter
560 2818 683 2850 partem
706 2818 736 2842 et
759 2819 897 2852 partem:
931 2820 962 2844 et
985 2823 1049 2844 non
1078 2813 1160 2844 inter
1182 2821 1287 2844 totum

226 2949 263 2970 ea
278 2950 360 2981 quae
379 2940 527 2980 religiosi,
545 2942 625 2973 sicut
648 2952 684 2973 ea
706 2953 790 2983 quae
811 2946 979 2984 temperati
1001 2950 1032 2975 et
1045 2955 1129 2985 quae
1135 2945 1239 2986 fortis
1253 2945 1286 2982 *;

226 2984 311 3015 unde
335 2990 366 3015 et
387 2985 471 3024 leges
494 2986 575 3016 latae
593 2986 798 3018 inveniuntur
821 2988 859 3018 de
877 2988 925 3018 his
949 2998 1031 3028 quae
1047 2989 1086 3019 ad
1102 2989 1288 3028 religionem

225 3035 376 3068 spectant.
400 3029 475 3060 Non
500 3030 585 3060 enim
607 3030 744 3070 perfecta
764 3038 844 3062 esset
865 3032 982 3063 iustitia
1004 3033 1112 3072 legalis
1136 3033 1195 3063 nisi
1220 3034 1288 3063 red-

226 3073 332 3103 dendo
355 3073 425 3103 Deo
445 3074 589 3105 debitum
608 3074 776 3112 ordinaret,
797 3086 863 3106 non
879 3076 984 3107 minus
1008 3086 1106 3117 quam
1129 3076 1286 3116 proximo.

225 3117 357 3157 Propter
380 3118 469 3157 quod
492 3127 558 3148 non
581 3125 628 3149 est
650 3129 668 3148 a
690 3119 826 3150 iustitiae
849 3120 957 3160 legalis
979 3119 1041 3151 fine
1063 3120 1184 3151 alienus
1201 3121 1287 3152 Deus

226 3167 263 3192 ut
284 3160 355 3203 finis
379 3167 426 3192 est
448 3163 552 3193 cultus
571 3162 629 3193 sibi
653 3173 708 3203 per
723 3163 910 3204 religionem
925 3164 1106 3196 exhibendi:
1132 3175 1206 3196 cum
1229 3176 1287 3206 po-

225 3204 298 3243 tius,
323 3205 404 3236 sicut
426 3206 467 3236 ad
489 3216 560 3237 eam
583 3214 724 3247 spectant
746 3207 825 3238 fines
849 3216 1023 3239 ceterarum
1045 3209 1199 3240 virtutum
1217 3219 1287 3240 mo-

225 3249 341 3280 ralium
364 3250 618 3290 particularium,
641 3251 684 3282 ita
707 3252 747 3282 ad
770 3253 904 3283 eandem
927 3259 1047 3293 spectat
1069 3252 1140 3284 finis
1162 3253 1288 3294 religio·

225 3293 286 3324 nis.
308 3311 330 3317 -
352 3294 419 3324 Nec
443 3295 546 3326 obstat
568 3295 658 3336 quod
679 3295 778 3327 finem
796 3296 888 3327 illum
907 3307 973 3328 non
988 3297 1112 3328 ordinat
1135 3298 1175 3328 ad
1199 3308 1287 3328 com-

225 3347 324 3368 mune
347 3339 486 3368 bonum:
507 3339 588 3370 sicut
602 3349 660 3370 nec
676 3340 796 3380 religio,
811 3340 884 3372 licet
906 3341 946 3372 sit
968 3341 1163 3382 particularis
1178 3342 1285 3379 virtus,

224 3380 318 3413 illum
339 3381 437 3412 finem
459 3383 499 3413 ad
518 3393 690 3414 commune
709 3385 833 3415 bonum
848 3385 985 3422 ordinat;
1009 3386 1084 3427 quia
1107 3386 1170 3417 hoc
1192 3396 1285 3427 repu-

225 3433 302 3465 gnat
329 3426 382 3456 tali
410 3425 476 3457 fini.
510 3427 571 3458 Sed
598 3426 714 3458 sufficit
739 3429 827 3469 quod
855 3430 1030 3461 bonitatem
1059 3437 1124 3461 tam
1147 3430 1287 3461 hominis

225 3478 324 3510 quam
347 3470 451 3510 operis
466 3471 614 3511 religiosi,
639 3471 671 3501 in
687 3471 749 3502 hoc
764 3472 836 3512 ipso
860 3474 950 3513 quod
972 3474 1042 3509 Deo
1059 3474 1203 3505 debitum
1218 3475 1286 3505 red-

225 3512 279 3544 dat
301 3514 435 3553 cultum,
456 3515 498 3546 ad
522 3525 693 3546 commune
718 3516 840 3547 bonum
864 3517 989 3548 ordinat
1010 3518 1129 3549 iustitia
1150 3518 1286 3559 impera-

225 3556 297 3593 tive,
320 3558 430 3599 religio
454 3560 678 3600 participative.

282 3601 374 3632 Unde
405 3603 444 3633 ad
474 3604 610 3644 primam
640 3604 853 3635 obiectionem
888 3604 1001 3636 dicitur
1027 3606 1115 3646 quod
1146 3606 1217 3637 licet
1239 3617 1284 3637 re-

443 652 466 677 n
487 652 630 678 SExTuM
655 652 710 677 src
737 652 978 678 Pnocamrun.
1008 642 1167 680 Videtur
1186 644 1292 691 quod
1318 645 1320 671 ῑ

230 957 315 993 Deo
335 956 494 993 omnino
515 958 684 1006 aequale.
715 959 817 1006 Ergo
838 959 967 1007 religio
989 971 1066 996 non
1088 967 1143 996 est
1164 960 1293 1008 potior
1318 982 1319 1012 l

230 1167 351 1215 magis
387 1167 568 1216 indigenti
606 1168 821 1206 exhibetur:
863 1170 968 1206 unde
1001 1169 1136 1206 dicitur
1173 1171 1291 1207 Isaiae
1318 1182 1319 1187 ¹

229 1590 411 1640 cessitate,
431 1599 536 1629 tanto
558 1592 684 1630 minus
708 1600 763 1629 est
785 1593 988 1630 laudabile:
1015 1594 1228 1631 secundum
1252 1594 1294 1631 il-

228 1643 324 1685 ludi
344 1645 397 1682 ad
418 1645 505 1683 Cor.
526 1656 562 1682 rx
579 1646 616 1682 *ε
637 1646 680 1682 Si
696 1647 1017 1696 evangelizavero,
1038 1659 1111 1683 non
1132 1653 1186 1684 est
1202 1648 1296 1684 mihi
1318 1651 1320 1685 l

227 1696 375 1746 gloria.-
405 1699 603 1735 necessitas
616 1703 632 1726 Υ
650 1699 744 1736 mihi
761 1700 965 1737 imcumbit.
995 1699 1069 1736 Ubi
1089 1707 1216 1737 autem
1238 1708 1294 1738 est
1318 1706 1320 1713 ’

225 2631 390 2662 ordinatur
412 2633 452 2663 ad
474 2634 674 2673 proximum,
699 2635 810 2675 religio
833 2643 941 2667 autern
964 2637 1004 2667 ad
1027 2637 1149 2667 Deum:
1174 2647 1209 2667 ac
1233 2647 1290 2678 per
1313 2646 1315 2654 ‘

226 2857 257 2882 et
279 2858 411 2892 partem.
443 2853 563 2884 Iustitia
586 2861 693 2885 autem
718 2855 826 2895 legalis
851 2863 881 2887 et
907 2857 1016 2896 religio
1045 2867 1077 2887 se
1106 2857 1224 2888 habent
1253 2865 1288 2888 ut
1314 2865 1315 2868 ’

225 2901 332 2927 totum
355 2903 386 2927 et
408 2906 495 2936 pars:
520 2908 595 2928 nam
618 2899 657 2929 ad
673 2899 824 2930 iustitiam
843 2900 978 2940 legalem
1001 2907 1120 2941 spectat
1142 2901 1288 2932 ordinare
1313 2899 1315 2908 '

882 308 1147 355 QUAESTIO
1179 312 1354 360 LXXXI,
1383 314 1678 351 ARTICULUS
1707 314 1757 351 v1

2339 315 2408 351 183

1049 428 1368 472 ARTICULUS
1397 430 1606 473 SEXTUS

586 510 741 541 UTRUM
765 510 940 541 RELIGIO
963 510 1030 541 SIT
1053 512 1369 544 PRAEFERENDA
1391 514 1500 545 ALIIS
1523 515 1783 546 VIRTUTIBUS
1806 515 2054 547 MORALIBUS

733 579 807 611 Infra,
821 587 868 612 qu.
886 587 1002 611 uxxvnr,
1023 586 1069 606 art.
1090 580 1121 610 63
1143 582 1183 606 De
1202 583 1273 616 Pers.
1294 583 1343 608 Vir.
1363 583 1467 615 Spirit„
1487 591 1542 615 cap.
1560 592 1609 614 x11;
1631 584 1726 614 Quodl.
1747 585 1789 615 Vl,
1808 593 1853 617 qu.
1874 593 1908 610 vr.

1346 645 1512 681 tionatur
1551 646 1674 682 ordini
1710 647 1913 684 virtutum:
1953 649 2041 697 quia
2073 656 2278 698 praecepta
2316 649 2407 697 legis

1347 697 1484 734 dantur
1500 698 1547 734 de
1567 699 1710 736 actibus
1726 700 1921 737 virtutum.
1952 702 2053 749 Ergo
2074 702 2204 750 religio
2226 710 2282 739 est
2298 714 2407 751 prae-

1347 750 1458 798 cipua
1486 750 1582 787 inter
1609 751 1766 788 virtutes
1795 754 1971 790 morales.
2198 761 2202 764 ⁴

1400 803 1626 840 Responnno
1663 816 1847 842 DICENDUM
1885 806 1989 855 quod
2027 819 2070 843 ea
2099 819 2198 855 quae
2234 815 2322 845 sunt
2357 808 2406 845 ad

1346 855 1464 892 finem
1494 856 1700 893 sortiuntur
1723 858 1933 896 bonitatem
1963 872 2008 896 ex
2037 860 2170 897 ordine
2198 861 2235 898 in
2265 862 2405 898 finem:

1347 915 1384 944 et
1401 908 1488 945 ideo
1518 916 1660 957 quanto
1687 918 1773 947 sunt
1796 911 1863 948 fini
1882 913 2168 961 propinquiora,
2197 921 2301 951 tanto
2322 921 2408 951 sunt

1347 960 1517 997 meliora.
1547 961 1711 998 Virtutes
1738 971 1866 1000 autem
1895 966 2073 1011 morales,
2102 974 2276 1015 utsupra
2294 967 2314 989 '¹‘
2341 968 2406 1003 ha-

1346 1012 1468 1050 biturn
1490 1021 1556 1060 est,
1578 1022 1665 1051 sunt
1684 1015 1781 1051 circa
1802 1028 1846 1052 ea
1867 1029 1965 1065 quae
1985 1018 2206 1056 ordinantur
2225 1019 2262 1056 in
2277 1021 2403 1056 Deum

1346 1066 1442 1102 sicut
1460 1066 1498 1103 in
1519 1067 1649 1104 finem.
1671 1068 1818 1116 Religio
1839 1077 1966 1107 autem
1987 1071 2106 1118 magis
2127 1072 2173 1108 de
2191 1073 2405 1121 propinquo

1347 1119 1493 1156 accedit
1524 1120 1573 1156 ad
1602 1121 1727 1157 Deum
1758 1133 1874 1169 quam
1904 1122 1999 1159 aliae
2027 1124 2184 1161 virtutes
2219 1127 2405 1162 morales:

1346 1172 1573 1221 inquantum
1612 1181 1791 1221 operatur
1819 1186 1863 1211 ea
1892 1187 1990 1223 quae
2025 1176 2164 1213 directe
2203 1185 2238 1214 et
2273 1178 2407 1214 imme-

2433 978 2444 989 ·
2458 977 2510 999 Art.

1318 1268 1319 1272 Ἰ
1346 1225 1446 1262 diate
1475 1226 1697 1263 ordinantur
1729 1226 1768 1264 in
1795 1228 1983 1264 honorem
2015 1229 2199 1266 divinum.
2243 1231 2292 1267 Et
2319 1231 2406 1267 ideo

1318 1310 1320 1332 i
1346 1277 1475 1326 religio
1513 1279 1749 1328 praeeminet
1784 1279 1880 1317 inter
1916 1281 2006 1318 alias
2033 1282 2190 1319 virtutes
2229 1284 2405 1320 morales.

1398 1333 1458 1367 An
1486 1343 1623 1369 prunum
1643 1344 1741 1370 ERGO
1761 1345 1946 1371 melerinum
1965 1335 2070 1382 quod
2090 1336 2170 1372 laus
2194 1336 2340 1372 virtutis
2369 1336 2408 1373 in

1344 1385 1540 1421 voluntate
1556 1385 1735 1432 consistit,
1752 1398 1830 1423 non
1846 1396 1973 1424 autem
1988 1388 2025 1424 in
2040 1395 2238 1436 potestate.
2256 1390 2304 1425 Et
2319 1388 2406 1426 ideo

1346 1438 1510 1474 deficere
1530 1439 1578 1474 ab
1598 1439 1835 1486 aequalitate,
1852 1452 1949 1488 quae
1970 1448 2026 1477 est
2045 1442 2215 1478 medium
2235 1441 2405 1490 iustitiae,

1318 1495 1320 1512 ⁶
1345 1498 1501 1539 propter
1524 1491 1714 1528 defectum
1733 1493 1938 1540 potestatis,
1960 1506 2038 1530 non
2059 1494 2234 1531 diminuit
2252 1495 2405 1532 laudern

1318 1553 1320 1564 ²
1345 1542 1504 1590 virtutis,
1526 1543 1556 1580 si
1575 1557 1653 1580 non
1682 1545 1793 1581 fuerit
1812 1546 1980 1583 defectus
2001 1558 2045 1582 ex
2065 1555 2169 1596 parte
2188 1548 2405 1585 voluntatis.

1398 1597 1458 1632 An
1483 1608 1673 1634 SECUNDUM
1702 1609 1886 1635 DICENDUM
1906 1599 2012 1646 quod
2041 1599 2078 1636 in
2106 1600 2164 1637 his
2184 1612 2283 1649 quae
2303 1601 2406 1637 exhi-

1346 1644 1484 1685 bentur
1502 1650 1573 1685 alte
1596 1650 1603 1655 '
1624 1648 1637 1671 δ
1656 1657 1812 1698 propter
1840 1663 1974 1688 eorum
1996 1652 2203 1699 utilitatem,
2225 1661 2279 1690 est
2307 1654 2408 1690 exhi-

1347 1701 1438 1737 bitio
1466 1662 1692 1739 laudalgilior
1724 1715 1822 1751 quae
1858 1704 1901 1740 fit
1928 1705 2048 1752 magis
2076 1705 2276 1753 indigenti:
2319 1707 2408 1754 quia

1347 1761 1403 1790 est
1421 1754 1556 1791 utilior.
1586 1756 1672 1792 Deo
1692 1763 1820 1792 autern
1845 1769 1924 1793 non
1945 1758 2142 1795 exhibetur
2161 1759 2302 1807 aliquid
2322 1772 2408 1807 pro-

1345 1814 1428 1856 pter
1457 1808 1535 1844 eius
1573 1808 1791 1845 utilitatem:
1830 1810 1898 1846 sed
1933 1819 2089 1859 propter
2117 1812 2196 1852 eius
2234 1812 2404 1859 gloriam,

1346 1868 1515 1897 nostram
1545 1869 1672 1898 autem
1701 1862 1909 1899 utilitatem.

1399 1915 1457 1950 AD
1485 1926 1646 1952 TERTIUM
1674 1926 1859 1952 mcENDuM
1879 1916 1984 1964 quod
2020 1917 2086 1953 ubi
2114 1925 2168 1953 est
2192 1917 2406 1964 necessitas,

1346 1966 1485 2003 tollitur
1511 1967 1627 2015 gloria
1655 1969 1998 2016 supererogationis
2024 1975 2054 2006 ⁸:
2085 1982 2163 2006 non
2191 1978 2317 2007 autem
2346 1983 2408 2007 ex-

1347 2020 1507 2057 cluditur
1534 2021 1712 2058 meritum
1741 2021 1909 2069 virtutis,
1945 2022 1975 2058 si
2003 2023 2100 2060 adsit
2126 2024 2316 2060 voluntas.
2360 2025 2408 2060 Et

1318 2097 1319 2121 ;
1345 2080 1502 2122 propter
1528 2074 1603 2110 hoc
1631 2074 1724 2110 ratio
1753 2087 1832 2111 non
1861 2075 2038 2124 sequitur.

1398 2194 1423 2228 ὃ)
1442 2196 1530 2221 alteri.
1543 2210 1560 2215 -
1580 2196 1642 2221 aliis
1660 2197 1786 2229 quaedam
1807 2197 1942 2222 editiones.

1397 2232 1418 2263 ε)
1438 2232 1722 2265 supererogationis.-
1739 2233 1938 2266 subrogationis
1957 2233 2147 2266 ABEFILpCK.

331 2361 335 2364 Α
906 2333 1239 2369 Commentaria
1263 2336 1514 2369 Cardinalis
1535 2337 1735 2376 Caietam

1341 2416 1418 2456 ligio
1443 2417 1483 2447 sit
1503 2416 1633 2447 inferior
1655 2417 1774 2448 iustitia
1797 2418 1906 2458 legali,
1932 2425 2043 2459 utpote
2071 2428 2143 2459 pars
2166 2419 2265 2459 ipsius
2296 2427 2326 2450 et
2349 2419 2407 2449 im-

1343 2467 1449 2501 perata
1473 2461 1511 2491 ab
1527 2461 1581 2491 illa
1589 2470 1597 2497 ;
1622 2468 1668 2492 est
1691 2470 1798 2492 tamen
1815 2463 1983 2503 praecipua
2007 2473 2079 2502 pars
2094 2462 2240 2500 iustitiae,
2266 2470 2296 2493 et
2318 2474 2407 2504 prae-

1343 2505 1460 2535 eminet
1482 2505 1619 2536 iustitiae
1634 2506 1814 2545 particulari
1837 2513 1900 2537 tam
1919 2507 2164 2538 commutativae
2187 2518 2286 2548 quam
2309 2508 2407 2538 distri-

1342 2549 1478 2580 butivae.
1503 2550 1568 2579 Nec
1593 2550 1780 2590 oppositum
1802 2553 1925 2581 Auctor
1948 2551 2022 2582 alibi
2046 2551 2152 2582 sensit.

1396 2594 1447 2623 Ad
1471 2594 1644 2624 secundam
1666 2604 1742 2625 vero
1766 2595 1996 2632 obiectionem,
2022 2603 2153 2635 negatur
2176 2597 2264 2636 quod
2287 2595 2406 2626 iustitia

1342 2637 1544 2677 restringatur
1567 2638 1608 2668 ad
1631 2638 1824 2678 proximum.
1849 2639 1937 2670 Licet
1961 2639 2047 2670 enim
2066 2640 2105 2670 sit
2128 2641 2166 2670 ad
2186 2640 2329 2676 alterum,
2347 2641 2405 2670 sub

1341 2681 1374 2722 ly
1397 2688 1503 2712 tamen
1527 2682 1666 2712 alterum
1691 2683 1786 2713 etiarn
1809 2684 1896 2714 Deus
1913 2684 1979 2724 ipse
2004 2684 2299 2724 comprehenditur:
2325 2695 2406 2725 quo-

1341 2725 1427 2756 niam
1450 2726 1605 2756 nonnulla
1619 2726 1737 2757 iustitia
1760 2734 1806 2758 est
1829 2728 1958 2758 reddere
1974 2729 2043 2758 Deo
2067 2729 2156 2770 quod
2181 2728 2238 2758 sibi
2263 2729 2403 2764 debetur,

1341 2771 1486 2810 quamvis
1510 2780 1575 2800 non
1599 2771 1699 2810 possit
1722 2771 1808 2801 reddi
1832 2772 1966 2802 omnino
1994 2772 2134 2812 aequale.
2165 2773 2256 2803 Unde
2281 2779 2311 2803 et
2334 2782 2405 2812 pars

1341 2814 1478 2845 iustitiae
1500 2814 1630 2854 ponitur
1652 2815 1761 2855 religio
1777 2815 1805 2846 *.

1397 2859 1505 2888 Potest
1528 2865 1633 2888 tamen
1657 2859 1745 2890 aliter
1767 2859 1838 2896 dici,
1863 2860 1951 2900 quod
1974 2859 2046 2890 licet
2068 2859 2139 2890 finis
2163 2860 2326 2899 proximus
2350 2861 2403 2890 ad-

1341 2909 1559 2942 aequatusque
1581 2902 1718 2933 iustitiae
1740 2903 1849 2943 legalis
1877 2903 1916 2934 sit
1939 2914 2112 2934 commune
2142 2904 2265 2934 bonum
2293 2905 2404 2934 huma-

1341 2956 1431 2982 num,
1455 2946 1526 2976 finis
1550 2952 1656 2976 tamen
1680 2947 1822 2977 eiusdem
1845 2947 2038 2987 particularis
2058 2954 2104 2977 est
2126 2947 2220 2978 etiam
2235 2948 2331 2978 Deus.
2355 2951 2402 2978 Ac

1341 3000 1398 3030 per
1420 2990 1491 3025 hoc,
1517 2999 1583 3019 non
1606 2997 1652 3020 est
1675 2991 1898 3031 postponenda
1921 2991 2076 3030 religioni.

1397 3034 1435 3064 11.
1459 3034 1494 3064 In
1523 3033 1729 3072 responsione
1759 3035 1798 3065 ad
1821 3035 1961 3075 primum
1987 3035 2130 3066 eiusdem
2160 3036 2298 3072 articuli,
2327 3043 2404 3066 nota

1341 3078 1428 3118 quod
1453 3078 1493 3108 ad
1516 3077 1664 3107 virtutem
1682 3079 1838 3109 moralem
1862 3089 1897 3110 ea
1914 3089 1995 3119 quae
2010 3086 2084 3110 sunt
2107 3080 2269 3119 potestatis
2293 3090 2325 3110 se
2348 3080 2403 3110 ha-

1342 3123 1416 3152 bent
1440 3121 1650 3158 materialiter,
1674 3130 1710 3153 ut
1733 3129 1817 3163 patet
1841 3124 1879 3153 de
1899 3123 2014 3154 divitiis
2037 3123 2069 3154 in
2094 3123 2342 3164 magnificentia:
2367 3134 2403 3154 ea

1340 3176 1416 3196 vero
1444 3176 1526 3206 quae
1550 3172 1624 3196 sunt
1646 3167 1818 3198 voluntatis
1847 3177 1880 3198 se
1903 3167 2019 3198 habent
2042 3167 2226 3200 formaliter.
2257 3169 2299 3198 Et
2322 3169 2401 3199 ratio

1342 3217 1388 3241 est
1411 3210 1485 3250 quia
1508 3210 1607 3240 virtus
1630 3211 1759 3241 moralis
1783 3218 1829 3242 est
1851 3212 1976 3242 habitus
2000 3212 2158 3249 electivus,
2176 3219 2212 3243 ut
2234 3212 2347 3242 dicitur
2369 3212 2402 3242 in

1342 3255 1368 3285 11
1384 3255 1487 3285 Ethic.
1503 3254 1536 3284 *z
1561 3260 1592 3284 et
1615 3261 1780 3295 propterea
1805 3255 1944 3286 defectus
1960 3256 1992 3286 in
2009 3266 2103 3295 posse
2126 3266 2192 3286 non
2209 3256 2325 3286 minuit
2347 3256 2400 3286 de·
2428 3255 2509 3304 ’88ῗῇ

1341 3309 1449 3329 eorem
1470 3305 1501 3329 et
1525 3298 1742 3330 excellentiam
1763 3299 1903 3336 virtutis,
1929 3300 1954 3330 si
1978 3300 2059 3330 adsit
2080 3300 2230 3340 perfectio
2253 3300 2287 3330 in
2309 3300 2400 3331 velle.

1341 3343 1382 3374 Et
1396 3343 1468 3373 ideo
1492 3343 1524 3373 in
1538 3341 1641 3373 littera
1657 3343 1771 3374 dicitur
1794 3344 1882 3384 quod
1899 3344 1976 3374 nihil
1999 3344 2159 3383 religionis
2181 3344 2268 3374 laudi
2291 3344 2400 3374 adimi-

1341 3395 1393 3418 tur
1408 3397 1445 3418 ex
1467 3387 1530 3417 hoc
1553 3387 1642 3426 quod
1661 3397 1727 3418 non
1752 3395 1857 3428 potest
1871 3388 2021 3427 attingere
2044 3388 2174 3428 aequale
2198 3388 2399 3428 simpliciter:

1341 3431 1496 3472 quoniam
1520 3430 1631 3469 religio
1659 3431 1780 3471 perficit
1802 3432 2001 3462 voluntatem
2029 3431 2068 3462 ad
2092 3432 2288 3462 reddendum
2317 3432 2402 3462 debi-

1340 3482 1410 3506 tum
1434 3474 1595 3515 possibile,
1619 3485 1655 3505 ac
1678 3486 1734 3516 per
1756 3476 1827 3511 hoc,
1852 3476 1981 3516 aequale
2005 3475 2030 3505 si
2054 3482 2134 3506 esset
2156 3476 2316 3516 possibile.
2344 3478 2399 3507 At-

1340 3520 1535 3550 tendendum
1560 3525 1606 3548 est
1625 3519 1710 3550 enim
1734 3520 1773 3550 ad
1801 3519 1933 3550 formale
1956 3529 2079 3555 rerum,
2104 3526 2135 3550 et
2159 3521 2336 3550 secundum
2363 3520 2400 3550 il-

1339 3563 1396 3594 lud
1427 3562 1676 3603 magnificandae
1699 3570 1782 3593 sunt.

2515 3261 2545 3278 vi.
2557 3261 2580 3277 n.
2592 3261 2619 3283 ¹5·
2628 3267 2639 3272 -

2524 3282 2576 3303 lect.
2599 3288 2640 3304 vn.
