2860 4244
364 206 436 242 124
1034 197 1300 243 QUAESTlo
1332 198 1474 246 LXXI,
1502 200 1799 238 ARTICULUS
1829 202 1859 236 11

114 272 327 319 {iecerint—om.
355 273 578 313 intelligendus
603 282 663 310 est,
689 285 763 306 cum
787 275 860 305 dicit
875 275 905 311 *,
936 275 1000 311 Qui
1022 275 1137 305 viderit
1154 275 1304 316 fintrem
1328 284 1422 306 suum
1447 275 1449 327 1
1477 286 1551 308 cum
1573 285 1710 316 possunt
1733 288 1798 308 non
1821 278 1950 315 faciunt,
1975 285 2121 309 tenentur
2143 279 2184 309 ad
2198 279 2441 312 restitutionem.
2466 281 2536 318 Sed,

103 1432 113 1442 ⁴¹
128 1432 179 1453 Art.
199 1432 304 1459 praeced.

296 1819 299 1825 ·
341 1797 483 1844 clerici;
513 1797 671 1846 quidam
699 1805 828 1835 autem
861 1805 1016 1847 propter
1045 1797 1216 1846 culpam,
1245 1805 1287 1834 ut
1314 1797 1407 1835 infa-

98 2225 108 2235 ⁸
123 2224 179 2246 Can.
196 2224 308 2251 Infantes.

357 319 572 349 necessitatem
597 319 713 349 habere
729 326 801 354 etc.,
827 319 852 348 si
876 319 907 358 ly
930 318 1087 358 quomodo
1111 320 1232 348 caritas
1258 324 1366 349 manet
1389 319 1421 350 in
1476 327 1512 350 ut
1539 321 1685 361 superius
1711 322 1744 352 in
1767 332 1822 363 qu.
1839 333 1900 352 an
1918 322 1936 342 *
1958 324 2080 354 Auctor
2107 322 2200 358 dixit,
2229 329 2307 354 tunc
2335 324 2442 356 solum
2471 335 2537 356 non

355 362 415 392 eo?
439 362 658 402 accipiendum
686 370 732 393 est
755 362 906 402 negative.
931 379 951 385 -
971 365 1014 392 At
1037 361 1061 391 si
1084 368 1176 402 putet
1200 362 1362 403 quispiam
1386 372 1423 392 ex
1447 330 1449 395 i
1476 363 1604 394 obstans
1627 371 1750 396 tenetur
1771 366 1812 396 ad
1835 365 2066 398 restitutionem
2088 366 2219 408 quando
2237 377 2274 398 ex
2287 366 2394 399 officio
2414 375 2539 400 tenetur

354 411 521 445 praecepto
546 406 680 436 iustitiae
703 406 801 436 teneri
825 406 1016 436 advocatum
1040 405 1079 435 ad
1104 405 1322 447 patrocinium
1345 416 1422 446 pau·
1446 407 1448 440 !
1475 408 1616 444 obstare,
1641 416 1676 440 ut
1691 410 1848 450 principes
1863 416 1894 441 et
1909 410 2066 441 custodes.
2091 411 2275 442 Advocatus
2291 418 2399 442 autem
2415 422 2481 443 non
2501 423 2538 444 ex

354 449 445 488 peris,
462 449 641 480 meminerit
663 450 751 489 quod
769 450 793 479 si
818 459 854 480 ex
870 456 1038 490 praecepto
1055 449 1192 480 iustitiae
1217 449 1421 490 obligaretur,
1446 441 1448 495 J
1475 449 1592 488 officio,
1609 452 1684 492 quia
1707 463 1773 484 non
1798 460 1845 485 est
1867 453 2013 494 publicus
2043 453 2201 490 officialis;
2226 455 2281 485 sed
2305 465 2341 486 ex
2361 462 2426 487 arte
2441 457 2537 487 advo-

353 500 407 523 aut
430 500 510 523 esset
533 494 594 523 hoc
619 503 654 523 ex
677 493 795 523 iustitia
812 493 1020 523 distributiva:
1047 499 1078 523 et
1096 493 1158 524 hoc
1175 503 1251 530 non,
1278 494 1353 535 quia
1369 493 1421 525 illa
1446 498 1447 517 1
1475 495 1566 525 candi
1581 496 1675 527 debet
1689 497 1727 527 de
1743 507 1840 538 opera
1855 507 1931 528 suae
1950 498 2023 529 artis
2045 498 2222 529 subvenire.
2247 499 2323 529 Non
2336 499 2432 539 igitur
2451 496 2536 531 tene-

352 544 398 567 est
421 547 438 566 a
462 543 530 567 toto
555 537 594 567 ad
617 543 748 577 partem.
781 539 847 568 Aut
871 547 907 567 ex
930 537 1048 567 iustitia
1073 538 1314 574 commutativa,
1339 548 1421 579 quae
1445 520 1447 595 1

1474 545 1525 569 tur
1540 539 1580 569 ad
1595 539 1828 572 restitutionem
1843 552 1909 572 non
1925 542 2153 579 subveniendo,
2171 552 2229 573 nec
2251 551 2324 573 reus
2341 550 2387 574 est
2401 543 2537 575 violatae

352 587 397 610 est
427 581 506 610 inter
533 587 653 620 partem
682 588 712 611 et
735 587 874 620 partem:
909 588 939 611 et
963 581 1024 611 hoc
1048 591 1131 618 non,
1157 582 1233 622 quia
1264 582 1351 612 nulla
1375 589 1421 612 est
1445 602 1446 608 η
1473 582 1625 619 iustitiae,
1645 591 1775 624 propter
1798 586 1953 616 damnum
1977 586 2116 618 notabile
2139 587 2229 627 quod
2253 596 2374 628 pauper
2395 587 2535 619 incurrit.

351 624 401 654 hic
421 624 629 654 commutatio
646 634 761 660 rerum,
779 625 943 655 actionum
967 631 1022 655 aut
1044 635 1266 665 personarum.
1293 629 1359 656 Aut
1382 636 1419 656 ex
1444 620 1446 648 Ῐ

1527 627 1579 657 Ad
1594 627 1723 658 tertium
1742 628 1857 660 dicitur
1871 630 1960 670 quod
1977 630 2055 666 iura,
2073 630 2130 660 etsi
2154 630 2327 671 disponant
2341 631 2430 671 quod
2445 632 2537 662 detur

350 668 466 697 iustitia
485 667 592 706 legali:
617 674 647 698 et
670 668 731 698 hoc
747 678 823 704 non,
848 669 923 709 quia
942 669 995 699 illa
1015 675 1061 700 est
1083 679 1102 699 a
1125 677 1214 710 parte
1237 670 1276 700 ad
1301 676 1417 701 totum.
1443 662 1445 710 1¹
1472 670 1604 710 pauperi
1619 671 1801 709 advocatus,
1822 682 1890 703 non
1914 681 2020 704 tamen
2044 675 2133 714 quod
2155 675 2250 714 gratis
2266 675 2394 706 serviat:
2419 676 2474 706 sed
2498 676 2536 706 de

350 711 454 741 Aliam
478 711 628 741 iustitiam
651 712 768 743 nescio.
792 730 812 735 —
836 713 995 752 Amplius,
1020 713 1076 753 qui
1099 720 1249 745 tenentur
1273 724 1309 745 ex
1333 724 1418 754 prae·
1443 718 1445 743 P

1443 752 1445 764 ¹
1470 765 1530 789 test
1552 759 1684 794 solvere,
1710 766 1741 790 et
1763 759 1935 791 advocatus
1957 761 2063 792 renuit
2084 762 2179 802 gratis
2202 763 2401 802 patrocinari.

349 762 440 795 cepto
458 755 594 786 iustitiae
609 756 735 786 obstare
751 756 952 787 invasoribus
966 757 1017 787 vel
1035 757 1288 798 oppressoribus,
1307 758 1332 788 si
1355 758 1417 789 hoc

1470 714 1599 754 publico
1623 715 1742 746 aerario
1765 726 1885 747 merces
1908 717 1967 748 sibi
1991 717 2056 748 dari
2079 718 2182 754 debet,
2206 718 2232 748 si
2250 729 2372 759 pauper
2388 729 2454 750 non
2477 730 2536 760 po-

1127 912 1446 955 ARTICULUS
1476 911 1776 955 SECUNDUS

472 1002 628 1034 UTRUM
651 1002 996 1035 CONVENIENTER
1020 1004 1169 1042 ALiQm
1193 1003 1431 1036 SECUNDUM
1455 1004 1558 1036 IURA
1580 1005 1850 1037 ARCEANTUR
1873 1004 1928 1036 AB
1951 1004 2126 1037 OFFICIO
2150 1005 2406 1038 AnvocANffl

1186 1083 1261 1113 Infra,
1280 1090 1326 1116 qu.
1345 1090 1479 1115 cnxxxvm,
1499 1089 1546 1109 art.
1566 1083 1591 1113 3,
1610 1085 1642 1109 ad
1662 1091 1686 1109 2.

378 1171 446 1214 >seat
460 1174 534 1218 iga<
556 1173 578 1198 D
594 1173 786 1199 SECUNDUM
801 1174 855 1199 Sic
875 1173 1116 1200 mosam-run.
1133 1161 1292 1199 Videtur
1307 1162 1414 1210 quod
1439 1160 1440 1199 T

370 1200 528 1271 &¹570
555 1214 871 1252 inconvenienter
890 1214 1004 1264 aliqui
1025 1215 1238 1252 secundum
1254 1214 1335 1251 iura
1356 1225 1412 1251 ar-
1438 1223 1440 1256 3

363 1263 415 1310 ..Vs
462 1311 471 1318 .
503 1269 527 1303 ’ἢ
557 1275 712 1304 ceantur
738 1268 787 1304 ab
817 1267 943 1304 officio
973 1266 1200 1304 advocandi.
1234 1267 1295 1303 Ab
1320 1278 1411 1315 ope-

404 1311 488 1342 *''''2
516 1308 660 1357 ribus
688 1319 792 1357 enim
828 1319 1111 1357 misericordiae
1139 1320 1264 1356 nullus
1299 1319 1412 1357 debet

343 1372 472 1409 arceri.
513 1373 591 1409 Sed
618 1372 871 1421 patrocinium
908 1379 1099 1421 praestare
1134 1372 1172 1410 in
1210 1372 1333 1410 causis
1361 1373 1411 1410 ad
1437 1398 1438 1423 ἢ

343 1436 460 1474 opera
478 1425 761 1463 misericordiae
776 1425 949 1475 pertinet,
965 1431 1007 1462 ut
1026 1425 1169 1463 dictum
1190 1433 1247 1463 est
1255 1425 1286 1463 ²⁸⁸.
1307 1426 1410 1475 Ergo

342 1478 465 1515 nullus
494 1478 608 1516 debet
634 1479 683 1516 ab
710 1479 786 1516 hoc
814 1476 942 1516 officio
971 1478 1102 1516 arceri.

396 1543 431 1568 2.
453 1532 687 1579 PRAETEREA,
709 1532 983 1569 contrariarum
1012 1543 1215 1570 causarum
1247 1544 1327 1570 non
1354 1531 1410 1570 vi·
1436 1551 1437 1578 3

343 1584 452 1622 detur
472 1597 555 1622 esse
578 1585 682 1622 idem
703 1585 872 1622 effectus.
888 1585 981 1625 ‚Sed
1002 1597 1085 1622 esse
1104 1585 1275 1623 deditum
1295 1586 1409 1623 rebus
1435 1587 1437 1625 ἑ

341 1637 491 1685 divinis,
514 1646 550 1675 et
577 1650 660 1675 esse
689 1637 859 1676 deditum
883 1638 1059 1687 peccatis,
1081 1646 1138 1675 est
1166 1638 1407 1677 contrarium.

342 1691 662 1729 inconvenienter
688 1691 799 1740 igitur
827 1691 1078 1728 excluduntur
1109 1692 1157 1728 ab
1185 1691 1315 1728 officio
1344 1693 1407 1730 ad-

340 1744 467 1781 vocati
486 1743 644 1794 quidam
672 1752 829 1794 propter
849 1743 1082 1792 religionem,
1102 1751 1143 1781 ut
1171 1745 1350 1782 monachi
1372 1753 1408 1782 et

340 1863 423 1888 mes
451 1859 487 1888 et
514 1850 703 1888 haeretici.

396 1905 429 1940 3.
452 1905 687 1951 PRAETEREA,
707 1904 826 1940 homo
858 1902 971 1940 debet
998 1902 1152 1951 diligere
1185 1903 1406 1952 proximum

339 1956 434 1994 sicut
463 1957 643 2006 seipsum.
675 1956 752 1994 Sed
771 1955 821 1994 ad
843 1955 1022 1993 effectum
1043 1961 1061 1978 ‘
1089 1956 1296 1994 dilectionis
1324 1969 1407 2007 per-
1432 1957 1434 1998 ζ

338 2010 429 2047 tinet
457 2010 563 2059 quod
592 2009 724 2059 aliquis
752 2008 963 2047 advocatus
992 2021 1129 2047 causae
1158 2009 1313 2047 alicuius
1340 2022 1407 2060 pa·

338 2063 554 2100 trocinetur.
594 2062 913 2100 Inconvenienter
951 2074 1041 2111 ergo
1071 2062 1186 2111 aliqui
1223 2062 1363 2112 quibus
1391 2062 1407 2094 β

338 2116 559 2154 conceditur
595 2129 666 2165 pro
705 2115 838 2165 seipsis
880 2115 1083 2153 auctoritas
1121 2116 1405 2165 advocationis,

337 2170 586 2219 prohibentur
612 2169 840 2219 patrocinari
869 2169 991 2206 causis
1020 2168 1191 2206 aliorum.

391 2224 466 2261 SED
488 2234 635 2260 CONTRA
653 2234 720 2260 EST
739 2222 844 2272 quod
865 2223 928 2270 111,
955 2233 1017 2272 qu.
1039 2233 1088 2260 v11
1106 2222 1138 2270 ³¹²,
1160 2224 1302 2260 multae
1321 2235 1406 2273 per·
1432 2237 1433 2266 ς

338 2288 456 2314 sonae
485 2284 660 2313 arcentur
688 2276 736 2313 ab
766 2274 893 2316 officio
922 2275 1151 2324 postulandi.

391 2331 617 2366 RESPONDEO
637 2341 822 2366 DiCENDUM
851 2329 957 2377 quod
980 2328 1115 2378 aliquis
1134 2329 1339 2378 impeditur
1357 2330 1406 2367 ab
1432 2343 1433 2380 1

338 2382 465 2432 aliquo
492 2390 580 2420 actu
612 2382 752 2431 duplici
781 2380 947 2419 ratione:
975 2394 1054 2419 uno
1084 2383 1223 2430 modo,
1251 2390 1407 2432 propter
1432 2419 1433 2422 ,

339 2435 626 2485 impotentiam;
663 2435 735 2472 alio
773 2435 912 2482 modo,
946 2443 1102 2484 propter
1138 2435 1403 2473 indecentiam.

340 2490 417 2526 Sed
454 2488 677 2538 impotentia
706 2488 926 2537 simpliciter
963 2488 1126 2526 excludit
1162 2488 1327 2538 aliquem
1356 2489 1404 2526 ab
1431 2522 1433 2537 ἲ

339 2549 444 2580 actu:
465 2540 677 2580 indecentia
697 2549 825 2579 autem
845 2553 924 2578 non
945 2541 1106 2578 excludit
1125 2541 1297 2589 omnino.
1318 2542 1406 2592 quia
1432 2570 1433 2573 η

339 2595 543 2633 necessitas
570 2594 826 2632 indecentiam
864 2594 994 2632 tollere
1022 2602 1159 2644 potest.
1197 2595 1261 2632 Sic
1296 2595 1406 2644 igitur

338 2649 388 2685 ab
408 2649 536 2685 officio
557 2648 835 2685 advocatorum
855 2647 1108 2697 prohibentur
1131 2647 1289 2698 quidam
1317 2661 1405 2698 pro·
1432 2674 1433 2698 3

340 2709 423 2750 pter
450 2701 727 2750 impotentiam,
756 2713 803 2738 eo
831 2701 938 2750 quod
966 2701 1150 2738 deficiunt
1182 2713 1314 2748 sensu,
1341 2702 1406 2739 vel
1432 2702 1433 2752 ᾗ

340 2753 517 2801 interiori,
539 2754 634 2791 sicut
652 2754 782 2792 furiosi
812 2762 848 2791 et
866 2754 1104 2804 impuberes;
1133 2755 1195 2792 vel
1221 2754 1405 2803 exteriori,
1432 2781 1433 2798 2

340 2807 434 2844 sicut
462 2807 565 2845 surdi
595 2815 630 2844 et
658 2806 765 2844 muti.
804 2807 871 2844 Est
900 2807 1003 2844 enim
1037 2807 1250 2846 necessaria
1287 2807 1406 2846 advo·
1432 2815 1434 2852 ξ

341 2869 424 2898 cato
454 2868 491 2898 et
518 2860 672 2898 interior
699 2860 852 2910 peritia,
880 2873 957 2909 qua
984 2860 1103 2910 possit
1136 2861 1407 2902 convenienter
1432 2875 1434 2877 ’

340 2914 517 2951 iustitiam
546 2921 765 2964 assumptae
792 2925 932 2951 causae
957 2914 1176 2952 ostendere:
1207 2922 1243 2952 et
1269 2914 1406 2952 iterum

341 2967 492 3016 loquela
518 2979 609 3004 cum
638 2967 781 3013 auditu,
810 2975 852 3004 ut
878 2967 999 3016 possit
1028 2976 1063 3005 et
1096 2967 1341 3018 pronuntiare
1369 2975 1406 3005 et

342 3019 472 3057 audire
492 3020 598 3068 quod
617 3020 652 3056 ei
681 3019 825 3057 dicitur.
854 3020 966 3058 Unde
987 3021 1053 3070 qui
1073 3021 1110 3058 in
1138 3021 1196 3058 his
1217 3021 1407 3058 defectum
1432 3038 1434 3045 <

340 3072 534 3122 patiuntur
562 3072 721 3110 omnino
747 3073 998 3122 prohibentur
1026 3086 1073 3112 ne
1111 3073 1182 3111 sint
1209 3074 1404 3122 advocati,
1433 3090 1434 3093 ¹

341 3138 413 3163 nec
440 3138 511 3175 pro
540 3138 581 3163 se
609 3138 681 3163 nec
708 3138 778 3175 pro
807 3125 899 3164 aliis.
1433 3131 1434 3150 ³

395 3242 422 3273 α)
441 3240 571 3275 effectum.
585 3255 601 3259 -
619 3240 742 3274 affectum
763 3241 795 3271 H,
815 3240 929 3274 officium
950 3240 978 3265 P.

395 3275 420 3309 β)
439 3276 523 3309 aliqui
537 3276 643 3309 quibus.
656 3289 675 3295 —
691 3275 824 3309 aliquibus
841 3275 866 3306 1;
885 3281 946 3308 post
963 3276 1149 3302 advocationis
1168 3276 1265 3302 addunt
1287 3282 1343 3302 este
1362 3276 1405 3301 BE

343 3311 503 3345 FflpACKx,
522 3312 569 3344 qui
587 3312 656 3336 addit
674 3312 692 3337 1.

395 3348 421 3380 γ)
440 3347 595 3373 adstrictae.
608 3361 627 3366 -
645 3347 770 3372 adstricti
787 3346 976 3380 ABEFGleC
996 3352 1021 3372 et
1039 3354 1084 3372 κα.

396 3380 420 3414 δ)
441 3382 530 3408 iudici.
542 3396 560 3401 -
579 3382 677 3408 iudicio
695 3382 751 3408 ΡΗ.

1519 1162 1705 1200 Decentia
1733 1170 1862 1201 autem
1889 1163 2001 1201 huius
2021 1163 2137 1201 officii
2166 1164 2367 1202 exercendi
2393 1165 2535 1203 tollitur

1467 1214 1675 1263 dupliciter.
1704 1215 1792 1252 Uno
1821 1216 1962 1264 modo,
1993 1228 2038 1254 ex
2066 1217 2141 1254 hoc
2169 1217 2274 1266 quod
2312 1217 2446 1267 aliquis
2479 1226 2534 1256 est

1438 1263 1440 1290 ἵ
1465 1267 1581 1304 rebus
1617 1266 1826 1306 maioribus
1863 1268 2060 1317 obligatus.
2101 1270 2214 1309 Unde
2249 1271 2462 1309 monachos
2495 1279 2534 1311 et

1464 1320 1710 1368 presbyteros
1737 1333 1817 1359 non
1844 1321 1954 1359 decet
1980 1321 2020 1359 in
2046 1334 2291 1372 quacumque
2323 1335 2440 1362 causa
2467 1323 2532 1365 ad-

1463 1380 1624 1410 vocatos
1653 1385 1748 1422 esse,
1768 1385 1895 1422 neque
1916 1374 2074 1412 clericos
2102 1374 2140 1413 in
2159 1375 2298 1413 iudicio
2326 1377 2530 1418 saeculari:

1436 1426 1438 1440 ³
1465 1425 1553 1474 quia
1568 1426 1789 1464 huiusmodi
1801 1438 1989 1477 personae
2009 1435 2097 1465 sunt
2115 1429 2230 1466 rebus
2246 1428 2382 1467 divinis
2401 1429 2532 1468 adstri-

1436 1513 1437 1522 ,
1464 1486 1545 1516 ctae
1568 1484 1595 1516 Υ.
1615 1499 1641 1508 -
1659 1479 1746 1518 ΑΙίο
1773 1480 1904 1528 modo,
1924 1489 2081 1530 propter
2107 1493 2295 1531 personae
2319 1481 2530 1522 defectum:

1462 1533 1526 1570 vel
1554 1533 1812 1582 corporalem,
1840 1541 1883 1571 ut
1909 1536 2012 1583 patet
2050 1533 2097 1571 de
2127 1534 2269 1584 caecis,
2295 1534 2363 1583 qui
2389 1547 2532 1587 conve,—

1462 1585 1609 1623 nienter
1627 1585 1741 1624 iudici
1760 1584 1774 1608 ὅ
1801 1587 1949 1632 adstare
1974 1599 2053 1625 non
2071 1595 2247 1636 possent;
2275 1588 2338 1626 vei
2358 1588 2532 1639 spiritua-
2580 1603 2636 1622 22⁴³

1434 1666 1436 1671 .
1461 1638 1550 1686 lem,
1575 1650 1655 1676 non
1684 1639 1787 1676 enim
1822 1641 1933 1677 decet
1959 1647 2002 1677 ut
2029 1640 2182 1679 alterius
2217 1640 2377 1679 iustitiae
2403 1649 2531 1691 patro-

1434 1698 1435 1701 ’
1462 1703 1534 1728 nus
1572 1691 1704 1730 existat
1730 1692 1797 1741 qui
1833 1692 1872 1730 in
1909 1692 2036 1742 seipso
2073 1693 2252 1732 iustitiam
2289 1695 2529 1744 contempsit.

1461 1744 1511 1782 Et
1538 1744 1627 1781 ideo
1655 1744 1838 1793 infames,
1867 1745 2042 1784 infideles
2070 1754 2107 1784 et
2135 1746 2303 1785 'damnati
2331 1746 2379 1785 de
2406 1748 2530 1797 gravi-

1433 1802 1434 1805 ’
1461 1798 1532 1834 bus
1553 1797 1772 1835 criminibus
1801 1811 1880 1836 non
1900 1799 2078 1836 decenter
2102 1808 2188 1838 sunt
2206 1800 2395 1838 advocati.

1514 1850 1666 1888 Tamen
1693 1851 1915 1889 huiusmodi
1933 1852 2168 1891 indecentiae
2197 1853 2402 1893 necessitas
2419 1866 2530 1904 prae-

1458 1903 1587 1941 fertur.
1607 1904 1657 1941 Et
1669 1912 1826 1954 propter
1839 1905 1914 1942 hoe
1929 1905 2151 1943 huiusmodi
2165 1916 2356 1956 personae
2369 1913 2532 1956 possunt

1459 1969 1530 2006 pro
1558 1956 1711 2007 seipsis,
1740 1958 1804 1995 vel
1831 1970 1902 2007 pro
1931 1958 2105 2008 personis
2125 1958 2195 1997 sibi
2224 1958 2448 2008 coniunctis,
2475 1960 2530 1999 uti

1460 2009 1588 2048 officio
1617 2010 1804 2049 advocati.
1834 2010 1947 2050 Unde
1967 2019 2003 2050 et
2031 2011 2156 2050 clerici
2174 2024 2246 2062 pro
2266 2011 2433 2051 ecclesiis
2452 2011 2530 2058 suis

1460 2071 1621 2112 possunt
1640 2076 1723 2102 esse
1742 2064 1940 2102 advocati:
1965 2073 2002 2103 et
2022 2065 2201 2104 monachi
2217 2078 2289 2116 pro
2310 2077 2426 2104 causa
2442 2072 2528 2105 mo·

1459 2116 1613 2154 nasterii
1641 2117 1711 2164 sui,
1731 2117 1761 2155 si
1790 2117 1910 2156 abbas
1937 2118 2183 2168 praeceperit.
2505 2147 2507 2149 .

1512 2171 1571 2207 An
1608 2182 1746 2208 ramum
1774 2182 1873 2208 ERGO
1910 2182 2100 2210 mesanum
2134 2172 2242 2221 quod
2270 2173 2318 2209 ab
2346 2172 2528 2221 operibus

1460 2222 1741 2261 misericordiae
1783 2223 1973 2262 interdum
2010 2224 2123 2273 aliqui
2155 2232 2312 2274 propter
2339 2224 2528 2275 impoten-

1460 2275 1565 2324 tiam,
1592 2276 1783 2314 interdum
1811 2277 1926 2315 'etiam
1954 2285 2111 2328 propter
2138 2277 2393 2316 indecentiam
2416 2283 2431 2300 ⁸
2457 2279 2529 2331 im-

1460 2329 1674 2378 pediuntur.
1704 2331 1796 2368 Non
1817 2331 1920 2369 enim
1948 2331 2080 2370 omnia
2099 2343 2217 2382 opera
2243 2330 2528 2383 misericordiae

1460 2395 1597 2420 omnes
1625 2383 1782 2421 decent:
1812 2383 1908 2422 sicut
1935 2384 2069 2422 stultos
2088 2397 2167 2422 non
2196 2385 2306 2423 decet
2323 2385 2527 2426 consilium

1432 2437 1433 2440 ’
1461 2435 1563 2484 dare,
1583 2447 1709 2486 neque
1736 2436 1954 2485 ignorantes
1983 2437 2134 2475 docere.

1512 2490 1572 2526 An
1600 2501 1791 2527 SECUNDUM
1819 2501 2003 2528 melerinum
2041 2490 2147 2540 quod
2175 2489 2271 2528 sicut
2297 2490 2417 2528 virtus
2443 2502 2528 2530 cor-

1460 2541 1648 2592 rumpitur
1675 2554 1744 2592 per
1772 2543 2161 2592 superabundantiam
2187 2551 2224 2581 et
2251 2543 2456 2604 defectum,
2476 2543 2527 2582 ita

1432 2603 1433 2610 ¹
1458 2595 1594 2644 aliquis
1621 2596 1666 2633 fit
1692 2595 1873 2634 indecens
1906 2604 1943 2634 et
1968 2608 2038 2646 per
2074 2595 2198 2635 maius
2226 2604 2264 2635 et
2289 2609 2359 2647 per
2386 2609 2524 2637 minus.

1460 2649 1510 2686 Et
1546 2656 1702 2698 propter
1742 2650 1817 2687 hoc
1854 2650 2012 2698 quidam
2047 2657 2226 2688 arcentur
2257 2662 2280 2688 a
2315 2649 2525 2700 patrocinio

1460 2702 1688 2750 praestando
1717 2702 1755 2739 in
1784 2702 1907 2740 causis
1942 2702 2032 2751 quia
2060 2710 2146 2741 sunt
2181 2702 2349 2740 maiores
2377 2703 2442 2741 tali
2470 2704 2525 2742 of-

1459 2754 1563 2803 ficio,
1584 2755 1680 2792 sicut
1706 2755 1868 2804 religiosi
1897 2762 1934 2792 et
1962 2755 2108 2793 clerici:
2137 2755 2293 2807 quidam
2314 2767 2409 2794 vero
2438 2754 2527 2806 quia

1461 2815 1548 2845 sunt
1576 2808 1746 2846 minores
1775 2820 1893 2858 quam
1921 2816 1962 2847 ut
1990 2808 2043 2846 eis
2070 2809 2146 2848 hoc
2169 2808 2341 2847 officium
2371 2811 2526 2860 compe-

1460 2868 1524 2908 tat,
1545 2860 1642 2899 sicut
1667 2859 1860 2900 infamest
1889 2869 1927 2899 et
1953 2861 2138 2901 infideles.
2452 2887 2454 2889 >

1513 2916 1573 2952 Ao
1600 2926 1762 2952 TERTmM
1797 2926 1983 2953 nicaunun
2015 2916 2123 2965 quod
2159 2927 2240 2954 non
2267 2915 2318 2953 ita
2353 2915 2528 2958 immina

1459 2967 1607 3005 homini
1626 2967 1830 3006 necessitas
1856 2968 2086 3017 patrocinari
2106 2967 2227 3006 causis
2250 2968 2412 3006 aliorum
2432 2968 2527 3008 sieut

1460 3020 1642 3071 propriis:
1672 3021 1762 3070 quia
1789 3020 1851 3058 alii
1878 3029 2040 3071 possunt
2072 3020 2143 3059 sibi
2173 3021 2278 3059 aliter
2309 3021 2523 3061 subvenire.

1459 3073 1573 3112 Unde
1602 3086 1681 3112 non
1710 3081 1767 3112 est
1794 3073 1924 3112 similis
1952 3074 2058 3113 ratio.

1511 3241 1534 3274 ε)
1553 3240 1741 3267 indecentiam.
1754 3254 1774 3260 -
1788 3240 1965 3274 indigentiam
1984 3240 2223 3273 CDEFfflpAaKx3
2242 3241 2282 3266 Pa
2298 3241 2399 3273 legum:
2417 3239 2525 3273 abm-

1458 3276 1531 3301 ribus
1551 3276 1750 3301 misericordiae
1769 3276 1903 3301 interdum
1919 3279 2034 3309 propter
2045 3276 2225 3303 indecentiam
2242 3276 2425 3309 imittuntur
2438 3276 2526 3309 aliqui·

1457 3316 1484 3337 et
1500 3311 1586 3344 alfani
1598 3315 1714 3345 propter
1730 3311 1926 3345 impotentiam.

1508 3346 1535 3378 ζ)
1558 3347 1678 3381 infames.
1697 3362 1715 3366 -
1735 3347 1850 3381 infantes
1869 3346 2064 3372 ABCEFxxLx.

1310 3463 1566 3473 &ww

2566 332 2575 340 '⁵
2591 330 2642 352 Art.
2657 337 2677 358 7.
