2860 4244
47 2114 54 2119 Α
64 2085 245 2113 *Pu-mnam.
251 2085 274 2107 8.

44 2238 157 2272 ‘Ven-
172 2255 204 2277 ¹9.
219 2254 255 2271 πο·
304 2237 516 2277 secundum
554 2238 646 2275 illud
682 2239 794 2275 Dent.
821 2250 908 2275 xxm
935 2237 980 2274 *ε

292 2292 419 2341 fmtri
442 2297 504 2328 tuo
531 2291 584 2328 ad
610 2303 766 2328 usuram
787 2291 1013 2339 pecuniam,
1043 2302 1112 2327 nec
1132 2291 1271 2340 fruges
1298 2301 1366 2327 nec

60 2458 77 2482 3
91 2459 158 2485 ,Van
169 2465 200 2482 ιτ.

297 2662 442 2715 Δἰιιειὶιίει
468 2674 538 2711 per
564 2663 666 2710 leges
686 2661 825 2698 civiles.
856 2661 932 2698 Sed
953 2661 1164 2698 secundum
1195 2672 1258 2697 eas
1279 2673 1367 2697 con-

71 2886 84 2899 ·
95 2885 161 2909 Ven-
175 2892 209 2915 35.

942 284 1206 331 QUAESTIO
1236 285 1446 335 LXXVIII,
1475 285 1769 322 ARTICULUS
1798 286 1812 321 Ι

2389 287 2457 323 155

669 497 1078 577 QUAESTIO
1118 499 2092 556 SEPTUAGESIMAOCTAVA

1038 620 1122 684 DE
1155 643 1435 684 PECCATO
1470 642 1718 684 USURAE

1078 775 1112 800 IN
1142 775 1314 806 QUATUOR
1340 773 1542 799 ARTICULOS
1569 774 1684 799 DIVISA

379 889 487 915 EINDE
516 877 835 914 considerandum
863 885 918 914 est
943 878 991 914 de
1015 885 1175 926 peccato
1202 889 1354 924 usurae,

298 889 484 980 unod
514 930 761 967 committitur
788 930 827 967 in
855 930 998 967 mutuis
1016 929 1048 966 ²⁸.

297 985 346 1022 Et
374 983 471 1021 circa
499 983 575 1020 hoc
602 990 836 1032 quaeruntur
863 990 1038 1032 quatuor.

351 1036 502 1074 Primo:
528 1035 656 1072 utrum
676 1035 722 1072 sit
739 1043 941 1084 peccatum
960 1034 1133 1083 accipere
1150 1033 1356 1082 pecuniam

402 1089 442 1126 in
467 1088 634 1137 pretium
666 1100 736 1137 pro
763 1087 927 1137 pecunia
955 1094 1138 1132 mutuata,
1168 1086 1272 1134 quod
1303 1093 1358 1122 est

404 1142 577 1190 accipere
604 1153 772 1178 usuram.

352 1195 553 1232 Secundo:
581 1201 710 1230 utrum
737 1192 846 1229 liceat
863 1204 934 1240 pro
965 1191 1104 1228 eodem
1133 1203 1359 1239 quamcum-
1383 1194 1386 1241 j

1514 887 1590 934 que
1617 876 1813 914 utilitatem
1842 877 2012 926 accipere
2039 878 2147 926 quasi
2175 879 2213 915 in
2242 890 2467 927 recompen-

1515 935 1700 964 sationem
1729 929 1863 966 mutui.

1462 980 1615 1017 Tertio:
1657 987 1785 1017 utrum
1823 982 1956 1030 aliquis
1992 983 2186 1020 restituere
2222 990 2393 1020 teneatur
2429 983 2467 1020 id

1516 1033 1621 1082 quod
1658 1034 1706 1070 de
1733 1034 1896 1082 pecunia
1931 1036 2104 1073 usuraria
2140 1036 2238 1072 iusto
2275 1037 2381 1072 lucro
2413 1036 2468 1072 lu-

1517 1093 1641 1122 cratus
1671 1093 1737 1123 est.

1464 1139 1627 1185 Quarto:
1647 1146 1775 1175 utrum
1794 1139 1903 1176 liceat
1922 1140 2092 1188 accipere
2109 1148 2242 1177 mutuo
2266 1141 2468 1189 pecuniam

1519 1192 1590 1227 sub
1618 1203 1746 1228 usura.

1091 1317 1304 1359 ARTICU
1311 1317 1410 1359 LUS
1440 1317 1647 1358 PRIMUS

630 1428 787 1459 UTRUM
810 1427 1023 1459 ACCIPERE
1046 1428 1224 1459 USURAM
1247 1427 1332 1459 PRO
1356 1426 1544 1458 PECUNIA
1566 1427 1784 1458 MUTUATA
1808 1427 1874 1458 SIT
1897 1427 2136 1459 PECCATUM

522 1524 546 1549 1·
565 1523 622 1554 11⁸⁸,
639 1530 685 1556 qu.
703 1530 745 1555 cv,
763 1529 810 1548 art.
831 1523 854 1555 3,
873 1523 906 1548 ad
926 1522 954 1553 3;
974 1523 1005 1547 111
1025 1523 1108 1552 Sent„
1128 1522 1188 1547 dist.
1205 1530 1298 1553 mvn,
1316 1527 1365 1548 art.
1383 1521 1400 1546 6
1407 1529 1414 1552 ;
1434 1522 1477 1547 De
1494 1522 1579 1550 Malo,
1598 1529 1644 1554 qu.
1662 1528 1716 1553 xm,
1735 1526 1782 1547 art.
1800 1530 1832 1553 4;
1853 1522 1950 1553 Quodl.
1969 1523 2009 1554 111,
2029 1531 2075 1556 qu.
2092 1531 2136 1555 vn,
2155 1530 2202 1549 an.
2222 1531 2252 1555 23

910 1557 952 1582 De
967 1557 1031 1583 Dec.
1050 1557 1196 1590 praecept„
1216 1565 1271 1590 cap.
1290 1557 1323 1582 de
1342 1557 1455 1589 Septim.
1473 1557 1581 1586 Pmec.;
1599 1556 1608 1581 1
1627 1557 1715 1586 Pblit„
1734 1557 1792 1582 lect.
1810 1564 1864 1581 vm.

370 1672 488 1698 aas„
510 1669 533 1694 ι)
562 1667 700 1693 ptumum
725 1667 778 1692 sm
807 1666 1046 1692 PROCEDITUR.
1065 1654 1227 1691 Videtur
1254 1654 1360 1702 quod

334 1673 491 1767 §.Rii-
512 1708 683 1758 accipere
711 1720 867 1745 usuram
894 1720 964 1756 pro
993 1707 1157 1756 pecunia
1189 1714 1361 1744 mutuata

323 1797 327 1802 ,
404 1777 439 1801 ⁷
473 1774 591 1800 ιιοιι
618 1761 663 1798 sit
689 1768 903 1811 peccatum.
933 1761 1070 1797 Nullus
1100 1760 1200 1797 enim
1228 1767 1389 1809 peccat

299 1806 408 1849 '13²
410 1813 455 1842 '⁴52
474 1808 558 1852 ex
572 1815 648 1852 hoc
663 1815 769 1874 quod
789 1813 957 1863 sequitur
972 1815 1189 1863 exemplum
1211 1813 1360 1850 Christi.
1387 1807 1389 1854 ἰ

302 1864 380 1921 Sed
414 1868 606 1905 Dominus
635 1867 682 1904 de
711 1867 837 1916 seipso
868 1867 971 1914 dicit,
1001 1868 1094 1904 Luc.
1114 1878 1175 1903 xlx
1193 1866 1232 1902 *ε
1274 1867 1362 1916 Ego
1388 1850 1389 1904 i

1468 1666 1504 1702 7.
1539 1655 1779 1702 Pium-mm,
1818 1653 1976 1703 quilibet
2010 1663 2136 1704 potest
2171 1655 2268 1692 licite
2303 1656 2474 1705 accipere

1414 1718 1497 1743 rem
1525 1718 1643 1754 quam
1675 1706 1708 1743 ei
1729 1707 1906 1744 dominus
1931 1707 1984 1744 rei
2003 1708 2215 1745 voluntarie
2246 1708 2366 1746 tradit.
2398 1709 2475 1746 Sed

1387 1793 1389 1801 ,
1414 1759 1473 1796 ille
1494 1759 1559 1808 qui
1587 1759 1722 1808 accipit
1741 1767 1919 1796 mutuum
1938 1760 2151 1798 voluntarie
2175 1761 2287 1798 tradit
2305 1773 2473 1798 usuram.

1415 1807 1518 1860 Ergo
1547 1812 1608 1848 ille
1638 1811 1703 1860 qui
1731 1820 1880 1850 mutuat
1908 1813 2003 1850 licite
2031 1821 2156 1862 potest
2184 1814 2368 1862 accipere.

1471 1866 1545 1902 SED
1575 1877 1720 1902 CONTRA
1747 1877 1814 1902 EST
1841 1866 1946 1914 quod
1975 1866 2115 1904 dicitur
2135 1867 2260 1904 Exod.
2280 1879 2352 1903 xxn
2371 1866 2407 1903 *ε
2437 1868 2478 1903 Si

300 1918 452 1959 'veniens
479 1932 565 1958 cum
595 1921 718 1957 usuris
745 1920 953 1970 exegissem
982 1919 1098 1966 illam,
1130 1919 1270 1956 scilicet
1296 1931 1362 1979 pe-
1388 1912 1614 1966 pecuniam
1651 1924 1821 1955 mutuam
1855 1919 1999 1956 dederis
2027 1920 2169 1968 populo
2204 1932 2287 1956 meo
2313 1921 2479 1968 pauperi

302 1972 454 2012 cuniam
484 1980 707 2011 mutuatam.
737 1974 840 2021 Ergo
860 1985 940 2010 non
968 1981 1023 2010 est
1045 1980 1246 2022 peccatum
1267 1972 1363 2009 acci-

301 2039 393 2078 pere
420 2038 578 2064 usuram
604 2038 676 2075 pro
705 2033 840 2063 mutuo
868 2025 1066 2075 pecuniae.

358 2092 392 2117 2.
422 2080 666 2127 ΡιιΑΕτΕιιΕΑ,
704 2079 800 2116 sicut
835 2078 970 2116 dicitur
1005 2078 1045 2116 in
1072 2079 1214 2115 Psalm.
1234 2078 1266 2126 ²¹⁸,
1302 2078 1391 2134 lex}

303 2133 462 2170 Domini
487 2132 742 2178 immaculata,
766 2131 856 2181 quia
884 2132 1024 2169 scilicet
1050 2139 1252 2180 peccatum
1277 2143 1365 2180 pro·
1390 2138 1391 2147 ¹

302 2186 418 2223 hibet.
441 2186 517 2222 Sed
537 2185 576 2223 in
594 2185 676 2233 lege
697 2185 826 2222 divina
846 2185 1067 2223 conceditur
1086 2185 1211 2234 aliqua
1229 2196 1363 2221 usura:

1026 2237 1118 2274 Non
1146 2238 1365 2284 faenerabis

303 2344 508 2394 quamlibet
533 2344 650 2381 aliam
678 2356 771 2390 rem,
798 2344 865 2381 sed
890 2344 1025 2380 alieno.
1055 2344 1116 2390 Et,
1146 2343 1251 2391 quod
1279 2343 1365 2392 plus

305 2404 381 2445 est,
390 2397 524 2434 'etIam
553 2396 591 2434 in
618 2396 835 2446 praemium
874 2395 1147 2446 repromittitur
1179 2408 1250 2444 pro
1283 2397 1365 2444 lege

304 2457 471 2488 servata:
493 2450 706 2494 secundum
725 2450 817 2487 illud
835 2448 1122 2486 Deut.xxvn1*:
1141 2436 1393 2496 faenerabis!

302 2495 476 2555 gentibus
504 2503 649 2548 multis;
685 2508 720 2539 et
747 2503 823 2551 ipse
849 2515 873 2539 a
903 2501 1005 2539 nullo
1027 2503 1167 2547 faenus
1194 2502 1365 2550 accipies.

305 2556 408 2604 Ergo
437 2556 610 2608 accipere
637 2568 793 2592 usuram
821 2567 900 2592 non
930 2563 984 2592 est
1011 2562 1223 2604 peccatum.
1392 2574 1394 2603 l

361 2611 394 2646 3.
416 2610 650 2656 PRAETEREA,
679 2609 719 2646 in
747 2609 860 2645 rebus
887 2608 1067 2645 humanis
1097 2607 1367 2645 determinatur
1392 2607 1394 2658 ξ

307 2715 453 2752 ceditur
479 2727 614 2752 usuras
642 2715 825 2764 accipere.
869 2715 972 2762 Ergo
1000 2714 1149 2751 videtur
1176 2726 1255 2751 non
1284 2726 1367 2751 esse
1393 2729 1394 2751 ς

307 2766 488 2805 illicitum.

360 2832 398 2867 4.
418 2820 653 2867 PRAETEREA,
673 2819 971 2868 praetermittere
993 2819 1149 2856 consilia
1176 2831 1255 2856 non
1275 2818 1369 2855 obli-

309 2880 370 2921 gat
397 2873 446 2910 ad
474 2880 684 2921 peccatum.
724 2872 801 2908 Sed
829 2873 921 2908 Luc.
942 2883 978 2908 Vl
1000 2873 1020 2892 ²¹⁸
1046 2871 1142 2908 inter
1170 2872 1242 2908 alia
1278 2883 1368 2908 con·
1394 2874 1395 2890 ³

309 2926 390 2963 silia
415 2925 589 2974 ponitur:
619 2926 718 2962 Date
745 2930 928 2970 mutuum,
951 2923 1043 2960 nihil
1062 2924 1147 2961 inde
1165 2929 1366 2972 sperantes.

309 2979 411 3027 Ergo
441 2977 612 3026 accipere
640 2989 797 3015 usuram
826 2989 904 3013 non
933 2984 988 3013 est
1014 2983 1227 3025 peccatum.

367 3033 399 3069 5.
428 3032 662 3077 PRAETEREA,
691 3029 854 3079 pretium
884 3029 1053 3078 accipere
1082 3042 1160 3078 quo
1190 3041 1236 3066 eo
1263 3023 1396 3076 quod

310 3085 394 3133 quis
422 3085 547 3120 facere
566 3096 646 3120 non
672 3090 832 3130 tenetur,
861 3094 940 3119 non
959 3082 1112 3119 videtur
1131 3094 1213 3119 esse
1235 3094 1369 3119 secun·
1394 3093 1396 3120 4

311 3138 403 3175 dum
423 3149 463 3173 se
482 3144 695 3186 peccatum.
723 3135 800 3173 Sed
819 3147 898 3172 non
912 3135 950 3172 in
970 3135 1139 3183 quolibet
1158 3147 1246 3172 casu
1266 3142 1369 3171 tene·
1395 3150 1397 3164 ι

302 3198 370 3237 ⁸tur
383 3189 587 3239 pecuniam
603 3189 749 3227 habens
766 3200 851 3226 eam
867 3187 1041 3237 proximo
1057 3195 1244 3225 mutuare.
1265 3187 1369 3235 Ergo

309 3243 396 3281 licet
415 3242 448 3279 ei
466 3242 674 3291 aliquando
692 3254 764 3291 pro
790 3249 926 3278 mutuo
951 3241 1122 3290 accipere
1140 3241 1314 3290 pretium.
1395 3238 1397 3283 ἰ

364 3297 400 3333 6.
418 3297 651 3341 PRAETEREA,
672 3302 871 3342 argentum
890 3301 1143 3353 monetatum,
1164 3301 1201 3331 et
1218 3294 1258 3330 in
1276 3305 1369 3330 vasa

310 3350 530 3395 formatum,
552 3360 630 3385 non
660 3347 784 3384 differt
811 3347 949 3407 specie.
980 3347 1058 3384 Sed
1085 3346 1171 3383 licet
1197 3346 1368 3395 accipere

310 3402 474 3452 pretium
502 3413 572 3450 pro
590 3401 692 3438 vasis
713 3400 896 3460 argenteis
924 3400 1235 3437 accommodatis.
1266 3400 1368 3447 Ergo

312 3454 425 3492 etiam
453 3454 539 3491 licet
567 3453 738 3503 accipere
765 3452 930 3502 pretium
961 3464 1031 3501 pro
1060 3460 1195 3489 mutuo
1229 3451 1369 3500 argenti
1395 3468 1396 3472 ¹

312 3507 505 3545 monetati.
535 3507 659 3544 Usura
687 3518 776 3554 ergo
805 3517 884 3543 non
908 3512 963 3542 est
990 3505 1202 3542 secundum
1223 3517 1262 3542 se
1282 3517 1369 3553 pec-

313 3568 452 3598 catum.

1391 2410 1393 2433 2
1420 2406 1504 2431 mm
1529 2395 1798 2443 consumptio:

1388 1964 1390 2020 ξ
1416 1971 1482 2019 qui
1498 1971 1640 2008 habitat
1658 1977 1791 2017 tecum,
1813 1983 1887 2008 non
1909 1973 2061 2022 urgebis
2079 1985 2166 2009 eum
2185 1973 2295 2021 quasi
2309 1978 2476 2019 exactor,

1389 2042 1391 2071 3
1417 2036 1486 2060 nec
1515 2025 1637 2060 usuris
1664 2025 1863 2073 opprimes.

1471 2078 1697 2114 REsponmzo
1716 2089 1901 2114 mCENDUM
1921 2078 2025 2126 quod
2044 2077 2215 2127 accipere
2234 2090 2389 2115 usuram
2406 2090 2476 2127 pro

1416 2130 1580 2178 pecunia
1598 2137 1772 2167 mutuata
1791 2138 1847 2168 est
1866 2131 2078 2168 secundum
2100 2143 2140 2168 se
2158 2130 2360 2168 iniustum:
2389 2131 2478 2180 quia

1416 2182 1596 2220 venditur
1626 2183 1666 2219 id
1694 2185 1797 2232 quod
1826 2195 1906 2220 non
1935 2190 2010 2230 est,
2038 2196 2107 2232 per
2135 2183 2240 2232 quod
2277 2183 2477 2221 manifeste

1417 2235 1663 2284 inaequalitas
1693 2236 1939 2284 constituitur,
1965 2248 2063 2284 quae
2091 2236 2250 2273 iustitiae
2277 2237 2478 2274 contraria-

1418 2296 1488 2325 tur.
1532 2289 1595 2326 Ad
1632 2288 1738 2326 cuius
1773 2289 2022 2337 evidentiam,
2053 2289 2252 2326 sciendum
2290 2297 2346 2326 est
2373 2289 2479 2337 quod

1419 2341 1612 2389 quaedam
1641 2353 1700 2378 res
1728 2349 1816 2379 sunt
1843 2354 2006 2402 quarum
2034 2355 2127 2379 usus
2152 2349 2207 2379 est
2233 2342 2403 2401 ipsarum
2424 2355 2479 2379 re-

1842 2395 1938 2432 sicut
1964 2396 2099 2432 vinum
2136 2395 2398 2432 consumimus
2432 2407 2477 2432 eo

1419 2447 1563 2484 utendo
1601 2447 1650 2484 ad
1677 2455 1835 2496 potum,
1866 2455 1902 2484 et
1935 2448 2099 2485 triticum
2137 2448 2397 2485 consumimus
2433 2460 2478 2484 eo

1418 2500 1563 2536 utendo
1602 2500 1649 2537 ad
1684 2500 1824 2538 cibum.
1866 2501 1978 2538 Unde
2014 2501 2053 2538 in
2081 2500 2216 2538 talibus
2254 2513 2333 2538 non
2369 2501 2481 2538 debet

1420 2565 1594 2590 seorsum
1625 2554 1837 2602 computari
1865 2566 1957 2590 usus
1986 2554 2039 2590 rei
2067 2566 2089 2590 a
2118 2566 2158 2590 re
2187 2554 2280 2602 ipsa,
2310 2554 2378 2590 sed
2403 2554 2481 2590 cui-

1421 2618 1587 2654 cumque
1608 2606 1828 2643 conceditur
1846 2619 1948 2653 usus,
1979 2619 2024 2643 ex
2051 2608 2125 2643 hoc
2154 2606 2236 2656 ipso
2262 2606 2481 2644 conceditur

1421 2671 1492 2695 res.
1522 2659 1571 2695 Et
1589 2666 1744 2708 propter
1762 2660 1837 2696 hoc
1860 2659 1898 2696 in
1922 2659 2056 2696 talibus
2079 2672 2148 2708 per
2166 2667 2342 2696 mutuum
2363 2667 2480 2696 trans-

1420 2711 1536 2748 fertur
1556 2711 1782 2749 dominium.
1810 2712 1850 2749 Si
1864 2712 1949 2760 quis
1965 2724 2054 2760 ergo
2071 2724 2243 2749 seorsum
2258 2713 2371 2749 vellet
2388 2725 2480 2749 ven-

1393 2771 1395 2801 ὶ
1421 2765 1511 2801 dere
1530 2765 1666 2802 vinum
1686 2771 1723 2801 et
1742 2777 1916 2802 seorsum
1935 2766 2049 2802 vellet
2067 2765 2236 2802 vendere
2255 2777 2369 2801 usum
2387 2765 2479 2811 vini,

1393 2818 1395 2866 i
1420 2818 1606 2854 venderet
1633 2817 1797 2854 eandem
1825 2830 1907 2854 rem
1927 2818 1995 2865 bis,
2015 2818 2077 2855 vel
2105 2818 2290 2855 venderet
2317 2817 2355 2854 id
2375 2818 2480 2866 quod

1421 2882 1501 2906 non
1521 2877 1586 2906 est.
1620 2869 1732 2907 Unde
1752 2870 1950 2907 manifeste
1969 2882 2038 2919 per
2057 2870 2272 2907 iniustitiam
2293 2878 2478 2918 peccaret.

1394 2923 1395 2926 ’
1422 2923 1471 2959 Et
1499 2922 1611 2959 simili
1639 2923 1795 2970 ratione,
1826 2922 2044 2959 iniustitiam
2074 2923 2273 2959 committit
2302 2923 2366 2972 qui
2396 2935 2480 2960 mu-

1422 2982 1501 3011 tuat
1526 2975 1663 3012 vinum
1683 2983 1747 3012 aut
1769 2975 1931 3012 triticum
1957 2982 2091 3024 petens
2119 2975 2191 3012 sibi
2224 2975 2300 3012 dua
2333 2988 2481 3013 recom-

1421 3027 1676 3076 pensafiones,
1692 3039 1812 3064 unam
1841 3028 1994 3076 quidem
2014 3028 2290 3065 restitutionem
2314 3029 2481 3076 aequalis

1418 3080 1488 3129 rei,
1509 3080 1623 3117 aliam
1642 3092 1735 3118 vero
1755 3081 1918 3129 pretium
1943 3093 2047 3128 usus,
2069 3081 2174 3129 quod
2199 3093 2315 3118 usura
2336 3081 2479 3118 dieitur.

1477 3133 1678 3180 Quaedam
1708 3145 1800 3170 vero
1822 3141 1908 3170 sunt
1927 3146 2092 3182 quorum
2115 3147 2207 3171 usus
2227 3147 2305 3171 non
2326 3142 2381 3171 est
2400 3134 2481 3183 ipsa

1423 3186 1476 3222 rei
1498 3185 1761 3235 consumptio:
1791 3186 1886 3223 sicut
1903 3199 1995 3224 usus
2015 3186 2154 3224 domus
2175 3194 2229 3224 est
2248 3187 2480 3234 inhabitatio,

1423 3251 1502 3276 non
1530 3246 1658 3276 autem
1685 3239 1891 3288 dissipatio.
1921 3240 1970 3276 Et
1987 3239 2073 3277 ideo
2094 3239 2133 3276 in
2152 3240 2289 3276 talibus
2307 3252 2481 3276 seorsum

1395 3288 1397 3336 ἶ
1422 3300 1548 3341 potest
1574 3299 1779 3341 utrumque
1809 3292 1988 3329 concedi:
2016 3300 2107 3341 puta
2136 3304 2223 3328 cum
2248 3292 2382 3340 aliquis
2410 3300 2482 3329 tra-

1424 3345 1478 3382 dit
1514 3345 1619 3382 alteri
1649 3345 1862 3382 dominium
1892 3345 2050 3392 domus,
2081 3352 2274 3382 reservato
2311 3345 2382 3382 sibi
2409 3357 2481 3382 usu

1394 3399 1396 3436 j
1423 3398 1472 3436 ad
1510 3397 1664 3446 aliquod
1701 3405 1870 3447 tempus;
1899 3398 1962 3434 vel
1999 3410 2019 3434 e
2048 3409 2235 3434 converso
2274 3410 2362 3435 cum
2399 3398 2482 3447 quis

1423 3451 1598 3488 coneedit
1625 3451 1735 3488 alicui
1761 3463 1874 3488 usum
1904 3450 2054 3497 domus,
2083 3458 2276 3487 reservato
2305 3449 2377 3488 sibi
2402 3451 2482 3487 eius

1395 3502 1608 3542 dominio.
1638 3504 1687 3540 Et
1716 3511 1870 3552 propter
1898 3504 1971 3540 hoc
1999 3502 2094 3539 licite
2123 3511 2248 3551 potest
2274 3503 2394 3540 homo
2423 3516 2482 3540 ac-

1424 3556 1549 3605 cipere
1578 3556 1741 3605 pretium
1776 3568 1845 3604 pro
1879 3568 1951 3592 usu
1979 3555 2137 3602 domus,
2168 3564 2204 3593 et
2231 3564 2381 3604 praeter
2408 3557 2482 3592 hoc

2504 1890 2514 1899 ⁸
2528 1888 2596 1910 Vera.
2610 1894 2621 1909 2
2636 1904 2642 1909 .
