2860 4238
1068 257 1333 305 QUAEsT1o
1364 257 1502 302 exul,
1533 254 1827 292 ARTicULus
1858 254 1888 290 11

1162 332 1487 407 ARTlcutus
1510 362 1806 405 SECUNDUS

861 461 1014 493 UTRUM
1040 459 1187 490 IRONIA
1212 458 1277 489 SIT
1301 457 1433 488 MlNUS
1456 456 1693 487 PECCATUM
1718 455 1842 493 QUAM
1868 454 2106 486 IACTANTIA

1339 536 1372 560 lV
1392 535 1487 564 Eehic„
1508 535 1566 559 lect.
1585 541 1625 559 xv.

2597 628 2608 638 ’
2621 627 2680 649 Loc.
2694 626 2742 653 cit„
2758 632 2782 648 n.

1508 623 1582 658 hoc
1601 620 1856 670 Philosophus
1877 621 1991 658 dicit*
2011 621 2114 670 quod
2138 620 2314 658 iactantia
2343 628 2398 657 est
2418 620 2571 668 gravius
2598 653 2667 681 6117.

1509 681 1710 724 peccatum
1736 686 1852 723 quam
1880 674 2011 711 ironia.
2033 696 2056 702 -
2078 674 2269 722 Contingit
2296 681 2424 710 tamen
2453 685 2572 722 quan-

1511 728 1639 775 doque
1659 727 1763 775 quod
1785 727 1917 775 aliquis
1940 727 2090 764 minora
2111 728 2158 764 de
2187 739 2227 764 se
2246 726 2353 774 fingit
2373 738 2416 763 ex
2444 726 2570 774 aliquo

1510 781 1582 817 alio
1620 779 1785 816 motivo:
1824 787 1915 828 puta
1949 780 1998 816 ad
2035 780 2168 816 dolose
2207 779 2486 829 decipiendum.
2523 779 2573 816 Et

1510 841 1599 870 tunc
1628 844 1749 869 ironla
1779 840 1835 869 est
1861 843 2024 880 gravior.

1564 888 1622 922 AD
1647 897 1783 922 ptumum
1812 896 1910 922 ERGO
1939 896 2124 922 DICENDUM
2152 884 2258 934 quod
2286 885 2380 922 ratio
2405 884 2466 921 illa
2484 893 2572 933 pro-

433 645 442 663 ὀ

428 653 486 688 2125,
518 657 569 680 K
608 643 629 667 o
646 641 835 667 SECUNDUM
851 640 903 665 stc
919 638 1160 664 PnocssmTUR.
1176 625 1335 662 Videtur
1350 624 1453 673 quod
1481 665 1482 670 ¹

427 672 583 742 &Ae-t?
609 682 729 719 ironia
758 694 835 718 non
870 681 915 717 sit
943 680 1068 716 minus
1103 686 1302 728 peccatum
1339 688 1455 725 quam
1481 674 1483 690 “

417 734 536 793 ’ᾄδῃ
552 725 578 778 ἦ
592 732 793 772 iactantia.
823 734 1037 780 Utrumque
1059 733 1159 769 enim
1182 738 1236 767 est
1254 738 1455 779 peccatum
1482 758 1484 762 ,

567 779 833 837 inquantum
863 786 1023 824 declinat
1043 798 1065 822 a
1083 785 1253 831 veritate,
1283 795 1381 832 quae
1403 791 1458 819 est
1483 792 1485 835 ζ

401 840 605 887 aequalitas
625 840 828 889 quaedam.
860 839 936 876 Sed
956 840 1004 876 ab
1033 836 1254 887 aequalitate
1275 848 1353 872 non
1378 847 1457 872 ma—

400 893 454 940 gis
492 892 653 930 declinat
689 893 753 941 qui
791 892 935 929 excedit
971 903 1083 940 quarn
1123 890 1188 938 qui
1228 888 1402 926 diminuit
1428 893 1455 924 α.

401 946 502 992 Ergo
531 945 652 983 ironia
681 958 757 982 non
787 953 842 981 est
870 945 996 981 minus
1024 951 1224 993 peccatum
1258 954 1374 990 quam
1408 941 1459 977 ia-

402 998 549 1034 etantia.

455 1062 489 1087 2.
511 1052 750 1097 mamam,
781 1051 991 1087 secundum
1020 1049 1297 1097 Philosophum
1317 1047 1355 1093 ²¹²,
1386 1047 1458 1083 iro-

402 1103 463 1139 nia
492 1105 722 1152 quandoque
744 1104 917 1140 iactantia
937 1109 1003 1139 est.
1034 1102 1212 1138 Iactantia
1232 1108 1358 1137 autem
1381 1112 1458 1136 non
1484 1108 1486 1131 ³

402 1163 458 1192 est
489 1156 621 1193 ironia.
660 1157 762 1204 Ergo
799 1157 919 1193 ironia
956 1163 1011 1191 est
1047 1155 1198 1201 gravius
1217 1151 1232 1182 β
1259 1160 1458 1201 peccatum
1484 1189 1486 1207 ἰ

401 1221 518 1257 quam
548 1209 734 1246 iactantia.

457 1263 490 1298 3.
512 1263 743 1308 Pam-mam,
763 1263 875 1298 Prov.
891 1259 1003 1297 xxvt*
1023 1258 1172 1295 dicitur:
1199 1257 1356 1299 Quando
1374 1257 1458 1293 suh-

1513 939 1610 976 cedit
1639 939 1685 975 de
1710 938 1832 975 ironia
1852 945 1887 974 et
1906 937 2081 974 iactantia
2109 938 2322 974 secundum
2341 938 2447 986 quod
2466 949 2572 974 men-

1513 992 1608 1029 dacii
1635 991 1797 1039 gravitas
1827 991 2086 1028 consideratur
2106 1003 2151 1027 ex
2179 991 2316 1039 seipso,
2337 991 2399 1027 vel
2418 1002 2463 1026 ex
2492 1002 2572 1027 ma-

1484 1057 1486 1068 *
1512 1045 1604 1082 teria
1632 1045 1723 1081 eius.
1755 1044 1817 1081 Sic
1846 1044 1947 1080 enim
1977 1044 2118 1081 dictum
2149 1051 2204 1081 est
2231 1044 2334 1092 quod
2365 1043 2572 1091 *aequalita-

1512 1106 1589 1134 tem
1618 1097 1772 1134 habent.

1565 1153 1623 1186 An
1652 1161 1843 1186 SECUNDUM
1870 1161 2055 1186 DtCENDuu
2080 1149 2183 1198 quod
2205 1149 2342 1198 duplex
2372 1156 2427 1186 est
2456 1149 2574 1185 excel-

1512 1202 1640 1240 lentia:
1669 1214 1746 1239 una
1775 1202 1932 1250 quidem
1960 1203 1997 1239 in
2026 1203 2300 1252 temporalibus
2328 1202 2462 1249 rebus;
2501 1201 2574 1250 alia

1511 1267 1606 1293 vero
1626 1255 1664 1292 in
1685 1254 1949 1304 spiritualibus.
1980 1255 2173 1303 Contingit
2191 1263 2320 1293 autem
2341 1250 2572 1305 quandoque

166 1059 174 1067 ·
190 1057 263 1078 Etnfc.
278 1057 318 1079 lib.
334 1056 372 1083 ιν,

167 1089 375 1131 {²3⁹†1Y3¹·1e¹‡}.¹⁵32vss

263 1163 277 1195 β

167 1268 175 1275 ·
188 1266 250 1287 Vers.
266 1271 299 1293 25.

166 1586 174 1594 ¹
186 1585 239 1606 Loc.
251 1586 373 1611 cium-14.

167 1691 174 1698 ·
182 1690 228 1716 Qu.
235 1695 270 1717 cx,
276 1693 318 1712 art.
324 1695 344 1717 2,
350 1696 374 1716 4.

402 1315 544 1351 miserit
561 1320 576 1343 Υ
604 1326 732 1352 vocem
759 1326 879 1359 suam,
908 1325 955 1350 ne
982 1311 1181 1348 credideris
1201 1311 1255 1347 ei:
1279 1309 1457 1358 quoniam

399 1373 537 1415 septem
566 1368 751 1415 nequitiae
767 1373 853 1404 sunt
871 1367 906 1403 in
927 1364 1039 1402 corde
1058 1364 1166 1400 illius.
1197 1363 1274 1400 Sed
1300 1362 1458 1400 submit-

401 1427 479 1456 tere
507 1432 646 1457 vocem
674 1419 835 1469 pertinet
864 1419 911 1456 ad
939 1417 1112 1455 ironiam.
1143 1417 1244 1464 Ergo
1274 1415 1311 1452 in
1340 1427 1384 1452 ea
1405 1422 1461 1452 est
1485 1445 1486 1451 ,

402 1472 594 1521 multiplex
623 1472 801 1522 nequitia.
1410 1510 1413 1515 s

455 1525 528 1562 SED
549 1537 694 1562 CONTRA
716 1537 781 1562 EST
809 1524 911 1572 quod
940 1522 1196 1571 Philosophus
1226 1519 1325 1567 dicit,
1346 1520 1384 1557 in
1409 1520 1460 1557 IV
1485 1521 1487 1527 “

400 1578 518 1614 Ethic.
539 1577 570 1624 ²¹⁶,
601 1578 705 1627 quod
733 1578 856 1614 irones
884 1582 920 1612 et
945 1576 1067 1613 minus
1095 1575 1253 1612 dicentes
1271 1573 1459 1623 gratiores
1485 1587 1487 1593 ’

399 1631 602 1668 secundum
631 1643 755 1668 mores
781 1629 965 1666 videntur.
1486 1635 1487 1663 l

453 1684 678 1720 Rasponnsso
697 1694 883 1720 DtCENDUM
902 1681 1019 1729 quod,
1037 1679 1131 1716 sicut
1149 1691 1262 1728 supra
1276 1678 1296 1700 ’¹‘
1317 1678 1458 1716 dictum

402 1743 468 1783 est,
497 1748 617 1773 unum
647 1734 891 1773 mendacium
920 1742 976 1774 est
1002 1732 1155 1782 gravius
1184 1733 1312 1778 altero,
1343 1743 1460 1779 quan-

402 1789 527 1837 doque
549 1788 702 1838 quidem
733 1801 777 1825 ex
805 1786 961 1824 materia
982 1786 1028 1823 de
1049 1798 1123 1834 qua
1151 1792 1218 1831 est,
1240 1784 1335 1821 sicut
1354 1796 1460 1820 men—

1513 1308 1616 1356 quod
1646 1307 1779 1356 aliquis
1798 1305 1811 1329 ὃ
1840 1320 1908 1356 per
1937 1308 2120 1345 exteriora
2147 1309 2253 1356 signa
2270 1309 2335 1346 vel
2361 1319 2433 1357 per
2451 1309 2573 1347 verba

1484 1381 1486 1399 i
1511 1360 1720 1410 praetendit
1753 1360 1910 1409 quidem
1947 1361 2136 1398 defectum
2167 1361 2204 1398 in
2234 1359 2480 1402 exterioribus
2503 1362 2573 1410 >reg

1513 1415 1595 1460 bus,
1625 1420 1716 1462 puta
1743 1425 1812 1463 per
1839 1413 2005 1461 aliquam
2032 1422 2181 1451 vestem
2210 1408 2396 1452 abiectam
2414 1409 2574 1464 -aut‘per

1485 1479 1487 1492 ÷
1513 1466 1652 1516 aliquid
1689 1465 1925 1514 huiusmodi,
1965 1474 2000 1503 et
2026 1479 2096 1516 per
2124 1467 2198 1504 hoc
2226 1466 2354 1516 ipsum
2382 1466 2572 1527 intendit&>

1513 1527 1703 1556 ostentare
1740 1519 1908 1567 aliquam
1944 1519 2205 1558 exceltentiam
2235 1520 2491 1570 spiritualem:
2507 1533 2573 1596 {t-

1514 1580 1577 1610 cut
1603 1571 1794 1611 Dominus
1831 1572 1878 1610 de
1911 1572 2142 1620 quibusdam
2180 1573 2284 1621 dicit,
2314 1573 2450 1612 March..
2476 1574 2512 1613 vl
2530 1597 2572 1629 ἶ

1513 1625 1619 1674 quod
1646 1625 1900 1665 exterminant
1911 1626 2040 1673 facies
2070 1627 2175 1664 suas'
2195 1633 2235 1663 ut
2268 1631 2478 1676 appareant
2507 1619 2572 1675 lio-

1513 1679 1674 1716 minibus
1700 1678 1914 1715 ieiunantes.
1945 1678 2056 1716 Unde
2085 1679 2142 1716 isti
2172 1679 2286 1719 simul
2304 1672 2574 1732 incurruntsf‘ss

1513 1731 1608 1768 tium
1635 1731 1777 1768 ironiae
1808 1739 1842 1767 et
1871 1731 2068 1769 iactantiae
2097 1735 2241 1779 (tamen
2269 1733 2494 1780 secundum.
2511 1767 2523 1779 „
2559 1728 2574 1773 -Ϊ

1513 1785 1654 1830 versa):
1686 1790 1722 1823 et
1749 1791 1903 1832 propter
1930 1785 2005 1822 hoc
2032 1785 2184 1832 gravius
2204 1784 2374 1835 peccant.
2402 1785 2514 1828 Unde
2539 1783 2575 1824 et·

2599 1576 2612 1587 ‘⁴
2627 1574 2695 1598 Vm.
2715 1575 2749 1597 ιε.

402 1841 552 1878 dacium
574 1841 675 1890 quod
695 1842 739 1878 fit
757 1841 795 1877 in
825 1840 996 1877 doctrina
1025 1837 1216 1886 religionis
1243 1845 1299 1873 est
1318 1836 1460 1884 gravis·
1486 1866 1488 1882 ,

400 1894 559 1931 simum:
589 1895 820 1942 quandoque
841 1900 966 1930 autem
988 1904 1033 1928 ex
1062 1890 1207 1927 motivo
1233 1890 1282 1926 ad
1300 1901 1460 1938 peccan-
1486 1886 1488 1898 “

401 1948 509 1992 dum,
539 1947 634 1984 sicut
662 1946 904 1984 mendacium
942 1942 1197 1993 perniciosum
1227 1949 1283 1979 est
1309 1943 1461 1990 gravius
1486 1947 1488 1958 '

400 2012 515 2048 quarn
545 1999 762 2036 officiosum
789 2000 851 2035 vel
889 1997 1076 2034 iocosum.
1112 1995 1236 2033 Ironia
1268 2002 1395 2032 autem
1426 2003 1461 2032 et
1486 2001 1488 2012 ¹
1513 2003 1640 2033 vestes
1668 1995 1780 2032 nimis
1808 1996 2002 2044 pretiosas,
2027 2009 2151 2046 neque
2181 1996 2292 2037 nimis
2317 1998 2575 2052 abiectashq:

398 2052 572 2090 iactantia
601 2052 699 2089 circa
726 2052 828 2090 idem
863 2050 1117 2094 mentiuntur,
1156 2049 1218 2086 vel
1245 2048 1373 2085 verbis
1398 2049 1460 2086 vel
1486 2058 1488 2063 ’
1513 2049 1604 2086 bere
1640 2049 1811 2094 volebat,
1851 2049 1940 2098 quia
1977 2049 2015 2087 in
2051 2058 2213 2100 utroque
2250 2046 2430 2091 homines
2465 2049 2575 2090 suam

398 2105 702 2155 quibuscumque
741 2103 987 2142 exterioribus
1016 2101 1150 2150 signis:
1188 2101 1327 2138 scilicet
1364 2100 1461 2138 circa
1513 2102 1672 2149 gloriam
1703 2109 1900 2150 quaerunt.
2325 2102 2327 2105 ’

400 2158 658 2195 conditionem
677 2170 875 2206 personae.
906 2157 1016 2194 Unde
1036 2162 1221 2204 quantum
1238 2154 1286 2191 ad
1306 2154 1381 2190 hoc
1399 2166 1460 2190 ae·
1565 2155 1624 2192 An
1651 2166 1815 2191 TERTIUM
1843 2167 2028 2193 DICENDUM
2056 2157 2180 2204 quod,
2210 2156 2306 2195 sicut
2342 2155 2477 2196 dicitur
2502 2155 2576 2203 Ec&-

399 2211 524 2260 qualia
538 2218 635 2248 sunt.
665 2211 740 2247 Sed
762 2218 803 2247 ut
824 2209 1030 2258 plurimum
1053 2207 1228 2245 iactantia
1244 2219 1288 2243 ex
1303 2202 1460 2255 turpiori
1486 2197 1488 2239 i
1513 2206 1570 2244 cli.
1601 2204 1710 2253 X1x‘*,
1740 2213 1793 2243 est
1811 2208 1876 2256 qui
1897 2209 2065 2257 nequiter
2082 2221 2122 2246 se
2140 2210 2323 2257 humiliat,
2344 2216 2381 2248 et
2396 2203 2576 2266 interiora*
2601 2212 2694 2240 'Vett-
2710 2220 2743 2246 2³-

398 2263 544 2301 motivo
574 2263 754 2312 procedit,
777 2263 917 2300 scilicet
936 2275 982 2298 ex
1002 2260 1170 2310 appetitu
1197 2259 1290 2296 lucri
1312 2260 1374 2296 vel
1394 2260 1461 2296 ho·
1486 2259 1488 2296 5
1512 2260 1591 2297 eius
1603 2260 1719 2308 plena
1736 2266 1822 2297 sunt
1840 2261 1935 2298 dolo.
1967 2261 2016 2298 Et
2045 2262 2257 2300 secundum
2281 2262 2368 2312 hoc,
2389 2263 2576 2303 Salomon

1513 1836 1769 1886 Philosophus
1798 1836 1897 1884 dicit,
1917 1837 1956 1874 in
1980 1837 2032 1875 IV
2049 1838 2169 1876 Ethic.
2190 1838 2221 1886 ²¹³,
2251 1838 2358 1887 quod
2385 1838 2428 1877 etv
2446 1837 2575 1888 super-

1514 1890 1743 1928 abundantia
1771 1895 1807 1927 et
1831 1890 1941 1927 valde
1962 1890 2124 1938 defectus
2152 1891 2370 1934 iactantiam
2389 1897 2453 1930 est.
2481 1887 2575 1945 Pro—

1514 1950 1596 1992 pter
1624 1943 1728 1992 quod
1757 1951 1793 1979 et
1820 1942 1868 1980 de
1895 1943 2107 1991 Augustino
2128 1943 2260 1993 legitur
2285 1945 2306 1968 *
2325 1945 2429 1997 quod
2450 1941 2575 1997 neque

2601 1847 2724 1878 ‘Meda
2730 1847 2756 1870 in
2764 1853 2812 1876 arg.

2601 1952 2680 2003 ig?
2697 1952 2812 2005 ’ἔδ-ξίἕῖ

2603 2012 2655 2035 etp.
2668 2011 2727 2028 xxn.

399 2317 515 2353 noris:
545 2316 667 2354 ironia
686 2329 780 2353 vero
802 2328 844 2353 ex
865 2316 939 2352 hoc
966 2315 1071 2362 quod
1091 2313 1194 2361 fugit,
1215 2313 1298 2349 licet
1322 2313 1461 2350 inordi-
1512 2313 1678 2361 loquitur
1707 2313 1753 2350 de
1784 2326 1829 2350 eo
1849 2314 1914 2363 qui
1942 2326 1987 2351 ex
2006 2315 2139 2353 dolosa
2168 2315 2375 2355 humilitate
2395 2314 2408 2343 ῑ
2435 2329 2575 2363 vocem
2626 2343 2630 2349 ,
2701 2317 2716 2346 ζ

399 2377 496 2416 nate,
512 2382 580 2418 per
600 2365 800 2406 elationem
822 2369 902 2405 aliis
922 2367 1046 2415 gravis
1066 2379 1159 2403 esse.
1181 2366 1230 2402 Et
1249 2366 1460 2403 secundum
1487 2371 1489 2412 l
1513 2378 1623 2402 suam
1653 2366 1848 2403 submittit.
2564 2364 2569 2371 ’
2600 2367 2627 2381 ‘¹⁸

452 2484 478 2515 α)
499 2483 632 2508 diminuit.
650 2497 669 2502 -
687 2483 845 2508 diminuitur
863 2482 1041 2508 ABCEFHIL.
1482 2485 1485 2509 ι
1510 2486 1558 2512 pro
1573 2486 1625 2511 per
1642 2479 1809 2506 exteriora...
1829 2481 1916 2511 verba,
1938 2488 1990 2512 per
2013 2481 2094 2506 verba
2119 2482 2260 2508 exteriora
2285 2483 2326 2508 ve!
2348 2483 2428 2517 signa
2451 2483 2504 2515 Pa;
2528 2492 2576 2517 pro

453 2518 476 2551 β)
497 2521 536 2543 est
553 2518 672 2551 gravius.
689 2532 708 2537 -
725 2526 776 2543 non
796 2521 836 2543 est
854 2518 941 2542 minus
959 2517 1008 2548 Pa,
1027 2523 1078 2541 non
1098 2519 1138 2540 est
1155 2515 1267 2548 gravius
1286 2515 1319 2540 H.
1506 2515 1670 2546 praetendit,
1686 2516 1853 2546 praecedunt
1872 2515 1900 2546 E,
1916 2516 2100 2547 praetendunt
2118 2517 2194 2542 ceteri
2214 2522 2318 2550 excepta
2337 2518 2380 2543 sc.

450 2555 476 2587 γ)
495 2554 654 2579 submiserit.
671 2567 690 2573 —
707 2554 829 2578 submisit
845 2553 920 2578 BDF.
1565 2550 1587 2580 ε)
1607 2550 1729 2575 intendit.
1747 2564 1766 2569 -
1783 2551 1926 2576 intendunt
1943 2552 2005 2582 DG;
2024 2559 2072 2584 pro
2092 2555 2235 2582 ostentare,
2254 2553 2396 2579 ostendere
2413 2553 2442 2579 P.

451 2588 475 2621 ὃ)
495 2589 600 2620 aliquis.
618 2602 636 2607 ·-
654 2589 756 2620 aliquid
774 2588 848 2619 BEF,
866 2587 950 2621 aliqui
968 2586 1083 2618 ADGHl,
1109 2586 1217 2618 quidam
1242 2586 1280 2615 K,
1305 2584 1396 2617 aliqua
1421 2584 1456 2615 L;
1484 2608 1486 2614 ,
1563 2584 1589 2616 ζ)
1608 2585 1766 2610 humilitate.
1784 2599 1803 2604 —
1821 2587 1941 2619 nequiter
1960 2587 2057 2612 addunt
2077 2587 2134 2612 Pla.

1070 2664 1400 2697 Commentarios
1423 2661 1673 2694 cardinalis
1694 2663 1894 2697 Caietam

430 2758 448 2776 N
468 2747 651 2786 quaestione
668 2745 1047 2776 centesimadecimatertia
1063 2744 1141 2774 nihil
1160 2744 1192 2774 in
1209 2742 1311 2783 specie
1332 2742 1369 2772 de
1386 2742 1453 2772 sola
1504 2742 1629 2782 respicit
1659 2743 1718 2773 nisi
1748 2751 1844 2783 prout
1875 2752 1948 2775 sunt
1971 2745 2003 2775 in
2028 2745 2167 2782 dicente,
2193 2752 2228 2777 ut
2258 2753 2344 2786 patet
2368 2756 2404 2778 ex
2429 2747 2520 2779 dictis
2539 2747 2572 2785 *ς
2600 2751 2668 2779 ·Qu.
2682 2754 2819 2778 cmm-3·

404 2760 530 2820 lironia
553 2791 687 2820 occurrit
711 2790 894 2820 dicendum:
920 2789 974 2819 sed
998 2787 1213 2819 universaliter
1236 2787 1273 2816 de
1298 2785 1454 2827 oppositis
1504 2786 1576 2816 ideo
1607 2787 1727 2817 veritati
1757 2795 1787 2818 et
1817 2788 2011 2828 assignatum
2042 2796 2087 2820 est
2118 2789 2334 2821 universaliter
2365 2790 2572 2832 oppositum,
2600 2778 2734 2801 &nm—²·

400 2834 532 2864 veritatis
556 2834 661 2864 virtuti
684 2834 910 2874 quaerendum,
935 2843 974 2863 an
998 2832 1104 2863 virtuti
1126 2831 1262 2862 veritatis
1287 2831 1348 2861 sint
1371 2829 1453 2860 suffi-
1505 2831 1594 2870 quod
1618 2841 1649 2860 se
1673 2831 1811 2862 extendit
1833 2832 1871 2862 ad
1895 2832 1999 2873 primo
2023 2840 2054 2864 et
2077 2834 2263 2864 secundario
2287 2842 2427 2875 respecta
2450 2845 2468 2866 a
2491 2835 2572 2867 veri-

401 2878 514 2908 cienter
537 2878 689 2917 assignata
713 2878 859 2917 opposita
881 2877 964 2908 vitia.
998 2877 1131 2907 Videtur
1153 2875 1237 2906 enim
1265 2875 1353 2915 quod
1377 2883 1453 2904 non.
1479 2880 1482 2931 ι
1505 2882 1582 2910 tate,
1607 2874 1722 2906 scilicet
1746 2876 1948 2907 mendacium
1976 2883 2041 2908 tam
2064 2878 2161 2908 verbo
2191 2887 2289 2919 quam
2312 2878 2414 2916 fact0;
2444 2887 2475 2911 et
2492 2879 2572 2911 assia

400 2923 486 2952 Tum
501 2921 518 2940 *
540 2922 614 2961 quia
637 2922 676 2951 ad
698 2931 841 2952 veracem
863 2927 981 2961 spectat
1004 2920 1106 2951 dicere
1128 2930 1239 2950 verum
1263 2929 1328 2950 non
1348 2919 1453 2950 solum
1506 2926 1599 2959 gnata
1619 2926 1692 2950 sunt
1715 2920 1860 2959 specialia
1876 2922 2024 2961 opposita
2048 2922 2128 2953 circa
2151 2932 2207 2962 per
2229 2933 2262 2953 se
2286 2923 2390 2964 primo
2407 2924 2572 2956 materiam

403 2965 480 2995 circa
504 2965 698 2995 conditiones
723 2975 873 3004 personae
897 2975 980 3000 suae,
1005 2965 1058 2994 sed
1082 2965 1114 2994 in
1138 2973 1340 3004 quacumque
1357 2970 1454 2993 mate·
1505 2963 1653 3001 veritatis,
1678 2964 1876 2996 conditiones
1893 2965 2011 3003 scilicet
2034 2976 2188 3006 personae
2207 2967 2350 3004 dicentis,
2366 2968 2512 3001 videlicet
2530 2968 2573 2999 ia-

403 3009 456 3039 ria.
490 3009 634 3038 Iactantia
662 3015 767 3039 autem
795 3016 824 3039 et
847 3009 946 3039 ironia
970 3009 1075 3039 solum
1098 3009 1271 3048 important
1294 3017 1455 3038 excessum
1508 3007 1622 3038 etantia
1646 3015 1676 3038 et
1698 3008 1810 3040 ironia.
2513 3040 2516 3044 ,

404 3059 434 3082 et
455 3051 612 3082 defectum
634 3052 769 3082 veritatis
800 3053 878 3082 circa
901 3052 1097 3083 conditiones
1121 3062 1274 3092 personae
1297 3051 1454 3092 propriae.
1563 3051 1615 3082 Ill.
1644 3051 1694 3082 Ad
1723 3053 1900 3083 secundum
1931 3061 2037 3084 autem
2067 3064 2132 3085 non
2160 3054 2251 3085 facile
2274 3062 2360 3095 patet
2390 3046 2572 3087 satisfactio.

405 3095 503 3125 Multa
518 3105 590 3134 ergo
606 3095 826 3135 relinquuntur
842 3097 899 3126 sub
915 3096 1042 3127 veritate
1066 3106 1146 3136 quae
1170 3106 1234 3126 non
1258 3095 1360 3136 pollui
1383 3105 1455 3136 pos·
1508 3095 1643 3135 Oportet
1666 3096 1825 3136 siquidem
1847 3097 1898 3127 hic
1921 3097 2021 3128 multa
2045 3099 2209 3130 discutere.
2242 3099 2350 3130 Primo
2368 3099 2395 3136 *,
2426 3110 2467 3130 an
2494 3099 2574 3131 fides

406 3146 478 3168 sunt
501 3148 555 3178 per
578 3139 653 3168 haec
675 3139 758 3169 vitia.
1508 3139 1665 3170 coincidat
1688 3150 1762 3170 cum
1786 3141 1923 3171 veritate.
1948 3142 1989 3172 Et
2012 3142 2036 3172 si
2061 3152 2137 3179 non,
2162 3144 2330 3184 quomodo
2355 3144 2574 3184 praetermissa

460 3182 547 3211 Tum
562 3182 579 3200 *
599 3182 672 3222 quia
692 3183 730 3212 ad
746 3192 887 3212 veracem
904 3189 1020 3222 spectat
1035 3183 1191 3213 verificare
1207 3183 1288 3213 dicta
1304 3183 1456 3212 servando
1509 3190 1555 3213 est
1578 3182 1675 3214 fides?
1699 3184 1730 3214 Si
1754 3184 1807 3220 sic,
1832 3195 1928 3225 quare
1946 3196 2011 3216 non
2028 3193 2073 3216 est
2097 3187 2341 3218 determinatum
2358 3188 2396 3218 de
2411 3194 2483 3219 actu
2500 3187 2573 3218 fidei

407 3226 574 3265 promissa,
600 3233 634 3256 ut
656 3225 687 3255 in
713 3236 766 3266 qu.
783 3226 891 3255 Lxxx*
914 3226 1056 3256 habitum
1081 3234 1135 3257 est.
1164 3227 1224 3256 Sed
1248 3226 1456 3256 observationi
1509 3234 1539 3256 et
1563 3227 1629 3257 eius
1653 3228 1818 3267 oppositis.
1844 3246 1864 3251 -
1888 3229 2033 3260 Secundo
2049 3230 2076 3267 *,
2102 3241 2141 3261 an
2164 3230 2241 3262 fides
2271 3232 2386 3263 habeat
2409 3232 2572 3272 propriam

406 3269 635 3309 promissorum
658 3279 760 3309 neque
784 3270 1000 3305 mendacium,
1026 3280 1128 3310 neque
1152 3270 1328 3305 simulatio,
1355 3279 1457 3310 neque
1510 3271 1686 3301 materiam:
1703 3278 1732 3302 et
1747 3281 1853 3312 quam.
1867 3290 1889 3296 -
1906 3274 2011 3304 Tertio
2020 3274 2046 3310 *,
2062 3285 2101 3304 an
2118 3275 2157 3305 sit
2172 3276 2211 3305 ad
2227 3286 2380 3307 ommis.-
2396 3275 2572 3313 Quarto*·²‚

406 3313 558 3349 iactantia,
583 3323 685 3353 neque
701 3313 800 3343 ironia
817 3313 999 3353 opponitur,
1017 3314 1070 3343 sed
1094 3313 1230 3354 perfidia.
1257 3313 1356 3343 Cuius
1373 3314 1458 3343 nulla
1510 3324 1550 3344 an
1574 3315 1686 3345 habeat
1708 3316 1773 3345 vim
1798 3317 2019 3356 obligativam:
2054 3326 2084 3349 et
2111 3327 2269 3359 quantum
2296 3326 2403 3360 peccet
2426 3319 2572 3359 frangens

407 3356 440 3386 fit
463 3356 494 3385 in
517 3357 617 3387 littera
641 3357 769 3387 mentio.
799 3357 1022 3388 Insufficienter
1045 3367 1118 3397 ergo
1144 3357 1385 3387 determinatum
1408 3357 1458 3388 hic
1510 3358 1615 3388 fidem.

407 3400 529 3430 videtur
558 3401 595 3430 de
625 3401 779 3440 oppositis
802 3401 938 3437 veritati,
973 3409 1002 3432 et
1032 3402 1069 3431 de
1100 3401 1167 3441 ipsa
1194 3402 1320 3432 veritate
1351 3402 1457 3441 quoad
1565 3403 1605 3433 Et
1628 3404 1729 3442 primi
1751 3404 1881 3444 quidem
1905 3405 1992 3435 dubii
2018 3406 2095 3436 ratio
2121 3414 2167 3438 est
2196 3407 2271 3447 quia
2294 3407 2406 3437 veritas
2430 3407 2573 3438 consistit

408 3450 512 3473 actum
535 3443 606 3474 fidei
621 3444 646 3475 *.
1509 3446 1542 3476 in
1566 3446 1785 3478 conformitate
1805 3449 1969 3488 signorum
1985 3450 2175 3481 exteriorum
2191 3451 2230 3481 ad
2247 3461 2282 3481 ea
2298 3460 2379 3491 quae
2396 3458 2470 3481 sunt
2486 3451 2571 3481 intus

464 3487 508 3536 ΙΙ..
524 3488 573 3517 Ad
603 3488 741 3527 primum
770 3488 886 3518 horum
917 3489 1028 3519 dicitur
1057 3489 1145 3529 quod
1172 3489 1246 3528 quia
1269 3489 1379 3519 veritas
1404 3500 1458 3529 per
1510 3491 1541 3520 in
1566 3491 1665 3521 nobis.
1699 3491 1790 3522 Fides
1814 3500 1920 3523 autem
1945 3494 2086 3524 consistit
2108 3495 2141 3524 in
2166 3494 2386 3525 conformitate
2413 3493 2570 3525 factorum

409 3540 440 3559 se
464 3541 566 3569 primo
588 3532 709 3571 respicit
729 3532 923 3562 conditiones
943 3542 1094 3571 personae
1111 3532 1250 3568 dicentis,
1268 3540 1298 3563 et
1317 3533 1375 3563 alia
1392 3543 1456 3563 non
1510 3535 1549 3564 ad
1573 3534 1663 3565 dieta.
1688 3536 1756 3565 Hae
1781 3543 1887 3566 autem
1912 3537 2048 3568 diversae
2065 3546 2139 3568 sunt
2163 3538 2424 3569 conformitatum
2441 3539 2569 3578 species.

169 2930 177 2939 “
191 2918 230 2950 'Cs-
242 2934 304 2950 num.
319 2933 343 2950 n.

2599 3105 2610 3116 ⁶
2624 3103 2660 3126 ef.
2673 3109 2737 3126 num.
2752 3110 2774 3124 v.

172 3188 180 3196 ·
196 3186 230 3208 Cf.
242 3192 305 3209 num.
319 3191 351 3207 ιιι.

173 3231 181 3239 ⁸
191 3229 257 3257 Resp.
269 3229 306 3250 ad.
315 3236 335 3258 3.
2600 3235 2609 3245 ⁸
2624 3234 2661 3256 ef.
2675 3239 2740 3256 num.
2754 3240 2784 3255 vl.

2600 3275 2610 3286 ³
2625 3274 2661 3296 cf.
2675 3280 2739 3296 num.
2754 3279 2795 3296 vn.

2600 3303 2621 3313 ’⁸
2631 3301 2668 3323 Cf.
2680 3306 2744 3323 num.
2759 3306 2810 3322 viu.

174 3455 182 3462 ·
189 3453 223 3475 Cf.
230 3459 268 3480 qu.
275 3456 380 3478 cx‚art.3,

174 3479 312 3510 Commenr.‚
321 3478 379 3506 prin-

173 3512 218 3533 cip.
