2860 4244
0 760 9 846 e-v—-t,

59 534 70 544 ⁶
84 533 150 554 Vers.
165 539 187 560 9.

58 850 269 899 dsgverffl·

59 903 155 933 XXXV,
165 909 216 931 cap.
230 909 255 925 u.

57 1060 69 1071 ⁸
83 1059 150 1082 Vm.
163 1065 195 1082 ιι.

30 3115 147 3140 '⁴⁸Ven.
161 3122 185 3146 9.

927 243 1193 289 QUAESTIO
1223 243 1430 291 LXXXVI,
1460 244 1755 281 ARTICULUS
1786 244 1837 280 IV

300 320 475 358 claudum
509 327 544 357 et
569 321 810 371 languidum,
840 333 964 358 nonne
989 321 1131 357 malum
1161 321 1242 358 est?
1280 322 1356 358 Sed
1381 321 1385 372 Ι

301 373 480 410 claudum
516 381 552 410 et
579 374 799 422 languidum
829 381 883 410 est
911 373 1051 410 animal
1085 373 1180 410 iuste
1208 386 1357 422 posses-

300 438 398 463 sum.
430 427 531 473 Ergo
553 426 703 464 videtur
722 426 826 475 quod
853 438 932 463 non
959 428 1006 463 de
1026 426 1131 463 omni
1152 426 1247 463 iuste
1270 439 1357 475 pos-

300 490 404 515 sesso
432 479 552 527 possit
580 479 722 516 oblatio
750 478 844 516 fieri.

353 532 427 568 SED
456 543 602 568 CONTRA
629 544 696 569 EST
724 532 828 579 quod
858 531 994 567 dicitur
1019 532 1132 568 Prov.
1154 544 1189 568 111
1208 531 1242 568 *z
1273 532 1356 568 Ho-

299 595 394 620 nora
421 584 628 621 Dominum
648 582 661 606 ὅ
689 585 735 621 de
762 589 825 620 tua
852 584 1067 620 substantia.
1097 585 1158 621 Ad
1187 585 1357 621 substan-

298 636 389 673 tiam
417 644 546 673 autem
573 636 739 673 hominis
758 635 918 684 pertinet
945 636 1127 684 quidquid
1155 637 1249 674 iuste
1270 649 1357 685 pos-

298 689 404 726 sidet.
449 689 552 735 Ergo
591 689 638 725 de
671 688 851 725 omnibus
885 688 981 725 iuste
1016 689 1200 737 possessis
1235 697 1359 738 potest

297 740 440 778 oblatio
474 741 568 777 fieri.

351 794 577 830 Responmzo
614 805 800 830 manDuM
834 794 959 842 quod,
997 794 1090 831 sicut
1124 794 1358 842 Augustinus

298 845 396 892 dicit,
417 845 455 882 in
483 845 578 883 libro
608 847 653 883 de
674 847 781 883 Verb.
803 847 916 883 Dom.
937 846 968 893 ³¹⁴,
987 847 1022 883 si
1044 847 1327 895 depraedareris
1345 851 1358 867 ⁸

296 899 458 946 aliquem
488 899 694 936 invalidum
723 905 759 936 et
783 900 829 936 de
855 899 980 947 spoliis
1008 900 1087 935 eius
1111 900 1221 936 dares
1246 899 1360 935 alicui

296 951 411 988 iudici
426 952 460 987 si
480 963 554 999 pro
575 957 608 988 te
636 952 827 997 iudicaret,
848 957 951 989 tanta
978 952 1034 988 vis
1061 957 1114 988 est
1132 951 1290 988 iustitiae
1318 956 1359 987 ut

295 1010 332 1041 et
359 1005 424 1040 tibi
449 1004 668 1052 displiceret.
696 1005 788 1042 Non
818 1010 871 1041 est
898 1004 981 1041 talis
1003 1005 1107 1040 Deus
1135 1010 1219 1040 tuus
1237 1004 1358 1051 qualis

297 1068 371 1094 non
387 1057 496 1094 debes
510 1069 588 1094 esse
602 1069 671 1094 nec
683 1063 735 1094 tu.
757 1058 806 1094 Et
819 1056 908 1093 ideo
927 1055 1060 1093 dicitur
1072 1056 1188 1093 Eccli.
1205 1055 1356 1092 xxxiv*:

295 1110 533 1147 Immolantis
558 1122 607 1146 ex
630 1110 757 1158 iniquo
785 1109 922 1146 oblatio
943 1114 996 1145 est
1013 1109 1215 1146 maculata.
1245 1109 1357 1146 Unde

295 1170 399 1211 patet
427 1162 531 1210 quod
561 1163 608 1199 de
628 1162 765 1199 iniuste
794 1161 983 1210 acquisitis
1013 1169 1048 1197 et
1075 1162 1259 1210 possessis
1281 1174 1359 1198 non

296 1222 421 1264 potest
449 1214 590 1251 oblatio
619 1214 714 1251 fieri.

350 1269 392 1304 In
411 1267 530 1304 veteri
559 1275 688 1304 autem
717 1267 810 1314 lege,
830 1266 868 1303 in
892 1278 968 1315 qua
995 1266 1140 1314 figurae
1169 1267 1358 1304 servieba—

294 1327 366 1367 tur,
386 1320 576 1368 quaedam
603 1327 760 1369 propter
792 1319 1105 1367 significationem
1134 1320 1359 1368 reputaban-

294 1380 354 1411 tur
381 1373 601 1421 immunda,
632 1385 730 1421 quae
759 1372 897 1409 offerre
930 1384 1008 1409 non
1037 1372 1185 1409 licebat.
1215 1373 1293 1409 Sed
1321 1373 1358 1409 in

248 1426 508 1473 ss-nova‘Tege
529 1426 655 1462 omnis
684 1432 855 1462 creatura
882 1424 955 1462 Dei
984 1432 1176 1473 reputatur
1201 1425 1357 1472 munda,

293 1486 336 1516 ut
364 1478 498 1516 dicitur
517 1479 568 1516 ad
584 1480 653 1516 Tit.
669 1490 679 1515 1
693 1477 724 1514 *.
754 1479 803 1514 Et
821 1478 921 1525 ideo,
943 1485 1129 1525 quantum
1155 1485 1211 1514 est
1238 1479 1285 1514 de
1305 1490 1357 1525 se,

295 1532 343 1569 de
363 1531 533 1580 quolibet
552 1531 650 1568 licite
669 1542 848 1579 possesso
869 1527 993 1579 potest
1012 1530 1153 1567 oblatio
1173 1530 1264 1567 fieri.
1287 1531 1361 1567 Per

293 1584 470 1622 accidens
495 1583 656 1621 tamen<
689 1583 870 1631 contingit
898 1583 1003 1632 quod
1031 1583 1078 1620 de
1106 1583 1233 1631 aliquo
1262 1582 1359 1620 licite

292 1649 473 1686 possesso
501 1636 644 1674 oblatio
669 1636 752 1673 fieri
776 1648 855 1673 non
878 1643 1022 1685 potest:
1052 1643 1144 1684 puta
1172 1635 1202 1672 si
1229 1643 1360 1683 vergat

240 1693 241 1696 ’
292 1689 332 1728 in
361 1690 631 1727 detrimentum
652 1688 816 1736 alterius,
836 1697 878 1726 ut
901 1689 931 1726 si
951 1688 1049 1726 filius
1069 1688 1202 1738 aliquis
1226 1688 1361 1725 offerat

150 1760 154 1767 »
179 1759 205 1796 J
231 1760 233 1762 ·
291 1742 378 1781 Deo
406 1742 443 1779 id
472 1742 574 1780 unde
604 1742 718 1780 debet
745 1749 893 1790 patrem
922 1741 1074 1788 nutrire,
1095 1741 1201 1791 quod
1227 1741 1360 1778 Domi-

292 1807 364 1832 nus
385 1795 576 1844 improbat
596 1795 719 1832 Matth
737 1806 786 1831 xv
803 1795 838 1840 *;
867 1795 930 1832 vel
949 1801 1104 1844 propter
1123 1795 1359 1842 scandalum,

290 1849 537 1939 ivgmzrffipter
575 1855 860 1896 contemptum,
888 1848 951 1884 vel
987 1847 1127 1895 aliquid
1155 1847 1256 1884 aliud
1290 1848 1359 1884 hu-

297 2020 305 2029 ·
345 2013 371 2047 ὃ)
394 2014 549 2040 Dominum.
562 2027 582 2033 -
600 2013 688 2039 Deum
708 2016 782 2038 tuum
798 2013 895 2038 addunt
912 2013 959 2038 Pa.

345 2049 368 2082 ε)
387 2049 602 2082 depraedareris.
611 2062 631 2068 -
645 2049 847 2080 depraedareris
856 2049 906 2079 ΑΚ,
916 2049 1091 2080 depraedaris
1103 2049 1131 2080 E,
1137 2049 1315 2080 praedaveris
1325 2049 1357 2080 G,

286 2085 464 2118 praedaretis
482 2085 501 2116 l,
520 2084 726 2116 depraedaveris
745 2084 829 2115 PDH3
849 2084 939 2109 abrasa
958 2084 1006 2116 pC.

345 2119 371 2153 ζ)
392 2123 490 2145 tamen.
502 2133 521 2139 —
539 2122 628 2144 autem
649 2119 694 2149 Pa,
714 2126 766 2144 non
786 2127 812 2144 x.

345 2156 372 2188 η)
387 2156 486 2190 favere
500 2157 653 2187 peccato.-
664 2156 759 2188 facere
774 2158 885 2186 peccata
903 2154 1079 2186 ABCEFLpK
1098 2159 1123 2178 et
1136 2161 1181 2183 xa,
1192 2154 1286 2187 facere
1294 2161 1358 2186 pec-

290 2194 381 2216 calum
402 2191 434 2222 G,
448 2191 546 2225 favere
558 2193 672 2222 peccata
690 2190 722 2220 K,
735 2191 832 2224 favere
845 2190 965 2221 peccatis
983 2189 1001 2219 Ι,
1013 2190 1112 2222 fovere
1125 2192 1238 2221 peccata
1257 2190 1290 2214 H.

2392 243 2465 279 223

1464 324 1523 358 Au
1552 334 1688 359 PRIMUM
1714 333 1812 359 ERGO
1840 333 2024 358 memnon
2049 322 2154 369 quod
2178 321 2216 358 in
2240 320 2359 358 veteri
2386 322 2467 368 lege

1412 375 1683 424 prohibebatur
1711 374 1850 412 oblatio
1879 374 1925 411 de
1954 374 2130 412 mercede
2158 373 2355 422 prostibuli
2381 386 2468 422 pro-

1411 435 1494 476 pter
1522 427 1813 464 immunditiam.
1845 428 1888 463 In
1916 439 2019 464 nova
2047 435 2175 463 autem
2204 427 2286 474 lege
2313 434 2469 474 propter

1412 480 1632 516 scandalum
1642 479 1678 516 *ε
1694 492 1742 516 ne
1756 480 1931 517 videatur
1945 479 2115 516 Ecclesia
2129 479 2257 516 favere
2271 486 2428 527 peccato
2436 484 2466 525 η,

1412 532 1441 568 si
1473 532 1520 568 de
1549 533 1652 568 lucro
1681 532 1825 581 peccati
1853 532 2086 569 oblationem
2116 531 2280 581 recipiat.

1464 586 1523 620 Au
1560 596 1749 622 SECUNDUM
1777 597 1960 622 DICENDUM
1989 585 2093 633 quod
2126 585 2227 621 canis
2255 585 2467 621 secundum

1412 637 1534 683 legem
1551 638 1795 685 reputabatur
1809 638 1948 674 animal
1964 637 2220 675 immundum.
2241 637 2325 674 Alia
2338 645 2468 673 tamen

1413 688 1589 725 animalia
1617 689 1816 727 immunda
1844 690 2136 737 redimebantur,
2167 697 2203 726 et
2226 702 2360 727 eorum
2385 702 2468 738 pre-

1411 741 1506 777 tium
1525 749 1672 789 poterat
1691 742 1838 779 offerri:
1869 743 2080 779 secundum
2100 743 2189 779 illud
2208 743 2326 780 Levit.
2346 743 2412 779 ult.
2428 743 2466 779 *ε

1413 794 1455 830 Si
1481 794 1716 830 immundum
1744 795 1888 831 animal
1913 801 1982 840 est,
2011 796 2167 832 redimet
2193 796 2259 844 qui
2284 795 2466 832 obtulerit.

1414 845 1491 882 Sed
1520 846 1622 882 canis
1646 858 1717 882 nec
1736 847 1966 884 offerebatur
1985 860 2056 884 nec
2084 848 2355 885 redimebatur:
2385 855 2467 884 tum

1413 898 1502 946 quia
1539 898 1758 935 idololatrae
1788 899 1943 936 canibus
1977 901 2179 937 utebantur
2211 901 2248 937 in
2277 900 2468 937 sacrificiis

1413 951 1620 996 idolorum;
1642 959 1723 987 tum
1744 951 1856 988 etiam
1877 952 1964 1000 quia
1984 953 2192 1000 significant
2211 953 2466 1001 rapacitatem,

1414 1004 1461 1040 de
1481 1015 1557 1051 qua
1585 1016 1663 1040 non
1690 1012 1815 1052 potest
1832 1004 1914 1040 fieri
1942 1005 2082 1042 oblatio
2101 1005 2131 1042 ²¹³.
2163 1006 2240 1043 Sed
2267 1006 2362 1042 haec
2381 1018 2467 1054 pro-

1412 1055 1544 1092 hibitio
1574 1064 1695 1093 cessat
1722 1056 1760 1093 in
1789 1069 1891 1093 nova
1919 1057 2011 1104 lege.

1465 1110 1525 1145 An
1557 1121 1716 1146 TERTmM
1754 1121 1938 1146 DiCENDUM
1976 1111 2080 1158 quod
2117 1110 2257 1147 oblatio
2296 1110 2468 1147 animalis

1414 1161 1515 1198 caeci
1533 1162 1595 1198 vel
1615 1162 1738 1199 claudi
1765 1162 1993 1199 reddebatur
2011 1163 2134 1199 illicita
2161 1162 2360 1210 tripliciter.
2381 1163 2467 1200 Uno

1414 1214 1550 1262 modo,
1580 1215 1724 1252 ratione
1753 1215 1833 1251 eius
1862 1215 1910 1251 ad
1939 1216 2043 1263 quod
2071 1215 2312 1252 offerebatur.
2358 1215 2468 1252 Unde

1415 1266 1548 1304 dicitur
1567 1268 1729 1305 Malach.
1751 1280 1760 1304 l
1778 1269 1817 1304 *ε
1847 1268 1889 1304 Si
1906 1267 2074 1317 offeratis
2096 1280 2249 1305 caecum
2270 1268 2321 1305 ad
2338 1268 2470 1304 immo—

1414 1320 1579 1365 landum,
1601 1332 1724 1357 nonne
1742 1320 1885 1358 malum
1905 1320 1984 1357 est?
2009 1321 2190 1358 sacrificia
2210 1328 2336 1358 autem
2357 1333 2469 1369 opor-

1413 1373 1515 1409 tebat
1534 1385 1617 1409 esse
1637 1373 1891 1410 immaculata.
1909 1394 1932 1400 -
1958 1374 2147 1421 Secundo,
2169 1386 2214 1411 ex
2235 1381 2467 1422 contemptu.

1414 1425 1524 1462 Unde
1558 1425 1700 1463 ibidem
1729 1426 1748 1448 *
1776 1426 1966 1463 subditur:
2015 1428 2087 1464 Vos
2117 1427 2300 1475 polluistis
2335 1438 2468 1463 nomen

1414 1490 1538 1514 meum
1567 1479 1604 1514 in
1634 1491 1676 1515 eo
1705 1479 1805 1526 quod
1827 1479 1963 1516 dicitis:
1991 1480 2130 1516 Mensa
2154 1479 2311 1516 Domini
2343 1485 2468 1515 conta-

1413 1531 1557 1567 minata
1585 1537 1656 1576 est,
1687 1537 1722 1567 et
1748 1532 1848 1579 quod
1873 1533 2136 1580 superponitur
2161 1530 2173 1553 θ
2202 1532 2471 1579 contemptibile

1414 1589 1477 1620 est.
1498 1604 1522 1611 -
1551 1583 1681 1620 Tertio
1702 1584 1835 1631 modo,
1865 1596 1909 1620 ex
1928 1591 2020 1621 voto
2047 1584 2300 1632 praecedenti,
2328 1597 2374 1621 ex
2393 1596 2469 1632 quo

1415 1635 1601 1683 obligatur
1635 1637 1756 1673 homo
1793 1644 1834 1673 ut
1867 1636 2055 1684 integrum
2094 1637 2225 1674 reddat
2261 1637 2366 1684 quod
2402 1650 2470 1674 vo-

1414 1696 1521 1726 verat
1540 1695 1560 1725 ‘.
1589 1689 1700 1726 Unde
1729 1688 1871 1726 ibidem
1890 1689 1910 1711 '¹‘
1938 1689 2130 1727 subditur:
2158 1689 2385 1726 Maledictus
2407 1690 2470 1726 do-

1414 1741 1513 1778 losus
1532 1743 1596 1789 qui
1621 1742 1734 1778 habet
1759 1742 1797 1778 in
1815 1754 1936 1791 grege
1961 1754 2029 1778 suo
2051 1742 2272 1788 masculum,
2292 1748 2328 1779 et
2343 1748 2471 1779 votum

1403 1794 1556 1843 faciens
1584 1795 1755 1832 immolat
1779 1795 1897 1832 debile
1923 1795 2100 1832 Domino.

1467 1848 1515 1883 Et
1536 1847 1695 1884 eaedem
1715 1853 1732 1869 κ
1754 1860 1889 1885 causae
1908 1855 2064 1884 manent
2083 1848 2120 1884 in
2139 1848 2220 1895 lege
2241 1859 2354 1884 nova.
2378 1847 2470 1894 Qui—

1415 1900 1485 1936 bus
1514 1908 1643 1937 tamen
1672 1901 1918 1948 cessantibus,
1947 1913 2025 1937 non
2054 1908 2110 1937 est
2136 1900 2316 1937 illicitum.

1429 2049 1434 2054 ¹
1464 2011 1488 2046 θ)
1508 2014 1739 2046 superponitur.—
1765 2014 1926 2046 supponitur
1950 2013 2153 2042 PABEFHIKa‚
2182 2014 2220 2044 (et
2243 2014 2319 2046 quia)
2346 2021 2472 2046 superpo-

1410 2052 1490 2116 snut'?
1503 2050 1621 2109 zieeerat.
1634 2097 1653 2102 —
1672 2085 1744 2109 vovit
1762 2084 1816 2115 PH,
1835 2087 1915 2109 vovat
1933 2091 1959 2114 x,
1978 2087 2054 2108 amat
2073 2084 2091 2108 Ι.

1464 2119 1489 2151 κ)
1509 2120 1624 2144 eaedem.
1636 2132 1655 2138 -
1673 2120 1722 2144 hae
1740 2119 1789 2145 Pa.

963 2269 1296 2302 Commentaria
1318 2269 1571 2302 Garamans
1592 2270 1794 2302 Caietam

321 2361 342 2381 N
365 2350 498 2381 articulo
521 2349 613 2381 tertio
640 2349 783 2380 eiusdem
810 2349 1023 2390 quaestionis,
1049 2349 1170 2380 omisso
1194 2350 1353 2386 secundo,

294 2362 465 2430 Iadverte,
489 2394 521 2424 in
545 2394 753 2433 responsione
783 2393 821 2423 ad
845 2393 992 2429 tertium,
1017 2394 1106 2434 quod
1133 2393 1246 2432 triplex
1274 2393 1354 2424 ratio

289 2438 414 2470 illicitae
437 2437 607 2468 oblationis
622 2437 766 2468 animalis
787 2437 869 2467 caeci
885 2444 939 2468 aut
959 2437 1061 2467 claudi
1086 2437 1130 2467 sic
1153 2437 1356 2477 distinguitur

289 2483 379 2524 quod
402 2482 504 2523 prima
531 2491 628 2522 penes
651 2481 941 2521 improportionem
965 2481 1088 2511 oblatae
1112 2481 1155 2511 rei
1179 2482 1219 2511 ad
1242 2480 1354 2511 sacrifi-

291 2526 390 2563 cium;
415 2526 552 2557 secunda
572 2535 668 2566 penes
683 2525 746 2556 hoc
765 2526 854 2566 quod
870 2535 918 2555 res
934 2525 1001 2565 ipsa
1019 2526 1266 2565 contemptibilis
1284 2535 1357 2556 con-

289 2570 500 2611 temptibilem
514 2570 656 2601 redderet
671 2570 817 2600 divinum
833 2569 972 2605 cultum;
992 2569 1081 2600 tertia
1097 2580 1194 2609 penes
1209 2569 1275 2600 voti
1291 2569 1356 2600 vin-

291 2615 401 2647 culum
423 2614 603 2646 attenditur.
634 2615 766 2653 Propter
794 2614 930 2653 primam
959 2623 1098 2654 namque
1127 2624 1193 2644 non
1217 2614 1289 2644 licet
1311 2614 1356 2644 vi-

291 2668 371 2690 num
398 2666 562 2690 acetosum
591 2665 646 2688 aut
675 2658 810 2688 farinam
837 2658 928 2698 quasi
956 2665 1138 2698 corruptam
1162 2657 1272 2688 offerre
1296 2668 1354 2698 pro

1408 2349 1558 2380 sacrificio
1583 2349 1812 2381 Eucharistiae:
1837 2350 1992 2390 quoniam
2007 2350 2212 2380 immaculato
2228 2349 2380 2380 sacrificio
2404 2350 2472 2380 sola

1407 2393 1610 2424 immaculata
1633 2395 1763 2424 materia
1786 2394 2027 2434 proportionata
2051 2400 2106 2424 est.
2131 2394 2263 2434 Propter
2287 2395 2470 2431 secundam,

1409 2444 1509 2468 vestes
1540 2438 1790 2468 concubinarum
1819 2448 1884 2468 non
1909 2438 2041 2474 debent,
2066 2437 2121 2467 ubi
2150 2445 2224 2468 sunt
2254 2438 2412 2477 cognitae,
2438 2438 2469 2467 in

1409 2479 1510 2512 sacras
1540 2481 1698 2512 transferri
1720 2489 1832 2513 vesteS.
1865 2483 1998 2522 Propter
2024 2481 2166 2517 tertiam,
2191 2482 2247 2522 qui
2270 2482 2357 2512 vovit
2389 2482 2470 2512 vitu-

1409 2526 1477 2556 lum
1493 2536 1559 2556 non
1575 2526 1723 2556 satisfacit
1738 2526 1763 2556 si
1786 2525 1949 2556 infirmum
1969 2525 2075 2556 offert:
2099 2525 2175 2565 quia
2194 2532 2307 2556 votum
2323 2526 2470 2565 intelligi-

1409 2577 1460 2600 tur
1483 2570 1521 2600 de
1544 2570 1645 2601 vitulo
1669 2570 1702 2600 in
1725 2571 1813 2600 bono
1836 2577 1928 2601 statu.
1954 2570 2016 2601 Ubi
2037 2579 2112 2609 ergo
2136 2570 2264 2610 qualem
2287 2570 2381 2600 habet
2403 2580 2470 2600 rem

1410 2615 1478 2644 Deo
1495 2614 1566 2654 quis
1591 2614 1691 2652 offert,
1709 2621 1739 2645 et
1762 2614 1840 2644 nihil
1862 2614 1979 2645 horum
2002 2614 2294 2644 inconvenientium
2317 2614 2468 2654 sequitur,

1411 2659 1490 2688 bene
1514 2658 1597 2690 facit.

1072 2826 1391 2867 ARTICULUS
1422 2826 1695 2876 QUARTUS

751 2919 905 2950 UTRUM
929 2920 986 2949 AD
1011 2919 1225 2950 PRIMITIAS
1249 2919 1500 2950 SOLVENDAS
1525 2919 1718 2950 HOMINES
1741 2919 2008 2950 TENEANTUR

320 3037 482 3120 '5⁸24‘
507 3061 555 3098 ad
574 3060 758 3109 primitias
783 3060 986 3097 solvendas
1009 3059 1185 3096 homines
1204 3071 1282 3096 non
1301 3066 1353 3095 te-

312 3093 471 3173 dae,
452 3117 681 3153 (ne.antur
728 3113 828 3159 Quia
855 3113 980 3149 Exod.
1006 3124 1066 3149 xm
1085 3111 1120 3159 ³³,
1152 3112 1239 3149 data
1271 3113 1353 3160 lege

350 3140 869 3215 fflprimogenitorum,
904 3165 1094 3202 subditur:
1136 3166 1222 3202 Erit
1248 3165 1357 3213 quasi

292 3221 444 3269 signum
480 3219 516 3256 in
546 3231 662 3256 manu
691 3224 778 3255 tua.-
814 3225 849 3255 et
875 3217 926 3255 ita
953 3218 1103 3255 videtur
1131 3230 1213 3255 esse
1247 3230 1354 3267 prae-

295 3279 449 3321 ceptum
489 3271 776 3308 caeremoniale.
821 3271 897 3308 Sed
930 3278 1132 3320 praecepta
1161 3283 1354 3308 caeremo-

294 3325 407 3362 nialia
435 3337 514 3361 non
543 3332 630 3361 sunt
649 3324 837 3360 servanda
856 3323 894 3360 in
913 3325 994 3371 lege
1022 3336 1136 3361 nova.
1167 3325 1268 3372 Ergo
1291 3336 1355 3360 ne-

296 3389 369 3427 que
397 3377 584 3427 primitiae
613 3384 700 3414 sunt
728 3377 947 3414 solvendae.

349 3442 384 3468 2.
405 3431 648 3476 PRAETEREA,
678 3428 863 3478 primitiae
893 3429 1150 3467 offerebantur
1183 3429 1352 3466 Domino

347 3543 375 3575 α)
395 3543 560 3576 accedesque.
573 3557 593 3562 -
610 3543 772 3575 accedasque
791 3542 1020 3572 ABDEFHKan,
1040 3542 1131 3567 abrasa
1149 3542 1197 3575 pC.

429 3029 480 3070 ὅ(
505 3020 528 3045 x>
548 3018 720 3050 QUARTUM
740 3018 794 3043 51c
812 3018 1052 3043 PROCEDITUR.
1073 3006 1230 3043 Videtur
1249 3006 1354 3055 quod
1410 3019 1480 3065 ptro
1497 3007 1650 3055 speciali
1666 3006 1855 3044 beneficio
1871 3007 1920 3043 illi
1934 3007 2079 3056 populo
2095 3007 2274 3044 exhibito.
2297 3008 2399 3044 unde
2416 3007 2469 3044 di-

1412 3059 1504 3096 citur
1523 3061 1634 3096 Deut.
1655 3071 1738 3096 xxV1
1758 3059 1797 3095 *z
1831 3061 1867 3096 T
1863 3059 1951 3096 olles
1968 3060 2015 3096 de
2033 3061 2173 3096 cunctis
2187 3060 2375 3110 frugibus
2398 3061 2469 3097 tuis

1405 3112 1609 3160 primitias,
1639 3113 1865 3161 accedesque
1883 3117 1901 3134 ²
1927 3113 1979 3149 ad
2003 3113 2233 3150 sacerdotem
2262 3113 2327 3161 qui
2344 3113 2471 3161 fuerit

1411 3165 1447 3202 in
1477 3165 1604 3202 diebus
1632 3165 1714 3212 illis,
1744 3171 1779 3201 et
1804 3166 1901 3202 dices
1928 3166 1980 3202 ad
2005 3178 2114 3203 eum.-
2149 3167 2334 3214 Profiteor
2359 3166 2468 3202 hodie

1411 3230 1541 3255 coram
1561 3218 1727 3255 Domino
1747 3218 1829 3255 Deo
1858 3224 1919 3255 tuo
1948 3219 2049 3267 quod
2071 3219 2260 3268 ingressus
2286 3230 2369 3255 sum
2396 3223 2466 3254 ter-

1410 3283 1495 3308 ram
1509 3283 1582 3319 pro
1603 3282 1677 3319 qua
1698 3271 1837 3308 iuravit
1853 3272 2024 3320 patribus
2043 3271 2178 3307 nostris
2202 3276 2243 3307 ut
2258 3271 2365 3307 daret
2382 3282 2466 3307 eam

1410 3324 1526 3360 nobis.
1557 3324 1659 3372 Ergo
1688 3324 1782 3360 aliae
1810 3324 1982 3361 nationes
2010 3336 2088 3360 non
2115 3330 2289 3360 tenentur
2317 3323 2364 3360 ad
2392 3323 2465 3372 pri-

1410 3376 1532 3413 mitias
1562 3377 1778 3414 solvendas.

1465 3430 1498 3466 3.
1528 3430 1767 3476 PRAETEREA,
1803 3429 1893 3466 illud
1928 3429 1975 3466 ad
2014 3429 2117 3477 quod
2153 3429 2285 3478 aliquis
2319 3435 2466 3466 tenetur

2495 483 2507 494 ⁴
2520 483 2549 504 D.
2564 489 2613 535 933.

2494 745 2506 756 ⁹
2520 744 2587 766 Vera.
2602 750 2637 771 27.

2496 1009 2594 1058 xxia&
2600 1015 2650 1037 cap.
2661 1014 2708 1035 ur,

2497 1276 2507 1287 ⁸
2522 1275 2588 1297 Vers.
2603 1275 2625 1297 8.

2497 1434 2507 1443 ⁸
2523 1432 2590 1454 Vere.
2605 1439 2634 1454 η.

2498 1721 2509 1731 ·
2525 1719 2592 1741 Vers.
2608 1726 2639 1746 14.

2496 3115 2506 3125 ⁸
2520 3115 2587 3137 Vers.
2602 3121 2621 3142 2,
2637 3121 2656 3143 3.

2591 3174 2606 3189 α
