2860 4244
184 1384 191 1392 ·
203 1382 238 1404 Cf.
253 1383 322 1404 Deut.
342 1388 394 1410 cap.

182 1415 244 1435 xx1x‚
256 1416 314 1431 vers.
331 1415 353 1437 9.

182 2837 191 2846 ⁸
205 2836 272 2858 Caua.
287 2836 370 2858 XXVI.

180 3411 252 3433 Aa!

180 3443 250 3460 naar.

197 3465 235 3486 ist.
265 3464 322 3491 LV,

201 3490 277 3518 XIX),
287 3496 339 3518 cap.
353 3496 392 3512 xx.

297 3411 345 3432 icit.
353 3410 391 3432 Ia-

285 3437 343 3459 b.11
353 3437 390 3463 (Ε-

437 249 513 294 314

427 335 516 361 vana,
538 325 579 355 sic
595 332 716 356 constat
739 325 827 364 quod
852 324 932 354 fiunt
956 330 991 353 ut
1014 323 1045 353 in
1062 323 1190 353 veritate
1206 329 1294 353 sunt:
1320 322 1394 362 quia
1412 333 1491 353 vana

427 369 459 399 in
484 369 610 400 veritate
635 376 716 399 sunt.
742 369 782 398 Et
805 368 857 403 sic,
883 377 956 397 cum
973 377 1081 398 vacare
1096 367 1193 403 vanis,
1218 367 1411 407 inquantum
1433 367 1492 397 hu-

427 413 576 449 iusmodi,
602 413 722 442 nullam
742 412 895 441 maiorem
912 411 1039 450 culpam
1057 421 1154 451 quam
1169 410 1290 441 vanitas
1307 411 1355 447 sit,
1374 417 1488 452 ponat;

428 467 624 497 consequens
642 463 687 486 est
709 456 797 496 quod
820 465 958 485 exercere
979 454 1199 495 inquisitiones
1215 464 1311 484 vanas
1333 463 1368 485 ut
1383 465 1488 490 vanas,

426 501 498 530 licet
521 501 560 531 sit
583 500 758 530 secundum
783 509 814 529 se
838 499 971 537 malurn,
996 508 1060 528 non
1076 505 1182 529 tamen
1200 499 1415 538 perniciosum
1432 505 1487 529 est.

427 545 518 575 Unde
542 544 661 574 veniale
685 550 809 574 tantum
833 549 997 583 peccatum
1022 550 1068 573 est
1097 542 1122 572 si
1149 543 1220 583 quis
1243 550 1350 574 utatur
1379 543 1488 574 huius-

427 588 515 617 modi
538 587 796 628 inquisitionibus
819 587 907 616 vanis
924 593 958 617 ut
974 587 1071 622 vanis,
1089 586 1151 617 hoe
1171 594 1217 617 est
1239 597 1305 617 non
1323 595 1487 628 expectans

426 631 572 661 notitiam
595 641 632 661 ex
654 631 729 671 ipsis
754 630 811 661 nisi
837 641 854 661 a
878 640 962 661 casu.

481 675 512 705 Si
536 685 610 705 vero
634 674 711 705 fiant
734 682 769 705 ut
793 674 890 710 utilia,
916 685 989 705 curn
1014 684 1079 704 non
1099 674 1161 705 sint
1184 676 1360 705 secundum
1376 675 1489 706 verita·
1513 698 1514 702 ,

425 726 489 749 tem
513 719 600 749 utilia
623 719 743 749 ratione
767 719 825 754 sui,
850 719 904 748 sed
928 719 1048 749 ratione
1064 726 1198 749 secretae
1213 719 1335 750 virtutis
1359 720 1486 749 daemo-

424 763 539 799 niacae,
564 763 783 803 inquisitiones
808 763 883 793 istae
907 772 944 792 ex
967 772 1079 803 genere
1096 773 1155 793 suo
1180 770 1254 793 sunt
1276 763 1486 803 perniciosae:

425 807 579 848 quoniam
602 807 648 837 uti
662 807 749 837 vanis
764 814 800 837 ut
816 806 945 837 utilibus
967 807 1144 838 secundum
1163 814 1315 838 secretam
1329 808 1394 837 vim
1415 808 1487 837 dae-

424 851 613 887 moniacam,
638 851 802 881 manifeste
826 850 1041 891 perniciosum
1065 858 1120 882 est.

478 895 543 925 Nec
568 896 671 925 obstat
694 895 720 924 si
744 895 865 926 dicatur
888 896 977 935 quod
992 894 1212 936 inquisitiones
1229 895 1315 931 istae,
1332 902 1368 926 ut
1383 895 1485 930 utiles,
1512 927 1513 934 ἵ

424 948 489 968 non
512 938 593 969 fiunt
616 939 792 970 secundum
816 946 968 970 secretam
991 939 1054 969 vim
1079 939 1336 976 daemoniacam,
1363 939 1417 969 sed
1440 949 1486 969 se-

424 983 566 1013 cundum
589 990 739 1014 secretam
763 984 924 1023 quandam
939 983 1005 1014 vim
1029 983 1121 1013 nobis
1140 983 1344 1023 incognitam.
1369 983 1487 1014 Dicunt

424 1027 509 1057 enirn
531 1027 733 1067 inquisitores
756 1027 806 1058 isti
830 1028 918 1068 quod
942 1038 1008 1058 non
1028 1027 1186 1064 invocant,
1204 1037 1261 1058 nec
1276 1028 1422 1058 invocare
1438 1027 1486 1057 in-

417 1071 557 1104 tendunt
580 1073 785 1102 daemonem:
809 1072 864 1102 sed
888 1072 934 1102 uti
963 1072 1078 1102 talibus
1109 1071 1183 1112 quia
1207 1071 1409 1111 experiuntur
1433 1071 1487 1102 illa

423 1125 490 1145 esse
521 1116 609 1146 utilia
639 1117 679 1145 ad
701 1116 888 1146 huiusmodi
912 1116 1128 1156 cognitionem
1152 1116 1362 1146 occultorum.
1395 1116 1485 1151 Hoc,

421 1160 570 1200 inquam,
595 1170 660 1190 non
684 1161 796 1190 obstat.
831 1160 994 1197 Quoniam
1022 1170 1058 1190 ex
1082 1170 1147 1199 quo
1174 1166 1290 1190 secreta
1312 1159 1364 1190 illa
1388 1159 1485 1189 virtus

422 1204 454 1234 in
477 1203 603 1234 veritate
628 1211 674 1234 est
695 1204 793 1234 virtus
818 1204 1031 1239 daemoniaca,
1056 1204 1115 1233 nisi
1140 1203 1239 1233 homo
1260 1210 1353 1233 utens
1366 1203 1419 1232 illa
1435 1212 1485 1232 ex-

423 1254 548 1278 cusetur
571 1255 700 1288 propter
722 1248 942 1287 ignorantiam,
964 1247 1137 1277 diabolicae
1161 1256 1193 1276 se
1217 1246 1357 1277 societati
1380 1246 1484 1276 immi-

422 1298 486 1322 scet
508 1292 600 1322 tacite
631 1301 667 1322 ex
691 1292 751 1322 hoc
774 1292 845 1332 ipso
875 1292 962 1332 quod
987 1291 1086 1321 utitur
1108 1290 1196 1320 vanis
1225 1297 1260 1320 ut
1283 1290 1412 1321 utilibus
1436 1300 1483 1320 se-

422 1336 564 1366 cundum
588 1342 738 1366 secretam
761 1335 826 1365 vim
841 1335 998 1374 ignotam:
1023 1335 1116 1365 debet
1131 1334 1217 1364 enim
1238 1344 1347 1365 curam
1370 1333 1484 1364 habere

421 1390 557 1420 operum
580 1389 722 1416 suorum,
748 1386 783 1410 ut
807 1379 883 1410 sciat
905 1379 983 1420 quid
1006 1378 1079 1409 facit
1094 1378 1121 1409 *.
1427 1398 1430 1401 -

477 1424 614 1460 Quando
638 1433 713 1453 vero
736 1423 912 1462 ignorantia
942 1423 975 1453 in
999 1423 1065 1453 istis
1094 1429 1221 1453 excuset
1243 1432 1260 1452 a
1283 1422 1427 1458 mortali,
1454 1429 1484 1452 et

420 1468 549 1508 quando
574 1477 650 1503 non,
675 1477 711 1497 ex
735 1467 960 1498 communibus
984 1466 1179 1507 ignorantiae
1203 1466 1318 1506 regulis
1341 1465 1482 1496 iudican-

421 1513 499 1542 dum
515 1519 569 1542 est.
594 1510 722 1542 Rationi
738 1518 844 1542 autem
861 1521 1040 1542 consonum
1057 1518 1104 1541 est
1124 1518 1159 1541 ut
1182 1511 1341 1541 credentes
1365 1511 1483 1551 absque

419 1555 625 1586 haesitatione
648 1555 753 1596 aliqua
779 1555 1001 1596 inquisitiones
1025 1555 1161 1596 aliquas,
1187 1564 1269 1595 quae
1298 1554 1330 1584 in
1353 1554 1482 1585 veritate

420 1608 493 1634 sunt
515 1610 614 1630 vanae
637 1600 812 1631 secundum
836 1610 885 1636 se,
911 1599 1003 1630 utiles
1026 1606 1133 1630 autern
1157 1609 1194 1629 ex
1217 1599 1391 1635 daemone,
1416 1608 1483 1629 esse

420 1645 512 1675 utiles
535 1654 572 1674 ex
595 1644 700 1673 divina
723 1651 778 1674 aut
797 1644 939 1680 naturali,
957 1651 1073 1674 secreta
1089 1650 1204 1679 tamen,
1222 1643 1346 1678 virtute,
1372 1649 1402 1673 et
1424 1653 1482 1683 pro

419 1696 508 1719 tanto
533 1688 575 1719 eis
592 1694 715 1718 utentes
732 1698 767 1718 ac
783 1688 827 1718 eis
843 1688 1049 1724 inhaerentes,
1075 1687 1118 1718 sic
1141 1694 1247 1717 tamen
1271 1687 1359 1727 quod
1382 1686 1482 1726 parati

420 1740 493 1763 sunt
517 1732 606 1763 nullo
630 1732 729 1762 modo
754 1732 853 1762 facere
878 1732 902 1762 si
923 1732 1109 1772 ambiguum
1133 1738 1213 1762 esset
1239 1730 1328 1771 quod
1352 1740 1389 1760 ex
1412 1731 1482 1760 dae·
1508 1755 1510 1764 Α

1111 1775 1170 1805 nisi
1201 1774 1281 1805 forte
1305 1774 1483 1806 laborarent
1508 1779 1510 1793 l

420 1786 516 1807 mone
540 1783 658 1812 essent,
683 1783 870 1807 excusentur
893 1786 911 1806 a
934 1776 1079 1806 mortali:

418 1820 596 1861 ignorantia
611 1819 761 1856 affectata,
778 1827 832 1850 aut
852 1830 952 1850 crassa
972 1827 1001 1850 et
1020 1819 1148 1859 supina;
1170 1818 1228 1849 hos
1245 1818 1329 1849 enim
1346 1828 1412 1849 non
1428 1829 1482 1850 au-

419 1866 479 1895 deo
506 1874 660 1895 excusare.
688 1865 775 1894 Talis
799 1864 884 1894 enim
908 1864 1031 1894 videtur
1059 1863 1235 1903 ignorantia
1261 1861 1399 1905 [eorum]
1426 1863 1482 1903 qui
1507 1876 1509 1882 ¹

1507 1906 1508 1913 ¹
1535 1907 1760 1949 quisitionibus
1783 1907 1849 1937 istis
1874 1913 2030 1947 quatenus
2053 1917 2152 1937 vanae
2176 1913 2250 1937 sunt
2272 1913 2303 1937 et
2324 1906 2406 1936 infra
2428 1906 2599 1937 vanitatem

1506 1944 1508 1950 Α
1535 1952 1665 1988 sistunt,
1697 1958 1824 1991 excepta
1852 1951 1965 1982 ultima
1993 1950 2244 1982 confirmatione.
2276 1951 2328 1981 Ad
2357 1959 2455 1991 quarn
2486 1949 2600 1981 dicitur

419 1916 552 1939 utuntur
566 1909 707 1949 quodam
728 1908 883 1939 versiculo
905 1908 1087 1938 Psalmistae
1103 1908 1142 1937 ad
1164 1908 1225 1937 hoc
1242 1914 1278 1937 ut
1299 1907 1413 1937 anulus
1430 1917 1480 1937 su-

418 1963 474 1993 per
497 1960 646 1993 protenso
669 1951 725 1982 filo
744 1959 924 1982 moveatur:
950 1959 1072 1982 constat
1092 1951 1178 1982 enim
1193 1961 1231 1982 ex
1245 1951 1314 1982 Deo
1331 1960 1396 1981 non
1414 1961 1481 1982 esse

416 1997 549 2027 inditam
565 1997 712 2027 virtutem
725 1997 817 2026 sacris
829 1996 931 2026 verbis
948 1996 988 2026 ad
1004 1995 1188 2026 huiusmodi
1205 1995 1354 2031 levitates,
1371 2005 1428 2025 nec
1445 2005 1481 2026 ex

419 2047 530 2072 natura
546 2041 647 2071 inesse
663 2041 764 2071 verbis
779 2040 839 2070 illis
859 2041 940 2070 hanc
955 2040 1119 2076 virtutem;
1145 2050 1182 2070 ex
1197 2040 1352 2070 daemone
1375 2039 1480 2079 igitur.

418 2086 459 2116 Et
482 2086 544 2116 hoc
567 2095 669 2115 unum
694 2084 824 2115 dixerim
848 2091 883 2115 ut
907 2094 943 2114 ex
967 2084 1028 2114 hoc
1047 2084 1107 2114 alia
1130 2084 1208 2114 scias
1231 2083 1385 2114 iudicare:
1412 2083 1480 2113 dili-

416 2137 525 2170 genter
548 2136 661 2160 notans
685 2129 774 2169 quod
797 2129 901 2164 Extra,
925 2129 965 2159 de
988 2128 1150 2168 Sortileg„
1176 2138 1243 2167 cap.
1259 2128 1314 2158 Ex
1334 2133 1476 2165 tuarum,

416 2174 576 2214 presbyter
591 2174 622 2203 in
641 2179 759 2203 secreto
774 2173 846 2203 loco
863 2183 937 2203 cum
953 2172 1064 2202 infami
1080 2173 1119 2202 ad
1135 2172 1365 2212 inspectionem
1382 2178 1480 2202 astro—

415 2218 490 2248 labii
519 2225 648 2258 propter
669 2217 791 2248 furtum
820 2216 1046 2247 inveniendum
1070 2226 1106 2246 ex
1134 2216 1203 2246 zelo
1227 2223 1258 2246 et
1281 2215 1480 2256 simplicitate
1504 2241 1506 2248 ,

417 2262 576 2298 accedens,
595 2271 657 2292 non
679 2262 833 2292 modicam
851 2262 977 2301 peccati
1000 2261 1160 2291 maculam
1181 2261 1380 2290 contraxisse
1403 2260 1478 2291 dici-

416 2313 477 2337 tur.
502 2307 561 2336 Iste
584 2306 740 2347 siquidem
764 2305 909 2335 animum
928 2304 1095 2335 invocandi
1120 2305 1309 2334 daemonem
1333 2313 1399 2334 non
1423 2304 1478 2335 ha-

415 2350 498 2380 buit:
523 2350 680 2381 invocavit
702 2356 808 2380 tamen
831 2349 922 2379 tacite
941 2349 979 2379 de
998 2349 1081 2379 facto
1097 2358 1163 2378 non
1181 2358 1217 2379 ex
1233 2348 1409 2388 ignorantia
1428 2358 1478 2379 ex—

417 2402 554 2430 cusante,
571 2394 646 2434 quia
669 2403 741 2423 cum
767 2393 886 2429 infami,
904 2400 934 2424 et
957 2393 989 2422 in
1012 2394 1085 2423 loco
1110 2393 1242 2432 privato,
1261 2400 1290 2423 et
1306 2393 1476 2433 presbyter.

417 2438 510 2469 Ratio
527 2445 633 2468 autern
650 2447 799 2467 excusans
823 2437 942 2477 primos
962 2443 1008 2466 est
1031 2437 1105 2477 quia
1129 2447 1193 2466 non
1213 2446 1269 2476 per
1284 2447 1326 2472 se,
1344 2437 1398 2466 sed
1422 2446 1478 2476 per

416 2482 559 2512 accidens
591 2489 621 2512 et
650 2481 848 2512 materialiter
877 2487 1002 2510 tantum
1029 2481 1106 2510 tales
1129 2480 1308 2510 immiscent
1331 2490 1363 2510 se
1386 2481 1478 2510 tacite

417 2536 491 2557 cum
515 2526 734 2556 daemonibus.
766 2527 795 2554 A
818 2531 887 2554 toto
917 2531 1023 2554 autem
1054 2524 1187 2554 omnino
1211 2531 1398 2554 excusantur
1421 2524 1477 2564 qui

417 2570 631 2601 credulitatem
655 2570 735 2599 hanc
759 2569 869 2598 falsam
893 2577 929 2598 ex
953 2567 1085 2598 consilio
1109 2568 1256 2607 sapientis
1279 2574 1476 2621 acceperunt,

416 2622 447 2645 et
469 2622 633 2654 propterea
658 2613 705 2643 his
728 2612 916 2642 vanitatibus
941 2622 973 2642 se
996 2612 1247 2642 immiscuerunt.

472 2658 552 2688 Sunt
574 2658 668 2697 igitur
693 2656 876 2687 huiusmodi
900 2666 989 2692 vana,
1014 2662 1170 2696 quatenus
1193 2665 1251 2695 pro
1270 2655 1400 2686 utilibus
1422 2655 1476 2685 ha-

416 2703 538 2738 bentur,
562 2702 738 2734 secundum
762 2711 861 2740 genus
885 2710 981 2730 suum
1005 2700 1231 2740 superstitiosa.
1256 2702 1302 2730 Ac
1326 2710 1381 2740 per
1403 2699 1476 2736 hoc,

415 2747 606 2787 inquantum
621 2755 710 2782 vana,
727 2752 756 2775 et
775 2745 965 2785 inquantum
981 2744 1206 2784 superstitiosa,
1224 2744 1296 2774 ideo
1311 2750 1386 2774 sunt
1403 2753 1475 2783 pro-

415 2791 513 2821 hibita
536 2791 611 2831 quia
634 2790 726 2825 mala,
751 2796 782 2820 et
804 2799 869 2819 non
893 2799 910 2819 e
934 2798 1096 2819 converso.

472 2835 523 2865 1V.
549 2835 589 2865 Et
612 2844 649 2864 ex
664 2834 726 2864 hoc
742 2834 838 2863 habes
854 2833 942 2873 quod
957 2832 1028 2874 licet
1052 2832 1189 2862 Ecclesia
1205 2838 1334 2862 moneat
1348 2831 1366 2851 ’¹‘
1385 2831 1476 2861 absti-

416 2889 488 2909 nere
504 2879 598 2909 etiam
628 2889 646 2908 a
668 2878 754 2908 licito
778 2887 838 2907 usu
862 2876 1060 2916 astrologiae,
1080 2877 1291 2911 somniorum,
1310 2875 1476 2911 linearum,

417 2930 447 2954 et
460 2923 655 2958 huiusmodi,
672 2922 703 2952 in
728 2921 1067 2961 praenuntiationibus,
1083 2928 1213 2961 propter
1228 2920 1404 2960 periculum
1424 2921 1477 2950 de-

417 2967 551 2997 clinandi
575 2967 608 2996 in
631 2976 727 2996 usum
749 2965 905 3001 illicitum,
930 2965 1010 2996 sicut
1033 2965 1146 2996 accidit
1167 2965 1200 2995 in
1216 2974 1275 2995 usu
1291 2964 1475 3000 iuramenti;

416 3021 482 3041 non
506 3017 611 3041 tamen
635 3010 777 3040 absolute
800 3009 960 3048 prohibet,
981 3009 1014 3039 in
1038 3009 1203 3039 communi
1225 3009 1399 3049 loquendo,
1416 3008 1476 3038 nisi

417 3062 573 3095 quatenus
588 3060 662 3084 sunt
676 3063 756 3083 vana
772 3061 827 3083 aut
843 3053 1068 3092 superstitiosa.
1085 3071 1104 3075 -
1120 3053 1191 3083 Dixi
1207 3060 1324 3089 autem,
1341 3053 1373 3083 in
1393 3062 1476 3083 com-

416 3100 507 3129 muni
529 3098 704 3138 loquendo:
726 3097 801 3137 quia
823 3097 855 3126 in
879 3097 932 3127 tali
953 3097 1092 3133 materia,
1117 3105 1194 3137 puta
1209 3096 1240 3127 in
1258 3096 1476 3134 electionibus,

417 3143 492 3183 quia
522 3143 614 3172 debet
641 3141 712 3181 eligi
745 3141 858 3171 melior
887 3147 918 3171 et
940 3151 1005 3170 non
1030 3141 1121 3170 debet
1151 3141 1307 3171 committi
1330 3140 1476 3171 fortunae

416 3186 543 3223 electio,
567 3186 640 3216 ideo
663 3185 696 3215 in
720 3185 847 3225 speciali
870 3191 944 3214 sunt
966 3184 1141 3223 prohibitae
1164 3192 1280 3219 sortes,
1305 3185 1412 3225 Extra,
1437 3184 1477 3215 de

417 3231 580 3271 Sortileg.‚
600 3240 667 3269 cap.
686 3229 742 3260 ult.
768 3229 808 3260 Et
831 3229 882 3259 hic
905 3228 1000 3258 etiam
1023 3235 1097 3258 sunt
1120 3228 1296 3268 prohibitae
1320 3228 1395 3268 quia
1411 3238 1477 3258 ma-

415 3275 464 3305 lae
488 3274 663 3315 secundum
687 3283 719 3304 se
741 3273 775 3303 in
798 3272 852 3303 tali
876 3272 1014 3303 materia.
1046 3273 1086 3302 Et
1109 3272 1212 3302 simile
1236 3279 1282 3302 est
1308 3272 1341 3302 in
1371 3271 1477 3311 prohi-

416 3319 534 3349 bitione
550 3318 684 3348 sortium
707 3327 744 3348 ex
767 3316 888 3357 paginis
904 3316 1098 3355 Evangelicis
1113 3316 1221 3357 quoad
1238 3316 1407 3346 saecularia
1423 3325 1477 3346 ne-

418 3363 519 3402 gotia,
544 3369 672 3402 propter
695 3361 811 3392 scilicet
834 3360 974 3390 divinam
996 3359 1244 3390 irreverentiam:
1269 3367 1305 3390 ut
1326 3359 1478 3400 Augusti-

419 3417 478 3437 nus
493 3406 511 3425 *
534 3406 618 3442 dicit,
642 3406 755 3441 XXVI,
780 3415 833 3445 qu.
851 3415 883 3440 11,
907 3405 956 3435 Hi
978 3405 1043 3444 qui.

474 3450 572 3487 Quod
595 3457 701 3480 autem
725 3448 953 3489 prohibitiones
977 3458 1090 3478 omnes
1114 3448 1152 3478 de
1176 3447 1224 3478 his
1244 3447 1286 3478 sic
1303 3447 1365 3478 sint
1387 3447 1476 3478 intel-

417 3494 569 3533 ligendae,
587 3493 702 3523 scilicet
719 3493 911 3533 inquantum
924 3503 1005 3523 vana
1021 3499 1076 3522 aut
1095 3492 1310 3532 superstitiosa
1330 3499 1384 3522 aut
1403 3491 1478 3522 alias

419 3538 510 3573 mala,
535 3536 750 3567 manifestatur
773 3547 810 3567 ex
828 3543 974 3577 quatuor.
1000 3536 1118 3572 Primo,
1134 3546 1171 3566 ex
1186 3536 1291 3566 studio
1309 3536 1477 3567 doctorum

419 3582 458 3612 ad
482 3581 721 3612 discernendum
741 3581 780 3611 ad
799 3581 874 3621 quid
892 3588 981 3616 astra,
999 3580 1133 3616 somnia,
1150 3580 1258 3610 avium
1273 3587 1390 3617 motus,
1408 3586 1477 3616 etc.‚

1513 757 1514 768 ¹
1539 773 1612 792 xvnt
1634 762 1666 799 *,
1691 763 1764 793 Non
1791 763 1975 793 inveniatur
1997 764 2029 794 in
2053 769 2083 794 te
2105 765 2159 804 qui
2181 764 2324 794 observet
2345 765 2469 795 somnia
2494 769 2525 794 et
2546 773 2603 794 au-

1118 245 1385 291 QUAESTIO
1419 245 1541 293 xcv,
1569 247 1865 284 ARTICULUS
1896 249 1926 283 11

1544 330 1618 354 sunt
1642 324 1730 355 utilia
1753 325 1928 356 secundum
1952 331 2116 361 naturam,
2141 331 2172 355 et
2198 325 2237 355 ad
2261 325 2338 365 quid
2362 334 2446 362 non;
2478 326 2607 357 conclu-

1544 367 1650 398 dendo
1674 369 1763 408 quod
1786 369 1831 399 uti
1852 369 1895 399 eis
1918 369 2095 399 secundum
2118 369 2207 408 quod
2230 376 2304 399 sunt
2327 379 2363 400 ex
2379 376 2491 400 natura
2507 370 2605 406 utilia,

1544 421 1610 441 non
1633 418 1680 442 est
1702 419 1877 451 peccatum.
1907 412 1939 443 Si
1963 412 2048 442 enim
2072 419 2175 443 essent
2198 412 2281 442 mala
2304 412 2411 453 aliqua
2434 413 2510 454 quia
2532 423 2605 454 pro-

1542 454 1650 491 hibita,
1675 465 1742 486 non
1766 463 1927 496 oporteret
1949 456 2031 487 hanc
2054 456 2275 487 discretionem
2298 456 2410 487 facere.

1597 498 1754 536 Secundo,
1779 510 1815 531 ex
1838 500 1899 530 hoc
1923 500 2010 540 quod
2035 507 2082 531 tot
2105 507 2207 531 textus
2231 500 2286 541 qui
2309 500 2465 531 habentur
2487 500 2519 530 in
2544 501 2605 531 De-

1541 542 1642 579 cretis,
1666 553 1760 574 causa
1782 545 1896 580 XXVI,
1920 554 1976 584 per
1998 551 2047 575 tot
2069 544 2280 585 quaestiones,
2298 543 2537 582 divinationem,
2555 545 2605 575 in-

1541 586 1752 617 cantationem
1776 588 1826 618 vel
1845 588 2102 628 superstitionem
2124 588 2293 625 afferendo,
2313 589 2390 619 haec
2410 595 2550 628 spectare
2565 588 2606 619 ad

1539 630 1635 660 ritum
1659 641 1867 671 paganorum,
1884 632 2040 663 culturam
2063 633 2112 663 vel
2136 632 2318 663 societatem
2334 633 2539 668 daemonum,
2555 632 2605 663 in-

1540 681 1676 706 sxnuant.

1595 718 1716 755 Tertio,
1741 728 1778 749 ex
1800 719 1861 749 hoc
1885 720 1974 759 quod
1996 720 2045 750 ius
2060 720 2204 750 divinum
2219 720 2252 750 in
2268 719 2326 750 hac
2342 719 2482 756 materia,
2506 720 2603 750 Deut.

2630 770 2642 780 ⁵
2655 769 2723 792 Vm.
2736 775 2770 792 ιο.

1538 808 1656 847 guria,
1680 806 1848 846 exponitur
1871 807 2048 837 secundum
2071 807 2188 838 dictam
2202 808 2352 847 glossam,
2375 807 2501 844 scilicet,
2518 817 2605 838 vana

1512 866 1514 878 ι
1539 856 1597 882 aut
1619 852 1848 891 superstitiosa.
1881 850 1985 881 Multo
2013 861 2088 891 ergo
2117 851 2217 891 magis
2243 851 2293 882 ius
2323 852 2522 888 humanum,
2548 851 2603 882 ubi

1540 895 1627 925 aliter
1652 905 1717 925 non
1741 894 1934 934 exprimitur,
1958 895 2234 935 interpretabimur
2256 895 2310 926 sic.

1595 939 1734 976 Quarto,
1759 949 1795 969 ex
1822 939 1884 969 hoc
1907 939 1996 979 quod
2018 939 2212 980 ApostolUS,
2238 938 2310 969 Gal.
2331 949 2362 969 tv
2381 939 2413 975 *,
2438 950 2504 970 non
2527 938 2604 970 dixit

1539 983 1794 1014 observatoribus
1824 989 2007 1022 temporum
2038 983 2127 1024 quod
2150 983 2183 1012 in
2205 992 2326 1013 vanum
2355 982 2388 1012 in
2412 982 2455 1013 eis
2478 983 2601 1013 labora·
2854 1011 2860 1021 ,

1539 1027 1634 1058 verit:
1660 1028 1714 1057 sed
1738 1027 1829 1058 dixit:
1866 1028 1972 1057 Timeo
1997 1037 2036 1057 ne
2060 1028 2091 1057 in
2116 1036 2233 1057 vanum
2263 1028 2295 1056 in
2325 1027 2410 1057 vobis
2437 1027 2603 1058 laborave-
2783 1036 2786 1040 ’
2809 1030 2845 1067 ’,.,

1539 1072 1611 1109 rim,
1637 1070 1815 1111 significans
1839 1080 1872 1101 se
1895 1071 2005 1101 timere
2029 1081 2069 1101 ne
2093 1078 2237 1111 tempora
2260 1070 2477 1110 superstitiose
2497 1071 2602 1101 obser—

1538 1115 1689 1153 vaverint,
1705 1122 1736 1145 et
1759 1115 1802 1146 sic
1826 1115 1858 1145 in
1879 1125 1997 1146 vanum
2021 1115 2053 1145 in
2077 1116 2121 1146 eis
2145 1116 2334 1150 laborassem
2359 1122 2395 1145 ut
2417 1115 2512 1146 etiam
2534 1117 2603 1145 Au-

1538 1159 1683 1198 gustinus
1707 1159 1846 1199 exponit,
1871 1166 1906 1189 ut
1928 1159 2061 1190 habetur
2083 1159 2196 1195 XXVI,
2213 1169 2266 1199 qu.
2282 1169 2335 1194 vn,
2353 1169 2421 1199 cap.
2441 1159 2522 1196 Quis
2537 1159 2602 1189 exi-

1537 1204 1692 1233 stimaret.
1717 1203 1789 1233 Hoc
1813 1203 1898 1233 enim
1913 1204 2012 1234 modo
2036 1203 2150 1234 timens
2166 1203 2304 1234 Ecclesia
2328 1212 2367 1233 ne
2391 1203 2431 1232 ad
2454 1201 2602 1243 supersti-

1536 1246 1618 1276 tiosa
1633 1245 1688 1276 filii
1705 1247 1754 1277 sui
1771 1247 1936 1283 declinent,
1961 1247 2076 1284 horret,
2101 1248 2230 1278 damnat
2253 1246 2409 1287 punitque
2432 1247 2519 1282 haec,
2535 1256 2602 1277 nou

1536 1290 1708 1321 iniiciendo
1731 1291 1884 1330 laqueum
1906 1291 2089 1327 animabus,
2114 1292 2168 1321 sed
2191 1291 2390 1331 prohibendo
2413 1300 2496 1332 quae
2518 1291 2603 1321 mala

1538 1341 1620 1371 sunt,
1646 1341 1676 1365 et
1699 1334 1863 1364 monendo
1887 1344 1927 1364 ne
1943 1334 2037 1366 etiam
2060 1335 2152 1366 licitis
2174 1335 2208 1365 in
2232 1334 2418 1366 huiusmodi
2441 1345 2474 1365 se
2496 1334 2601 1375 impli-

1537 1385 1617 1415 cent,
1642 1389 1682 1409 ne
1705 1378 1859 1418 paulatim
1883 1378 2040 1409 declinent
2061 1379 2094 1408 in
2117 1378 2302 1420 perniciosa.
2326 1379 2368 1409 Et
2386 1378 2412 1409 si
2429 1378 2601 1410 Christiani

1536 1422 1745 1462 intelligerent
1768 1422 1986 1454 celsitudinem
2010 1423 2125 1463 gradus
2149 1423 2198 1453 sui
2219 1422 2246 1459 *,
2271 1433 2348 1463 qua,
2371 1422 2500 1453 divinae
2513 1422 2602 1463 sacti

1535 1472 1697 1498 consortes
1713 1466 1886 1503 naturae*‚
1900 1466 2007 1497 adsciti
2024 1474 2098 1497 sunt
2111 1467 2144 1497 in
2159 1467 2301 1496 membra
2314 1465 2486 1503 Christifl‘,
2500 1472 2531 1498 et
2546 1466 2638 1497 da·-

1536 1518 1606 1541 tum
1621 1518 1667 1541 est
1683 1511 1726 1541 eis
1744 1510 1894 1541 omnibus
1910 1521 2053 1550 praeesse
2066 1510 2092 1547 *,
2117 1510 2313 1541 naturalibus
2329 1517 2360 1541 et
2379 1508 2652 1555 daemonibuas..
2642 1511 2830 1582 ’ἷιύηωρ

1535 1555 1621 1585 iuxta
1636 1554 1767 1585 Domini
1783 1554 2040 1595 promissionem,
2057 1555 2154 1586 Marci
2171 1555 2229 1585 ult.
2242 1554 2268 1590 *,
2286 1554 2341 1585 ubi
2357 1554 2480 1590 dicitur,
2496 1551 2605 1596 Sigata
2626 1556 2665 1586 vr,
2667 1558 2684 1581 θ
2739 1539 2840 1588 190an

1536 1605 1642 1630 autem
1673 1609 1727 1630 eos
1755 1600 1810 1639 qui
1832 1599 2027 1630 crediderint
2057 1600 2137 1630 haec
2163 1604 2338 1639 sequentur
2358 1605 2434 1629 etc:
2409 1620 2434 1635 .,
2459 1604 2574 1639 neque
2582 1608 2602 1630 a
2625 1612 2639 1624 ι
2626 1591 2795 1640 ”w‘lss
2816 1618 2837 1639 ι

1537 1643 1633 1683 signis
1664 1643 1756 1679 caeli,
1789 1653 1892 1683 neque
1916 1644 1954 1673 ab
1985 1643 2052 1673 aliis
2077 1653 2158 1684 quae
2181 1650 2305 1682 genteS,
2337 1652 2419 1683 quae
2449 1641 2598 1673 homines
2625 1638 2765 1692 3⁶33&
2779 1664 2811 1687 ὢ

1536 1698 1601 1717 non
1619 1686 1789 1718 Christiani
1805 1687 1927 1724 timent,
1947 1694 2124 1718 metuerent
2147 1687 2204 1717 sibi
2220 1686 2251 1723 *3
2276 1687 2340 1722 sed,
2357 1685 2638 1718 Christianitatis·
2651 1694 2733 1718 lem.
2747 1701 2798 1723 σιμ.
2813 1701 2836 1722 x,

1535 1732 1660 1767 virtute,
1655 1741 1772 1795 *super
1787 1731 1895 1761 omnia
1914 1731 2035 1772 seipsos
2054 1738 2191 1771 agerent,
2214 1730 2394 1761 felicissime
2410 1731 2520 1761 omnia
2534 1730 2598 1761 cal-
2625 1727 2686 1744 '“⁸·
2701 1727 2723 1745 ²'

1536 1775 1672 1806 cantes*
1674 1800 1681 1806 .
2625 1773 2716 1797 ’¹⁶²⁰-
2737 1779 2789 1802 etp.
2809 1780 2840 1802 ¹,

1590 1820 1628 1850 V.
1653 1819 1704 1849 Ad
1728 1818 1920 1849 obiectiones
1937 1825 2044 1849 autem
2064 1818 2096 1849 in
2117 1818 2305 1860 oppositum
2328 1817 2436 1849 allatas
2458 1818 2492 1849 in
2513 1817 2600 1858 prin·
2625 1805 2686 1822 m
2701 1805 2734 1829 ¹⁹⁸

1537 1863 1620 1903 cipio
1645 1863 1733 1893 dubii
1747 1862 1774 1899 *,
1798 1862 1861 1892 iarn
1885 1869 1972 1903 patet
1994 1862 2174 1903 responsio.v
2193 1863 2279 1900 Quia
2301 1863 2479 1903 loquuntur
2498 1863 2537 1893 de
2551 1862 2598 1893 in-

2628 945 2640 956 ·
2654 944 2722 967 vers.
2737 951 2764 968 ιι.

2627 1426 2639 1438 ’
2661 1427 2720 1450 nnn.
2744 1433 2838 1456 σιμι,

2627 1459 2688 1476 ver·
2702 1459 2727 1476 ιι

2627 1480 2747 1508 'ssPet„
2759 1486 2812 1509 cap.
2823 1486 2838 1508 ι,

2625 1866 2636 1877 ’
2650 1865 2721 1888 Num.
2736 1872 2760 1888 ιι.

1535 1996 1624 2037 quod
1648 2006 1713 2026 non
1738 2001 1784 2026 est
1806 1995 1917 2025 eadem
1940 1995 2019 2025 ratio
2044 1995 2082 2025 de
2107 1995 2251 2025 dominio
2275 1994 2319 2025 rei
2342 1995 2542 2035 temporalis,
2566 2001 2599 2026 et

1534 2040 1573 2070 de
1597 2039 1789 2080 cognitione.
1822 2039 1986 2076 Quoniam
2014 2049 2105 2070 casus
2135 2038 2302 2075 fortuitus,
2326 2047 2364 2069 ex
2387 2038 2579 2070 conventioni

1534 2084 1714 2120 hominum,
1738 2090 1844 2123 potest
1865 2093 1932 2113 esse
1957 2083 2042 2114 utilis
2065 2083 2105 2113 ad
2129 2083 2367 2114 translationem
2389 2082 2538 2119 dominii,
2557 2092 2583 2114 u

1534 2135 1620 2168 patet
1641 2128 1674 2158 in
1689 2128 1773 2158 ludis
1788 2127 1934 2158 fortunae
1957 2134 1988 2158 et
2005 2127 2038 2158 in
2054 2127 2192 2158 sortibus
2207 2126 2376 2158 divisoriis:
2400 2136 2467 2157 non
2480 2127 2599 2158 ‘subest

1533 2179 1640 2203 autem
1670 2172 1828 2202 humanae
1850 2171 2008 2203 voluntati
2037 2172 2126 2212 quod
2154 2181 2245 2202 casus
2274 2171 2425 2202 fortuitus
2448 2171 2489 2202 sit
2511 2170 2597 2202 utilis

1533 2217 1573 2246 ad
1603 2216 1819 2257 cognitionem
1852 2216 2065 2247 occultorum.
2099 2216 2140 2246 Et
2169 2215 2242 2246 ideo
2270 2221 2497 2255 argumentum
2527 2218 2597 2246 nou

1533 2261 1625 2291 valet.
2583 2269 2585 2277 ⁴

1589 2304 1757 2335 Gratianus
1772 2311 1890 2340 autem,
1906 2303 1939 2334 in
1955 2303 2142 2344 oppositum
2157 2303 2280 2340 allatus,
2295 2302 2473 2334 verificatur
2487 2283 2603 2344 quoad

1532 2348 1746 2379 monitionem
1760 2348 1928 2384 Ecclesiae,
1945 2354 1982 2379 ut
1996 2347 2133 2378 diximus
2147 2347 2174 2379 *.
2198 2347 2240 2378 Et
2259 2347 2369 2388 quoad
2388 2347 2601 2381 cessationem
2621 2355 2634 2367 ⁸
2645 2355 2717 2377 Nun.
2728 2355 2834 2383 memd-

1531 2392 1745 2434 inquisitionis
1768 2402 1824 2432 per
1847 2399 1959 2428 sortes,
1985 2402 2050 2422 non
2075 2401 2185 2427 vanas,
2210 2391 2263 2421 sed
2287 2401 2305 2421 a
2328 2391 2398 2422 Deo
2421 2391 2498 2422 olim
2522 2401 2597 2433 pm-

1531 2438 1635 2472 batas‚
1666 2443 1795 2476 propter
1817 2436 1973 2467 rationem
2000 2435 2032 2466 in
2061 2435 2124 2466 hoc
2147 2435 2297 2472 articulo,
2321 2435 2362 2465 ad
2383 2435 2595 2472 tertiumsab

1531 2483 1671 2511 Auctore
1701 2480 1891 2519 assignatam
1922 2489 1959 2510 ex
1987 2479 2158 2510 differentia
2188 2479 2269 2510 inter
2297 2479 2400 2519 legem
2424 2489 2540 2510 novam
2565 2485 2601 2511 et,

1530 2533 1679 2555 veterem.
1705 2524 1859 2560 Quamvis
1882 2523 1977 2554 fuerit
2000 2523 2095 2554 etiam
2118 2523 2179 2553 alia
2194 2523 2290 2554 ratio:
2314 2523 2432 2554 scilicet
2453 2523 2596 2564 pronitas

1530 2568 1616 2598 illius
1640 2568 1752 2608 populi
1776 2568 1815 2597 ad
1834 2567 2055 2603 idololatriam,
2071 2567 2104 2597 in
2121 2577 2185 2607 qua
2199 2567 2347 2597 videbant
2362 2577 2513 2607 responsa
2529 2567 2598 2599 dari

1530 2612 1710 2652 gentilibus.
1736 2612 1827 2642 Unde
1850 2612 1934 2648 Saul,
1951 2621 2025 2642 cum
2049 2621 2114 2641 non
2130 2611 2259 2642 haberet
2274 2621 2292 2641 a
2306 2611 2376 2641 Deo
2392 2620 2602 2651 responsum&

1530 2657 1570 2686 ad
1593 2656 1743 2696 pythonis
1767 2666 1798 2686 se
1822 2656 1976 2686 convertit
1999 2655 2235 2691 divinationem,
2260 2655 2369 2695 lReg.
2385 2665 2479 2686 xxvm
2493 2655 2521 2686 *.
2544 2676 2551 2685 .-
2574 2672 2577 2685 2
2600 2670 2601 2673 ¹
2621 2663 2713 2687 *vem
2727 2663 2786 2692 6,7.

1586 2701 1638 2731 VI.
1663 2701 1698 2730 In
1726 2700 1933 2739 responsione
1964 2701 2003 2730 ad
2034 2699 2175 2739 primum
2199 2706 2230 2730 et
2251 2699 2429 2730 secundum
2452 2699 2597 2731 eiusdem
2651 2712 2698 2730 -ιω
2716 2714 2729 2726 1:
2756 2720 2760 2725 ι

1530 2744 1660 2774 secundi
1676 2744 1808 2780 articuli,
1825 2750 1901 2774 nota
1917 2744 2006 2784 quod
2029 2743 2191 2779 divinatio,
2211 2743 2284 2774 licet
2307 2743 2478 2774 subiective
2491 2743 2541 2775 :ait
2555 2743 2599 2775 iifl..

1530 2788 1709 2824 intellectu,
1733 2788 1855 2827 in'quo
1879 2795 1925 2818 est
1947 2794 2013 2818 tam
2036 2787 2200 2828 inquisitio
2223 2797 2322 2828 quam
2346 2787 2504 2827 cognitio„
2528 2787 2601 2819 aive.

1531 2832 1634 2863 debite
1655 2832 1719 2862 sive
1736 2832 1873 2862 indebite
1895 2832 2061 2867 habeatur;
2087 2831 2162 2872 quia
2177 2837 2284 2862 tamen
2299 2831 2433 2862 includit
2448 2831 2598 2863 ordinen-

1531 2877 1571 2907 ad
1593 2876 1808 2912 voluntatem,
1833 2875 1924 2907 cuius
1947 2883 1994 2906 est
2018 2875 2064 2906 uti
2088 2882 2180 2915 pacto
2205 2885 2280 2907 cum
2303 2875 2496 2912 daemoniis,
2521 2875 2600 2907 ideo-

1529 2923 1652 2951 Auctor
1674 2930 1711 2950 ex
1734 2920 1792 2950 hac
1815 2927 1902 2960 parte
1925 2919 2017 2959 ponit
2040 2920 2142 2960 ipsam
2162 2919 2300 2960 speciem
2316 2929 2384 2951 esse
2399 2919 2599 2959 superstitio*

1531 2964 1594 3002 nis,
1619 2974 1701 3005 quae
1723 2964 1836 2995 vitium
1860 2963 1893 2994 in
1915 2964 2079 2995 voluntate
2103 2970 2164 3000 est,
2189 2963 2270 2994 sicut
2292 2963 2402 3003 religio
2426 2970 2473 2995 at
2495 2963 2599 2996 virtm

1529 3009 1561 3039 in
1585 3009 1758 3039 voluntate.
1782 3008 1823 3039 Et
1845 3008 1918 3039 licet
1933 3008 1979 3039 uti
1995 3015 2088 3048 pacto
2105 3007 2280 3044 daemonis,
2297 3007 2443 3041 absolute
2460 3007 2597 3050 loquem-

1530 3053 1583 3089 do,
1607 3053 1750 3083 videatur
1768 3052 1808 3082 ad
1823 3052 2016 3088 societatem,
2040 3058 2071 3083 et
2093 3061 2160 3082 non
2183 3052 2223 3082 ad
2239 3051 2362 3082 cultum
2377 3057 2534 3092 spectatu
2548 3056 2599 3094 νιε’

1529 3106 1586 3147 per
1608 3097 1679 3132 hoc,
1705 3095 1934 3127 divinationem
1957 3106 2022 3127 non
2045 3105 2112 3127 esse
2127 3095 2273 3136 speciem
2280 3095 2534 3135 superstitionis,-
2539 3102 2595 3127 eu-

1530 3141 1580 3171 ius
1594 3147 1640 3171 est
1655 3140 1800 3171 exhibere
1817 3140 1940 3171 cultum
1955 3147 2123 3177 creaturae,
2136 3146 2210 3171 etc.:
2234 3139 2260 3170 si
2283 3146 2390 3171 tamen
2414 3139 2595 3180 diligentius

1530 3185 1730 3215 attendamus
1752 3185 1841 3225 quod
1865 3184 1985 3215 ratione
2008 3184 2132 3214 divinae
2150 3183 2349 3215 excellentiae
2364 3183 2594 3215 subiectionem

1530 3227 1669 3267 profiteri
1692 3228 1762 3258 Deo
1785 3227 1946 3267 religionis
1970 3235 2031 3264 est,
2055 3227 2235 3259 videbimus
2264 3228 2353 3268 quod
2375 3227 2497 3259 ratione
2518 3226 2593 3259 affe—

1532 3279 1630 3302 ctatae
1653 3271 1852 3302 excellentiae
1876 3271 1999 3302 divinae
2022 3282 2040 3302 a
2069 3272 2226 3303 daemone
2255 3271 2395 3312 profiteri
2424 3281 2458 3303 se
2486 3270 2592 3304 subie-

1531 3323 1617 3347 ctum
1641 3316 1799 3352 daemoni,
1821 3315 2024 3355 implorando
2048 3315 2133 3346 illius
2157 3315 2325 3347 consilium
2348 3315 2399 3346 vel
2420 3314 2590 3352 auxilium,

1530 3359 1761 3400 superstitionis
1777 3366 1834 3390 est.
1858 3359 1994 3390 Constat
2016 3367 2123 3390 autem
2147 3360 2235 3401 quod
2254 3360 2301 3391 uti
2320 3365 2413 3400 pacto
2428 3367 2504 3390 cum
2520 3359 2593 3390 dae·

1531 3414 1627 3435 mone
1650 3411 1696 3435 est
1719 3403 1859 3444 profiteri
1875 3414 1907 3434 se
1923 3403 2116 3444 indigentem
2134 3404 2300 3440 daemone,
2325 3413 2360 3434 ac
2383 3411 2439 3443 per
2460 3402 2523 3433 hoc
2546 3402 2593 3434 ini

1532 3448 1712 3479 subditum:
1730 3447 1834 3478 omnis
1847 3448 1932 3478 enirn
1945 3447 2098 3487 indigens,
2111 3455 2268 3488 quatenus
2278 3446 2422 3487 indigens
2434 3452 2490 3482 est,
2499 3447 2594 3478 subu-

1533 3492 1612 3523 citur
1634 3492 1679 3523 illi
1696 3492 1786 3522 cuius
1803 3501 1898 3532 opera
1913 3492 2050 3532 indiget;
2074 3498 2204 3532 propter
2218 3491 2308 3532 quod
2322 3487 2481 3530 Propheta
2497 3491 2592 3521 deita-

1532 3543 1597 3567 tem
1621 3546 1658 3567 ex
1681 3536 1798 3566 nullius
1814 3536 1985 3576 indigentia
2007 3537 2130 3576 probat,
2155 3535 2261 3566 dicens
2275 3534 2308 3564 *:
2331 3534 2413 3564 Dixi
2434 3534 2594 3567 Domino:

1532 3581 1622 3611 Deus
1636 3590 1726 3611 meus
1749 3590 1782 3611 es
1804 3585 1850 3617 tu,
1867 3581 2017 3620 quoniam
2041 3579 2195 3610 bonorum
2213 3587 2356 3609 meorum
2381 3588 2443 3608 non
2460 3588 2548 3619 eges.

2621 3539 2680 3562 Ρι.
2691 3545 2730 3567 xv,
2741 3545 2801 3562 ven.
2810 3535 2832 3562 ιζ
