2860 4244
389 547 390 550 ,
427 512 599 548 homines
629 523 673 547 ex
702 510 932 547 necessitate.

190 572 200 582 ‘⁴
216 572 272 593 Can.
283 571 398 592 Decimas.

191 876 200 886 ⁴
215 875 279 896 Vers.
295 880 314 902 3.

189 902 210 912 ⁸·
224 901 290 922 Vers.
305 906 328 926 4.

285 990 301 1015 Υ

191 1038 199 1048 ⁸
214 1037 279 1059 Vers.
294 1043 326 1058 ιο.

188 1408 197 1418 “
212 1408 277 1429 Vers.
294 1413 324 1434 14.

284 1666 298 1691 ὃ

187 1723 197 1732 ·
203 1722 239 1743 Aa
245 1722 301 1743 Heb.
313 1728 364 1750 cap.
374 1729 396 1750 v,

187 1754 245 1770 vers.
261 1755 277 1770 1.

188 1780 197 1789 ⁸
211 1779 276 1801 Vere.
292 1780 315 1801 8.

428 289 504 323 224

429 355 541 392 debet
561 367 642 391 esse
664 354 965 391 determinatum.
997 353 1073 389 Sed
1098 365 1175 388 nou
1202 351 1391 388 invenitur
1410 363 1480 387 nec

428 408 464 444 in
494 419 595 444 nova
615 408 696 454 lege
724 418 794 443 nec
822 407 859 442 in
880 405 998 442 veteri
1027 404 1274 441 determinata
1293 404 1481 451 quantitas

427 460 688 508 primitiarum.
715 460 814 505 Ergo
835 458 884 494 ad
905 469 967 493 eas
987 457 1191 494 solvendas
1210 469 1288 492 non
1308 463 1482 493 tenentur

482 566 554 601 Sco
584 575 729 600 CONTRA
756 574 822 598 EST
850 562 955 609 quod
986 561 1119 598 dicitur
1147 562 1246 608 XV1,
1272 573 1334 610 qu.
1364 573 1411 598 vn
1440 561 1480 597 *z

433 617 584 664 Oportet
599 616 761 652 decimas
780 620 815 650 et
826 615 1025 662 primitias,
1042 626 1134 662 quas
1150 615 1231 652 iure
1246 615 1480 651 sacerdotum

427 681 504 706 esse
530 668 718 705 sancimus
737 666 763 713 β,
792 668 840 703 ab
868 667 972 703 omni
991 667 1133 715 populo
1162 667 1342 715 accipere.

480 722 702 757 RESPONDEO
731 731 914 756 DICENDUM
936 720 1039 768 quod
1071 719 1258 768 primitiae
1287 720 1334 756 ad
1362 720 1481 768 quod-

427 773 515 810 dam
545 784 662 820 genus
691 772 927 808 oblationum
954 772 1160 822 pertinent:
1191 773 1279 821 quia
1307 773 1391 809 Deo
1422 784 1482 808 ex-

426 826 603 861 hibentur
636 837 723 861 cum
763 825 928 874 quadam
962 825 1217 873 professione,
1245 833 1287 862 ut
1321 826 1482 862 habetur

426 877 688 914 Deut.xxv1*.
718 877 828 914 Unde
855 885 891 913 et
909 877 1052 915 ibidem
1071 877 1111 900 *θ’
1139 878 1329 915 subditur:
1360 878 1481 914 Susci-

418 930 527 978 piens
548 930 722 966 sacerdos
748 930 958 976 cartallum,
989 930 1127 968 scilicet
1154 931 1417 980 primitiarum,
1437 931 1503 979 de,

425 994 540 1019 manu
578 982 657 1019 eius
686 983 751 1030 qui
780 983 899 1020 defert
932 983 1127 1032 primitias,
1158 990 1194 1021 et
1213 990 1330 1032 ponet
1352 989 1368 1012 Υ
1396 989 1482 1020 ante

425 1036 545 1072 altare
572 1036 729 1072 Domini
753 1036 829 1072 Dei
854 1036 928 1080 tui‚·
956 1044 992 1073 et
1019 1044 1152 1085 postea
1170 1038 1190 1058 *
1217 1037 1419 1074 mandatur
1447 1036 1480 1072 ei

425 1089 528 1136 quod
549 1088 662 1124 dicat:
689 1089 836 1125 Idcirco
857 1101 957 1126 nunc
975 1090 1095 1139 offero
1109 1090 1296 1138 primitias
1311 1091 1480 1138 frugum

424 1146 567 1186 terrae,
597 1152 690 1189 quas
717 1142 903 1178 Dominus
935 1142 1033 1179 dedit
1063 1143 1165 1179 mihi.
1214 1142 1482 1179 Offerebantur

425 1201 552 1230 autem
580 1193 768 1242 primitiae
790 1206 833 1231 ex
856 1195 1008 1243 speciali
1038 1207 1162 1241 causa,
1193 1195 1332 1231 seilicet
1359 1195 1396 1231 in
1425 1207 1481 1230 re-

425 1246 680 1294 cognitionem
716 1246 833 1283 divini
861 1247 1055 1284 beneficii:
1096 1247 1204 1295 quasi
1232 1248 1367 1295 aliquis
1394 1259 1482 1295 pro-

423 1299 574 1336 fiteatur
593 1311 633 1336 se
654 1311 675 1336 a
694 1300 778 1336 Deo
803 1301 944 1336 fructus
963 1307 1083 1336 terrae
1110 1299 1316 1348 percipere,
1339 1307 1374 1335 et
1393 1299 1480 1336 ideo

425 1364 464 1388 se
494 1352 611 1388 teneri
637 1352 685 1388 ad
713 1352 854 1400 aliquid
874 1354 920 1389 de
949 1352 1168 1389 huiusmodi
1196 1353 1282 1388 Deo
1303 1351 1481 1388 exhiben-

425 1405 537 1451 dum,
567 1404 778 1441 secundum
813 1405 903 1442 illud
933 1406 946 1440 l
975 1405 1102 1441 Paral.
1133 1406 1197 1442 ult.
1217 1404 1256 1441 *z
1303 1405 1409 1446 Quae
1436 1405 1482 1441 de

423 1468 539 1493 manu
569 1463 631 1493 tua
659 1457 882 1505 accepimus,
909 1458 1077 1495 dedimus
1105 1458 1179 1495 tibi.
1210 1458 1259 1494 Et
1286 1458 1375 1505 quia
1395 1458 1479 1494 Deo

425 1510 608 1546 debemus
630 1510 806 1547 exhibere
830 1510 868 1547 id
887 1511 992 1558 quod
1020 1510 1269 1559 praecipuum
1300 1518 1366 1557 est,
1393 1510 1478 1547 ideo

423 1562 617 1611 primitias,
647 1563 754 1611 quasi
783 1563 1031 1612 praecipuum
1060 1563 1201 1612 aliquid
1231 1563 1277 1601 de
1302 1563 1481 1600 fructibus

423 1622 555 1662 terrae,
576 1624 822 1664 praeceptum
851 1616 919 1653 fuit
946 1618 1030 1653 Deo
1061 1616 1208 1653 offerre.
1241 1617 1290 1652 Et
1315 1616 1404 1665 quia
1424 1628 1481 1652 sa—

425 1669 559 1704 cerdos
596 1669 829 1706 constituitur
851 1669 991 1718 populo
1019 1667 1032 1691 ⁶
1061 1669 1098 1706 in
1126 1670 1182 1706 his
1210 1681 1281 1717 que
1316 1674 1403 1706 sunt
1433 1670 1484 1705 ad

423 1722 547 1757 Deum
566 1721 597 1767 ³¹⁵,
619 1721 706 1758 ideo
726 1721 911 1770 primitiae
932 1735 953 1758 a
973 1723 1116 1771 populo
1137 1722 1286 1759 oblatae
1306 1722 1344 1758 in
1368 1734 1480 1758 usum

424 1774 664 1811 sacerdotum
694 1775 898 1811 cedebant:
928 1775 1030 1812 unde
1051 1774 1185 1812 dicitur
1203 1775 1321 1812 Num.
1341 1786 1426 1811 xvm
1445 1774 1480 1811 *τ

424 1827 587 1863 Locutus
606 1833 659 1863 est
671 1828 858 1864 Dominus
876 1828 927 1865 ad
939 1829 1089 1864 Aaron:
1108 1829 1219 1873 Ecce,
1236 1828 1321 1864 dedi
1337 1828 1403 1864 tibi
1419 1839 1482 1864 cu-

422 1879 579 1916 stodiam
601 1880 857 1928 primitiarum
886 1892 1068 1917 mearum.

477 1933 639 1969 Pertinet
674 1941 801 1970 autern
836 1933 884 1969 ad
920 1933 977 1970 ius
1015 1933 1184 1970 naturale
1212 1940 1254 1969 ut
1280 1933 1399 1969 horno
1437 1945 1481 1969 ex

423 1985 536 2021 rebus
564 1985 632 2021 sibi
667 1985 761 2022 datis
785 1999 806 2022 a
840 1987 923 2022 Deo
954 1986 1093 2035 aliquid
1123 1985 1298 2022 exhibeat
1326 1986 1374 2022 ad
1403 1986 1482 2023 eius

422 2037 620 2074 honorem.
653 2039 730 2075 Sed
759 2039 862 2087 quod
887 2038 1022 2075 talibus
1046 2038 1218 2087 personis
1247 2038 1481 2087 exhibeatur,

422 2098 486 2126 aut
505 2090 552 2126 de
571 2091 702 2138 primis
727 2091 918 2138 fructibus,
939 2099 1003 2128 aut
1022 2092 1060 2128 in
1078 2091 1140 2128 tali
1169 2092 1388 2140 quantitate,
1408 2092 1482 2128 hoc

421 2142 574 2191 quidem
596 2143 661 2179 fuit
689 2144 727 2180 in
754 2144 873 2181 veteri
893 2145 973 2192 lege
994 2144 1074 2181 iure
1103 2144 1234 2182 divino
1256 2144 1482 2182 determina-

475 2282 499 2315 β)
519 2284 660 2308 sancimus.
672 2297 690 2302 -
708 2284 836 2308 sentimus
855 2285 1068 2317 ABEFGHleC
1088 2290 1113 2310 et
1131 2292 1175 2315 xa,
1194 2285 1337 2309 sanximus
1356 2285 1385 2309 L.

474 2319 499 2350 γ)
519 2322 544 2343 et
559 2321 649 2350 ponet.
661 2332 679 2337 -
697 2322 723 2343 et
737 2326 808 2350 pone
827 2319 896 2351 EpC,
911 2321 1045 2354 ponat-P.

474 2353 498 2385 δ)
513 2354 623 2385 populo.
636 2368 654 2372 -
667 2362 720 2385 pro
735 2355 836 2386 populo
857 2355 894 2379 ΡΙ.

473 2389 494 2421 ε)
515 2389 650 2421 obligatio.
661 2403 680 2408 -
698 2389 798 2414 oblatio
817 2390 982 2422 PDGHLpC.
1505 2377 1508 2415 i

1048 274 1313 321 QUAESTIO
1344 273 1557 319 LXXXVI,
1586 274 1882 310 ARTICULUS
1913 273 1962 309 lV

1534 359 1635 387 tum:
1674 351 1712 388 in
1741 364 1842 388 nova
1871 359 1998 388 autern
2018 352 2099 398 lege
2124 350 2302 387 definitur
2329 362 2397 399 per
2418 350 2593 387 determi-

1535 403 1730 441 nationem
1750 404 1953 451 Ecclesiae,
1971 416 2016 440 ex
2036 415 2112 452 qua
2126 403 2301 440 homines
2322 403 2535 450 obligantur
2551 410 2594 440 ut

1535 455 1716 503 primitias
1753 458 1903 493 solvant
1937 455 2148 493 secundum
2187 455 2499 493 consuetudinem
2527 467 2594 504 pa-

1534 509 1627 544 triae
1657 517 1693 545 et
1720 508 1963 557 indigentiam
1993 508 2250 545 min1strorum
2272 507 2476 545 Ecclesiae.

1588 563 1646 597 AD
1675 573 1811 598 PmMUM
1839 573 1937 598 ERGO
1962 573 2145 598 mesanum
2171 561 2274 609 quod
2304 559 2594 597 caeremonialia

1507 614 1509 619 “
1534 614 1688 661 proprie
1710 622 1814 651 erant
1842 614 1879 651 in
1899 615 2049 662 signum
2078 614 2208 651 futuri:
2239 621 2276 650 et
2303 613 2390 650 ideo
2411 613 2457 649 ad
2486 624 2594 660 prae-

1508 685 1509 689 =
1535 666 1694 703 sentiam
1713 666 1878 703 veritatis
1903 667 2132 714 significatae
2153 673 2408 703 cessaverunt.
2439 665 2592 702 Oblatio

1536 727 1662 755 autern
1692 719 1940 767 primitiarum
1969 720 2036 756 suit
2063 720 2101 756 in
2129 720 2279 768 signum
2313 718 2501 768 praeteriti
2530 719 2594 754 be-

1536 771 1672 819 neficii,
1704 783 1747 808 ex
1768 783 1845 819 quo
1875 772 1988 808 etiarn
2019 773 2190 810 debitum
2219 771 2484 820 recognitionis
2508 782 2594 807 cau-

1536 833 1637 861 satur
1665 823 1876 866 secundum
1907 824 2096 861 dictamen
2129 825 2284 861 rationis
2318 825 2507 861 naturalis.
2546 824 2594 860 Et

1535 878 1621 914 ideo
1650 877 1688 914 in
1717 877 1882 924 generali
1909 877 2128 914 huiusmodi
2158 877 2337 925 obligatio
2357 882 2368 898 ²
2398 883 2537 913 manet.

1588 932 1646 967 An
1675 942 1864 967 sECUNDuM
1893 941 2076 967 mel-:unum
2105 930 2210 979 quod
2242 929 2427 978 primitiae
2457 929 2593 965 offere-

1535 984 1671 1020 bantur
1699 983 1736 1019 in
1765 982 1883 1019 veteri
1917 983 1998 1030 lege
2028 995 2105 1019 non
2135 983 2259 1019 solum
2295 989 2451 1031 propter
2478 982 2594 1018 bene-

1534 1036 1664 1073 ficium
1694 1035 1706 1061 ζ
1734 1043 1854 1072 terrae
1892 1035 2154 1084 promissionis
2189 1035 2298 1072 datae
2335 1047 2357 1071 a
2386 1035 2492 1081 Deo,
2526 1034 2594 1071 sed

1536 1089 1648 1126 etiam
1675 1096 1830 1137 propter
1849 1089 2078 1125 beneficium
2103 1088 2293 1125 fructuum
2319 1095 2441 1124 terrae
2466 1099 2488 1123 a
2508 1087 2592 1123 Deo

1536 1142 1724 1179 datorum.
1754 1142 1865 1179 Unde
1895 1141 2028 1178 dicitur
2055 1142 2166 1178 Deut.
2187 1153 2270 1178 xxvt
2290 1140 2328 1177 *τ
2362 1139 2490 1189 Offero
2513 1139 2594 1187 pri-

1534 1195 1658 1231 mitias
1681 1195 1843 1244 frugum
1872 1200 2005 1240 terrae,
2035 1205 2128 1242 quas
2155 1194 2343 1230 Dominus
2366 1193 2470 1229 Deus
2497 1193 2597 1229 dedit

1534 1248 1635 1283 mihi.
1681 1247 1729 1283 Et
1757 1248 1852 1283 haec
1881 1247 2049 1284 secunda
2087 1259 2201 1284 causa
2229 1246 2333 1295 apud
2371 1257 2507 1282 omnes
2540 1252 2596 1282 est

1535 1310 1762 1336 commums.
1995 1316 1999 1319 ·

1587 1352 1715 1388 Potest
1752 1351 1863 1388 etiam
1903 1351 1974 1388 dici
1995 1351 2111 1399 'quod
2149 1352 2243 1388 sicut
2262 1357 2280 1379 ἢ
2310 1350 2461 1400 speciali
2499 1363 2595 1399 quo-

1534 1404 1623 1441 dam
1645 1403 1832 1440 beneficio
1852 1411 1990 1440 terram
2015 1404 2279 1452 promissionis
2300 1404 2456 1440 contulit
2474 1405 2592 1451 Deus,

1533 1457 1583 1494 ita
1611 1457 1775 1504 generali
1795 1454 1807 1477 ⁰
1837 1456 2024 1493 beneficio
2053 1456 2121 1493 toti
2148 1457 2319 1493 humano
2348 1456 2475 1504 generi
2505 1468 2594 1493 con-

1533 1510 1614 1547 tulit
1642 1517 1762 1546 terrae
1783 1509 2018 1547 dominium:
2048 1509 2261 1546 secundum
2285 1508 2377 1546 illud
2396 1510 2539 1548 Psalm.
2556 1508 2593 1546 *ε

1539 1564 1697 1600 Terram
1725 1563 1824 1599 dedit
1837 1563 1934 1611 filiis
1960 1564 2166 1599 hominum.
2562 1578 2566 1581 Α

1587 1617 1645 1652 An
1665 1627 1824 1653 TERTmM
1853 1627 2035 1652 mCENDUM
2064 1615 2182 1663 quod,
2211 1615 2305 1652 sicut
2333 1615 2595 1662 Hieronymus

1534 1668 1623 1705 dicit
1640 1668 1675 1715 ⁹³,
1706 1681 1755 1705 ex
1790 1669 1980 1705 maiorum
2017 1669 2216 1705 traditione
2252 1668 2503 1705 introductum
2541 1672 2596 1704 est

1534 1722 1635 1770 quod
1660 1722 1726 1769 qui
1746 1721 1968 1770 plurimum,
1998 1722 2330 1771 quadragesimam
2352 1726 2504 1769 partem
2529 1720 2595 1757 da-

1535 1775 1627 1811 bant
1642 1775 1895 1811 sacerdotibus
1914 1774 1995 1811 loco
2009 1775 2286 1822 primitiarum;
2305 1774 2371 1822 qui
2382 1773 2593 1820 minimum,

1535 1828 1824 1876 sexagesimam.
1855 1827 1967 1864 Unde
1992 1827 2144 1864 videtur
2167 1827 2271 1876 quod
2299 1826 2395 1864 inter
2422 1827 2595 1863 hoster-

1537 1880 1662 1917 minos
1690 1880 1762 1916 sint
1788 1880 1973 1929 primitiae
2003 1880 2234 1927 offerendae,
2263 1880 2476 1916 secundum
2505 1890 2595 1916 con-

1537 1933 1776 1970 suetudinem
1806 1933 1959 1981 patriae.
1997 1933 2284 1970 Rationabiliter
2311 1939 2440 1969 tamen
2467 1931 2595 1981 primi-

1537 1986 1674 2023 tiarum
1709 1986 1896 2034 quantitas
1933 1998 2011 2022 non
2038 1986 2105 2022 fuit
2142 1985 2391 2023 determinata
2424 1985 2462 2022 in
2490 1986 2593 2032 lege,

1537 2039 1645 2088 quia,
1685 2039 1780 2075 sicut
1818 2038 1960 2075 dictum
1991 2039 2102 2085 est*,
2130 2038 2317 2088 primitiae
2355 2037 2492 2075 dantur
2526 2048 2596 2087 per

1536 2091 1698 2129 modum
1736 2091 1956 2138 oblationis,
1987 2091 2033 2128 de
2073 2091 2179 2129 cuius
2215 2091 2361 2128 ratione
2399 2098 2454 2128 est
2490 2090 2595 2140 quod

1538 2145 1609 2181 sint
1636 2145 1872 2182 voluntariae
1892 2151 1899 2165 ‘
1919 2144 1949 2181 ³².

1585 2284 1610 2316 ζ)
1630 2284 1791 2316 beneficium.
1803 2285 1974 2318 —jructuum
1995 2285 2093 2309 addunt
2112 2285 2158 2310 Pa.

1586 2319 1612 2351 η)
1631 2319 1708 2345 sicut.
1722 2333 1740 2338 —
1759 2319 1838 2344 etiam
1858 2319 1927 2344 addit
1945 2327 1970 2348 a,
1992 2320 2098 2344 Iudaeis
2118 2319 2187 2344 addit
2206 2319 2234 2343 P.

1585 2353 1609 2386 Θ)
1628 2355 1788 2387 generali.-
1805 2355 1976 2379 connaturali
1995 2355 2194 2384 ABEGHIKxa,
2215 2354 2336 2379 naturali
2356 2354 2386 2379 D.

1587 2391 1606 2422 ι)
1625 2390 1680 2415 sint
1698 2390 1875 2416 voluntariae.
1887 2404 1906 2409 -
1924 2390 1960 2415 sit
1978 2390 2134 2415 voluntaria
2152 2391 2186 2416 A.

1093 2478 1426 2511 Commentaria
1448 2478 1698 2511 Cardinalis
1720 2478 1920 2511 Caietam

423 2567 470 2630 In
493 2558 623 2588 articulo
645 2565 757 2598 quarto
781 2558 923 2588 eiusdem
946 2557 1140 2598 quaestionis
1163 2557 1478 2597 octogesimaesextae

396 2615 404 2621 ·
451 2602 587 2632 dubium
611 2602 746 2632 occurrit
769 2602 847 2633 circa
867 2602 956 2638 illud,
981 2602 1069 2642 quod
1086 2603 1230 2642 pertinet
1251 2601 1294 2632 ad
1317 2602 1367 2631 ius
1386 2606 1479 2631 natu-

184 2864 193 2873 “
202 2863 249 2890 Qu.
257 2870 341 2891 cxxxv,
351 2869 392 2887 ert.

419 2647 489 2676 rale
512 2651 548 2676 ut
569 2646 661 2676 homo
684 2656 725 2676 ex
748 2647 842 2677 rebus
864 2647 924 2677 sibi
946 2646 1031 2677 datis
1053 2655 1074 2676 a
1094 2646 1164 2676 Deo
1187 2646 1310 2686 aliquid
1331 2645 1478 2676 exhibeat

419 2691 461 2721 ad
484 2691 551 2721 eius
572 2691 733 2721 honorem.
758 2691 930 2728 Quoniam,
948 2700 1022 2720 curn
1042 2690 1079 2720 de
1103 2691 1196 2720 rebus
1213 2689 1417 2720 exterioribus
1441 2689 1480 2719 sit

419 2744 538 2770 sermo,
563 2741 617 2764 aut
639 2736 760 2765 Auctor
783 2735 917 2765 intendit
939 2734 1027 2775 quod
1052 2741 1173 2774 praeter
1196 2744 1243 2764 res
1271 2744 1352 2774 quae
1374 2733 1407 2763 in
1431 2743 1478 2763 sa-

420 2778 571 2809 crificium
594 2778 776 2814 offeruntur,
802 2778 904 2809 adhuc
928 2778 1006 2809 ratio
1030 2778 1180 2808 naturalis
1204 2778 1299 2808 dictat
1322 2778 1396 2808 alias
1413 2787 1479 2807 esse

418 2823 487 2852 Deo
503 2822 690 2852 offerendas:
716 2830 770 2853 aut
787 2822 915 2863 replicat
938 2822 970 2852 id
994 2823 1082 2862 quod
1106 2823 1145 2852 de
1161 2822 1303 2852 sacrificii
1320 2821 1479 2853 exterioris

420 2866 579 2897 oblatione
603 2866 679 2896 dixit
694 2866 720 2896 *.
752 2866 784 2897 Si
808 2867 949 2906 primum
972 2866 1123 2902 intendit,
1148 2873 1275 2906 oportet
1301 2866 1362 2896 hoc
1385 2875 1479 2906 super

419 2910 525 2950 aliqua
548 2911 668 2941 ratione
691 2911 826 2941 fundari.
850 2911 941 2941 Dicet
961 2911 1046 2940 enim
1070 2910 1230 2951 quispiam
1252 2911 1341 2951 quod
1363 2917 1410 2940 sat
1434 2917 1480 2940 est

419 2954 534 2984 rationi
556 2953 689 2984 naturali
713 2955 801 2994 quod
825 2955 932 2995 aliquo
957 2954 1095 2984 sensibili
1119 2953 1271 2985 sacrificio
1294 2955 1399 2984 Deum
1423 2954 1480 2984 ho-

420 3008 580 3028 noremus.
617 2997 735 3028 Offerre
758 3005 865 3028 autem
888 2999 977 3029 aliter
1004 3009 1101 3039 quarn
1125 2999 1157 3028 in
1181 2998 1351 3034 sacrificio,
1375 2998 1425 3028 vel
1447 2998 1478 3028 in

421 3041 531 3072 ordine
547 3042 587 3072 ad
603 3041 789 3072 sacrificium
801 3040 851 3083 (ut
866 3053 924 3082 pro
939 3042 1027 3073 altari
1039 3049 1071 3073 et
1084 3043 1271 3073 huiusmodi
1283 3052 1365 3083 quae
1380 3043 1421 3073 ad
1433 3052 1479 3073 sa-

420 3084 526 3116 crificii
541 3085 737 3115 oblationem
759 3085 968 3128 ordinantur),
985 3087 1071 3117 nulla
1092 3087 1213 3118 ratione
1234 3094 1379 3127 apparet:
1405 3096 1479 3117 cum

420 3129 527 3159 nullus
557 3129 630 3159 inde
657 3136 806 3169 appareat
828 3129 896 3160 Deo
920 3130 1033 3161 honor.
1066 3130 1195 3161 Sublata
1221 3140 1362 3171 namque
1387 3130 1480 3161 mini-

419 3180 558 3204 strorum
574 3172 633 3203 Dei
648 3173 779 3209 ratione,
804 3183 885 3213 quae
908 3173 1038 3204 honoris
1054 3173 1133 3204 ratio
1150 3181 1243 3205 restat
1267 3181 1303 3204 ut
1324 3174 1394 3204 Deo
1418 3174 1480 3214 pri-

420 3217 523 3248 mitias
547 3217 676 3257 frugum
699 3214 887 3247 offeramus?
909 3217 993 3247 Nam
1016 3227 1052 3247 ex
1076 3227 1142 3258 quo
1166 3227 1232 3247 non
1256 3217 1479 3256 sacrificantur,

419 3262 474 3292 sed
497 3271 553 3301 per
575 3261 711 3292 modum
733 3261 883 3301 simplicis
899 3261 1068 3291 oblationis
1091 3261 1285 3297 exhibentur,
1310 3261 1478 3291 dicendum

420 3305 478 3336 erit
492 3306 575 3336 Deo:
601 3305 732 3345 Suscipe
749 3306 808 3337 has
820 3305 956 3346 fruges,
974 3311 1004 3335 et
1020 3304 1244 3345 relinquendae
1259 3311 1366 3335 erunt:
1391 3306 1479 3345 quod

420 3349 542 3380 videtur
569 3349 746 3380 ridiculum.
775 3366 796 3372 -
824 3348 857 3379 Si
880 3358 955 3379 vero
983 3349 1118 3379 creditur
1145 3349 1292 3388 replicare
1322 3349 1411 3389 quod
1441 3349 1479 3379 de

420 3393 559 3424 sacrificii
583 3393 742 3429 oblatione
767 3393 892 3430 dixerat,
910 3393 1052 3433 sequitur
1074 3393 1164 3433 quod
1187 3403 1252 3424 non
1267 3391 1361 3423 infert
1379 3392 1479 3423 inten-

420 3444 500 3468 tum.
525 3437 688 3474 Quoniam
704 3447 769 3468 non
785 3437 878 3467 infert
901 3437 989 3477 quod
1008 3437 1183 3467 oblationes
1203 3437 1265 3467 sint
1289 3436 1326 3467 de
1342 3437 1410 3467 iure
1426 3447 1479 3467 na-

421 3488 518 3517 turae,
535 3482 589 3511 sed
613 3481 700 3521 quod
717 3480 865 3512 sacrificia
884 3488 1025 3512 tantum:
1050 3481 1139 3522 quod
1158 3491 1223 3511 non
1241 3481 1406 3520 oportebat
1424 3481 1478 3511 ite—

420 3535 497 3556 rare.
521 3526 585 3555 Nec
609 3532 673 3556 erat
695 3526 875 3566 quaesitum
899 3526 936 3556 de
960 3524 1126 3556 sacrificio:
1152 3525 1206 3555 sed
1230 3525 1267 3555 de
1287 3524 1432 3565 primitiis
1449 3532 1480 3555 et

421 3568 645 3600 oblationibus.

1586 2557 1636 2587 Ad
1659 2556 1721 2587 hoc
1744 2556 1858 2587 dicitur
1880 2557 1969 2597 quod
1996 2556 2110 2596 procul
2133 2556 2232 2587 dubio
2255 2558 2377 2587 Auctor
2398 2556 2534 2588 intendit
2557 2557 2596 2588 de

1531 2600 1745 2631 oblationibus
1762 2607 1797 2631 ut
1812 2600 2048 2641 distinguuntur
2064 2606 2173 2631 contra
2197 2599 2358 2631 sacrificia:
2385 2607 2421 2632 ut
2442 2601 2511 2641 ipsa
2533 2601 2597 2632 dis-

1529 2645 1639 2675 tinctio
1667 2645 1891 2685 quaestionum
1923 2651 1953 2675 et
1977 2644 2184 2676 articulorum
2213 2651 2352 2676 testatur.
2384 2645 2518 2676 Videtur
2540 2655 2597 2676 au-

1530 2696 1594 2719 tem
1622 2689 1699 2719 haec
1723 2699 1789 2719 esse
1813 2688 1984 2719 differentia
2006 2689 2087 2719 inter
2109 2689 2267 2719 dictamen
2291 2690 2442 2720 naturalis
2464 2689 2598 2720 rationis

1531 2733 1570 2763 ad
1594 2732 1780 2763 sacrificium
1803 2740 1833 2763 et
1856 2733 2042 2769 oblationes,
2067 2734 2156 2773 quod
2175 2733 2214 2763 ad
2233 2733 2422 2764 sacrificium
2445 2733 2596 2764 naturalis

1531 2777 1620 2813 ratio,
1645 2778 1724 2807 bene
1747 2777 1826 2807 fulta
1849 2777 1976 2808 veritate
2000 2777 2143 2812 naturali,
2169 2777 2263 2808 dictat
2286 2777 2377 2818 quasi
2397 2778 2540 2809 absolute
2556 2778 2596 2809 ad

1531 2822 1637 2852 Deum
1665 2821 1906 2852 honorandum:
1938 2822 1977 2851 ad
2007 2821 2184 2852 oblationes
2207 2831 2282 2852 vero
2314 2822 2408 2852 dictat
2438 2821 2528 2863 quasi
2559 2831 2596 2852 ex

1532 2865 1762 2906 suppositione,
1787 2866 1848 2895 hoc
1872 2872 1931 2901 est,
1957 2865 2124 2905 supposito
2154 2866 2243 2906 quod
2266 2866 2343 2896 haec
2366 2865 2476 2896 offerre
2499 2865 2539 2896 sit
2561 2865 2596 2896 in

1530 2911 1688 2940 honorem
1711 2910 1781 2940 Dei.
1806 2910 1851 2941 Ita
1874 2910 1963 2950 quod
1986 2909 2143 2946 dictamen
2167 2909 2296 2940 rationis
2317 2910 2466 2940 naturalis
2490 2910 2530 2940 ad
2548 2920 2596 2940 sa-

1531 2954 1683 2985 crificium
1714 2954 1809 2984 dictat
1830 2953 1938 2994 ipsum
1970 2953 2156 2984 sacrificium
2180 2963 2247 2984 esse
2273 2954 2431 2984 honorem
2454 2953 2530 2985 Dei:
2561 2953 2596 2984 in

1531 2998 1746 3030 oblationibus
1770 3007 1863 3034 vero,
1889 2998 2055 3038 supposito
2084 2999 2174 3038 quod
2197 2997 2259 3028 sint
2281 2998 2314 3028 in
2337 2998 2495 3029 honorem
2517 2997 2594 3035 Dei,

1507 3064 1509 3067 .
1531 3043 1627 3073 dictat
1649 3042 1769 3083 aliquid
1793 3051 1859 3072 esse
1882 3051 1918 3072 ex
1938 3042 2030 3072 rebus
2054 3052 2072 3072 a
2091 3042 2160 3073 Deo
2183 3042 2276 3072 nobis
2295 3042 2417 3073 collatis
2435 3042 2497 3082 ipsi
2519 3041 2595 3078 offe-

1531 3087 1676 3117 rendum.
1702 3087 1778 3117 Esse
1794 3092 1901 3117 autem
1919 3086 2106 3116 huiusmodi
2122 3086 2299 3117 oblationes
2314 3086 2347 3116 in
2362 3086 2522 3117 honorem
2533 3084 2596 3117 noi

1531 3130 1685 3172 supponit
1710 3130 1871 3160 ministros
1894 3130 1992 3160 divini
2016 3130 2119 3161 cultus
2150 3130 2382 3170 dispensatores
2409 3128 2595 3164 huiusmodi

1531 3174 1748 3210 oblationum,
1774 3184 1881 3204 coram
1904 3174 2020 3215 quibus
2043 3173 2097 3204 fiat
2122 3173 2308 3205 huiusmodi
2332 3173 2489 3215 professio
2510 3182 2596 3206 rece·

1531 3225 1657 3258 ptarum
1681 3227 1787 3248 rerum
1810 3227 1828 3247 a
1849 3217 1929 3248 Deo.
1962 3218 2094 3258 Propter
2116 3218 2205 3258 quod
2228 3228 2246 3248 a
2269 3217 2426 3259 principio
2454 3217 2523 3249 sola
2545 3226 2594 3248 sa-

1531 3261 1645 3292 crificia
1661 3260 1757 3291 fuisse
1770 3260 1925 3297 videntur,
1943 3267 1978 3291 ut
2001 3261 2080 3291 Abel
2097 3268 2127 3292 et
2150 3261 2230 3293 Cain
2250 3262 2428 3293 oblationes
2442 3260 2462 3282 *
2478 3266 2595 3293 teutm-

1530 3312 1595 3336 tur:
1620 3311 1752 3345 uterque
1776 3305 1861 3335 enim
1883 3314 1940 3345 per
1962 3306 2098 3336 modum
2118 3305 2257 3336 sacrificii
2282 3316 2339 3337 sua
2362 3305 2548 3337 offerebat*.

1587 3350 1623 3380 11.
1648 3349 1684 3379 In
1707 3349 1914 3388 responsione
1936 3349 1976 3379 ad
1998 3349 2139 3389 primum
2161 3350 2304 3381 eiusdem
2320 3349 2452 3386 articuli,
2469 3349 2595 3380 adverte

1531 3393 1620 3433 quod
1642 3395 1764 3423 Auctor
1787 3393 1938 3432 implicite
1958 3393 2052 3424 etiarn
2074 3394 2137 3425 hoc
2159 3394 2191 3424 in
2213 3395 2287 3426 loco
2312 3393 2476 3434 distinguit
2490 3403 2594 3424 caere-

1531 3437 1682 3467 monialia
1711 3437 1743 3467 in
1773 3437 1985 3467 caeremonias
2016 3437 2158 3478 proprie,
2183 3438 2277 3469 tacito
2305 3438 2403 3468 altero
2427 3437 2592 3473 membro,

1531 3481 1619 3521 quod
1644 3487 1708 3511 erat
1730 3481 1763 3510 in
1783 3481 1994 3511 caeremonias
2015 3482 2235 3513 communiter.
2260 3481 2301 3512 Et
2323 3481 2392 3512 vult
2413 3482 2502 3522 quod
2526 3490 2594 3512 cae-

1531 3525 1691 3555 remoniae
1720 3525 1847 3566 proprie
1871 3532 1944 3556 sunt
1967 3525 2037 3556 illae
2066 3526 2103 3556 de
2132 3525 2248 3566 quibus
2276 3525 2388 3556 dicitur
2414 3526 2503 3566 quod
2527 3535 2593 3556 non

1531 3576 1666 3608 possunt
1689 3568 1755 3599 sine
1779 3576 1908 3608 peccato
1932 3569 2055 3605 servari,
2080 3569 2155 3610 quia
2178 3576 2252 3600 sunt
2277 3569 2310 3599 in
2334 3569 2461 3609 signum
2484 3569 2592 3600 futuri.

2719 1035 2735 1064 t

2623 1148 2632 1158 ⁸
2646 1147 2715 1170 Vers-
2729 1153 2763 1169 10.

2721 1365 2736 1388 η

2621 1511 2682 1561 ζει,
2695 1516 2759 1538 mu.
2768 1516 2832 1553 ¹vei-u.

2621 1672 2632 1683 ⁸
2654 1671 2831 1726 fcta.‚15s.x1v,

2621 1730 2636 1746 ι
2657 1730 2832 1753 manaen.

2621 1757 2630 1773 1
2645 1767 2651 1777 ,
2703 1761 2715 1767 -
2727 1751 2762 1774 Cf.
2780 1757 2807 1773 en
2827 1767 2832 1772 .

2621 1777 2791 1852 meministi.
2810 1783 2835 1825 ἷι

2807 1673 2832 1694 in

2619 3309 2630 3320 ³
2648 3309 2706 3332 Gen.
2723 3315 2775 3338 οιρ.
2794 3316 2832 3337 ιν,

2619 3342 2680 3385 ἕπε
2694 3342 2756 3385 ᾖτε.
2780 3368 2832 3391 0...

2619 3395 2652 3416 xi,
2666 3395 2726 3412 ven.
2740 3396 2764 3416 4.
