2860 4238
293 916 310 940 λ

201 1027 209 1034 ·
230 1024 287 1046 Gen.
307 1030 357 1051 cap.
380 1030 409 1051 n,

200 1057 256 1072 vers.
272 1056 291 1072 2.

295 1139 313 1164 μ

201 1186 208 1195 “
226 1186 290 1207 Vers.
307 1191 331 1206 n.

437 208 514 255 478

438 285 540 321 bere.
571 284 674 322 Sicut
702 293 828 322 autem
858 284 895 320 in
925 283 1115 330 Scriptura
1145 281 1273 318 divina
1301 281 1498 318 traduntur

438 338 574 374 nobis*
603 339 672 375 sub
702 337 887 385 aliquibus
923 335 1176 383 corporalium
1211 346 1336 370 rerum
1370 333 1498 370 simili-

437 390 642 437 tudinibus‚
663 391 712 426 ita
733 391 852 426 cultus
882 389 1041 425 exterior
1060 390 1144 425 Deo
1170 387 1368 423 exhibetur
1386 392 1402 407 ²
1429 398 1498 434 per

437 443 590 491 aliquod
619 443 793 479 sensibile
822 443 982 489 signum.
1013 442 1061 477 Et
1090 441 1176 489 quia
1205 440 1254 476 ad
1281 438 1497 475 interiorem

438 497 599 542 cultum,
629 496 693 543 qui
726 495 893 531 consistit
920 494 958 530 in
994 493 1164 530 oratione
1204 500 1239 529 et
1274 492 1496 538 devotione,

438 549 556 596 magis
584 548 771 585 inducitur
798 549 918 584 homo
948 559 992 583 ex
1020 545 1186 583 interiori
1217 545 1374 593 Spiritus
1404 545 1497 582 San-

438 602 483 637 cti
511 602 703 646 instinctu‚
737 608 983 649 praeceptum
1017 599 1108 647 legis
1145 599 1315 635 dandum
1354 598 1423 634 fuit
1450 592 1525 638 de}

437 654 608 690 exteriori
625 655 725 691 cultu
746 653 957 690 secundum
977 652 1131 701 aliquod
1146 651 1320 688 sensibile
1335 651 1495 698 signum.

437 707 485 742 Et
512 707 598 754 quia
627 714 828 756 praecepta
856 705 1027 753 decalogi
1055 713 1142 742 sunt
1170 704 1278 752 quasi
1306 704 1496 753 quaedam

437 758 559 807 prima
588 767 623 795 et
642 759 863 796 communia
891 758 981 806 legis
1009 757 1202 806 principia,
1223 757 1310 794 ideo
1330 757 1368 794 in
1388 757 1496 794 tertio

436 819 639 860 praecepto
661 811 830 859 decalogi
850 811 1079 860 praecipitur
1099 810 1259 847 exterior
1277 810 1350 847 Dei
1378 811 1498 847 cultus

437 865 507 901 sub
537 864 642 912 signo
675 865 892 902 communis
921 863 1095 901 beneficii
1124 863 1229 912 quod
1255 863 1416 912 pertinet
1451 864 1497 900 ad

437 930 572 954 omnes
591 916 616 964 λ,
646 918 787 954 scilicet
815 919 863 954 ad
888 917 1251 966 repraesentandum
1270 929 1368 966 opus
1397 929 1498 953 crea·

436 971 548 1007 tionis
564 971 723 1017 mundi,
745 983 766 1007 a
786 983 864 1018 quo
894 970 1126 1019 requievisse
1156 969 1290 1018 dicitur
1317 971 1423 1007 Deus
1443 983 1499 1006 se-

435 1023 556 1072 ptimo
586 1024 646 1060 die
666 1023 705 1061 *2
736 1024 774 1060 in
794 1024 900 1061 cuius
924 1024 1083 1072 signum,
1106 1023 1185 1060 dies
1213 1022 1373 1071 septima
1393 1035 1499 1060 man—

437 1077 547 1113 datur
577 1077 867 1125 sanctificanda,
905 1077 1001 1114 idest
1030 1076 1248 1125 deputanda
1285 1076 1333 1112 ad
1360 1088 1500 1113 vacan—

437 1130 530 1167 dum
550 1131 647 1167 Deo.
677 1131 726 1166 Et
757 1130 844 1167 ideo
871 1131 995 1166 Exod.
1021 1142 1086 1175 xx,
1117 1129 1327 1177 praemisso
1347 1134 1364 1157 μ
1391 1141 1499 1176 prae-

438 1191 548 1242 cepto
569 1183 616 1220 de
636 1183 933 1220 sanctificatione
953 1182 1110 1227 sabbati,
1127 1181 1337 1229 assignatur
1352 1181 1444 1217 ratio
1460 1181 1498 1218 *z

437 1237 524 1296 quia
551 1248 619 1272 sex
646 1236 773 1273 diebus
789 1236 888 1283 fecit
912 1237 1016 1272 Deus
1044 1235 1191 1271 caelum
1220 1240 1257 1270 et
1282 1240 1436 1280 terram,
1465 1240 1501 1271 et

438 1290 474 1326 in
504 1289 562 1325 die
588 1290 741 1337 septimo
771 1289 960 1337 requievit

490 1344 547 1378 AD
568 1354 704 1379 PRIMUM
724 1353 822 1378 ERGO
841 1353 1027 1378 DICENDUM
1047 1340 1152 1389 quod
1179 1319 1428 1388 praeceptum
1450 1339 1497 1376 de

437 1395 734 1432 sanctificatione
755 1395 912 1440 sabbati,
942 1394 1144 1431 litteraliter
1170 1393 1411 1439 intellectum,
1443 1401 1499 1430 est

436 1448 573 1497 partim
594 1450 749 1495 morale,
770 1448 905 1496 partim
930 1446 1218 1484 caeremoniale.
1249 1447 1397 1485 Morale
1418 1446 1499 1495 qui-

438 1502 539 1548 dem,
570 1509 754 1550 quantum
783 1501 831 1538 ad
859 1502 934 1537 1100
963 1500 1068 1548 quod
1101 1501 1219 1537 homo
1251 1500 1406 1548 deputet
1434 1500 1497 1536 ali-

438 1555 542 1603 quod
576 1562 727 1603 tempus
754 1554 855 1591 vitae
889 1566 980 1590 suae
1017 1554 1065 1590 ad
1092 1553 1309 1590 vacandum
1348 1552 1496 1592 divinis.

438 1609 539 1644 Inest
571 1608 672 1645 enim
708 1607 853 1644 homini
889 1606 1067 1644 naturalis
1104 1606 1295 1643 inclinatio
1332 1608 1381 1644 ad
1423 1606 1498 1643 hoc

437 1661 542 1710 quod
581 1661 731 1698 cuilibet
760 1661 812 1697 rei
841 1659 1074 1697 necessariae
1108 1661 1308 1708 deputetur
1345 1660 1498 1710 aliquod

437 1723 604 1763 tempus:
633 1714 728 1751 sicut
747 1713 933 1761 corporali
962 1712 1168 1761 re-feetioni,
1189 1724 1328 1749 somno
1355 1722 1392 1750 et
1419 1713 1499 1749 aliis

437 1767 668 1804 huiusmodi.
697 1767 806 1804 Unde
836 1767 950 1804 etiam
980 1766 1159 1814 spirituali
1188 1766 1393 1813 refectioni,
1424 1778 1498 1813 qua

439 1832 547 1857 mens
574 1820 738 1857 hominis
767 1820 803 1856 in
834 1821 917 1856 Deo
948 1818 1125 1865 reficitur,
1150 1819 1362 1856 secundum
1384 1820 1498 1856 dicta-

439 1886 527 1911 men
556 1874 708 1911 rationis
746 1873 923 1910 naturalis
961 1872 1115 1920 aliquod
1152 1879 1304 1920 tempus
1342 1873 1500 1922 deputat

438 1928 569 1964 homo.
600 1927 648 1963 Et
675 1926 728 1963 sic
755 1926 895 1963 habere
917 1925 1072 1973 aliquod
1101 1932 1253 1973 tempus
1274 1925 1498 1974 deputatum

437 1981 484 2018 ad
512 1979 731 2017 vacandum
760 1979 917 2026 divinis,
948 1979 1047 2016 cadit
1075 1979 1146 2014 sub
1175 1986 1379 2028 praecepto
1416 1991 1498 2015 mo—

438 2034 515 2070 rali.
532 2054 555 2061 -
573 2033 649 2070 Sed
677 2033 903 2080 inquantum
932 2032 968 2068 in
998 2032 1072 2068 hoc
1091 2039 1295 2080 praecepto
1325 2031 1499 2069 determi-

438 2094 548 2123 natur
568 2086 730 2135 speciale
750 2093 900 2135 tempus
917 2085 954 2121 in
970 2085 1119 2132 signum
1135 2084 1332 2122 creationis
1353 2085 1498 2132 mundi‚

438 2140 490 2176 sic
519 2148 574 2176 est
602 2147 847 2188 praeceptum
869 2137 1158 2174 caeremoniale.
1190 2137 1366 2175 Similiter
1386 2138 1497 2175 etiam

438 2193 714 2230 caeremoniale
744 2199 798 2228 est
833 2191 1044 2228 secundum
1083 2191 1324 2238 allegoricam
1358 2191 1497 2239 signifi-

439 2246 644 2292 cationem,
681 2253 794 2294 prout
831 2245 898 2281 fuit
929 2245 1049 2292 figura
1072 2249 1084 2264 ν
1114 2244 1247 2292 quietis
1286 2244 1423 2281 Christi
1461 2245 1498 2281 in

438 2300 624 2348 sepulcro,
655 2310 752 2346 quae
782 2297 848 2334 fuit
876 2298 1036 2346 septima
1065 2297 1137 2334 die.
1169 2298 1216 2333 Et
1245 2298 1414 2334 similiter
1442 2310 1497 2334 se-

439 2352 606 2389 cundum
629 2352 814 2388 moralem
835 2350 1163 2398 significationem,
1183 2358 1297 2399 prout
1315 2351 1499 2398 significat

435 2406 691 2442 'cessationem
728 2404 774 2440 ab
813 2404 918 2440 omni
957 2412 1042 2440 actu
1080 2403 1224 2451 peccati
1259 2411 1294 2440 et
1331 2404 1497 2452 quietem

439 2459 577 2496 mentis
606 2458 642 2494 in
671 2458 772 2493 Deo:
808 2465 843 2492 et
871 2457 1083 2493 secundum
1102 2457 1177 2492 hoc
1205 2457 1497 2505 quodammodo

441 2520 496 2548 est
522 2518 768 2560 praeceptum
798 2511 984 2557 generale.
1025 2509 1202 2545 Similiter
1231 2509 1343 2545 etiam
1375 2522 1499 2546 caere-

439 2565 601 2601 moniale
641 2571 696 2600 est
728 2563 939 2599 secundum
974 2562 1288 2610 significationem
1324 2563 1499 2611 anagogi-

440 2631 535 2664 cam,
565 2623 679 2665 prout
707 2615 844 2652 scilicet
871 2616 1101 2664 praefigurat
1128 2615 1295 2663 quietem
1315 2616 1499 2653 fruitionis

439 2671 510 2708 Dei
540 2682 635 2719 quae
666 2669 733 2705 erit
761 2669 798 2705 in
827 2668 956 2718 patria.

491 2724 600 2761 Unde
615 2730 862 2771 praeceptum
879 2722 925 2758 de
946 2721 1244 2758 sanctificatione
1265 2721 1411 2758 sabbati
1430 2734 1499 2771 po-

439 2777 538 2813 nitur
552 2776 646 2812 inter
661 2783 862 2824 praecepta
882 2774 1051 2822 decalogi
1072 2774 1295 2821 inquantum
1319 2782 1373 2811 est
1391 2787 1499 2823 prae—

440 2838 590 2878 ceptum
612 2829 771 2865 morale:
792 2840 870 2864 non
890 2827 1113 2876 inquantum
1136 2835 1190 2863 est
1210 2828 1498 2866 caeremoniale.

492 2885 549 2919 AD
569 2894 758 2919 SECUNDUM
778 2893 962 2918 DICENDUM
991 2881 1095 2928 quod
1116 2881 1209 2916 aliae
1234 2882 1497 2918 caeremoniae

439 2936 527 2983 legis
564 2943 649 2971 sunt
685 2935 790 2982 signa
826 2934 1041 2982 aliquorum
1082 2934 1366 2982 particularium
1411 2935 1500 2972 effe-

440 2997 568 3025 ctuum
598 2987 681 3024 Dei.
721 2988 796 3024 Sed
834 2987 1050 3023 observatio
1080 2987 1227 3023 sabbati
1267 2995 1321 3024 est
1348 2987 1496 3036 signum

438 3041 621 3089 generalis
649 3040 835 3085 beneficii,
861 3040 999 3076 scilicet
1018 3040 1278 3088 productionis
1297 3040 1497 3078 universae

440 3103 644 3131 creaturae.
674 3095 722 3130 Et
750 3093 836 3130 ideo
867 3093 1152 3130 convenientius
1176 3094 1267 3142 poni
1288 3094 1417 3131 debuit
1445 3095 1498 3132 in-

438 3155 494 3184 ter
526 3147 713 3195 generalia
750 3154 952 3195 praecepta
985 3146 1154 3194 decalogi
1190 3159 1308 3195 quam
1346 3148 1498 3196 aliquod

439 3201 539 3237 aliud
569 3200 845 3236 caeremoniale
873 3199 975 3247 legis.

491 3255 548 3289 AD
575 3265 734 3290 TERTIUM
762 3264 945 3289 DICENDUM
967 3251 1070 3300 quod
1090 3251 1128 3288 in
1149 3252 1391 3289 observantia
1415 3254 1498 3290 sab-

1091 204 1358 251 QUAESTIO
1389 203 1547 250 CXXII,
1576 203 1871 240 ARTICULUS
1902 202 1952 237 IV

1551 280 1627 317 bati
1656 280 1732 317 duo
1761 287 1848 317 sunt
1877 278 2164 316 consideranda.
2202 278 2380 324 Quorum
2408 290 2529 315 unum
2559 285 2615 315 est

1550 333 1646 370 sicut
1673 333 1777 370 finis:
1808 341 1843 369 et
1870 333 1945 369 hoc
1974 340 2029 368 est
2056 339 2097 368 ut
2132 332 2252 368 homo
2281 338 2392 368 vacet
2420 331 2534 368 rebus
2560 331 2615 368 di-

1551 386 1661 423 vinis.
1692 386 1810 433 Quod
1829 386 2062 433 significatur
2089 384 2128 421 in
2154 385 2230 421 hoc
2257 384 2363 432 quod
2391 383 2499 420 dicit:
2527 384 2613 421 Me-

1551 445 1674 476 mento
1704 445 1744 475 ut
1761 439 1858 475 diem
1885 438 2033 475 sabbati
2057 438 2282 485 sanctifices:
2310 437 2372 473 illa
2398 436 2500 474 enim
2529 448 2614 473 san-

1551 492 1705 529 ctificari
1735 491 1909 529 dicuntur
1937 491 1975 528 in
2003 491 2085 538 lege
2113 502 2211 540 quae
2241 490 2371 527 divino
2401 489 2515 526 cultui
2549 501 2614 538 ap-

1523 546 1746 594 ¹plicantur.
1777 565 1801 572 -
1834 544 1947 581 Aliud
1982 552 2119 581 autem
2143 550 2197 580 est
2234 543 2393 580 cessatio
2429 554 2613 591 operum:

1551 611 1649 647 quae
1669 598 1900 646 significatur
1918 609 2006 633 curn
2027 596 2201 634 subditur
2214 596 2252 633 *z
2275 597 2438 644 Septimo
2458 596 2518 632 die
2536 596 2614 632 Do-

1551 653 1644 688 mini
1669 652 1743 688 Dei
1769 651 1833 696 tui,
1860 662 1934 687 non
1948 650 2077 698 facies
2096 662 2207 686 omne
2234 661 2338 698 opus.
2369 648 2447 686 Sed
2468 649 2515 685 de
2536 659 2614 696 quo

1551 717 1666 754 opere
1695 703 1929 751 intelligatur,
1950 711 2108 751 apparet
2129 715 2199 751 per
2223 702 2260 740 id
2280 702 2386 752 quod
2416 701 2616 750 exponitur

1551 759 1669 796 Levit.
1685 769 1769 794 xxm
1784 756 1823 793 *ε
1849 756 1969 793 Omne
1987 767 2080 803 opus
2098 755 2233 792 servile
2247 768 2322 793 non
2329 755 2485 804 facietis
2500 755 2537 792 in
2557 765 2613 791 e0.

1606 813 1714 860 Opus
1756 817 1885 847 autern
1921 808 2057 845 servile
2095 808 2231 845 dicitur
2265 821 2287 845 a
2322 809 2508 846 servitute.
2547 807 2616 844 Est

1552 873 1679 902 autern
1709 863 1841 912 triplex
1869 862 2042 899 servitus.
2072 862 2158 898 Una
2195 861 2353 909 quidem
2386 873 2463 909 qua
2494 862 2615 898 homo

1553 918 1667 955 servit
1694 923 1868 966 peccato:
1899 914 2110 952 secundum
2138 914 2229 951 illud
2248 914 2286 951 *τ
2319 914 2396 955 Qui
2413 914 2511 962 facit
2529 924 2616 961 pec-

1553 977 1696 1016 catum,
1734 981 1864 1006 servus
1900 974 1955 1005 est
1983 968 2142 1016 peccati.
2186 968 2235 1004 Et
2273 967 2484 1004 secundum
2522 967 2616 1013 1100,

1553 1037 1670 1061 0111110
1699 1035 1797 1072 opus
1826 1021 1969 1070 peccati
2008 1021 2143 1058 dicitur
2171 1021 2319 1057 servile.
2349 1041 2373 1048 -
2401 1020 2488 1057 Alia
2520 1031 2615 1056 vero

1553 1077 1713 1115 servitus
1741 1083 1797 1113 est
1825 1087 1900 1123 qua
1928 1076 2047 1111 homo
2068 1074 2184 1111 servit
2201 1073 2360 1111 homini.
2392 1074 2460 1110 Est
2487 1079 2615 1110 autem

1551 1132 1671 1168 homo
1692 1129 1843 1167 alterius
1863 1141 1997 1165 servus
2017 1140 2094 1164 non
2115 1127 2326 1164 secundum
2348 1135 2528 1173 mentem,
2549 1124 2618 1163 sed

1553 1248 1671 1285 opera
1706 1235 1875 1280 servilia,
1906 1233 2118 1270 secundum
2151 1234 2246 1279 hoc,
2285 1235 2462 1271 dicuntur
2499 1243 2618 1281 opera

1553 1288 1764 1338 corporalia
1792 1288 1831 1325 in
1860 1287 1997 1336 quibus
2025 1298 2124 1323 unus
2153 1287 2273 1323 horno
2303 1286 2407 1324 alteri
2436 1286 2562 1323 servit.
2591 1306 2616 1314 -

1552 1343 1682 1380 Tertia
1710 1349 1838 1378 autem
1860 1348 1915 1377 est
1934 1339 2095 1376 servitus
2114 1339 2199 1376 Dei.
2229 1340 2278 1376 Et
2297 1339 2510 1376 secundum
2529 1339 2617 1386 1100,

1551 1450 1641 1486 tinet
1670 1449 1717 1485 ad
1746 1448 1818 1485 Dei
1848 1446 2056 1484 servitium.

1607 1502 1646 1539 Si
1675 1509 1801 1538 autem
1822 1501 1875 1537 sic
1903 1500 2126 1548 intelligatur
2145 1510 2243 1546 opus
2263 1498 2412 1546 servile,
2434 1510 2512 1534 non
2530 1509 2618 1547 pro-

1551 1555 1702 1592 hibetur
1721 1555 1758 1591 in
1778 1554 1838 1591 die
1867 1553 2024 1590 sabbati.
2055 1552 2156 1599 Quia
2175 1552 2248 1588 hoc
2270 1558 2367 1589 esset
2387 1550 2618 1588 contrarium

1552 1609 1619 1645 fini
1647 1607 1924 1644 observationis
1952 1605 2113 1643 sabbati:
2144 1606 2264 1641 homo
2285 1604 2387 1642 enim
2408 1605 2454 1642 ad
2474 1605 2549 1641 1100
2567 1604 2617 1641 ab

1553 1661 1633 1698 aliis
1670 1660 1849 1709 operibus
1883 1659 2044 1696 abstinet
2073 1659 2109 1695 in
2146 1658 2206 1695 die
2242 1658 2410 1704 sabbati,
2439 1666 2480 1695 ut
2506 1665 2619 1695 vacet

1553 1714 1732 1763 operibus
1753 1714 1800 1750 ad
1820 1712 1893 1750 Dei
1912 1712 2132 1749 servitutem
2152 1711 2438 1760 pertinentibus.
2461 1712 2509 1747 Et
2528 1710 2618 1748 inde

1554 1776 1608 1804 est
1627 1767 1744 1815 quod,
1766 1767 1861 1803 sicut
1889 1765 2021 1802 dicitur
2042 1763 2265 1811 loan.v11*‚
2295 1765 2617 1802 circumcisionem

1553 1821 1688 1869 accipit
1700 1821 1812 1857 homo
1833 1819 1869 1855 in
1885 1819 2051 1863 sabbam,
2069 1823 2110 1854 ut
2122 1829 2196 1854 non
2211 1817 2380 1854 solvatur
2393 1817 2456 1854 lex
2470 1817 2616 1866 Moysi.

1555 1874 1646 1911 Inde
1668 1874 1779 1910 etiam
1801 1880 1856 1909 est
1875 1873 1992 1920 quod,
2013 1871 2108 1907 sicut
2127 1870 2264 1907 dicitur
2279 1871 2412 1908 Matth.
2429 1869 2509 1908 xn*
2511 1872 2619 1917 ,sab-

1555 1927 1648 1964 batis
1666 1926 1876 1963 sacerdotes
1895 1926 1931 1961 in
1953 1921 2087 1973 templo
2115 1924 2313 1961 sabbatum
2331 1923 2486 1970 violant,
2506 1900 2617 1970 idest,

1555 1980 1800 2029 corporaliter
1820 1979 1856 2015 in
1877 1979 2038 2015 sabbato
2064 1984 2282 2026 operantur,
2303 1982 2339 2014 et
2354 1977 2434 2014 sine
2460 1976 2620 2028 crimine

1553 2039 1649 2070 sunt.
1680 2034 1728 2070 Et
1747 2033 1800 2069 sic
1821 2032 1934 2069 etiam
1962 2031 2181 2068 sacerdotes
2205 2031 2243 2068 in
2267 2031 2428 2068 sabbato
2458 2029 2618 2075 circum-

1554 2087 1716 2124 ferentes
1759 2097 1887 2122 arcam
1932 2097 2010 2121 non
2051 2083 2426 2132 transgrediebantur
2462 2083 2617 2133 praeeess

1553 2148 1662 2188 ptum
1684 2140 1730 2176 de
1751 2138 1995 2175 observantia
2015 2137 2162 2174 sabbati
2181 2135 2204 2174 ξ.
2235 2137 2285 2174 Et
2311 2137 2480 2174 similiter
2504 2134 2618 2176 etiarn

1554 2193 1691 2230 nullius
1721 2192 1920 2241 spiritualis
1942 2199 2047 2228 actus
2072 2190 2291 2227 exercitium
2314 2198 2370 2227 est
2389 2197 2521 2227 contra
2550 2188 2618 2228 015¹-

1554 2246 1785 2283 servantiam
1811 2244 1970 2290 sabbafi,
1992 2250 2082 2292 puta
2102 2243 2132 2280 si
2153 2243 2238 2292 quis
2259 2244 2396 2281 doceat
2414 2244 2546 2281 verbo
2556 2242 2619 2281 ‘vel

1554 2299 1713 2347 scripto:
1743 2298 1845 2335 unde
1865 2298 1985 2335 Num.
2006 2296 2160 2343 xxvm*‚
2193 2295 2282 2334 dicit
2301 2296 2495 2334 Glossa’ffi·
2513 2295 2655 2349 quad:

1541 2353 1656 2400 fabri
1682 2358 1717 2389 et
1742 2351 1957 2388 huiusmodi
1992 2351 2155 2398 artifices
2191 2351 2357 2387 otiantur
2384 2351 2421 2387 in
2451 2350 2510 2387 dne
2535 2348 2620 2388 sab—

1554 2406 1640 2442 bati.
1684 2406 1821 2442 Lector
1856 2410 1981 2441 autem
2014 2403 2164 2441 divinae
2190 2403 2286 2453 legis
2317 2403 2378 2440 vel
2407 2404 2539 2440 doctor
2570 2404 2619 2441 ab

1554 2470 1665 2507 opere
1691 2470 1760 2495 suo
1796 2470 1870 2494 non
1899 2457 2046 2502 desinit,
2077 2469 2146 2493 nec
2181 2462 2305 2493 tamen
2340 2457 2621 2494 contaminatur

1553 2512 1771 2548 sabbatum:
1799 2511 1894 2546 sicut
1923 2525 1941 2543 ‹<
1963 2509 2173 2546 sacerdotes
2193 2510 2229 2546 in
2259 2509 2394 2559 templo
2422 2511 2619 2548 sabbatum

1554 2564 1707 2610 violant,
1736 2570 1772 2600 et
1795 2563 1876 2600 sine
1904 2563 2062 2599 crimine
2088 2568 2174 2599 sunt
2195 2578 2228 2599 ».

1609 2617 1686 2654 Sed
1715 2617 1787 2653 alia
1815 2628 1933 2664 opera
1962 2615 2122 2662 servilia,
2145 2627 2244 2663 quae
2274 2613 2450 2652 dicuntur
2469 2615 2620 2653 servilia

1554 2670 1679 2719 primo
1707 2670 1769 2706 vel
1799 2669 1969 2706 secundo
2007 2668 2148 2715 modo,
2180 2667 2457 2705 contrariantur
2490 2669 2620 2707 obser-

1553 2723 1704 2760 vantiae
1729 2722 1887 2767 sabbati,
1909 2722 2135 2771 inquantum
2165 2721 2378 2770 impediunt
2398 2720 2619 2771 applicatio—

1555 2789 1643 2813 nem
1672 2775 1838 2812 hominis
1867 2776 1914 2812 ad
1944 2775 2086 2812 divina.
2117 2775 2166 2811 Et
2195 2774 2284 2824 quia
2308 2773 2514 2824 impeditur
2540 2787 2619 2813 ma-

1526 2851 1527 2854 =
1553 2829 1608 2877 gis
1636 2830 1755 2866 homo
1776 2842 1797 2866 a
1817 2828 1931 2865 rebus
1961 2828 2098 2865 divinis
2118 2839 2187 2876 per
2206 2840 2304 2887 opus
2328 2827 2474 2877 peccati
2502 2835 2618 2878 quarn

1553 2894 1622 2931 per
1660 2895 1756 2931 opus
1794 2881 1955 2928 licitum,
1991 2881 2168 2930 quamvis
2202 2881 2246 2918 sit
2283 2881 2500 2942 corporale;
2529 2881 2617 2920 ideo

1554 2935 1673 2983 magis
1703 2942 1833 2972 contra
1861 2935 1936 2971 hoc
1963 2941 2211 2994 praeceptum
2241 2934 2316 2982 agit
2335 2934 2400 2982 qui
2419 2942 2554 2984 peccat
2578 2934 2619 2973 in

1554 2989 1615 3026 die
1643 2989 1738 3025 festo
1767 3000 1883 3036 quarn
1913 2987 1978 3037 qui
2007 2987 2162 3036 aliquod
2181 2993 2195 3008 ⁰
2224 2989 2421 3036 corporale
2452 3000 2549 3037 opus
2577 2986 2619 3025 li-

1553 3042 1668 3078 citum
1697 3041 1784 3078 facit
1802 3041 1832 3077 ²¹⁸.
1863 3040 1975 3078 Unde
2003 3041 2240 3089 Augustinus
2261 3039 2360 3087 dicit,
2381 3041 2419 3077 in
2448 3040 2544 3079 libro
2573 3034 2655 3078 de

1553 3096 1694 3133 Decem
1718 3094 1876 3131 Chordis
1894 3093 1931 3130 *ε
1956 3094 2098 3130 Melius
2105 3095 2262 3142 faceret
2277 3093 2443 3131 Iudaeus
2462 3094 2499 3131 in
2519 3103 2618 3145 agro

1552 3161 1620 3185 suo
1640 3147 1784 3196 aliquid
1811 3147 1897 3183 utile
1920 3152 2072 3195 quam⁷e
2091 3146 2128 3184 in
2158 3147 2301 3184 theatro
2325 3147 2520 3186 seditiosus
2539 3146 2617 3184 exi-

1553 3207 1672 3238 steret.
1711 3202 1762 3237 Et
1787 3200 1919 3237 melius
1935 3200 2111 3247 feminae
2138 3212 2269 3237 eorum
2307 3200 2366 3237 die
2390 3201 2540 3239 sabbati
2564 3200 2616 3238 la-

1554 3266 1643 3291 nam
1668 3254 1850 3301 facerent
1882 3265 1995 3301 quam
2034 3258 2109 3290 tota
2142 3254 2202 3290 die
2234 3254 2271 3290 in
2307 3253 2512 3290 neomeniis
2541 3253 2619 3290 suis

492 3375 509 3405 νζ)
529 3374 675 3398 traduntur
694 3374 777 3399 nobis.
796 3389 812 3392 -
833 3375 979 3399 traduntur
995 3375 1068 3399 nobis
1081 3375 1234 3406 spiritualia
1251 3376 1274 3405 Ι,
1289 3376 1409 3400 traditur
1423 3376 1496 3402 nobis

438 3410 523 3468 culbtuss
533 3409 653 3468 l{nterior
672 3410 718 3438 Pa,
738 3410 816 3440 (sicut
835 3413 923 3434 autem
943 3417 1010 3442 quae
1029 3410 1054 3434 in
1075 3410 1167 3435 divina
1182 3411 1336 3443 Scriptura)
1351 3411 1497 3436 traduntur

449 3452 473 3469 ιο
492 3453 517 3510 1κ)
537 3462 686 3504 εᾸτΙιίὸεΐαν.
703 3493 723 3499 -
741 3480 850 3504 debetur
871 3480 917 3504 Ρα.

492 3514 519 3543 λ)
539 3522 636 3539 omnes.
653 3529 671 3533 -
690 3515 805 3539 homines
826 3516 870 3539 Pa.

494 3553 520 3582 μ)
538 3550 693 3581 praemisso.
713 3565 729 3568 —
749 3551 847 3575 dicitur
862 3550 1011 3582 praemisso
1030 3551 1274 3584 ABEFHlKLpCG.

1604 3377 1628 3408 ν)
1641 3377 1745 3409 figura.
1765 3389 1779 3394 -
1799 3375 1904 3409 signum
1925 3376 1981 3400 Pla.

1605 3410 1627 3443 ξ)
1648 3411 1817 3436 observantia
1835 3411 1946 3435 sabbati.
1959 3425 1977 3429 -
1995 3411 2099 3436 sabbati
2117 3411 2301 3436 observan’one
2319 3411 2366 3436 Pa.
2382 3424 2401 3430 -
2421 3410 2457 3435 Et
2475 3418 2528 3435 om.
2548 3411 2616 3435 PLa.

1606 3448 1630 3478 ο)
1651 3447 1768 3479 aliquod.
1786 3460 1804 3465 -
1822 3446 1898 3470 aliud
1917 3446 1986 3471 PLa.

1604 3483 1633 3514 π)
1653 3488 1742 3514 quam.
1761 3495 1779 3500 —
1797 3482 1843 3513 qui
1861 3482 1901 3506 ed.
1921 3489 1946 3509 a,
1966 3488 2045 3513 quam
2065 3482 2088 3506 si
2106 3481 2140 3511 P;
2161 3489 2209 3514 pro
2227 3481 2377 3510 seditiosus,
2396 3481 2550 3506 seditiosius
2568 3481 2611 3505 BE

1524 3521 1526 3569 ι
1552 3518 1612 3550 ΡΡΑ
1633 3522 1657 3542 et
1675 3525 1707 3547 ⁴15
1727 3525 1774 3549 pro
1793 3524 1871 3549 quam
1891 3517 1973 3541 altero
2000 3518 2064 3546 loco.
2077 3524 2157 3549 quam
2176 3516 2248 3549 quod
2266 3516 2314 3541 Pa.

1552 1183 1764 1220 secundum
1786 1193 1937 1230 corpus,
1957 1177 2000 1216 ut
2017 1180 2161 1229 supra*
2179 1181 2352 1218 habitum
2373 1187 2439 1217 est.
2461 1180 2509 1216 Et
2528 1179 2616 1216 ideo
2643 1183 2654 1194 “
2704 1197 2711 1204 ·

2638 607 2649 619 ⁸
2666 606 2731 629 Vm.
2745 613 2779 629 10.

2640 765 2651 777 ⁸
2665 765 2734 788 Ven.
2745 771 2780 795 35.

2641 919 2653 931 ⁸
2666 918 2731 941 Ionn-
2741 923 2794 946 up.
2802 924 2855 946 νιιι,

2643 951 2703 967 vern.
2717 951 2754 974 34.

1552 1409 1649 1445 opus
1678 1395 1812 1431 servile
1841 1401 1970 1442 posset
1998 1393 2069 1429 dici
2099 1405 2196 1442 opus
2224 1393 2364 1440 latriae,
2395 1392 2501 1440 quod
2534 1404 2618 1441 per·
2663 1390 2665 1393 ’

2645 1777 2736 1800 ’verm
2749 1783 2784 1806 ²3·

2642 1878 2653 1889 ⁴
2667 1877 2736 1900 vero.
2749 1883 2769 1906 5.

2658 2300 2750 2350 ’vg-:Q
2751 2306 2857 2349 9Ἰζιὶιοιῐιὶ

2645 2360 2674 2376 ex
2685 2353 2751 2382 Orig-

2743 3001 2758 3018 0

2675 3044 2779 3073 1)-345
2797 3044 2856 3072 348,

2643 3076 2748 3124 ἔξω.
2767 3100 2808 3126 lx,
2827 3099 2856 3121 nl.

2644 3127 2720 3150 xcvl
2728 3127 2758 3149 de
2769 3127 2856 3154 Temp„

2644 3159 2695 3202 cap.
2714 3159 2751 3176 ιιι.
2770 3142 2858 3175 -lntei'-

2741 3217 2760 3233 π
