2860 4244
35 839 47 851 ¹
60 837 96 861 Cf.
113 844 153 866 qu.
168 844 230 860 mxx

21 886 24 891 ,
35 863 122 892 huod.

22 890 156 919 ‘’Qu-cx.

939 244 1204 290 QUAESTIO
1234 245 1411 292 Lxxxi,
1439 245 1734 282 ARricuLus
1763 247 1777 282 1

2374 258 2442 294 177

745 421 1154 499 QUAESTIO
1201 423 1979 480 OCTOGESIMAPRIMA

1068 541 1110 581 D
1127 542 1165 582 E
1213 543 1252 582 R
1268 543 1306 583 E
1322 543 1359 582 L
1376 543 1394 582 1
1414 543 1454 582 G
1470 543 1487 582 1
1505 543 1543 582 o
1562 543 1599 582 N
1618 544 1658 583 E

1084 647 1118 672 IN

357 735 464 763 EINDE
482 722 819 766 ,considerandum
851 730 906 759 est
931 722 978 760 de
1004 722 1156 770 singulis
1176 728 1193 744 ‘²
1220 735 1329 772 prae-

276 737 543 823 Ddictarum
577 775 771 822 virtutum,
799 783 983 823 quantum
1015 775 1064 812 ad
1089 783 1329 825 praesentem

239 854 246 866 ‚
273 829 522 869 intentionem
547 827 708 877 pertinet
726 827 756 864 ²¹⁸.
787 829 836 865 Et
863 828 988 877 primo
1009 828 1328 866 considerandum

274 891 331 921 est
366 883 414 920 de
442 881 643 930 religione3
682 882 873 928 secundo,
903 881 950 918 de
978 881 1115 929 pietate
1134 880 1171 923 *;
1206 880 1327 926 tertio,

274 936 321 974 de
350 934 592 973 observantia
610 934 649 979 *ς
688 941 842 982 quarto,
872 934 919 971 de
946 933 1063 981 gratia
1081 933 1140 978 **;
1184 933 1328 980 quinto,

273 989 321 1027 de
339 988 507 1027 vindicta
525 987 566 1034 *3
595 994 712 1033 sextO,
742 987 790 1024 de
809 986 966 1023 veritate
986 985 1046 1030 **;
1076 985 1251 1033 septimo,
1282 984 1330 1022 de

273 1041 437 1079 amicitia
455 1041 494 1087 *3
533 1048 685 1087 octavo,
715 1039 763 1076 de
791 1038 1010 1076 liberalitate
1029 1037 1089 1083 *⁸²3
1128 1049 1250 1084 nono,
1282 1037 1328 1074 de

273 1094 456 1144 epieikeia
468 1094 498 1130 *.
519 1094 579 1131 De
594 1092 674 1130 aliis
689 1099 816 1128 autem
831 1091 893 1128 hic
907 1090 947 1112 *²¹²
966 1090 1196 1127 enumeratis
1216 1103 1330 1139 supra

274 1147 415 1186 dictum
436 1153 511 1183 est:
539 1145 676 1195 partim
695 1142 910 1181 in‘tractatu
939 1143 986 1180 de
1007 1143 1169 1190 caritate,
1191 1143 1330 1181 scilicet

235 1214 242 1221 ·
273 1201 320 1239 de
341 1198 545 1238 concordia
573 1205 609 1235 et
631 1196 712 1235 aliis
730 1195 951 1233 huiusmodi
969 1196 1008 1242 *ς
1037 1196 1175 1245 partim
1198 1197 1236 1233 in
1254 1197 1330 1233 hoc
1356 1205 1358 1214 ’

220 1269 226 1275 ·
271 1260 430 1293 tractatu
450 1251 497 1288 de
516 1250 665 1298 iustitia,
681 1249 776 1287 sicut
797 1250 844 1287 de
863 1250 967 1286 bona
989 1249 1287 1287 commutatione
1308 1250 1328 1271 *
1356 1277 1358 1287 .

273 1314 310 1344 et
326 1303 543 1343 innocentia
556 1303 592 1348 *;
619 1303 667 1340 de
686 1302 941 1351 legispositiva
965 1310 1093 1339 autern
1113 1302 1151 1340 in
1170 1311 1328 1340 tractatu

272 1358 320 1399 de
347 1356 597 1418 prudentiaj‘.

195 1452 200 1454 ,
242 1406 692 1457 ‚scifea‘religionem
728 1421 823 1445 vero
858 1402 937 1445 tria
963 1407 1238 1446 consideranda
1267 1421 1330 1445 oc-
1356 1406 1359 1441 i

1147 647 1246 673 OCTO
1274 647 1477 672 ARTICULOS
1507 647 1627 672 DIVISA

1385 730 1558 759 currunt:
1589 723 1711 771 primo
1733 724 1900 772 quidem,
1932 725 1979 762 de
2000 726 2079 773 ipsa
2103 725 2282 774 religione
2311 741 2444 766 secun-

1356 815 1358 826 Ι
1385 776 1477 812 dum
1507 787 1568 820 se;
1609 778 1789 822 seeundo,
1820 777 1866 814 de
1897 778 2042 815 actibus
2070 779 2205 825 eius*;
2245 782 2365 829 tertio,
2397 783 2444 819 de
2472 789 2647 818 ’Qu-mxu·

1382 827 1482 864 vitiis
1511 828 1696 875 oppositis
1715 828 1746 865 ³⁸.
1959 847 1963 853 ·

1385 879 1495 916 Circa
1523 880 1691 928 primurn
1720 891 1955 929 quaeruntur
1983 891 2082 920 octo.

1436 932 1589 969 Primo:
1616 940 1744 970 utrum
1760 934 1886 982 religio
1904 936 2080 973 consistat
2095 944 2240 974 tanturn
2256 939 2294 976 in
2311 940 2442 977 ordine

1491 986 1540 1022 ad
1568 986 1708 1022 Deum.

1439 1038 1639 1074 Secundo:
1669 1046 1796 1075 utrum
1825 1039 1954 1087 religio
1985 1041 2030 1077 sit
2056 1041 2186 1079 virtus.

1437 1090 1592 1127 Tertio:
1621 1098 1749 1127 utrum
1779 1091 1908 1139 religio
1937 1093 1982 1129 sit
2010 1106 2086 1130 una
2113 1095 2244 1132 virtus.

1439 1144 1608 1190 Quarto:
1637 1151 1765 1180 utrum
1796 1145 1922 1192 religio
1952 1146 1997 1182 sit
2025 1147 2195 1194 specialis
2223 1148 2354 1185 virtus.

1439 1196 1605 1244 Quinto:
1635 1204 1763 1235 utrum
1793 1197 1920 1245 religio
1950 1199 1995 1235 sit
2022 1200 2140 1236 virtus
2168 1201 2389 1248 theologica.

1357 1292 1358 1296 Ἰ
1439 1250 1575 1286 Sexto:
1606 1257 1734 1287 utrum
1763 1250 1891 1298 religio
1921 1251 1967 1288 sit
1993 1252 2240 1300 praeferenda
2269 1254 2348 1290 aliis
2371 1254 2444 1291 vir·

1356 1309 1358 1344 ξ
1492 1302 1634 1339 tutibus
1663 1303 1883 1340 moralibus.

1440 1355 1630 1404 Septimo:
1650 1363 1778 1392 utrum
1797 1356 1926 1404 religio
1946 1357 2085 1394 habeat
2105 1358 2306 1395 exteriores
2326 1367 2443 1397 actus.

1439 1409 1611 1445 Octavo:
1640 1417 1769 1445 utrum
1799 1409 1926 1457 religio
1956 1410 2002 1447 sit
2030 1411 2165 1448 eadem
2194 1412 2389 1450 sanctitati.

2472 838 2482 847 ⁸
2497 838 2544 866 Qu.
2558 844 2614 860 xcn.

1356 1358 1358 1382 ἕ

1087 1506 1404 1550 ARTICULUS
1434 1507 1641 1550 PRIMUS

753 1591 909 1622 UTRUM
933 1591 1107 1622 RELIGIO
1139 1591 1333 1622 ORDINET

1355 1591 1563 1622 HOMINEM
1587 1591 1733 1622 SOLUM
1757 1593 1814 1622 AD
1839 1593 1963 1623 DEUM

483 1663 514 1688 111
533 1662 617 1692 Sent„
637 1661 696 1686 dist.
714 1668 799 1691 mm,
818 1669 863 1698 qu.
882 1668 919 1691 m,
939 1666 986 1686 art.
1004 1668 1030 1693 4,
1049 1661 1099 1693 qu*
1122 1669 1143 1692 1,
1162 1661 1194 1685 ad
1214 1667 1243 1692 2;
1266 1661 1341 1686 Cont-
1361 1661 1483 1694 Impugn.
1504 1661 1600 1694 Relig„
1615 1669 1669 1693 cap.
1688 1668 1710 1691 ις
1731 1661 1760 1685 ln
1780 1661 1855 1686 Boet.
1871 1662 1904 1686 de
1920 1657 2001 1691 Trin„
2022 1670 2065 1694 qu.
2084 1670 2121 1693 lu,
2141 1668 2188 1689 art.
2209 1671 2233 1688 2.

386 1753 457 1794 ιη’
479 1746 503 1771 D
526 1744 664 1770 mimum
687 1744 741 1770 sic
769 1743 1010 1770 nocem-run.
1038 1732 1197 1770 Videtur
1221 1732 1328 1781 quod

320 1785 344 1804 ”
400 1776 451 1846 5533
481 1785 609 1834 religio
634 1798 712 1823 non
732 1786 880 1823 ordinet
906 1785 1107 1823 hominem
1131 1786 1256 1823 solum
1277 1786 1326 1823 ad

429 1837 621 1879 (Deum.
657 1838 801 1876 Dicitur
829 1838 931 1875 enim
962 1840 1035 1876 lac.
1062 1851 1075 1876 1
1099 1838 1138 1875 *ε
1175 1839 1328 1888 Religio

334 1926 338 1928 μ
439 1884 622 1929 munda
659 1898 695 1929 et
727 1891 970 1929 immaculata
1006 1892 1109 1941 apud
1134 1893 1259 1928 Deum
1296 1898 1332 1928 et

269 1945 422 1983 Patrem
458 1946 552 1982 haec
579 1950 652 1982 est:
686 1945 840 1982 visitare
864 1943 1027 1994 pupillos
1063 1950 1097 1982 et
1124 1945 1255 1981 viduas
1292 1946 1328 1982 in

271 1997 509 2036 tribulatione
536 2010 680 2044 eorum,
709 2004 746 2035 et
771 1998 1054 2035 immaculatum
1080 2010 1120 2034 se
1144 1997 1331 2035 custodire

271 2052 320 2089 ab
347 2051 419 2088 hoc
444 2051 606 2088 saeculo.
645 2051 723 2088 Sed
749 2051 901 2088 visitare
930 2051 1095 2100 pupillos
1130 2058 1166 2087 et
1192 2050 1330 2088 viduas

272 2104 406 2142 dicitur
433 2105 645 2142 seeundum
673 2104 848 2141 ordinem
876 2104 926 2141 ad
954 2104 1193 2153 proximum:
1224 2105 1330 2153 quod
1358 2139 1359 2155 ἶ

272 2164 400 2195 autern
437 2157 526 2194 dicit
562 2157 845 2194 immaculatum
880 2169 920 2194 se
955 2157 1139 2194 custodire
1175 2158 1223 2194 ab
1260 2158 1331 2194 hoc

270 2209 433 2256 saeculo,
454 2210 614 2259 pertinet
632 2210 682 2247 ad
702 2211 876 2248 ordinem
896 2222 973 2258 quo
995 2210 1190 2247 ordinatur
1208 2211 1329 2247 homo

271 2263 311 2300 in
330 2263 467 2312 seipso.
497 2264 600 2311 Ergo
629 2263 757 2311 religio
786 2276 864 2300 non
893 2265 1017 2300 solum
1041 2263 1179 2300 'dicitur
1207 2263 1244 2300 in
1272 2276 1332 2300 or-

273 2316 360 2363 dine
389 2316 438 2353 ad
465 2317 604 2353 Deum.
886 2355 890 2358 ,

327 2381 363 2406 2.
384 2370 617 2415 PRAETEREA,
648 2370 881 2416 Augustinus
911 2368 1013 2415 dicit,
1043 2368 1081 2405 in
1110 2370 1144 2405 X
1173 2370 1218 2406 de
1250 2369 1329 2406 Ciu.

272 2422 349 2460 Dei
363 2421 403 2458 *τ
443 2422 542 2463 Quia
570 2420 720 2459 latina?
748 2422 923 2470 loquendi
948 2422 1223 2467 consuetudine,
1254 2434 1328 2458 non

247 2508 249 2510 .
273 2475 543 2524 imperitorum,
563 2487 696 2512 verum
720 2475 831 2511 etiam
859 2475 1168 2526 doctissimorum,
1189 2486 1330 2524 cogna-

272 2528 432 2566 tionibus
449 2529 625 2566 humanis
647 2533 759 2576 atque
781 2528 1024 2576 affinitatibus
1043 2533 1078 2564 et
1095 2528 1331 2575 quibuscum-

272 2591 344 2630 que
363 2581 689 2618 necessitudinibus
703 2581 839 2618 dicitur
853 2581 1062 2618 exhibenda
1081 2580 1233 2630 religio‚·
1254 2593 1328 2617 non

273 2646 317 2671 eo
344 2635 528 2672 vocabulo
547 2635 686 2672 vitatur
703 2634 926 2684 ambiguum
955 2646 1041 2670 cum
1069 2634 1115 2670 de
1133 2634 1232 2670 cultu
1256 2634 1330 2670 dei-

273 2686 357 2724 tatis
370 2692 386 2715 ἵ
405 2688 562 2724 vertitur
576 2688 753 2736 quaestio,
775 2693 814 2723 ut
819 2688 986 2735 fidenter
1000 2687 1124 2723 dicere
1138 2687 1330 2723 valeamus

273 2739 494 2790 religionem
531 2753 606 2778 non
635 2752 713 2777 esse
740 2740 814 2777 nisi
843 2740 982 2777 cultum
1014 2740 1098 2776 Dei.
1142 2740 1244 2788 Ergo
1274 2752 1330 2776 re-

272 2792 360 2841 ligio
381 2793 515 2830 dicitur
535 2806 613 2830 non
642 2793 766 2830 solum
794 2793 834 2830 in
858 2792 990 2830 ordine
1020 2793 1068 2829 ad
1096 2793 1237 2840 Deum,
1263 2792 1330 2829 sed
1357 2841 1359 2844 r

275 2845 388 2883 etiarn
417 2847 456 2883 in
484 2845 616 2884 ordine
645 2845 694 2883 ad
720 2846 971 2894 propinquos.

290 2937 294 2940 ,
329 2899 363 2936 3.
384 2899 617 2946 PRAETEREA,
638 2899 687 2936 ad
706 2898 927 2946 religionem
954 2897 1106 2935 videtur
1124 2897 1229 2934 latria
1246 2909 1331 2946 per·

273 2951 402 2988 tinere.
445 2952 578 2989 Latria
606 2959 734 2988 autem
753 2949 767 2973 δ
795 2952 1059 2999 interpretatur
1084 2951 1261 2996 servitus,
1290 2958 1331 2987 ut

273 3005 504 3053 Augustinus
540 3004 645 3052 dicit,
682 3004 719 3041 in
758 3005 792 3040 X
824 3004 870 3040 de
907 3004 985 3040 Civ.
1015 3003 1090 3039 Dei
1112 3002 1143 3040 ³¹⁸.
1179 3003 1328 3040 Sei-vire
1356 3009 1358 3036 ε

273 3065 401 3095 autem
431 3058 617 3095 debemus
645 3069 724 3095 non
743 3057 867 3094 solum
887 3058 984 3102 Deo,
1014 3055 1081 3093 sed
1105 3055 1219 3092 etiam
1238 3068 1328 3104 pro-
1356 3071 1358 3110 3

272 3111 403 3148 ximis:
441 3111 654 3148 secundum
690 3110 780 3147 illud
813 3109 896 3148 Gal.
923 3122 947 3146 v
964 3109 1004 3146 *ε
1032 3109 1107 3145 Per
1133 3109 1326 3146 caritatem

270 3165 420 3213 spiritus
455 3164 589 3201 servite
625 3164 795 3201 invicem.
846 3164 948 3210 Ergo
985 3161 1112 3210 religio
1149 3162 1327 3211 importat

273 3217 386 3255 etiarn
416 3217 591 3254 ordinem
620 3217 668 3254 ad
697 3216 927 3265 proximum.

1437 1745 1474 1779 4.
1506 1733 1747 1779 ΒΒΑΕΤΕΒΕΑ,
1778 1734 1826 1770 ad
1855 1733 2075 1780 religionem
2113 1735 2274 1783 pertinet
2311 1737 2442 1773 cultus.

1387 1785 1463 1822 Sed
1491 1786 1609 1822 homo
1641 1785 1774 1822 dicitur
1803 1797 1882 1822 non
1910 1787 2034 1823 solum
2063 1789 2186 1824 colere
2206 1789 2347 1836 Deum,
2378 1790 2444 1826 sed

1387 1838 1500 1875 etiarn
1519 1838 1760 1887 proximum:
1782 1839 1994 1876 secundum
2014 1840 2104 1877 illud
2125 1841 2280 1878 Catonis
2295 1841 2330 1878 *z
2357 1843 2445 1879 Cole
2471 1844 2681 1894 3323235529333·

1379 1896 1566 1940 parentes.
1597 1892 1699 1939 Ergo
1721 1891 1833 1928 etiam
1860 1892 1989 1939 religio
2019 1905 2090 1930 nos
2115 1894 2263 1931 ordinat
2282 1894 2330 1931 ad
2358 1907 2445 1943 pro·
2677 1890 2683 1895 ⁵

1385 1945 1543 1991 ximum,
1574 1952 1610 1981 et
1637 1957 1715 1981 non
1744 1945 1868 1981 solum
1898 1946 1947 1982 ad
1974 1946 2113 1982 Deum.

1444 1999 1476 2034 5.
1497 1998 1731 2044 PRAETEREA,
1753 2010 1886 2034 omnes
1916 1998 1953 2035 in
1981 2006 2078 2035 statu
2099 1999 2226 2036 salutis
2247 1999 2443 2037 existentes

1386 2052 1471 2087 Deo
1501 2058 1587 2087 sunt
1615 2050 1783 2087 subiecti.
1814 2052 1904 2087 Non
1933 2059 2061 2088 autem
2087 2052 2259 2089 dicuntur
2283 2053 2444 2101 religiosi

1387 2115 1522 2140 omnes
1552 2103 1615 2152 qui
1654 2111 1740 2140 sunt
1768 2104 1806 2140 in
1834 2111 1931 2140 statu
1960 2104 2107 2152 salutis,
2138 2105 2204 2142 sed
2241 2106 2365 2143 solum
2394 2106 2444 2143 illi

1387 2156 1452 2204 qui
1481 2156 1711 2205 quibusdam
1739 2156 1838 2193 votis
1868 2165 1904 2193 et
1932 2157 2181 2194 observantiis
2211 2165 2246 2194 et
2274 2159 2322 2195 ad
2353 2160 2443 2195 obe-

1388 2210 1569 2246 diendum
1585 2209 1774 2258 aliquibus
1789 2209 2009 2247 hominibus
2024 2223 2064 2247 se
2080 2211 2324 2258 adstringunt.
2341 2213 2442 2259 Ergo

1386 2262 1514 2310 religio
1531 2275 1609 2299 non
1624 2262 1775 2299 videtur
1790 2263 1995 2311 importare
2012 2263 2184 2301 ordinem
2199 2264 2441 2301 subiectionis

1385 2315 1550 2353 hominis
1579 2316 1627 2352 ad
1655 2316 1796 2352 Deum.

1441 2369 1692 2405 SED‘CONTRA
1720 2380 1786 2405 EST
1805 2369 1909 2416 quod
1933 2369 2080 2405 Tullius
2110 2368 2209 2416 dicit,
2231 2370 2263 2405 II
2282 2371 2390 2406 Rhet.
2410 2369 2443 2417 ²¹²,
2471 2369 2577 2417 2230?
2590 2370 2683 2417 {geff-

1386 2421 1490 2470 quod
1519 2421 1652 2470 religio
1676 2427 1731 2457 est
1756 2433 1852 2470 quae
1869 2422 2072 2470 superioris
2089 2426 2101 2442 ⁵
2129 2427 2299 2467 naturae,
2329 2434 2442 2470 quam
2471 2428 2520 2450 ⁰³⁹·
2535 2412 2584 2474 *⁸¹¹5-
2675 2413 2680 2422 ’

1385 2474 1551 2510 diuinam
1579 2479 1734 2519 vocant,
1770 2486 1902 2511 curam
1940 2475 2291 2523 caeremoniamque
2318 2476 2440 2525 affert.

1440 2528 1665 2563 RESPONDEO
1691 2539 1875 2564 DICENDUM
1904 2528 2019 2576 quod,
2041 2527 2136 2564 sicut
2161 2527 2326 2565 Isidorus
2345 2529 2442 2575 dicit,

1385 2580 1422 2616 in
1442 2580 1538 2616 libro
1556 2579 1723 2628 Etymol.
1744 2579 1775 2627 ²⁸,
1793 2580 2001 2630 religiosus,
2023 2586 2063 2617 ut
2079 2581 2133 2617 ait
2154 2581 2296 2627 Cicero,
2317 2593 2340 2617 a
2360 2582 2443 2618 reli-
2471 2584 2620 2632 guib-22³⁶
2636 2585 2679 2606 ¹³¹¹·

1383 2633 1498 2682 gione
1516 2633 1722 2681 appellatus
1736 2632 1759 2679 ζ,
1778 2634 1843 2681 qui
1868 2639 2045 2670 retractat
2063 2639 2099 2669 et
2115 2640 2294 2682 tanquam
2314 2635 2447 2684 relegit
2567 2643 2582 2671 ζ

1385 2698 1430 2723 ea
1458 2698 1555 2734 quae
1582 2686 1634 2722 ad
1660 2686 1799 2723 cultum
1828 2687 1996 2722 divinum
2019 2687 2217 2734 pertinent.
2248 2688 2297 2723 Et
2316 2687 2368 2723 sic
2389 2700 2445 2724 re-

1384 2738 1469 2786 ligio
1498 2738 1648 2775 videtur
1676 2739 1774 2775 dicta
1803 2751 1824 2775 a
1853 2739 2044 2788 religendo
2074 2751 2118 2776 ea
2147 2751 2242 2788 quae
2271 2747 2357 2776 sunt
2390 2740 2442 2777 di-

1384 2791 1463 2828 vini
1493 2792 1632 2828 cultus:
1671 2791 1760 2840 quia
1788 2791 2008 2828 huiusmodi
2044 2800 2130 2828 sunt
2162 2793 2378 2839 frequenter
2405 2792 2442 2828 in

1357 2845 1359 2875 ἱ
1386 2844 1500 2881 corde
1529 2844 1776 2891 revolvenda,
1804 2845 2015 2881 secundum
2043 2844 2134 2881 illud
2152 2845 2366 2881 Prov.111*:
2395 2846 2442 2881 In
2471 2849 2561 2871 'Vffl-
2578 2849 2601 2870 ⁶-

1385 2898 1556 2934 omnibus
1581 2897 1651 2933 uiis
1679 2898 1748 2933 tuis
1777 2898 1900 2946 cogita
1929 2897 2045 2934 illum.
2067 2919 2090 2926 -
2121 2897 2309 2943 Quamvis
2329 2897 2441 2934 etiam

1383 2949 1503 2998 possit
1540 2949 1690 2996 intelligi
1720 2949 1849 2997 religio
1879 2962 1923 2985 ex
1950 2950 2026 2986 hoc
2054 2950 2152 2987 dicta
2180 2950 2284 2998 quod
2317 2952 2441 2987 Deum

1385 3002 1566 3052 reeligere
1586 3003 1771 3048 debemus,
1792 3014 1901 3050 quem
1923 3003 2171 3039 amiseramus
2193 3003 2441 3052 negligentes:

1385 3056 1480 3092 sicut
1505 3055 1736 3103 Augustinus
1765 3055 1863 3102 dicit,
1884 3055 1919 3091 X
1938 3056 1984 3092 de
2007 3056 2086 3092 Civ.
2107 3056 2191 3093 Dei.
2207 3055 2228 3077 ’¹‘
2242 3077 2265 3083 -
2285 3056 2354 3092 Vel
2375 3068 2442 3104 po-

1356 3122 1358 3143 :
1385 3116 1454 3145 test
1478 3108 1631 3155 intelligi
1659 3108 1787 3156 religio
1813 3121 1835 3144 a
1862 3108 2058 3158 religando
2090 3108 2207 3145 dicta:
2238 3109 2339 3146 unde
2365 3111 2442 3145 Au-

1356 3198 1358 3215 ,
1384 3161 1554 3209 gustinus
1582 3161 1682 3207 dicit,
1708 3161 1746 3198 in
1775 3161 1869 3198 libro
1898 3162 1943 3198 de
1963 3162 2060 3198 Vera
2081 3162 2205 3211 Relig.
2226 3162 2266 3198 *z
2295 3162 2445 3211 Religet
2469 3165 2602 3192 ὈΨ-ιν-

1356 3231 1359 3258 l
1385 3227 1452 3251 nos
1480 3214 1613 3264 religio
1642 3215 1709 3251 uni
1735 3215 1977 3262 omnipotenti
2003 3216 2097 3251 Deo.

2471 3060 2480 3069 ⁸
2495 3059 2551 3087 Cap.
2567 3066 2599 3081 ui.

325 3330 352 3361 a)
371 3329 521 3362 singulis.·—
535 3329 660 3360 partibus
679 3329 775 3353 addunt
794 3329 850 3354 PsK
870 3334 895 3353 et
914 3336 940 3353 a.

325 3364 350 3397 β)
371 3365 464 3389 latina.
477 3378 496 3383 —
514 3364 632 3388 ablativa
649 3364 680 3394 D,
701 3364 782 3388 latria
801 3364 877 3388 ceteri
896 3369 922 3388 et
939 3371 990 3394 ιω,-
1009 3371 1056 3396 pro
1074 3363 1198 3396 loquendi
1219 3370 1328 3388 consue-

271 3400 371 3430 tudine,
396 3400 540 3425 secundum
564 3399 690 3431 loquendi
712 3399 928 3424 consuetudinem
954 3399 990 3429 ⁸13
1015 3404 1075 3431 post
1099 3398 1282 3431 imperitorum
1307 3398 1327 3422 P

271 3436 340 3461 addit
358 3438 472 3460 tantum.

324 3471 351 3505 γ)
370 3470 486 3496 deitatis.
500 3484 519 3489 —
531 3469 643 3502 pietatis
662 3469 694 3498 Η,
714 3468 863 3493 diuinitatis
882 3468 928 3493 Pa.

324 3505 349 3538 ὃ)
368 3509 468 3531 autem.
480 3519 499 3524 -
517 3505 586 3530 enim
606 3505 706 3529 codices
726 3509 751 3528 et
770 3504 816 3529 Pa.

1356 3328 1357 3353 l
1384 3328 1517 3356 divinam,
1546 3327 1665 3352 divinum
1692 3327 1838 3357 DGHLsA;
1866 3335 1913 3359 pro
1938 3334 2030 3351 curam
2054 3326 2314 3358 caeremoniamque,
2340 3327 2439 3350 cultum

1355 3355 1357 3384 f
1382 3363 1628 3395 caeremoniamque
1647 3363 1756 3393 codices,
1776 3363 1875 3387 cultum
1896 3362 1936 3386 vel
1954 3361 2145 3386 caeremoniam
2166 3362 2211 3385 Pa.

1355 3385 1357 3424 l
1435 3398 1460 3429 ζ)
1480 3398 1636 3430 appellatus.
1659 3410 1677 3416 -
1695 3398 1847 3429 appellatur
1865 3397 1896 3426 G,
1910 3398 2058 3428 appellatus
2070 3399 2109 3421 est
2123 3397 2216 3427 PsAC;
2236 3403 2283 3427 pro
2302 3399 2440 3425 retractat,

1355 3425 1356 3456 i
1382 3433 1496 3459 remittit
1514 3434 1544 3463 A,
1567 3433 1678 3458 reiterat
1696 3433 1728 3462 D,
1747 3433 1853 3457 abrasae
1872 3432 1994 3464 pBFGK;
2015 3439 2062 3463 pro
2082 3431 2182 3464 relegit,
2203 3431 2313 3464 reelegit
2331 3431 2439 3463 ADFKp

1354 3463 1356 3502 J
1382 3469 1428 3497 Βκ,
1445 3468 1550 3501 reeligit
1567 3468 1705 3497 CEHsBG,
1721 3468 1812 3500 religit
1826 3468 1936 3499 Lstx;
1957 3475 2004 3499 pro
2017 3467 2161 3499 religendo,
2182 3466 2329 3499 religiendo
2344 3466 2440 3496 ABEF,

1354 3518 1356 3528 v
1382 3504 1533 3537 reeligendo
1552 3504 1650 3533 DHKa,
1671 3503 1810 3535 relegendo
1830 3502 1868 3526 Pl.

325 3542 347 3573 ε)
366 3548 434 3574 quae
451 3540 633 3573 superioris.—
652 3540 729 3565 tuitio
749 3539 796 3572 pK,
815 3539 946 3572 quaedam
965 3539 1043 3564 tuitio
1062 3539 1138 3564 ceteri
1158 3544 1183 3564 et
1201 3539 1252 3569 Pa,·
1278 3546 1324 3572 pro
1354 3537 1357 3562 i

413 3594 522 3618 Summam.
541 3593 642 3617 Timor..
662 3592 692 3616 D.
711 3592 826 3616 Tnonm:
845 3591 876 3615 T.
895 3591 938 3616 VI.

2266 3589 2297 3613 23
