2860 4244
154 679 163 687 ⁸
191 677 228 698 Ps.
259 684 361 701 Lxxxiu.

154 710 212 725 vers.
229 709 257 725 12.

153 962 160 969 '
181 960 244 981 Vei-s.
265 966 288 983 4·
314 959 349 980 Cf.

151 991 201 1014 cap.
215 992 240 1011 v,
256 991 314 1007 vers.
329 985 350 1006 8.

400 246 470 293 196

446 326 670 361 RESPONDEO
690 333 873 359 DicENDUM
900 320 1004 368 quod
1025 320 1145 356 oratio
1164 318 1367 367 porrigitur
1387 318 1451 355 ali-

393 377 452 413 cui
482 376 696 424 dupliciter:
727 387 804 411 uno
835 373 964 419 modo,
996 372 1102 420 quasi
1130 383 1198 419 per
1226 371 1352 419 ipsum
1381 370 1451 407 im-

392 482 519 518 Primo
549 481 702 529 quidem
732 479 850 515 modo
879 477 947 513 soli
976 477 1061 512 Deo
1091 475 1302 512 orationem
1329 476 1449 524 porri-

391 535 535 582 gimus:
573 533 660 581 quia
698 543 832 567 omnes
868 529 1057 566 orationes
1092 537 1245 565 nostrae
1283 529 1477 566 ordinari,

392 588 531 624 debent
564 586 612 622 ad
648 583 804 632 gratiam
843 590 878 619 et
918 581 1076 629 gloriam
1116 582 1449 630 consequendam,

391 652 488 688 quae
509 638 523 668 β
551 639 652 674 solus
671 638 776 673 Deus
797 637 871 681 dat,
897 635 1108 671 secundum
1129 634 1220 672 illud
1248 635 1387 671 Psalm.
1409 634 1448 671 *ε

394 692 564 729 Gratiam
588 696 623 726 et
638 689 803 738 gloriam
830 688 933 724 dabit
951 688 1151 724 Dominus.
1183 688 1259 724 Sed
1278 688 1448 725 secundo

391 745 506 780 modo
543 742 753 778 orationem
786 740 1015 789 porrigimus
1053 740 1190 777 sanctis
1228 741 1370 788 angelis
1413 748 1449 777 et

387 796 625 833 hominibus:
655 807 733 830 non
762 802 802 830 ut
836 805 906 842 per
934 805 1001 829 eos
1030 794 1136 830 Deus
1174 801 1322 830 nostras
1355 793 1448 842 peti·
1474 796 1476 827 i

388 850 508 886 tiones
538 854 752 896 cognoscat,
773 848 840 883 sed
868 853 910 882 ut
939 858 1072 883 eorum
1097 846 1275 894 precibus
1305 854 1342 883 et
1370 859 1449 883 me·
1474 882 1475 903 Χ

388 902 462 938 ritis
478 900 666 937 orationes
686 907 836 936 nostrae
857 899 1059 936 sortiantur
1079 899 1270 936 effectum.
1293 900 1342 936 Et
1359 899 1447 936 ideo
1474 905 1475 947 l

388 954 520 991 dicitur
546 954 664 1000 Apoc.
685 965 745 989 vm
764 953 784 973 *
812 953 915 1000 quod
945 953 1111 989 ascendit
1135 954 1269 1000 fumus
1296 964 1449 989 aroma·
1474 952 1475 999 ᾖ

386 1014 474 1052 tum,
495 1007 591 1043 idest
609 1006 798 1042 orationes
817 1011 832 1034 Υ
852 1011 1081 1051 sanctorum,
1103 1006 1149 1042 de
1179 1018 1295 1042 manu
1319 1005 1450 1054 angeli
1473 1008 1475 1051 ξ

386 1072 515 1097 coram
544 1059 722 1095 Domino.
747 1079 771 1085 -
797 1059 846 1095 Et
883 1059 958 1095 hoc
997 1059 1110 1095 etiam
1148 1066 1252 1106 patet
1285 1071 1329 1095 ex
1362 1058 1446 1107 ipso
1473 1054 1475 1096 l

386 1113 503 1149 modo
525 1115 600 1160 quo
622 1112 792 1148 Ecclesia
811 1111 926 1148 utitur
944 1112 982 1148 in
1003 1112 1162 1148 orando.
1193 1112 1295 1148 Nam
1321 1124 1343 1148 a
1363 1124 1447 1148 san·
1472 1139 1474 1150 ι

1021 242 1286 289 QUAESTIO
1317 242 1526 289 LXXXIII,
1556 244 1852 282 ARTICULUS
1883 245 1933 281 lV

1477 320 1479 335 l

391 430 551 478 plenda;
581 428 653 464 alio
682 428 812 472 modo,
834 426 929 462 sicut
955 436 1023 472 per
1042 424 1168 472 ipsum
1197 423 1449 471 impetranda.
1476 406 1479 502 ἶ

1505 321 1623 358 rimus
1652 322 1821 359 obtinere
1842 323 1946 370 quod
1975 334 2142 369 oramus,
2163 323 2252 371 quia
2279 323 2318 360 in
2336 324 2410 361 hoc
2437 333 2563 373 prote·
2582 360 2590 364 ,

1506 381 1651 410 stamur
1670 387 1758 411 eum
1780 375 1970 411 bonorum
2000 383 2218 411 nostrorum
2239 384 2454 414 auctorem:
2483 390 2562 415 non
2599 422 2601 424 v

1506 434 1634 463 autem
1665 426 1717 464 eis
1745 440 1842 476 quos
1871 424 2098 476 requirimus
2125 428 2234 475 quasi
2265 428 2562 477 interpellatores

1505 486 1656 516 nostros
1683 481 1787 528 apud
1814 481 1954 517 Deum.

1557 533 1616 568 An
1645 544 1836 570 sEcuNDUM
1865 545 2049 570 mcENDUM
2077 533 2182 582 quod
2219 534 2360 570 mortui
2389 545 2435 570 ea
2463 546 2561 582 quae

1504 584 1542 620 in
1570 585 1646 621 hoc
1673 586 1820 622 mundo
1849 594 2031 634 aguntur,
2061 586 2298 623 considerata
2332 599 2466 623 eorum
2495 599 2561 624 na·

1504 637 1613 673 turali
1642 638 1872 686 conditione,
1902 651 1979 676 non
2009 647 2263 687 cognoscunt,
2294 647 2329 676 et
2355 639 2561 688 praecipue

1503 690 1699 727 interiores
1718 699 1846 728 motus
1874 692 2010 728 cordis.
2042 692 2119 729 Sed
2140 692 2269 739 beatis,
2291 700 2332 729 ut
2356 693 2562 740 Gregorius

1505 743 1603 790 dicit,
1624 743 1662 780 in
1691 745 1761 779 XII
1780 745 1924 781 Moral.
1945 744 1982 791 ⁷¹⁵,
2009 744 2048 781 in
2075 745 2204 782 Verbo
2234 745 2494 783 manifestatur
2520 745 2561 782 il-

1503 796 1568 833 lud
1589 797 1692 844 quod
1721 796 1829 833 decet
1849 809 1915 833 eos
1944 797 2174 844 cognoscere
2195 799 2242 835 de
2263 798 2316 835 eis
2335 811 2434 847 quae
2463 799 2563 836 circa

1503 862 1574 886 nos
1594 857 1766 897 aguntur,
1789 849 1902 886 etiam
1922 857 2108 896 quantum
2137 851 2195 899 adr
2209 851 2406 888 interiores
2434 859 2562 889 motus

1504 903 1638 939 cordis.
1669 902 1836 939 Maxime
1858 909 1986 938 autem
2016 914 2150 939 eorum
2169 905 2428 941 excellentiam
2453 905 2563 942 decet

1502 964 1543 992 ut
1572 963 1803 1003 cognoscant
1830 954 2030 1003 petitiones
2058 955 2107 992 ad
2137 967 2203 992 eos
2231 957 2346 994 factas
2372 958 2434 993 vel
2461 970 2560 995 voce

1501 1010 1564 1046 vel
1593 1010 1720 1045 corde.
1751 1009 1800 1045 Et
1826 1008 1914 1045 ideo
1942 1008 2143 1056 petitiones
2171 1021 2266 1056 quas
2294 1011 2343 1046 ad
2378 1022 2445 1046 eos
2474 1011 2561 1048 diri-

1501 1062 1638 1110 gimus,
1658 1062 1743 1098 Deo
1773 1061 2047 1108 manifestante,
2069 1069 2315 1109 cognoscunt.

1555 1117 1613 1151 An
1642 1126 1802 1151 TERTlUM
1822 1125 2006 1151 monimum
2036 1114 2140 1163 quod
2161 1113 2212 1150 illi
2235 1115 2299 1163 qui
2319 1122 2407 1151 sunt
2428 1115 2467 1152 in
2484 1115 2560 1152 hoc

2591 755 2601 766 ⁸
2620 754 2677 786 qu.
2696 761 2751 782 xxi,
2769 756 2802 778 ιΙ.

2589 787 2635 809 xiv,
2645 787 2668 803 in
2683 785 2730 804 vet.
2738 787 2787 804 χιιι.

386 1175 443 1203 cta
471 1164 654 1202 Trinitate
691 1165 856 1213 petimus
891 1172 932 1200 ut
967 1165 1085 1202 nostri
1120 1165 1362 1201 misereatur.-
1397 1165 1445 1200 ab
1501 1168 1647 1205 mundo
1677 1175 1742 1204 aut
1768 1168 1807 1204 in
1834 1166 2072 1216 purgatorio,
2102 1167 2274 1204 nondum
2304 1168 2480 1205 fruuntur
2505 1167 2563 1206 vi-

384 1219 464 1255 aliis
480 1226 607 1255 autem
623 1217 760 1254 sanctis
776 1217 1083 1265 quibuscumque
1103 1217 1269 1266 petimus
1284 1224 1325 1253 ut
1340 1222 1449 1253 orent
1500 1220 1606 1257 sione
1633 1220 1762 1266 Verbi,
1783 1227 1824 1256 ut
1852 1220 1998 1268 possint
2027 1233 2257 1268 cognoscere
2287 1233 2332 1258 ea
2360 1233 2459 1270 quae
2487 1233 2562 1259 nos

377 1284 451 1320 pro
481 1271 597 1308 nobis.
1499 1273 1708 1321 cogitamus
1736 1273 1798 1309 vel
1828 1272 2000 1311 dicimus.
2029 1274 2079 1310 Et
2105 1273 2193 1310 ideo
2218 1286 2353 1310 eorum
2384 1273 2562 1322 suffragia

435 1327 493 1361 AD
522 1335 659 1361 PRIMUM
693 1335 791 1360 ERGO
826 1334 1010 1360 DiannuM
1049 1322 1153 1370 quod
1189 1321 1239 1358 illi
1277 1322 1347 1358 soli
1375 1321 1444 1357 im-
1470 1319 1472 1353 l
1498 1338 1578 1362 non
1614 1326 1865 1374 imploramus
1902 1326 2070 1363 orando:
2110 1327 2178 1363 sed
2210 1339 2233 1364 a
2260 1326 2359 1364 vivis
2394 1327 2560 1376 petimus

382 1377 584 1426 pendimus
614 1376 760 1412 orando
789 1375 979 1423 religionis
1009 1376 1151 1412 cultum
1181 1387 1202 1411 a
1231 1387 1307 1423 quo
1330 1386 1443 1423 quae·
1469 1355 1473 1424 s
1499 1378 1769 1426 colloquendo.

434 1495 459 1528 β)
479 1502 554 1528 quae.
567 1509 586 1514 —
604 1495 673 1529 quia*
685 1495 717 1524 G,
736 1502 815 1527 quam
835 1495 877 1520 IL.
1132 1507 1141 1510 -
1469 1502 1472 1528 ς
1549 1493 1576 1526 γ)
1596 1495 1758 1521 aromatum,
1779 1491 1847 1515 idest
1865 1490 2009 1515 orationes.
2022 1503 2042 1510 —-
2061 1490 2228 1515 incensorum
2247 1491 2280 1516 de
2297 1491 2464 1516 orationibus
2482 1491 2511 1516 P.

1056 1568 1393 1601 Commentario.
1415 1566 1668 1600 Cardjnalis
1690 1565 1893 1599 Caietam

387 1654 432 1717 IN
450 1642 581 1673 articulo
605 1648 719 1682 quarto
744 1641 879 1671 dubium
903 1639 1038 1670 occurrit
1062 1639 1143 1670 circa
1161 1639 1317 1670 rationem
1341 1639 1373 1669 in
1396 1639 1447 1669 lit·
1468 1638 1471 1668 l
1498 1640 1576 1669 dum
1600 1649 1632 1670 se
1656 1638 1736 1669 effici
1759 1649 1777 1668 a
1801 1637 1963 1673 creaturis;
1989 1644 2023 1668 ut
2047 1645 2154 1668 tamen
2177 1637 2295 1667 habent
2317 1637 2474 1668 rationem
2497 1647 2563 1668 me-

414 1694 478 1718 tera
494 1686 647 1717 redditam
663 1695 759 1725 quare
775 1685 862 1715 solus
878 1685 965 1714 Deus
982 1684 1075 1714 debet
1094 1683 1193 1714 orari:
1213 1685 1300 1724 quia,
1318 1683 1444 1719 scilicet,
1469 1669 1471 1728 ἱ
1498 1683 1625 1714 diorum
1648 1683 1688 1713 ad
1712 1682 1806 1713 vitam
1831 1688 2000 1718 aeternam,
2025 1692 2042 1711 a
2066 1681 2135 1711 solo
2154 1681 2234 1717 Deo,
2259 1681 2314 1722 qui
2337 1682 2428 1712 novit
2450 1691 2564 1712 eorun-

1498 1728 1570 1758 dem
1585 1728 1665 1758 hanc
1682 1726 1868 1762 orationem,
1886 1726 1967 1756 sicut
1986 1735 2158 1756 numerum
2174 1725 2348 1755 electorum
2362 1725 2389 1762 *,
2406 1725 2473 1756 fieri
2488 1735 2563 1765 pos·
2589 1733 2802 1757 ’seuamvim

1497 1778 1579 1802 sunt.
1612 1771 1644 1803 Si
1669 1771 1754 1801 enim
1781 1770 1871 1801 Pauli
1893 1770 2043 1813 Apostoli
2065 1766 2196 1810 angelus
2220 1770 2258 1800 ab
2287 1770 2401 1809 angelo
2429 1769 2563 1800 Satanae
2589 1759 2738 1789 “afim“

1497 1826 1572 1846 eum
1596 1815 1793 1851 custodisset,
1818 1821 1927 1845 contra
1950 1814 2084 1844 salutem
2100 1813 2189 1844 Pauli
2213 1820 2362 1854 operatus
2378 1820 2459 1844 esset
2473 1813 2506 1844 *:
2531 1820 2564 1845 et
2588 1816 2801 1846 mammo-lp.

382 1741 491 1763 omnes
519 1731 681 1761 orationes
708 1735 837 1760 nostrae
866 1728 1014 1759 ordinari
1036 1727 1150 1758 debent
1177 1728 1220 1758 ad
1241 1729 1383 1769 gratiam
1415 1732 1445 1757 et
1469 1739 1471 1741 ¹

381 1777 521 1817 gloriam
546 1774 808 1814 consequendam,
833 1783 928 1813 quam
951 1773 1040 1803 solus
1061 1773 1152 1802 Deus
1174 1772 1239 1802 dat.
1269 1771 1445 1812 Dupliciter
1469 1781 1471 1787 ·

382 1829 521 1860 namque
541 1818 671 1849 deficere
686 1818 820 1848 videtur.
844 1817 962 1853 Primo,
979 1817 1013 1847 in
1029 1816 1157 1846 veritate
1173 1816 1337 1856 assumpti.
1362 1815 1447 1852 Quia
1469 1819 1470 1851 l
2587 1849 2627 1871 xn,
2641 1849 2702 1866 vm.
2716 1849 2730 1871 ⁷
2749 1850 2802 1872 ‘qq-

143 2614 355 2669 {narsimiissmefss'
376 2618 451 2653 post
462 2613 494 2642 *z
515 2623 550 2642 ac
566 2622 621 2652 per
637 2613 708 2648 hoc,
722 2621 908 2651 supremum
923 2610 1145 2651 appetibilium
1165 2617 1211 2640 est
1230 2620 1323 2641 causa
1338 2610 1442 2642 finalis

208 2657 213 2662 .
276 2657 282 2663 .
349 2657 354 2668 ,

147 2673 243 2716 ἓῗρτιξς
258 2674 298 2716 ὥς.
307 2674 355 2721 ⁵113

146 2720 197 2742 lect.
212 2726 236 2742 ιι.

382 1864 484 1894 multa
505 1863 588 1893 licite
604 1869 708 1902 potest
730 1862 830 1892 homo
847 1861 1019 1891 desiderare
1036 1867 1066 1891 et
1082 1860 1184 1890 facere
1200 1861 1320 1900 absque
1335 1859 1445 1890 ordine
1469 1863 1470 1881 ἒ

382 1909 422 1938 ad
445 1907 704 1938 consecutionem
726 1906 859 1946 gloriae:
896 1911 931 1935 ut
954 1911 1039 1944 patet
1068 1905 1106 1934 de
1131 1903 1291 1934 desideriis
1315 1910 1346 1935 et
1368 1914 1443 1944 ope-
1469 1929 1470 1944 2

380 1952 467 1982 ribus
491 1950 757 1982 commoditatum
781 1948 1004 1990 corporalium,
1029 1948 1138 1978 salutis
1161 1948 1289 1988 patriae,
1313 1948 1446 1979 honoris
1469 1946 1470 1962 ³

380 1996 528 2036 parentis,
553 2002 583 2026 et
604 1994 800 2030 huiusmodi,
818 1993 904 2033 apud
919 1992 1108 2023 constitutos
1124 1992 1157 2022 in
1171 1992 1299 2023 mortali
1314 1999 1443 2033 peccato

381 2047 411 2071 et
433 2039 590 2075 infideles,
608 2045 666 2069 etc.
700 2038 866 2078 Quidquid
892 2043 999 2067 autem
1028 2043 1134 2076 potest
1152 2036 1320 2066 desiderari
1341 2036 1442 2073 licite,

379 2091 485 2124 potest
508 2092 639 2123 quoque
661 2082 745 2113 licite
767 2082 799 2111 in
824 2081 966 2112 oratione
989 2080 1064 2121 peti.
1087 2098 1109 2103 -
1133 2081 1297 2117 Secundo,
1321 2080 1354 2111 in
1377 2080 1443 2111 illa-

380 2128 478 2159 tione.
513 2126 691 2164 Quoniam,
717 2127 790 2156 dato
819 2125 908 2166 quod
931 2124 1002 2155 finis
1026 2124 1174 2155 omnium
1198 2124 1380 2155 orationum
1404 2125 1444 2156 sit

379 2172 479 2213 gloria
494 2182 512 2201 a
528 2172 598 2201 solo
615 2172 684 2201 Deo
702 2170 867 2206 donabilis,
893 2169 994 2200 multa
1017 2176 1124 2199 tamen
1147 2178 1229 2209 quae
1245 2175 1320 2199 sunt
1338 2169 1442 2199 media

379 2217 419 2247 ad
442 2216 536 2246 talem
559 2214 657 2245 finem
680 2214 760 2244 effici
783 2220 919 2254 possunt
942 2213 980 2243 ab
1005 2212 1071 2243 aliis
1095 2223 1113 2243 a
1128 2213 1211 2243 Deo:
1238 2219 1272 2244 ut
1295 2220 1380 2254 patet
1404 2213 1442 2244 de

380 2260 596 2296 instructione,
621 2258 774 2295 custodia,
799 2266 828 2289 et
851 2257 918 2288 aliis
937 2257 1134 2288 huiusmodi.

435 2305 485 2334 Ad
510 2305 570 2334 hoc
601 2303 713 2334 dicitur
741 2303 830 2343 quod
859 2302 938 2332 ratio
963 2311 1074 2332 verum
1102 2301 1135 2331 in
1158 2300 1268 2341 primis
1292 2301 1440 2338 assumit,

381 2358 436 2389 per
459 2358 491 2378 se
518 2348 681 2388 loquendo
712 2347 750 2376 de
774 2346 917 2377 oratione
940 2345 1092 2376 fidelium.
1126 2346 1178 2375 Ad
1202 2345 1292 2376 cuius
1316 2346 1442 2377 eviden-

380 2392 466 2429 tiam,
491 2393 569 2423 scito
593 2392 682 2432 quod
705 2391 805 2421 oratio
829 2390 991 2430 tripliciter
1014 2389 1188 2421 invenitur:
1218 2389 1336 2421 scilicet
1358 2390 1442 2420 ordi-

380 2443 468 2473 nata,
493 2436 670 2466 inordinata
692 2434 857 2475 privative,
882 2441 913 2464 et
934 2434 1113 2465 inordinata
1136 2434 1301 2464 contrarie.
1330 2433 1441 2465 Oratio

381 2481 524 2511 ordinata
541 2487 586 2510 est
602 2480 669 2510 sola
684 2479 737 2509 illa
756 2489 837 2519 quae
853 2478 1016 2509 ordinatur
1030 2478 1070 2508 ad
1089 2487 1277 2518 supremum
1294 2478 1442 2509 omnium

381 2525 609 2565 appetibilium,
630 2524 717 2564 quod
742 2523 904 2553 beatitudo
921 2530 1045 2553 aeterna
1061 2529 1117 2552 est.
1141 2522 1182 2552 Et
1205 2522 1284 2552 ratio
1301 2529 1347 2553 est
1365 2523 1442 2563 quia

375 2570 518 2609 primum
536 2570 567 2598 in
591 2577 777 2608 unoquoque
792 2567 905 2597 ordine
926 2572 971 2597 est
987 2576 1085 2598 causa
1100 2567 1242 2596 omnium
1266 2576 1349 2607 quae
1366 2573 1442 2598 sunt
1466 2589 1468 2608 ,

382 2657 528 2688 omnium
552 2656 786 2696 appetibilium,
818 2662 848 2686 et
871 2662 1035 2696 propterea
1059 2664 1171 2684 omnes
1195 2654 1364 2694 petitiones
1387 2655 1440 2685 de-

382 2702 456 2732 bent
479 2700 616 2731 ordinari
639 2701 678 2730 ad
700 2700 795 2731 talem
818 2698 925 2730 finem.
955 2700 996 2730 Et
1018 2699 1093 2740 quia
1117 2698 1275 2729 orationes
1298 2698 1440 2730 fidelium

381 2756 400 2776 a
422 2745 572 2785 religione
595 2751 626 2775 et
648 2744 708 2774 fide
732 2744 908 2784 procedunt
932 2743 1093 2774 ordinatae
1115 2743 1155 2773 ad
1179 2753 1366 2783 supremum
1390 2754 1441 2774 su-

382 2789 612 2829 pernaturalem
646 2788 742 2830 finem
777 2798 873 2828 quem
905 2787 1076 2827 respiciunt
1109 2787 1440 2827 proportionabiliter;

380 2833 453 2864 ideo
475 2843 588 2864 verum
610 2840 670 2869 est,
695 2843 750 2872 per
773 2832 1008 2872 seloquendo,
1034 2832 1123 2872 quod
1146 2841 1258 2862 omnes
1281 2832 1441 2863 orationes

380 2876 524 2907 fidelium
538 2877 723 2908 ordinantur
737 2877 776 2907 ad
795 2876 930 2916 gloriam
945 2882 1114 2907 aeternam.
1139 2876 1180 2906 Et
1203 2876 1241 2906 de
1264 2875 1312 2906 his
1335 2876 1441 2916 loqui-

381 2929 432 2951 tur
451 2922 561 2952 littera.
582 2939 601 2944 —
621 2921 731 2952 Oratio
747 2930 821 2951 vero
838 2920 1016 2951 inordinata
1031 2919 1181 2959 privative
1198 2927 1243 2950 est
1262 2930 1344 2960 quae
1359 2927 1442 2951 caret

382 2965 491 2996 ordine
507 2966 547 2995 ad
564 2964 662 2995 finem
677 2965 827 2995 ultimum
843 2964 991 2995 caritatis:
1017 2971 1052 2994 ut
1076 2974 1150 2995 cum
1169 2964 1240 3005 quis
1259 2963 1291 2994 in
1311 2972 1440 3004 peccato

383 3009 508 3039 mortali
532 3015 600 3039 orat
624 3019 680 3048 pro
698 3009 828 3039 sanitate
844 3009 993 3048 corporis,
1018 3008 1096 3038 nihil
1114 3018 1225 3038 curans
1242 3018 1281 3038 an
1298 3008 1442 3048 expediat

383 3053 422 3082 ad
444 3053 541 3083 vitam
565 3058 722 3082 aeternam
751 3062 791 3082 an
815 3052 1020 3083 contrarietur
1047 3051 1159 3083 eidem.
1191 3052 1232 3082 Et
1255 3051 1441 3083 huiusmodi

384 3096 567 3127 orationum
598 3096 742 3126 habitum
773 3096 930 3126 intentum
962 3096 1156 3137 quandoque
1187 3103 1234 3127 est
1264 3097 1441 3127 maximum

383 3140 515 3171 malum.
539 3141 579 3170 Et
602 3147 676 3170 sunt
699 3149 895 3175 communeS,
920 3140 1097 3171 secundum
1119 3149 1219 3179 genus
1235 3150 1340 3176 suum,
1365 3139 1441 3170 fide-

381 3184 464 3215 libus
488 3190 519 3215 et
541 3183 730 3214 infidelibus.
754 3184 820 3214 Nec
843 3190 1002 3214 merentur
1026 3183 1183 3214 orationes
1207 3183 1267 3214 dici
1290 3183 1440 3223 simplici-

383 3235 444 3258 ter:
474 3228 549 3269 quia
572 3238 629 3258 nec
652 3234 725 3258 sunt
752 3227 933 3267 simpliciter
957 3233 1043 3257 actus
1067 3227 1242 3266 religionis,
1267 3233 1378 3267 utpote
1402 3228 1441 3258 ad

382 3272 481 3312 ipsius
505 3272 649 3303 ordinem
669 3281 734 3302 non
759 3271 954 3310 attingentes.
972 3289 989 3292 -
1008 3271 1118 3302 Oratio
1136 3277 1242 3301 autem
1265 3270 1442 3302 inordinata

384 3316 535 3347 contrarie
559 3323 605 3347 est
627 3315 738 3356 petitio
761 3315 880 3346 habens
903 3315 1022 3356 aliquid
1042 3314 1233 3345 contrarium
1248 3314 1330 3345 vitae
1345 3321 1442 3345 aeter-

384 3369 457 3390 nae:
482 3366 518 3390 ut
533 3370 621 3390 orare
641 3370 699 3400 pro
721 3359 858 3390 vindicta
874 3359 923 3390 vel
942 3369 1000 3399 pro
1022 3359 1084 3389 alio
1101 3359 1196 3389 malo.
1221 3358 1262 3388 Et
1280 3358 1357 3390 haec
1376 3368 1441 3389 non

385 3404 559 3441 orationes,
584 3405 639 3434 sed
666 3403 877 3434 execrationes
900 3409 989 3439 sunt,
1007 3410 1064 3434 etc.
1089 3421 1108 3425 —
1133 3402 1250 3433 Littera
1272 3409 1380 3433 autem
1404 3403 1442 3433 de

384 3447 432 3478 his
455 3458 536 3488 quae
558 3458 614 3488 per
636 3458 668 3478 se
692 3455 766 3479 sunt
788 3454 911 3478 tantum
935 3447 1085 3488 loquitur.

441 3492 542 3522 Illatio
557 3502 686 3532 quoque
702 3492 808 3522 efficax
823 3492 1056 3532 comprobatur.
1075 3490 1239 3528 Quoniam
1254 3490 1326 3521 licet
1341 3490 1442 3520 multa

384 3536 593 3566 conducentia
616 3536 655 3566 ad
674 3536 772 3566 vitam
788 3543 946 3566 aeternam
969 3535 1092 3576 possint
1111 3535 1254 3565 absolute
1278 3541 1308 3565 et
1331 3544 1441 3565 secun-

1496 1860 1598 1891 simile
1621 1866 1668 1890 est
1690 1860 1729 1889 de
1753 1859 1832 1889 aliis.
1857 1858 1993 1889 Intendit
2015 1867 2090 1898 ergo
2114 1859 2236 1888 Auctor
2258 1858 2348 1898 quod
2369 1857 2446 1899 quia
2460 1857 2561 1888 solius

1495 1905 1554 1935 Dei
1571 1911 1616 1935 est
1629 1905 1700 1934 dare
1716 1902 1851 1943 gloriam
1866 1909 2025 1933 aeternam
2040 1908 2071 1933 et
2089 1901 2204 1938 media,
2225 1908 2260 1932 ut
2279 1901 2332 1938 sic,
2350 1902 2390 1932 ad
2408 1901 2558 1942 gloriam;

1495 1949 1567 1979 ideo
1585 1948 1697 1984 oratio,
1714 1957 1796 1988 quae
1812 1947 1852 1977 ad
1870 1946 2005 1987 gloriam
2022 1945 2196 1982 ordinatur,
2213 1945 2273 1976 soli
2287 1945 2357 1976 Deo
2372 1945 2562 1986 porrigenda

1497 2000 1543 2024 est
1566 1999 1602 2023 ut
1624 2002 1680 2033 per
1702 1991 1809 2032 ipsum
1832 1991 2005 2031 implenda.

1551 2037 1588 2068 11.
1613 2037 1649 2066 In
1672 2035 1878 2076 responsione
1902 2035 1942 2065 ad
1965 2034 2141 2065 secundum
2165 2033 2198 2064 in
2215 2033 2330 2063 eodem
2345 2033 2489 2070 articulo,
2506 2033 2560 2064 ad-

1495 2088 1580 2111 verte
1603 2081 1693 2121 quod
1716 2080 1781 2110 duo
1806 2086 1880 2110 sunt
1902 2078 1992 2109 modi
2015 2078 2131 2120 quibus
2155 2077 2253 2108 sancti
2277 2077 2310 2108 in
2326 2077 2433 2108 Verbo
2453 2077 2563 2109 vident

1495 2125 1674 2165 singularia.
1709 2124 1813 2160 Alter,
1843 2133 1909 2164 quo
1933 2123 2002 2163 ipsa
2023 2122 2104 2153 visio
2127 2121 2222 2154 Verbi
2246 2128 2292 2152 est
2315 2121 2438 2153 realiter
2464 2121 2561 2153 etiam

1493 2169 1574 2200 visio
1598 2168 1824 2209 singularium:
1857 2175 1887 2199 et
1909 2167 1987 2198 haee
2010 2174 2056 2198 est
2080 2176 2195 2198 coaeva
2218 2165 2333 2197 sanctis
2361 2176 2379 2196 a
2401 2165 2560 2206 principio

1493 2223 1569 2244 suae
1592 2212 1803 2244 beatitudinis.
1834 2211 1922 2242 Alter
1946 2218 1992 2242 est
2015 2220 2081 2252 quo
2104 2211 2174 2251 ipsa
2195 2209 2276 2240 visio
2299 2210 2395 2241 Verbi
2418 2217 2466 2241 est
2487 2220 2561 2242 cau·-

1495 2257 1598 2288 saliter
1621 2264 1747 2288 tantum
1769 2255 1849 2286 visio
1873 2255 2095 2295 singularium:
2121 2261 2151 2286 et
2173 2254 2250 2285 haec
2274 2254 2312 2284 de
2328 2264 2414 2285 novo
2431 2253 2558 2286 advenit

1494 2301 1618 2338 sanctis,
1631 2301 1718 2332 iuxta
1729 2300 1851 2331 divinae
1863 2300 1979 2340 gratiae
1991 2299 2218 2330 extensionem.
2233 2298 2323 2330 Patet
2338 2298 2424 2329 enim
2439 2305 2562 2330 utrum-

1495 2356 1558 2387 que
1581 2346 1716 2376 modum
1738 2343 1872 2376 inveniri
1897 2344 1931 2374 in
1954 2343 2085 2375 sanctis:
2118 2342 2259 2384 primum
2287 2342 2434 2384 quidem,
2459 2352 2497 2373 ex
2519 2352 2559 2375 eo

1494 2391 1584 2431 quod
1607 2399 1797 2430 cognoscere
1820 2388 1978 2429 quaedam
1998 2387 2168 2428 singularia
2190 2387 2231 2418 ad
2253 2386 2482 2418 beatitudinem
2505 2396 2559 2418 eo-

1494 2444 1568 2465 rum
1590 2440 1724 2474 spectat;
1755 2433 1932 2464 secundum
1956 2438 2080 2469 autem,
2105 2442 2142 2462 ex
2165 2441 2204 2462 eo
2234 2431 2324 2472 quod
2350 2430 2558 2462 revelationes

1494 2479 1614 2509 eisdem
1636 2478 1718 2509 fiunt
1741 2478 1780 2508 de
1803 2486 1900 2513 novo,
1917 2483 1975 2507 etc.

1549 2522 1624 2560 Quo
1649 2529 1756 2552 autem
1782 2521 1900 2551 horum
1923 2520 2022 2551 modo
2047 2519 2145 2550 sancti
2167 2519 2295 2549 videant
2317 2518 2476 2549 orationes
2500 2528 2558 2549 no-

1494 2573 1588 2603 stras,
1613 2576 1680 2596 non
1707 2565 1798 2596 facile
1826 2564 1967 2595 dixerim.
1998 2564 2046 2594 Ex
2075 2563 2133 2593 hac
2163 2570 2270 2594 tamen
2292 2562 2395 2594 littera
2423 2563 2559 2594 habetur

1494 2612 1583 2651 quod
1606 2611 1748 2641 maxime
1770 2609 1990 2640 excellentiam
2015 2617 2125 2638 eorum
2149 2607 2238 2638 decet
2252 2606 2337 2647 quod
2359 2612 2556 2647 cognoscant

1488 2656 1659 2695 petitiones
1682 2654 1725 2684 ad
1747 2663 1800 2684 eos
1813 2652 1938 2693 factas,
1956 2659 1986 2683 et
2009 2658 2238 2692 consequenter
2261 2650 2366 2690 primo
2388 2651 2488 2681 modo
2511 2651 2558 2682 vi-

1494 2699 1589 2730 deant
1610 2698 1644 2728 in
1666 2698 1772 2729 Verbo
1796 2697 1938 2727 easdem:
1971 2695 2126 2736 quoniam
2149 2695 2311 2726 beatitudo
2334 2695 2404 2735 ipsa
2431 2705 2559 2731 summa

1493 2742 1673 2774 excellentia
1688 2748 1743 2773 est.
1760 2742 1801 2772 Et
1814 2741 1876 2771 hoc
1887 2740 2011 2771 videtur
2027 2739 2163 2771 attestari
2179 2738 2319 2770 Ecclesia
2333 2738 2367 2769 in
2382 2748 2442 2769 suo
2457 2739 2557 2770 modo

1493 2786 1712 2828 interpellandi
1729 2792 1864 2821 sanctos,
1885 2785 1964 2815 dum
1983 2784 2072 2815 dicit:
2097 2784 2214 2814 Sancte
2227 2784 2332 2821 Petre,
2349 2792 2409 2814 ora
2421 2792 2488 2824 pro
2501 2792 2556 2814 no-

1493 2832 1549 2862 bis.
1573 2831 1640 2862 Nisi
1655 2830 1740 2861 enim
1759 2835 2030 2870 praesupponeret
2044 2838 2157 2859 omnes
2173 2834 2309 2864 sanctos,
2324 2837 2362 2858 ex
2381 2826 2444 2858 hoc
2467 2827 2558 2868 quod

1493 2876 1563 2907 Deo
1588 2875 1755 2910 fruuntur,
1780 2874 1939 2904 orationes
1970 2879 2092 2904 nostras
2123 2881 2330 2912 cognoscere,
2354 2881 2421 2902 non
2444 2880 2557 2903 omnes

1494 2920 1592 2950 adiret
1614 2926 1650 2950 ut
1673 2925 1798 2950 orarent
1821 2927 1879 2958 pro
1899 2917 2007 2948 nobis:
2032 2917 2087 2947 sed
2110 2917 2249 2947 orandus
2272 2915 2359 2956 prius
2374 2922 2456 2946 esset
2469 2915 2557 2958 Deus

1493 2970 1529 2994 ut
1552 2963 1595 2994 eis
1618 2963 1769 2994 revelaret
1792 2961 1950 2993 orationes
1974 2967 2112 2997 nostras,
2137 2967 2169 2991 et
2191 2960 2235 2991 sic
2262 2959 2323 3001 ipsi
2345 2965 2471 2990 orarent
2497 2965 2556 3001 pro

1495 3008 1597 3038 nobis.
1621 3007 1723 3038 Maior
1746 3006 1824 3036 mihi
1847 3005 1971 3036 videtur
1994 3005 2070 3036 haec
2094 3004 2251 3036 Ecclesiae
2266 3003 2436 3035 auctoritas
2459 3012 2558 3045 quam

1493 3051 1648 3092 cuiusque
1683 3050 1831 3081 doctoris.
1871 3049 2004 3090 Propter
2032 3049 2120 3090 quod
2156 3049 2199 3080 sic
2229 3058 2297 3079 esse
2330 3048 2434 3079 cred0.
2471 3047 2557 3079 Cum

1493 3106 1559 3136 quo
1586 3102 1694 3126 tamen
1717 3101 1777 3126 stat
1805 3094 1894 3135 quod
1918 3093 2010 3124 novis
2032 3093 2318 3125 illuminationibus
2348 3098 2557 3132 cognoscatur

1494 3140 1572 3180 quid
1595 3139 1676 3170 circa
1699 3148 1775 3169 suos
1800 3138 1967 3169 clientulos
1990 3137 2166 3178 agendum,
2191 3143 2246 3168 aut
2273 3136 2351 3178 quid
2374 3135 2557 3176 simpliciter

1495 3183 1653 3213 orandum
1676 3192 1735 3223 pro
1756 3182 1799 3212 eis
1823 3182 1871 3212 sit.
1897 3181 1943 3212 Ita
1965 3181 2054 3222 quod
2076 3181 2160 3221 ipsas
2177 3180 2336 3212 orationes
2358 3180 2466 3212 vident
2487 3179 2557 3220 ipsa

1494 3226 1589 3257 Verbi
1612 3225 1747 3256 visione:
1780 3235 1820 3256 an
1843 3231 1950 3256 autem
1979 3225 2041 3255 hoc
2065 3225 2208 3265 expediat
2231 3225 2321 3266 quod
2343 3224 2477 3265 petitur,
2501 3229 2556 3254 aut

1494 3269 1661 3311 quomodo
1684 3269 1883 3310 implendum
1909 3269 1962 3306 sit,
1988 3276 2018 3300 et
2041 3279 2081 3300 an
2103 3269 2173 3300 Deo
2197 3269 2260 3300 hoc
2282 3269 2419 3310 placeat,
2443 3273 2475 3298 et
2495 3266 2555 3298 hu-

1493 3314 1649 3350 iusmodi,
1681 3314 1821 3344 secundo
1852 3313 1951 3343 modo
1983 3313 2117 3344 discunt.
2149 3313 2190 3344 Et
2220 3319 2387 3354 propterea
2416 3310 2555 3342 Ecclesia

1494 3358 1600 3388 Deum
1623 3364 1713 3397 rogat
1741 3364 1778 3388 ut
1805 3357 1899 3388 faciat
1921 3365 2046 3389 sanctos
2070 3365 2163 3388 orare*
2185 3367 2244 3397 pro
2267 3356 2376 3395 nobis,
2399 3354 2552 3387 dicens*:
2581 3359 2793 3384 ‘candeo-n.

1499 3402 1615 3432 Tribue
1626 3411 1830 3442 quaesumus,
1846 3402 1995 3439 Domine,
2013 3410 2124 3433 omnes
2137 3406 2266 3433 sanctos
2279 3405 2350 3432 tuos
2364 3400 2485 3440 iugiter
2489 3408 2554 3440 pro
2580 3387 2666 3440 3³⁸st
2674 3387 2793 3438 ,ΕΝ

1495 3446 1583 3476 nobis
1598 3456 1703 3476 orare.
1720 3446 1803 3476 Nam
1818 3445 1959 3476 videntes
1976 3445 2074 3476 sancti
2090 3445 2248 3476 orationes
2264 3450 2395 3480 nostras,
2411 3443 2556 3474 nesciunt
2582 3441 2641 3464 ΟΝ·
2655 3441 2737 3464 ¹²¹²&-

1495 3490 1520 3520 si
1544 3490 1682 3520 orandus
1706 3496 1752 3521 est
1773 3490 1860 3520 Deus
1885 3489 2067 3530 simpliciter
2090 3499 2148 3530 pro
2171 3489 2225 3519 illa
2252 3487 2420 3528 petitione,
2445 3494 2481 3517 ut
2508 3486 2555 3517 di-

1497 3540 1585 3564 ctum
1609 3541 1663 3565 est.
