2860 4244
995 242 1263 288 QUAESTIO
1293 244 1376 290 Lx,
1406 244 1701 282 ARTICULUS
1730 245 1765 281 v

344 321 426 357 vm.
451 321 486 352 In
510 322 624 352 eodem
647 321 791 358 articulo,
814 321 847 352 in
866 320 1072 360 responsione
1097 331 1226 361 quoque
1250 322 1288 351 ad
1304 332 1350 351 se-

289 365 440 401 cundum,
465 372 550 402 nota,
575 365 708 401 novitie,
733 364 817 396 illius
841 364 1049 396 distinctionis
1073 365 1267 401 exercitium,
1294 365 1349 396 sci-

289 408 379 440 licet:
405 409 504 439 Aliud
526 415 573 440 est
595 410 746 440 iudicium
773 409 813 439 de
835 408 946 446 rebus,
979 408 1070 438 aliud
1095 409 1135 438 de
1161 409 1347 440 hominibus.

287 454 371 484 Nam
394 453 434 483 ad
457 453 610 484 iudicium
634 453 673 483 de
697 453 789 483 rebus
817 456 935 493 spectat
957 461 1023 482 rem
1049 452 1086 482 de
1110 462 1142 482 re
1166 453 1281 482 dicere:
1310 453 1348 482 ad

287 496 442 527 iudicium
472 497 512 528 de
540 496 725 527 hominibus
754 506 809 526 seu
837 495 981 535 personis
1010 502 1128 535 spectat
1156 496 1276 526 malum
1299 497 1349 527 vel

287 541 411 571 bonum
435 541 473 571 de
496 550 631 580 persona
654 540 766 570 dicere.
791 540 883 570 Unde
904 540 928 569 si
946 540 1039 569 video
1063 550 1231 579 personam
1256 550 1348 580 agen-

287 591 351 615 tem
375 591 446 615 ante
470 595 503 615 se
526 583 706 615 onerarium
729 584 909 614 iumentum
934 589 964 613 et
992 583 1247 619 maledicentem,
1273 591 1308 614 ut
1330 594 1348 614 a

287 628 395 659 multis
422 627 490 658 fieri
513 628 612 663 solet,
641 627 726 658 Vade
748 628 780 657 in
804 627 923 657 malam
946 627 1080 664 horam,
1106 635 1136 658 et
1159 628 1287 663 similia;
1318 634 1349 657 et

286 682 346 712 ego
369 678 450 712 puto
473 671 562 712 quod
585 677 673 701 actus
696 670 748 701 ille
772 671 812 701 sit
834 677 1000 710 peccatum
1019 672 1161 707 mortale,
1186 681 1251 701 non
1275 681 1347 711 pro-

286 722 355 756 pter
376 715 585 746 intentionem
607 714 707 750 istius,
724 714 779 744 sed
802 714 946 745 absolute
970 721 1060 755 puto
1084 715 1174 755 quasi
1193 722 1281 746 actus
1296 715 1348 744 ille

286 769 323 790 ex
339 768 453 799 genere
472 768 531 789 suo
551 758 591 788 sit
614 765 779 798 peccatum
798 758 944 794 mortale;
970 765 1000 789 et
1018 765 1182 798 propterea
1202 758 1347 798 concipio

285 802 414 833 indubie
430 801 514 833 illius
530 808 696 842 peccatum
712 802 859 832 mortale:
880 802 1034 833 iudicium
1049 802 1134 834 istud
1150 802 1266 835 falsum
1281 811 1347 832 non

285 853 405 887 spectat
419 846 458 876 ad
481 845 636 876 iudicium
659 845 697 876 de
721 845 873 885 personis,
889 846 942 876 sed
959 847 998 876 ad
1012 846 1166 877 iudicium
1182 846 1221 875 de
1239 845 1347 881 rebus;
1373 842 1375 877 ,¹

1373 900 1374 904 ¹
1400 898 1513 919 venem
1537 889 1803 926 deambulantem,
1827 901 1892 921 non
1916 891 2021 922 iudico
2046 902 2120 922 eum
2143 892 2336 928 adulterum,
2362 902 2458 922 caveo

1373 929 1374 944 ³
1400 938 1506 962 tamen
1534 943 1570 962 ac
1593 933 1618 963 si
1643 941 1722 964 esset
1746 934 1885 971 adulter;
1917 942 1947 966 et
1970 935 2012 965 sic
2042 936 2079 965 de
2103 935 2180 966 aliis.
2209 936 2325 972 Quoad
2352 942 2457 966 actum

284 890 438 931 quoniam
461 889 493 920 in
517 889 643 920 veritate
668 899 732 919 non
753 889 909 920 iudicatur
932 900 1076 929 persona,
1101 890 1155 920 sed
1179 895 1266 920 actus
1280 888 1348 928 ipse

285 933 461 964 secundum
485 943 527 968 se,
551 933 594 964 ita
617 933 705 974 quod
729 933 804 963 dicit
827 943 892 963 rem
917 933 955 963 de
979 943 1021 969 re,
1046 932 1162 963 scilicet
1185 942 1251 962 esse
1274 942 1348 971 pec-

283 984 390 1010 catum
413 977 547 1008 mortale
569 977 608 1008 de
630 977 687 1007 illo
709 983 792 1008 actu.
814 977 847 1008 Si
861 986 936 1008 vero
952 977 1061 1007 videro
1077 976 1215 1016 aliquam
1240 985 1348 1015 perso-

283 1031 359 1053 nam
382 1028 536 1058 ornatam,
560 1028 591 1052 et
613 1020 742 1051 indubie
766 1020 872 1052 iudico
895 1019 984 1051 illam
1006 1030 1039 1050 se
1058 1029 1186 1050 ornasse
1208 1019 1347 1060 impudi-

283 1065 374 1097 citiae
397 1075 506 1101 causa,
532 1065 571 1095 ad
598 1063 752 1095 iudicium
781 1065 820 1094 de
849 1062 992 1104 personis
1021 1064 1084 1093 hoc
1111 1069 1246 1104 spectat:
1275 1063 1347 1094 dico

283 1109 369 1140 enirn
392 1109 430 1139 de
454 1107 612 1149 personali
631 1107 806 1139 intentione
829 1117 896 1145 esse
913 1106 1118 1146 impudicam.
1141 1107 1183 1137 Et
1206 1106 1349 1137 similiter

283 1152 309 1183 si
322 1152 418 1184 video
437 1151 559 1183 furtum
575 1152 784 1182 commissum
798 1157 854 1181 aut
869 1151 1004 1180 domum
1020 1151 1220 1181 combustam
1235 1149 1346 1190 ignoto

283 1203 409 1233 actore,
422 1202 454 1227 et
474 1195 581 1227 iudico
605 1195 759 1231 Ioannem
781 1194 844 1224 hoc
866 1201 1019 1234 patrasse·
1050 1204 1125 1225 nam
1149 1194 1245 1225 en'am
1268 1200 1345 1225 tunc

282 1240 326 1279 dg
340 1249 480 1280 persona
502 1238 635 1270 enuntio
649 1249 717 1269 esse
732 1244 882 1274 actorem,
899 1237 1016 1269 scilicet
1031 1238 1156 1275 directe,
1172 1238 1261 1279 quod
1276 1239 1345 1269 abs·
1370 1260 1372 1275 ,

281 1293 366 1330 qqe¹
361 1292 522 1324 personae
537 1289 724 1324 contemptu
739 1282 880 1313 indebito
897 1291 962 1312 non
982 1281 1026 1319 fit,
1052 1292 1089 1313 ex
1104 1292 1170 1323 quo
1186 1292 1252 1312 non
1269 1292 1344 1313 con-

329 1333 342 1358 t
391 1337 556 1370 ersonam
564 1326 653 1368 illam
681 1325 713 1356 in
737 1326 799 1357 hoc
826 1335 982 1367 peccasse.
1015 1326 1063 1356 Ex
1089 1326 1206 1367 quibus
1232 1325 1344 1367 collige
1370 1337 1371 1340 ¹

262 1332 556 1414 mrim
576 1370 614 1400 de
638 1370 781 1411 personis
805 1376 852 1401 est
874 1370 981 1400 solum
1004 1369 1159 1401 iudicium
1187 1370 1225 1400 de
1250 1371 1343 1401 corde

281 1424 336 1448 seu
365 1415 540 1446 intentione
567 1415 710 1451 alterius,
735 1421 790 1445 aut
817 1415 856 1445 de
883 1413 1095 1454 applicatione
1123 1423 1277 1454 personae
1304 1414 1343 1444 ad

279 1458 552 1491 Mesactionem.
576 1461 678 1489 Actus
691 1465 798 1489 autem
821 1458 920 1498 ipsos,
937 1464 1006 1494 etc„
1029 1458 1124 1488 etiam
1147 1458 1345 1497 singulariter
1370 1494 1371 1502 ἵ

280 1503 418 1540 fidiam
442 1509 561 1543 spectat
583 1503 622 1534 ad
645 1502 800 1533 iudicium
824 1502 862 1532 de
885 1502 988 1532 rebus.
1017 1502 1058 1532 Et
1079 1508 1247 1541 propterea
1270 1511 1344 1532 cum

1403 322 1580 352 iudicamus
1608 323 1696 363 quod
1719 322 1819 353 facere
1843 326 1904 354 hoc
1927 323 1977 353 vel
1999 323 2092 359 illud,
2117 323 2166 353 vel
2190 322 2309 354 factum
2332 323 2392 354 tale
2415 331 2460 354 est

1403 366 1452 396 vel
1475 376 1541 396 non
1561 373 1607 397 est
1628 373 1793 406 peccatum
1809 367 1951 403 mortale,
1977 367 2071 398 etiam
2087 367 2112 397 si
2128 376 2277 403 erramus,
2301 377 2367 397 non
2391 378 2461 407 pec-

1404 419 1511 440 camus
1530 409 1648 440 iudicio
1671 410 1846 448 temerario,
1864 420 1921 441 nec
1937 410 2084 441 iniuriam
2099 409 2190 441 alicui
2209 410 2355 441 facimus:
2381 421 2459 452 quo-

1403 453 1488 483 niam
1512 454 1550 484 de
1565 454 1658 484 rebus
1674 453 1749 494 ipsis
1773 454 1991 491 diiudicamus,
2016 454 2047 484 in
2067 464 2133 495 quo
2150 453 2277 490 iudicio,
2302 461 2338 485 ut
2360 455 2392 484 in
2411 455 2460 485 lit-

1403 504 1466 527 tera
1490 497 1612 534 dicitur,
1635 497 1668 527 in
1690 505 1835 528 neutram
1858 505 1978 539 partem
2001 506 2047 529 est
2071 498 2303 534 declinandum,
2323 499 2376 528 sed
2400 499 2459 529 soli

1403 547 1449 571 est
1471 541 1591 571 veritati
1615 541 1825 572 innitendum.

1458 584 1509 614 IX.
1535 585 1569 614 ln
1585 585 1791 625 responsione
1805 586 1844 616 ad
1861 586 1987 616 tertium
2011 585 2174 626 diligenter
2189 593 2264 616 nota
2287 585 2459 616 distinctio·

1403 637 1475 657 nem
1498 627 1617 658 litterae
1641 629 1679 658 de
1695 629 1813 669 duplici
1830 629 1928 662 modo
1945 629 2167 669 interpretandi
2183 629 2215 659 in
2233 629 2373 669 peiorem
2390 639 2458 669 par-

1402 678 1483 701 tem:
1508 671 1624 702 scilicet
1648 682 1703 712 per
1726 673 1858 703 modum
1883 672 2083 709 definitionis,
2108 680 2139 703 et
2161 683 2216 712 per
2233 673 2365 703 modum
2384 683 2460 712 sup-

1401 714 1578 754 positionis
1603 716 1643 745 Et
1663 716 1741 746 scito
1764 717 1853 756 quod
1876 718 1983 757 quoad
2007 725 2112 748 actum
2130 717 2269 747 cautelae
2285 724 2315 747 et
2330 717 2459 747 remedii

1401 765 1432 789 et
1453 758 1648 794 huiusmodi,
1667 759 1774 790 omnia
1791 761 2000 800 supponenda
2014 768 2087 791 sunt
2110 761 2142 791 in
2161 761 2303 800 peiorem
2326 769 2457 800 partem.

1401 802 1433 832 Si
1457 801 1542 832 enim
1565 802 1673 833 videro
1701 814 1890 843 pauperem,
1918 814 1984 834 non
2014 804 2130 835 definio
2159 814 2232 835 eum
2260 804 2379 843 furem,
2405 805 2458 834 sed

1402 845 1546 875 custodio
1570 856 1618 876 res
1641 856 1727 876 meas
1750 857 1786 877 ac
1809 847 1833 877 si
1850 855 1929 878 esset
1951 847 2017 884 fur;
2043 855 2073 878 et
2095 848 2236 878 similiter
2258 848 2283 878 si
2303 849 2395 878 video
2411 848 2458 878 iu-

1400 985 1475 1006 vero
1499 976 1684 1016 punitionis,
1709 978 1862 1018 quoniam
1884 978 2039 1009 iudicium
2062 979 2212 1018 sequitur,
2237 979 2269 1009 in
2292 979 2458 1010 meliorem

1400 1026 1521 1059 partem
1540 1021 1650 1051 omnia
1665 1021 1896 1061 interpretanda
1912 1029 1995 1053 sunt.
2019 1023 2060 1052 Et
2077 1022 2122 1052 sic
2136 1023 2244 1062 regula
2267 1022 2348 1053 dicta
2363 1023 2458 1054 simul

1400 1069 1431 1094 et
1453 1063 1550 1094 semel
1578 1064 1679 1095 reddit
1707 1075 1765 1095 nos
1788 1065 1889 1096 iustos
1918 1076 1990 1106 erga
2017 1066 2179 1106 proximos
2202 1066 2404 1103 iudicandos,
2429 1074 2459 1098 et

1399 1107 1569 1147 prudentes
1593 1108 1633 1138 ad
1657 1109 1850 1146 cavendum,
1875 1109 2119 1140 custodiendum
2146 1120 2181 1140 ac
2209 1109 2456 1150 providendum:

1399 1151 1487 1191 quod
1516 1151 1600 1181 enim
1625 1158 1728 1187 cavet,
1754 1153 1891 1183 custodit
1919 1163 1954 1183 ac
1982 1153 2127 1193 providet
2154 1153 2186 1183 in
2217 1153 2328 1184 maiori
2351 1154 2456 1191 malo,

1399 1204 1596 1235 consequens
1617 1203 1663 1227 est
1686 1203 1722 1227 ut
1744 1196 1844 1236 magis
1858 1197 1960 1227 valeat
1977 1197 2010 1227 in
2026 1197 2152 1233 minori,
2177 1203 2214 1227 ut
2234 1197 2267 1227 in
2290 1197 2390 1228 littera
2414 1198 2458 1228 di-

1398 1238 1488 1270 citur.
1518 1239 1559 1270 Et
1581 1249 1618 1270 ex
1639 1240 1698 1271 ista
1721 1241 1828 1280 regula
1850 1241 1979 1280 praelati
2002 1241 2117 1271 debent
2140 1241 2282 1272 subditos
2305 1242 2458 1272 subditas-

1397 1292 1460 1323 que
1483 1293 1520 1313 ex
1543 1283 1646 1314 dubiis
1669 1284 1758 1315 factis
1783 1294 1848 1315 non
1867 1285 2003 1315 malitiae
2023 1294 2151 1324 arguere
2175 1292 2228 1316 aut
2250 1285 2380 1325 punire,
2403 1287 2458 1316 sed

1397 1327 1514 1356 bonam
1538 1327 1576 1357 de
1599 1327 1642 1357 eis
1667 1327 1853 1367 opinionem
1877 1335 1913 1359 ut
1934 1328 2022 1368 prius
2045 1328 2176 1367 habere,
2201 1335 2232 1359 et
2253 1335 2359 1359 tamen
2384 1339 2456 1360 cau—

1397 1371 1483 1407 telas,
1501 1371 1660 1402 custodias
1681 1372 1882 1413 remediaque
1897 1372 2042 1402 adhibere
2059 1382 2094 1403 ac
2110 1372 2135 1402 si
2151 1372 2225 1402 mali
2243 1380 2358 1404 essent:
2383 1383 2456 1413 pro-

1370 1414 1467 1457 vide
1490 1421 1613 1451 tamen,
1638 1425 1678 1446 ne
1702 1415 1819 1456 aliquid
1843 1415 1897 1446 fiat
1919 1417 2007 1457 quod
2031 1415 2133 1446 famae
2156 1416 2290 1455 proximi
2315 1417 2455 1457 deroget;

1397 1458 1458 1488 hoc
1481 1459 1566 1488 enim
1589 1467 1670 1490 esset
1692 1459 1831 1490 iniuriari
1850 1460 1904 1496 illi,
1928 1460 2017 1500 quod
2039 1460 2072 1490 in
2091 1459 2194 1491 dubiis
2209 1460 2374 1491 vitandum
2390 1471 2457 1492 esse

1397 1502 1517 1532 dictum
1540 1510 1586 1533 est
1601 1502 1628 1533 *.

1069 1634 1388 1676 ARTICULUS
1419 1634 1676 1686 QUINTUS

407 1837 416 1846 ι
431 1839 464 1857 „w
489 1824 512 1849 n
531 1822 694 1854 QumwM
718 1823 771 1848 Sic
788 1822 1030 1848 PROCEDITUR.
1057 1811 1216 1848 Videtur
1235 1811 1342 1870 quod
1366 1849 1368 1852 ,

313 1851 455 1924 ‘si
489 1876 568 1902 non
587 1864 633 1900 sit
651 1875 804 1912 semper
823 1864 1037 1901 secundum
1059 1865 1161 1912 leges
1185 1864 1341 1912 scriptas

250 1938 257 1946 ·
332 1911 417 1961 ‘'w„
429 1906 748 1959 aiudicandum.
797 1917 960 1965 Semper
996 1916 1096 1953 enim
1140 1916 1340 1953 vitandum

245 1951 433 2007 *A‘Wsffl
450 1965 546 2007 *sest
567 1969 747 2007 iniustum
775 1969 971 2006 iudicium.
1002 1970 1079 2007 Sed
1107 1970 1339 2018 quandoque

277 2023 399 2071 leges·
416 2022 578 2071 scriptae
614 2022 830 2060 iniustitiam
877 2021 1091 2060 continent:
1127 2023 1339 2060 secundum

277 2072 370 2119 illud
398 2075 518 2114 Isaiae
545 2087 569 2112 x
587 2074 628 2112 *ε
664 2076 741 2112 Vae
777 2075 843 2124 qui
867 2076 1033 2112 condunt
1053 2075 1155 2124 leges
1180 2076 1338 2124 iniquas,

228 2150 253 2179 ι,χ
277 2133 314 2172 εἰ
327 2129 529 2167 scribentes
547 2128 744 2166 iniustitias
761 2128 998 2176 scripserunt.
1021 2129 1123 2175 Ergo
1143 2140 1221 2165 non
1241 2140 1340 2165 sem-

191 2176 237 2219 1²55?
247 2181 254 2210 J
275 2192 350 2230 pei·v
372 2189 429 2219 est
455 2180 667 2218 secundum
693 2181 796 2228 leges
824 2181 980 2230 scriptas
1007 2180 1266 2218 iudicandum.

331 2245 367 2272 2.
391 2234 637 2280 Pmmm,
667 2233 851 2271 iudicium
884 2240 1035 2282 oportet
1072 2245 1154 2270 esse
1183 2233 1230 2270 de
1266 2234 1338 2271 sin-

275 2286 467 2334 gularibus
496 2286 707 2324 eventibus.
738 2285 815 2323 Sed
843 2285 946 2323 nussa
975 2287 1034 2322 lex
1053 2286 1191 2334 scripta
1214 2294 1340 2335 potest

275 2350 413 2381 omnes
453 2339 658 2386 singulares
700 2346 859 2376 eventus
902 2339 1259 2387 comprehendere:
1298 2347 1339 2376 ut

223 2410 248 2421 ·-
275 2399 464 2441 patetper
484 2392 774 2440 Philosophum,
794 2392 832 2428 in
846 2392 882 2428 V
895 2392 1015 2428 Ethic.
1030 2391 1051 2413 ⁸²
1071 2392 1172 2439 Ergo
1187 2391 1338 2429 videtur

275 2444 382 2493 quod
408 2456 487 2481 non
516 2456 668 2493 semper
695 2445 742 2481 sit
769 2444 982 2482 secundum
1015 2444 1116 2492 leges
1144 2444 1299 2492 scriptas
1319 2450 1338 2467 ²

274 2497 534 2542 iudicandum.

288 2550 364 2593 «13.
386 2551 617 2596 PRAETEREA‚
647 2550 705 2586 lex
725 2550 774 2586 ad
802 2550 876 2586 hoc
902 2549 1074 2586 scribitur
1092 2556 1134 2586 ut
1152 2549 1336 2586 sententia

273 2602 493 2650 legislatoris
511 2603 781 2640 manifestetur.
812 2602 888 2639 Sed
907 2602 1140 2651 quandoque
1156 2602 1337 2650 contingit

54 2695 59 2702 ,
198 2666 254 2711 Ῑῖ-ἰτ·
274 2655 379 2704 quod
408 2655 437 2691 si
463 2655 544 2704 ipse
571 2656 668 2692 lator
695 2654 710 2684 β
737 2655 830 2703 legis
857 2667 1037 2704 praesens
1075 2662 1193 2701 esset,
1231 2655 1336 2692 aliter

46 2708 53 2745 t
83 2729 113 2759 χ
147 2704 179 2759 s}
274 2707 475 2750 iudicaret.
496 2709 598 2756 Ergo
618 2721 696 2745 non
725 2716 782 2745 est
799 2720 952 2756 semper
971 2707 1183 2744 secundum
1211 2707 1333 2755 legem
1360 2725 1362 2734 ι

63 2755 111 2801 ,ἦ
131 2751 245 2800 ,³
275 2760 453 2808 scriptam
472 2765 487 2788 Υ
515 2760 776 2798 iudicandum.

118 2812 185 2852 ‘ais
323 2813 404 2857 San
419 2824 565 2851 CONTRA
579 2824 646 2850 EST
654 2813 760 2861 quod
769 2812 1003 2860 Augustinus
1018 2813 1118 2858 dicit,
1129 2812 1168 2848 in
1183 2812 1278 2849 libro
1289 2812 1343 2848 de-

111 2892 118 2899 .
188 2891 195 2899 ·
281 2866 379 2903 Vera
392 2864 518 2914 Relig.
529 2865 566 2902 ²¹².-
585 2867 632 2903 In
652 2866 728 2902 istis·
752 2865 1018 2913 temporalibus
1039 2865 1194 2914 legibus,
1217 2876 1334 2912 quan-

274 2930 388 2967 quam
420 2918 466 2955 de
496 2918 553 2954 his
584 2919 752 2955 homines
784 2918 946 2955 iudicent
976 2929 1062 2954 cum
1095 2929 1159 2954 eas
1195 2917 1334 2953 institu-

274 2971 392 3016 erint,
421 2976 544 3007 tamen
580 2982 666 3007 cum
690 2970 845 3019 fuerint
870 2970 1055 3007 institutae
1082 2975 1118 3006 et
1136 2971 1332 3016 firmatae,

275 3036 350 3062 non
369 3023 491 3060 licebit
517 3023 698 3060 iudicibus
725 3024 770 3060 de
798 3023 884 3070 ipsis
912 3022 1090 3068 iudicare,
1109 3022 1175 3059 sed
1203 3033 1332 3058 secun-

274 3077 363 3114 dum
393 3076 503 3124 ipsas.

311 3130 554 3166 -Rssponnzo
581 3139 766 3167 memnon
794 3128 912 3176 quod,
941 3128 1036 3164 sicut
1064 3127 1207 3164 dictum
1228 3135 1283 3164 est
1301 3126 1332 3174 ²⁸,

273 3181 455 3223 iudicium
482 3181 575 3218 nihil
602 3189 659 3218 est
685 3181 787 3218 aliud
814 3180 885 3219 nisi
903 3178 916 3202 ὅ
945 3180 1135 3228 quaedam
1164 3180 1332 3218 definitio

273 3235 335 3272 vel
356 3233 617 3271 determinatio
638 3233 719 3270 eius
738 3234 842 3282 quod
866 3233 1007 3270 iustum
1027 3241 1093 3270 est.
1123 3233 1181 3271 Fit
1206 3240 1332 3270 autem
1359 3273 1361 3283 ,

274 3287 415 3336 aliquid
442 3287 583 3323 iustum
603 3286 816 3334 dupliciter:
845 3298 923 3323 uno
943 3286 1075 3331 modo,
1103 3297 1148 3322 ex
1165 3286 1246 3334 ipsa
1270 3298 1333 3322 na·
1359 3312 1361 3327 .

1359 3338 1653 3385 'iudicandum,
1692 3340 1759 3376 sed
1797 3338 2068 3375 recurrendum
2105 3337 2154 3374 ad
2191 3337 2439 3385 aequitatem,

273 3347 356 3377 tura
375 3339 440 3386 rei,
461 3339 565 3387 quod
593 3339 726 3375 dicitur
745 3338 802 3375 ius
821 3339 1006 3385 naturale;
1036 3339 1108 3376 alio
1135 3339 1266 3385 modo,
1288 3351 1332 3375 ex

326 3453 354 3485 α)
373 3453 496 3485 scriptas.
509 3467 527 3472 —
546 3453 608 3477 Om.
627 3452 888 3477 ABCDEFGIKan.

326 3487 351 3521 β)
371 3489 442 3513 lator
461 3489 534 3521 legis.
547 3502 566 3507 -
584 3488 722 3521 legislator
741 3487 810 3511 PGa.

324 3523 351 3556 γ)
370 3524 454 3556 legem
473 3523 638 3555 scriptam.-
656 3523 726 3555 Ieges
744 3522 857 3554 scriptas
877 3522 928 3546 ΡΙ).

678 1727 834 1758 UTRUM
857 1727 924 1758 SIT
947 1726 1115 1757 SEMPER
1139 1727 1378 1758 SECUNDUM
1402 1727 1540 1758 LEGES
1562 1727 1765 1759 SCRIPTAS
1789 1728 2063 1759 IUDICANDUM

1395 1810 1566 1858 quodam
1587 1810 1762 1848 condicto
1781 1811 1876 1848 inter
1894 1812 2081 1859 homines,
2111 1813 2214 1861 quod
2245 1813 2378 1851 dicitur
2399 1815 2458 1853 ius

1394 1863 1616 1911 positivum,
1645 1871 1686 1900 ut
1705 1876 1820 1912 supra
1838 1864 1858 1885 ²¹⁵
1884 1865 2055 1902 habitum
2081 1873 2148 1902 est.
2178 1867 2302 1914 Leges
2328 1875 2455 1905 autem

1395 1916 1608 1953 scribuntur
1626 1916 1674 1953 ad
1694 1916 1890 1964 utriusque
1910 1917 1999 1954 iuris
2019 1918 2331 1956 declarationem:
2351 1921 2457 1958 aliter

1394 1976 1524 2005 tamen
1553 1976 1589 2005 et
1617 1969 1733 2006 aliter.
1763 1970 1865 2006 Nam
1894 1970 1986 2017 legis
2014 1971 2196 2019 scriptura
2222 1972 2280 2008 ius
2299 1972 2455 2020 quidem

1394 2022 1563 2058 naturale
1599 2021 1782 2069 continet,
1812 2022 1879 2059 sed
1907 2035 1986 2060 non
2020 2023 2192 2060 instituit:
2239 2037 2318 2061 non
2353 2026 2454 2062 enim

1392 2075 1507 2111 habet
1536 2074 1652 2111 robur
1681 2086 1726 2110 ex
1753 2075 1848 2122 lege,
1878 2075 1945 2112 sed
1974 2088 2019 2112 ex
2048 2084 2192 2113 natura.
2237 2078 2298 2114 Ius
2325 2085 2454 2115 autem

1391 2127 1600 2175 positivum
1628 2127 1811 2175 scriptura
1842 2128 1933 2175 legis
1962 2135 1998 2164 et
2025 2129 2190 2166 continet
2223 2137 2259 2166 et
2285 2130 2451 2177 instituit,

1393 2181 1488 2216 dans
1521 2180 1554 2216 ei
1583 2180 1812 2216 auctoritatis
1840 2181 1969 2217 robur.
2016 2182 2066 2218 Et
2091 2181 2179 2218 ideo
2212 2194 2368 2219 necesse
2398 2191 2453 2220 est

1392 2233 1497 2281 quod
1525 2232 1707 2269 iudicium
1742 2233 1808 2269 fiat
1835 2233 2047 2270 secundum
2081 2234 2172 2282 legis
2207 2235 2451 2283 scripturam:

1391 2285 1560 2336 alioquin
1591 2285 1773 2323 iudicium
1803 2285 1981 2323 deficeret
2007 2286 2070 2322 vel
2103 2299 2124 2323 a
2152 2287 2251 2324 iusto
2280 2289 2450 2336 naturali,

1390 2339 1453 2375 vel
1481 2351 1503 2375 a
1530 2338 1628 2374 iusto
1656 2338 1835 2386 positivo.

1436 2392 1502 2428 >AD
1539 2402 1676 2427 ramum
1713 2402 1811 2427 ERGO
1846 2402 2029 2428 metianum
2063 2391 2168 2439 quod
2205 2393 2264 2428 lex
2297 2392 2449 2440 scripta,

1390 2443 1487 2480 sicut
1514 2455 1593 2480 non
1620 2442 1684 2480 dat
1711 2443 1828 2480 robur
1855 2443 1924 2480 iuri
1953 2444 2123 2490 naturali,
2152 2444 2203 2480 ita
2229 2457 2301 2481 nec
2327 2453 2451 2493 potest

1391 2496 1471 2532 eius
1493 2496 1610 2532 robur
1624 2495 1796 2532 minuere
1810 2496 1872 2532 vel
1892 2496 2055 2532 auferre:
2081 2497 2169 2545 quia
2190 2509 2259 2533 nec
2273 2498 2450 2535 voluntas

1389 2548 1556 2585 hominis
1591 2555 1717 2597 potest
1752 2548 1956 2585 immutare
1993 2556 2178 2586 naturam.
2227 2551 2276 2586 Et
2303 2550 2390 2586 ideo
2419 2551 2448 2587 si

1389 2601 1572 2649 scriptura
1601 2601 1692 2648 legis
1721 2601 1911 2638 contineat
1938 2601 2080 2649 aliquid
2108 2609 2239 2638 contra
2266 2602 2323 2639 ius
2342 2610 2448 2639 natu-

1390 2655 1488 2701 rale,
1516 2654 1654 2691 iniusta
1681 2661 1757 2700 est,
1784 2666 1856 2690 nec
1889 2654 2004 2691 habet
2030 2654 2109 2691 vim
2148 2655 2358 2702 obligandi:
2395 2655 2448 2692 ibi

1390 2707 1491 2743 enirn
1526 2707 1586 2743 ius
1612 2706 1820 2755 positivum
1857 2707 1984 2743 locum
2019 2707 2134 2743 habet
2169 2708 2234 2744 ubi
2262 2715 2447 2756 quantum

1360 2766 1362 2771 “
1389 2760 1437 2796 ad
1466 2759 1523 2796 ius
1552 2760 1722 2796 naturale
1749 2759 1841 2796 nihil
1867 2759 1993 2809 differt
2024 2765 2149 2796 utrum
2176 2761 2230 2796 sic
2264 2760 2325 2796 vel
2340 2761 2448 2797 aliter

1377 2814 1465 2860 fiat,
1493 2812 1587 2849 sicut
1606 2824 1720 2860 supra
1738 2811 1758 2833 ‘¹‘
1781 2811 1952 2848 habitum
1981 2819 2046 2849 est.
2077 2813 2125 2849 Et
2149 2812 2235 2848 ideo
2255 2825 2327 2849 nec
2354 2814 2446 2850 tales

1388 2865 1592 2912 scripturae
1620 2865 1721 2911 leges
1751 2864 1937 2911 dicuntur,
1958 2864 2025 2901 sed
2051 2864 2178 2912 potius
2197 2865 2287 2912 legis
2317 2877 2445 2902 corru-

1387 2917 1558 2965 ptiones,
1587 2924 1628 2952 ut
1655 2929 1770 2964 supra
1794 2916 1814 2938 ’¹‘
1842 2916 1984 2953 dictum
2014 2925 2080 2953 est.
2116 2917 2165 2953 Et
2195 2917 2283 2954 ideo
2313 2930 2444 2955 secun·
2470 2933 2482 2943 ·
2500 2933 2512 2946 Δ

1388 2970 1482 3006 dum
1511 2981 1574 3006 eas
1603 2980 1681 3005 non
1709 2976 1765 3005 est
1792 2968 2049 3006 iudicandum.

1440 3023 1498 3059 AD
1518 3033 1709 3058 SECUNDUM
1727 3033 1910 3059 morannum
1930 3021 2034 3070 quod
2054 3021 2149 3058 sicut
2167 3022 2267 3069 leges
2293 3022 2443 3071 iniquae

1388 3074 1599 3112 secundum
1628 3087 1668 3111 se
1693 3074 1968 3111 contrariantur
1986 3074 2056 3111 iuri
2076 3074 2246 3121 naturali,
2264 3075 2326 3111 vel
2345 3087 2443 3112 sem-

1387 3139 1456 3176 per
1478 3128 1540 3164 vel
1569 3134 1609 3164 ut
1633 3127 1671 3164 in
1689 3127 1877 3175 pluribus;
1905 3127 1956 3163 ita
1976 3127 2087 3164 etiam
2115 3127 2215 3174 leges
2234 3139 2332 3175 quae
2358 3135 2444 3165 sunt

1388 3187 1488 3217 recte
1524 3180 1671 3228 positae
1708 3180 1746 3219 in
1774 3179 1960 3228 aliquibus
1997 3179 2146 3216 casibus
2181 3179 2376 3226 deficiunt,
2404 3180 2442 3217 in

1388 3233 1525 3281 quibus
1550 3234 1580 3270 si
1600 3240 1850 3279 servarentur,
1876 3240 1974 3269 esset
1991 3237 2003 3253 ⁸
2032 3240 2162 3269 contra
2185 3232 2242 3268 ius
2261 3234 2440 3270 naturale.

1388 3287 1437 3322 Et
1455 3286 1542 3323 ideo
1563 3286 1599 3322 in
1619 3286 1754 3322 talibus
1774 3298 1852 3322 non
1873 3293 1927 3321 est
1942 3285 2151 3321 secundum
2170 3284 2329 3321 litteram
2351 3285 2442 3333 legis

1441 3452 1464 3483 ὅ)
1484 3452 1544 3476 nisi.
1556 3465 1575 3470 —-
1593 3459 1670 3484 quam
1692 3453 1737 3475 Pa.

1444 3487 1461 3519 ε)
1482 3490 1557 3511 esset.
1570 3501 1588 3505 -
1606 3490 1692 3511 essent
1709 3487 1754 3510 Ρα.

2411 240 2490 283 31¹

2484 1503 2494 1512 ¹
2507 1502 2578 1524 Num.
2591 1509 2623 1524 vr.

2484 1876 2547 1903 Ὠιι
2559 1882 2615 1899 nvn.
2624 1881 2663 1898 art.
2673 1883 2694 1898 2.

2473 2828 2483 2838 ⁴
2497 2827 2564 2854 1bid.,
2579 2828 2607 2849 ad
2622 2834 2643 2849 2.

2521 2933 2568 2982 ²⁴⁵2*

2569 2950 2576 2959 ,
2583 2939 2622 2961 qu.
2630 2939 2681 2959 xcv,
