2860 4244
116 1271 126 1279 ‘⁶
144 1269 200 1290 Can.
220 1268 328 1290 Anterio-

117 1302 180 1321 rum,
205 1301 268 1317 caus.
290 1294 326 1320 11,

117 1329 157 1350 qu.
166 1328 197 1343 vr.

115 1385 124 1394 ⁸
136 1383 193 1405 Can.
204 1382 233 1405 Si
241 1384 327 1408 autern,

117 1416 179 1431 caus.
188 1409 217 1436 11,
227 1415 267 1438 qu.
276 1415 308 1430 vr.
318 1419 328 1425 -

115 1435 327 1463 CtlAppendAEi-at.

117 2064 126 2072 ⁸
141 2063 192 2084 Art.
209 2061 314 2089 praeced.

123 2644 132 2653 ·
154 2641 278 2664 Lombard.
306 2647 334 2663 ex

123 2670 183 2696 Aug.

123 2702 132 2711 ⁸
147 2700 215 2722 Vers.
229 2706 250 2721 2.

319 1757 328 1761 -
355 1735 458 1772 enim
488 1741 543 1771 est
570 1733 776 1782 prudenter
801 1731 978 1768 evadere.
1020 1728 1132 1766 Unde
1161 1729 1207 1775 11,
1235 1740 1299 1776 qu.
1325 1738 1360 1764 vi
1387 1726 1418 1773 ⁵¹⁸,

295 2216 330 2236 ‘⁰
357 2214 406 2251 Et
433 2212 520 2250 ideo
550 2210 645 2248 sicut
666 2210 800 2248 dicitur
820 2210 867 2256 ΙΙ,
891 2221 955 2257 qu.
976 2206 1058 2255 vt*‚
1087 2206 1192 2244 omni
1215 2205 1327 2243 modo
1350 2216 1422 2253 pu-

360 225 428 251 112

1024 209 1291 257 QUAESTIO
1322 210 1461 255 LXIX,
1491 209 1786 246 ARTICULUS
1817 209 1864 244 111

1154 333 1472 375 ARTICULUS
1501 333 1728 375 TERTIUS

726 426 879 458 UTRUM
904 425 990 456 REO
1016 423 1176 455 LICEAT
1200 423 1399 454 IUDICIUM
1423 423 1670 455 DECLINARE
1693 425 1776 455 PER
1799 423 2164 455 APPELLATIONEM

387 534 446 576 ἢῆ,
488 546 510 559 s,
564 529 587 554 D
606 526 766 553 TERTmM
786 525 839 550 SIC
863 523 1103 550 Pkocumrtm.
1130 511 1290 549 Videtur
1309 510 1415 559 quod
1441 542 1442 545 ,

385 574 434 631 ⁵⁶?
564 581 630 606 reo
659 580 739 605 non
772 566 881 603 liceat
908 565 1091 602 iudicium
1123 564 1314 601 declinare
1346 575 1416 612 per

381 562 403 577 Γ.
420 546 450 576 1‘
472 558 475 563 -

431 639 451 654 ,

372 627 459 701 ᾆξ’
521 668 549 705 *e
564 676 677 712 Rom.
697 685 759 710 xm
777 672 818 709 *ε
859 672 988 709 Omnis
1016 671 1145 708 anima
1173 670 1416 719 potestatibus

352 727 631 764 sublimioribus
661 726 807 763 subdita
842 725 899 762 sit.
944 725 1021 762 Sed
1059 735 1147 761 reus
1188 723 1415 772 appellando

354 834 455 881 Ergo
483 840 628 881 peccat.

408 898 443 923 2.
472 886 711 932 PRAETEREA,
740 884 866 922 maius
894 890 951 920 est
977 882 1174 920 vinculum
1204 881 1416 919 ordinariae

353 938 548 987 potestatis
568 950 685 987 quam
704 937 883 986 propriae
904 935 1110 974 electionis.
1141 935 1219 973 Sed
1247 935 1343 971 sicut
1365 935 1417 971 le-

239 1007 263 1022 1u
287 1001 326 1022 'i-
352 991 450 1040 gitur
469 993 514 1039 II,
536 1003 599 1040 qu.
619 1003 656 1028 νι
674 992 706 1038 *,
735 1003 758 1028 α
779 990 960 1027 iudicibus
979 1001 1071 1038 quos
1098 988 1308 1026 communis
1330 999 1419 1024 con-

352 1057 482 1082 sensus
497 1050 514 1066 ‘2
533 1044 690 1096 elegerit
706 1056 781 1081 non
802 1044 912 1080 liceat
921 1042 1140 1091 provocari.
1171 1042 1274 1088 Ergo
1297 1041 1416 1076 multo

354 1098 479 1135 minus
506 1096 594 1134 licet
621 1097 813 1146 appellare
842 1109 865 1133 a
892 1095 1090 1133 iudicibus
1107 1093 1319 1131 ordinariis.

410 1152 444 1188 3.
470 1152 716 1198 PRAETEREA,
749 1149 841 1187 illud
870 1149 977 1197 quod
1013 1148 1133 1185 semel
1168 1154 1224 1183 est
1261 1145 1418 1192 licitum,
1444 1149 1446 1156 '

354 1215 507 1252 semper
525 1211 581 1241 est
599 1203 755 1240 licitum.
786 1202 863 1239 Sed
891 1214 971 1239 non
990 1209 1048 1238 est
1064 1200 1206 1237 licitum
1227 1199 1420 1247 appellare

354 1264 441 1306 post
470 1257 664 1294 decimum
694 1255 796 1293 diem
823 1255 864 1300 ³¹²,
895 1251 1055 1302 neque}3
1083 1252 1193 1289 tertio
1220 1263 1335 1300 super
1355 1263 1420 1287 eo-

356 1310 444 1347 dem
465 1309 495 1346 *.
526 1310 628 1357 Ergo
648 1309 800 1346 videtur
818 1308 923 1355 quod
952 1305 1154 1356 appellatio
1185 1316 1263 1341 non
1288 1303 1333 1340 sit
1361 1315 1418 1340 se-
1444 1292 1446 1342 i

355 1362 527 1400 cundum
556 1374 596 1399 se
625 1361 735 1398 licita.
1444 1351 1446 1395 Ι

409 1416 483 1452 SED
521 1426 666 1452 CONTRA
700 1425 766 1450 EST
795 1411 900 1461 quod
937 1411 1079 1448 Paulus
1109 1410 1316 1447 Caesarem
1354 1410 1446 1456 ap-{

354 1468 520 1517 pellavit,
548 1475 590 1504 ut
616 1468 777 1504 habetur
804 1467 887 1503 Act.
907 1476 980 1502 xxv
997 1464 1029 1501 ³⁸.
1444 1464 1446 1471 '

407 1522 633 1558 Responnno
648 1531 833 1558 mcssunum
847 1517 955 1567 quod
974 1516 1115 1566 duplici
1134 1516 1182 1553 de
1199 1527 1314 1552 causa
1329 1526 1420 1551 con·
1444 1528 1446 1564 3

353 1574 459 1622 tingit
473 1574 641 1622 aliquem
661 1573 864 1622 appellare.
893 1571 982 1608 Uno
998 1569 1154 1619 quidem
1174 1568 1307 1615 modo,
1329 1579 1419 1604 con—

354 1628 513 1666 fidentia
531 1627 650 1664 iustae
671 1638 829 1663 causae:
857 1624 947 1674 quia
964 1622 1143 1661 videlicet
1169 1621 1303 1659 iniuste
1323 1633 1346 1658 a
1364 1621 1419 1657 iu-

355 1681 439 1719 dice
467 1688 656 1730 gravatur.
690 1680 740 1716 Et
767 1679 821 1716 sic
848 1677 991 1714 licitum
1021 1683 1078 1713 est
1105 1675 1315 1724 appellare:
1344 1675 1420 1711 hoc
1445 1670 1447 1728 j

356 1788 509 1825 dicitur:
543 1787 673 1824 Omnis
691 1795 888 1834 oppressus
913 1783 1028 1820 libere
1045 1782 1283 1818 sacerdotum
1305 1779 1340 1815 si
1355 1790 1421 1816 νο·
1445 1781 1447 1817 ἶ

355 1842 468 1878 luerit
492 1839 651 1889 appellet
685 1838 883 1883 iudicium,
913 1841 949 1873 et
975 1847 998 1872 a
1027 1834 1130 1872 nullo
1158 1834 1417 1883 prohibeatur.

408 1894 494 1931 Alio
523 1894 641 1930 modo
671 1891 803 1940 aliquis
828 1890 992 1938 appellat
1021 1900 1136 1924 causa
1165 1884 1384 1925 afferendae
1403 1890 1419 1913 Υ
1446 1891 1447 1933 ξ

356 1959 500 1993 morae,
529 1959 577 1983 ne
598 1953 730 1983 contra
749 1956 839 1981 eum
860 1943 956 1980 iusta
980 1940 1168 1979 sententia
1193 1940 1417 1990 proferatur.

356 2001 405 2038 Et
432 2001 508 2036 hoc
535 2007 592 2036 est
629 1997 865 2035 calumniose
893 2008 932 2033 se
964 1995 1192 2041 defendere,
1221 1992 1328 2043 quod
1366 1998 1422 2028 est
1446 2033 1447 2036 Ἰ

355 2053 534 2098 illicitum,
565 2052 661 2089 sicut
681 2050 823 2087 dictum
853 2056 909 2086 est
926 2048 967 2084 *z
997 2047 1085 2084 facit
1113 2047 1216 2084 enim
1244 2044 1421 2083 iniuriam

357 2114 393 2143 et
419 2105 553 2152 iudici,
585 2104 691 2142 cuius
720 2102 892 2140 officium
921 2101 1098 2150 impedit,
1135 2107 1171 2137 et
1199 2097 1420 2136 adversario

356 2172 440 2206 suo,
470 2159 578 2196 cuius
606 2156 797 2204 iustitiam,
828 2162 1013 2204 quantum
1042 2160 1183 2203 potest,
1211 2151 1419 2202 perturbat.
1447 2147 1449 2164 ²

359 2266 515 2303 niendus
557 2270 611 2301 est
651 2264 756 2300 cuius
798 2262 935 2299 iniusta
977 2260 1176 2309 appellatio
1210 2257 1223 2281 δ
1252 2270 1422 2307 pronun-

358 2321 484 2356 tiatur.

412 2373 471 2408 An
491 2382 628 2408 PR1MUM
657 2380 755 2406 ERGO
780 2379 965 2405 DICENDUM
994 2367 1099 2415 quod
1127 2364 1304 2415 potestati
1331 2363 1423 2400 infe-

360 2425 448 2463 riori
483 2424 671 2461 intantum
709 2421 843 2470 aliquis
880 2419 1013 2458 subiici
1046 2419 1160 2457 debet
1195 2418 1423 2466 inquantum

361 2477 536 2516 ordinem
557 2475 760 2524 superiotis
785 2481 923 2520 servat,
944 2485 967 2509 a
986 2485 1064 2521 quo
1092 2471 1123 2509 si
1144 2469 1423 2516 exorbitaverit,

362 2531 396 2568 ei
415 2529 549 2568 subiici
572 2541 651 2566 non
671 2535 841 2576 oportet:
869 2534 963 2576 puta
986 2526 1019 2562 si
1036 2525 1141 2562 aliud
1167 2524 1316 2560 iusserit
1334 2535 1424 2571 pro-

361 2583 502 2626 consul,
522 2589 558 2619 et
574 2582 680 2619 aliud
695 2582 922 2629 Imperator,
942 2587 984 2616 m
1002 2586 1106 2627 patet
1124 2589 1192 2626 per
1211 2578 1391 2614 Glossam
1405 2575 1425 2597 *³
1451 2613 1452 2616 ,

361 2637 472 2674 Rom.
493 2634 607 2672 xr11*.
653 2634 753 2671 Cum
783 2641 912 2671 autem
949 2632 1062 2669 iudex
1091 2631 1228 2668 iniuste
1257 2629 1424 2678 aliquem
1451 2637 1453 2651 ¹

361 2697 503 2738 gravat,
525 2695 711 2736 quantum
732 2687 780 2724 ad
808 2687 883 2724 hoc
912 2684 1087 2734 relinquit
1110 2683 1284 2721 ordinem
1315 2694 1426 2731 supe—

416 2826 443 2856 οι)
462 2831 613 2850 consensus.
625 2837 643 2843 -
655 2830 748 2849 sensus
762 2822 1003 2854 ABCDEFHIpr.
1016 2835 1035 2840 -
1054 2821 1105 2846 Pro
1120 2820 1274 2852 provocari,
1293 2819 1430 2851 appellare

363 2862 408 2893 sA,
427 2861 561 2893 appellari
579 2859 649 2889 CDa,
664 2866 816 2891 provocare
835 2858 863 2882 P.

417 2896 442 2929 β)
462 2903 583 2928 nequa-
601 2902 666 2927 ergo
686 2901 769 2926 neque
787 2894 867 2919 etiam
887 2893 920 2924 G,
939 2899 1004 2925 ergo
1024 2899 1071 2917 nec
1090 2893 1117 2916 ιἰι
1138 2892 1170 2921 Η,
1190 2897 1255 2924 ergo
1275 2890 1301 2914 in
1321 2891 1338 2921 1,
1364 2896 1429 2922 ergo

364 2939 446 2963 neque
465 2939 497 2956 ει(
517 2937 541 2956 et
559 2938 584 2961 a,
605 2937 669 2963 ergo
689 2937 780 2962 neque,
799 2930 899 2954 omisso
918 2936 978 2953 mox
997 2928 1081 2960 Ergo,
1101 2926 1306 2959 ABEFKLpr.

417 2968 442 3000 γ)
462 2966 623 3000 afferendae.
636 2979 654 2984 -
673 2965 837 2999 differendae
856 2965 884 2995 P,
908 2963 1046 2997 afferendo
1069 2963 1110 2988 ed.
1126 2970 1151 2991 a.
1175 2961 1318 2996 differendi
1345 2962 1429 2991 (mor-

365 3003 430 3034 tem)
450 3002 480 3026 D.

418 3036 442 3069 3)
463 3037 564 3061 iniusta
581 3036 735 3068 appellatio.
747 3049 766 3055 -
784 3035 929 3067 appellatio
949 3034 1047 3059 iniusta
1066 3033 1118 3058 PD-

419 3074 441 3104 ε)
462 3071 676 3097 directionem·
694 3071 820 3096 iudicium
841 3071 872 3095 L.

418 3108 443 3139 ζ)
463 3107 583 3140 confidit.
595 3120 615 3126 -
632 3106 750 3140 confidat
767 3106 889 3130 ABHLx.

418 3144 445 3175 η)
465 3143 533 3175 quis.
548 3156 565 3160 —
582 3149 611 3167 os
625 3141 767 3173 AEfflpr
782 3146 807 3165 et
820 3148 845 3170 a,
858 3140 943 3165 animi
962 3141 990 3170 Β,
1008 3139 1081 3164 omni
1095 3139 1125 3169 F,
1140 3138 1248 3163 omnino
1261 3137 1291 3166 D.
1306 3138 1384 3162 homo
1397 3137 1429 3166 G,

1470 511 1578 548 rioris
1605 512 1812 561 potestatis,
1843 511 2056 549 secundum
2085 522 2203 560 quarn
2232 510 2437 548 necessitas
2463 511 2533 558 sibi

1441 601 1443 614 ἶ
1469 564 1564 601 iuste
1603 564 1793 603 iudicandi
1826 564 2048 614 imponitur.
2090 564 2140 601 Et
2173 563 2261 601 ideo
2295 563 2439 601 licitum
2479 570 2535 602 est

455 640 489 665 η
510 620 874 670 (appellationem.
920 618 1020 656 Dicit
1057 617 1160 656 enim
1193 616 1443 677 Apostolus&

1471 617 1504 654 ei
1525 616 1589 665 qui
1618 626 1748 655 contra
1773 617 1950 655 iustitiam
1969 625 2158 665 gravatur,
2180 616 2229 654 ad
2255 615 2504 655 directionem
2521 620 2534 638 ²

1470 670 1675 718 superioris
1691 670 1886 719 potestatis
1903 682 2096 708 recurrere
2111 669 2355 719 appellando,
2368 670 2432 706 vel
2447 676 2534 706 ante

1442 731 1444 766 l
1470 723 1698 760 sententiam
1724 724 1787 760 vel
1815 731 1913 771 post.
1934 742 1959 750 —
1988 724 2037 760 Et
2057 723 2146 771 quia
2173 734 2252 760 non
2279 722 2536 772 praesumitur

354 787 502 818 recusat
530 779 662 816 subiici
692 777 868 828 potestati
895 777 1092 827 superiori,
1122 776 1262 813 scilicet
1290 774 1415 813 iudici.
1443 775 1444 800 ³
2477 770 2481 774 ”

1471 788 1553 813 esse
1584 776 1769 813 rectitudo
1797 775 1865 812 ubi
1886 786 1980 812 vera
2007 775 2105 813 fides
2133 787 2212 813 non
2241 783 2316 823 est,
2346 775 2435 812 ideo
2454 787 2534 812 non

1443 832 1444 864 3
1470 829 1556 866 licet
1595 828 1792 866 Catholico
1822 828 1871 866 ad
1898 827 2095 867 infidelem
2126 827 2293 873 iudicem
2323 830 2533 878 appellare:

1444 911 1445 915 ,
1471 882 1684 920 secundum
1699 881 1791 921 illud
1807 882 1852 928 ΙΙ,
1868 893 1932 930 qu.
1948 893 1983 919 vt
1998 878 2036 917 *z
2065 881 2277 919 Catholicus
2295 881 2363 930 qui
2377 893 2535 925 causam

1444 957 1445 972 l
1469 948 1591 982 suam,
1619 936 1697 972 sive
1725 935 1861 972 iustam
1888 934 1967 971 sive
1988 933 2179 980 iniustarm
2205 935 2258 971 ad
2272 934 2454 971 iudicium
2479 935 2535 972 al-

1444 982 1445 1032 Ϊ
1471 990 1584 1026 terius
1602 989 1701 1036 fidei
1726 988 1858 1025 iudicis
1874 987 2154 1036 provocaverit,
2174 987 2533 1024 excommunicetur.

1472 1043 1575 1079 Nam
1605 1049 1642 1078 et
1669 1042 1876 1091 Apostolus
1906 1039 2025 1089 arguit
2043 1039 2066 1062 ’Β
2089 1051 2157 1076 eos
2184 1039 2250 1088 qui
2276 1038 2421 1076 iudicio
2447 1040 2536 1082 co'n-

1470 1095 1679 1137 tendebant
1706 1095 1809 1143 apud
1837 1093 2022 1135 infideles.
2365 1119 2379 1142 3
2422 1117 2426 1120 »

1524 1152 1584 1185 An
1607 1159 1800 1186 SECUNDUM
1818 1158 2004 1190 D1CENDUM
2022 1145 2129 1194 quod
2150 1157 2195 1183 ex
2213 1141 2538 1194 propriddefeeiu

1470 1202 1534 1237 vel
1562 1201 1788 1248 negligentia
1814 1199 1986 1248 procedit
2010 1198 2115 1247 quod
2143 1198 2288 1247 aliquisx
2306 1210 2375 1235 sua
2394 1204 2538 1247 *sponte

1471 1265 1512 1290 se
1540 1254 1694 1290 alterius
1722 1252 1863 1290 iudicio
1892 1251 2064 1289 subiiciat
2090 1251 2140 1288 de
2162 1251 2270 1288 cuius
2299 1250 2437 1297 iustitia
2451 1259 2538 1289 mon

1473 1306 1629 1344 confidit
1643 1305 1667 1343 ζ.
1688 1305 1804 1343 Levis
1825 1305 1940 1342 etiam
1959 1304 2084 1343 animi*
2096 1313 2179 1354 esse
2192 1304 2344 1342 videtur
2361 1312 2404 1354 ut
2423 1303 2538 1355 quis?ti

1471 1371 1552 1396 non
1578 1365 1802 1408 permaneat
1820 1358 1859 1395 in
1879 1369 1925 1399 eo
1946 1356 2188 1406 quodsemel
2215 1347 2536 1409 approbavit3<Ei

1470 1412 1560 1450 ideo
1595 1411 1864 1450 rationabiliter
1892 1409 2099 1458 denegatur
2125 1408 2344 1452 subsidium,
2357 1411 2539 1459 ,appella-

1444 1478 1446 1482 ·
1470 1465 1582 1502 tionis
1606 1478 1629 1502 a
1647 1465 1834 1502 iudicibus
1852 1463 2058 1501 arbitrariis
2072 1461 2098 1505 θ,
2117 1462 2186 1511 qui>
2201 1463 2557 1512 mahebentnpu

1471 1526 1647 1556 testatem
1674 1517 1746 1555 nisi
1774 1528 1820 1554 ex
1840 1528 2029 1554 consensu
2057 1515 2541 1566 litigantiumhsedpox

1471 1579 1584 1608 testas
1612 1570 1745 1608 iudicis
1765 1569 1945 1608 ordinarii
1973 1582 2051 1607 non
2072 1569 2265 1618 dependet
2283 1581 2328 1606 ex
2343 1568 2540 1616 *cons-ens&

1445 1663 1446 1668 ,
1471 1625 1568 1662 illius
1588 1624 1654 1673 qui
1682 1623 1762 1661 eius
1781 1623 1921 1661 iudicio
1942 1622 2127 1670 subditur,
2156 1621 2225 1660 sed
2250 1633 2296 1659 ex
2314 1610 2542 1666 auctoritate*

1472 1677 1592 1726 regis‘
1613 1685 1650 1714 et
1668 1676 1859 1726 principis,
1879 1676 1945 1726 qui
1964 1687 2055 1714 eum
2074 1674 2245 1713 instituit.
2271 1675 2322 1713 Et
2338 1675 2541 1716 ideoeone

1445 1729 1447 1765 ἒ
1472 1738 1528 1768 tra
1563 1731 1644 1767 eius
1670 1730 1852 1767 iniustum
1886 1740 2096 1777 gravamen
2121 1729 2182 1765 Lex
2208 1728 2341 1766 tribuit
2370 1729 2543 1778 appella-‘-

1472 1783 1584 1820 tionis
1622 1783 1857 1820 subsidium:
1900 1782 1951 1819 ita
1979 1781 2102 1830 quod,
2133 1781 2247 1818 etiam
2285 1781 2316 1818 si
2347 1781 2395 1819 sit
2421 1781 2543 1819 simul*

1473 1836 1685 1873 ordinarius
1706 1843 1742 1873 et
1760 1834 1978 1873 arbitrarius
1997 1834 2122 1881 iudex,
2148 1840 2274 1883 potest
2292 1833 2341 1871 ab
2362 1835 2409 1872 eo'
2427 1836 2445 1856 '²
2472 1832 2542 1894 apl-7,

1473 1888 1606 1939 pellari
1622 1888 1662 1935 *ς
1691 1889 1780 1938 quia
1802 1887 1954 1926 videtur
1977 1882 2168 1925 ordinarIa
2193 1892 2362 1936 potestas
2385 1899 2545 1937 OQ
2565 1893 2644 1922 ‘An’

1446 1942 1447 1950 ¹
1474 1943 1588 1980 fuisse
1608 1942 1714 1991 quod
1743 1941 1880 1980 arbiter
1909 1940 2109 1989 eligeretur
2119 1952 2133 1986 ;,
2157 1951 2229 1978 nec
2255 1939 2368 1978 debet
2387 1941 2457 1980 ed:
2473 1940 2543 1981 don

1475 1997 1616 2033 fectum
1644 1995 1824 2044 imputari
1853 1994 1934 2031 eius
1953 1993 2018 2043 qui
2047 1992 2237 2030 consensit
2263 1992 2362 2030 siem
2383 1993 2422 2030 in
2442 1993 2545 2032 arbi-

1474 2057 1574 2087 trum
1605 2049 1644 2085 in
1679 2060 1767 2085 eum
1785 2046 1800 2070 λ
1828 2058 1943 2097 quern
1977 2046 2155 2095 princeps
2186 2044 2358 2084 iudicem·
2388 2043 2546 2098 ordinati.

1447 2105 1448 2141 ἶ
1476 2102 1575 2140 rium
1605 2101 1720 2139 dedit.

1528 2157 1588 2192 An
1613 2166 1774 2192 Taurum
1802 2164 1987 2191 mcENDUM
2021 2152 2129 2201 quod
2161 2151 2332 2201 aequitas
2366 2148 2456 2191 iuris
2474 2150 2546 2203 ,1εᾷ

1477 2208 1654 2246 subvenit
1680 2207 1747 2245 uni
1774 2206 1872 2256 parti
1890 2205 1998 2254 quod
2025 2206 2140 2243 altera
2168 2217 2247 2243 non
2268 2212 2471 2253 gravetur.
2490 2204 2546 2246 ΕΒ

1476 2262 1565 2300 ideo
1593 2269 1745 2310 tempus
1774 2260 1910 2297 decem
1939 2259 2087 2296 dierum
2117 2258 2303 2296 concessit
2336 2258 2387 2296 ad
2413 2259 2547 2309 appel«

1477 2315 1647 2361 landum,
1677 2313 1783 2363 quod
1811 2312 2004 2350 sufficiens
2030 2311 2243 2349 aestimavit
2261 2309 2310 2348 ad
2329 2310 2546 2350 deliberari:

1479 2369 1571 2406 dum
1592 2379 1642 2405 an
1661 2366 1838 2416 expediat
1855 2365 2059 2415 appellare.
2089 2365 2128 2402 Si
2146 2377 2240 2402 vero
2260 2375 2340 2402 non
2360 2372 2461 2402 esset
2477 2363 2542 2408 de*

1477 2421 1722 2459 terminatum
1740 2427 1891 2468 tempus
1910 2418 1948 2456 in
1969 2431 2047 2467 quo
2066 2418 2258 2468 appellare
2281 2417 2421 2465 liceret,
2441 2421 2542 2455 sem-

1478 2487 1546 2524 per
1580 2473 1765 2510 certitudo
1802 2471 1929 2509 iudicii
1957 2478 2172 2509 remaneret
2206 2471 2246 2508 in
2274 2482 2475 2519 suspenso,
2502 2478 2547 2510 et·

1450 2529 1452 2573 ζ
1478 2528 1528 2564 ita
1555 2539 1644 2575 pars
1672 2527 1787 2563 altera
1816 2525 2060 2562 damnaretur
2077 2530 2107 2561 μ.
2131 2545 2156 2553 -
2186 2524 2276 2561 Ideo
2305 2531 2436 2561 autem
2463 2535 2543 2561 non

1480 2588 1536 2618 est
1574 2590 1800 2616 concessum
1836 2585 1879 2615 ut
1914 2578 2022 2614 tertio
2059 2577 2194 2626 aliquis
2231 2577 2395 2627 appellet
2428 2585 2545 2626 super

2562 891 2571 899 ”
2589 890 2646 912 Can.
2665 889 2772 912 Catholi-

2562 922 2612 938 cus.

2563 1048 2574 1059 *
2581 1047 2592 1069 1
2599 1047 2633 1069 ad
2642 1047 2707 1075 Cor„
2720 1053 2772 1076 cap.

2562 1080 2595 1101 vr,
2609 1079 2669 1096 vern.
2684 1080 2692 1096 ι
2707 1080 2760 1103 sqq.

2660 1303 2676 1371 ΔΝ

2564 1918 2594 1941 ια
2614 1892 2775 1942 αιῗάὲῑῗἿῖί

1481 2633 1636 2679 eodem,
1668 2631 1756 2681 quia
1785 2643 1864 2668 non
1892 2638 1947 2667 est
1978 2630 2177 2679 probabile
2205 2629 2316 2667 toties
2350 2627 2548 2677 iudices'jt,

1480 2693 1582 2724 recto
1611 2685 1749 2723 iudicio
1780 2683 1982 2722 declinare.

2470 2757 2549 2774 ”usu

1480 2817 1577 2850 aliquis
1597 2824 1637 2847 εκ,
1655 2823 1759 2848 semper
1779 2815 1843 2845 esc,
1862 2821 1966 2846 semper
1985 2821 2013 2839 os
2032 2814 2064 2838 L.
2076 2827 2094 2833 -
2113 2814 2164 2838 Pro
2182 2813 2270 2844 semel,
2283 2813 2365 2838 simul
2381 2792 2548 2860 ABCEFIle(
2628 2828 2642 2837 -,.
2660 2808 2661 2811 ’

1482 2858 1507 2877 et
1525 2860 1551 2884 rr,
1570 2852 1665 2877 similis
1683 2853 1714 2876 L.

1535 2886 1558 2920 θ)
1578 2887 1741 2912 arbitr-ariis.
1756 2901 1774 2905 -
1793 2886 1904 2911 arbitris
1922 2885 1976 2916 AB,
1993 2883 2127 2910 arbitrari
2144 2892 2189 2916 px,
2207 2891 2262 2909 om.
2281 2883 2313 2908 H.

1537 2924 1555 2956 ι)
1575 2923 1655 2956 regis.
1668 2936 1688 2941 -
1705 2922 1771 2956 legis
1790 2921 1903 2947 DLst..

1535 2959 1560 2991 κ)
1581 2966 1619 2984 eo.
1632 2972 1652 2978 -
1670 2965 1702 2983 ea
1719 2956 1877 2990 ABFpCKx.
2428 2982 2430 2985 ι
2513 2979 2515 2983 ,

1532 2993 1560 3027 λ)
1581 2994 1676 3019 sicut...
1695 3000 1763 3018 eum.
1777 3006 1796 3011 —
1814 2993 1840 3018 in
1860 2999 1919 3017 eum
1938 2992 2008 3017 sicut
2031 2991 2056 3015 in
2076 2990 2209 3015 arbitrum
2229 2990 2255 3015 in
2275 2996 2334 3014 eum
2353 2986 2500 3014 Ancum<
2516 2983 2545 3020 ff,

1482 3030 1508 3055 in
1528 3037 1587 3054 eum
1606 3029 1675 3054 sicut
1689 3028 1715 3054 {n
1734 3027 1865 3053 arbitrum
1884 3027 2022 3057 DGHLsx,
2037 3026 2064 3051 in
2082 3033 2141 3051 enm
2160 3025 2230 3051 stent
2247 3025 2277 3050 t'n
2294 3023 2427 3050 arbitrum
2444 3020 2489 3050 'no'
2514 3021 2549 3048 W

1483 3066 1508 3090 in
1529 3072 1589 3090 eum
1603 3065 1652 3090 Pa.
2421 3071 2423 3073 ¹
2464 3069 2467 3073 ⁴
2496 3068 2514 3081 ιν

1536 3102 1564 3134 μ)
1585 3101 1770 3125 damnaretur.
1785 3112 1805 3118 -
1823 3098 2044 3131 damnificaretur
2062 3097 2120 3122 Psc
2138 3102 2164 3122 et
2182 3103 2210 3122 a.
