2860 4244
186 1494 195 1501 ⁸
201 1492 236 1513 De
241 1488 392 1519 Divinat.'per

184 1518 270 1544 Somn„
287 1524 336 1546 cap.
348 1524 372 1539 n.
382 1528 392 1532 —

185 1544 209 1566 S.
229 1544 272 1565 Th.
293 1545 344 1566 lect.
366 1550 390 1565 ιι.

183 1704 390 1732 'Gen.cap.xxxvu,

182 1737 240 1753 vers.
254 1737 265 1759 5
281 1737 330 1759 sqq.

182 2012 191 2022 ⁸
206 2011 271 2037 ibid,
287 2018 335 2040 cap.
350 2019 387 2035 xx-

180 2365 188 2374 ⁸
197 2364 228 2385 Ca
248 2379 253 2385 .
263 2370 308 2390 xiv,
320 2371 342 2386 n.
350 2372 385 2391 4.-

180 2390 230 2411 s.T
249 2391 385 2413 .1ect.xv1n.

179 3467 189 3476 ¹⁶
203 3466 268 3488 Vers-
284 3472 311 3494 15.

433 317 508 363 324

1051 322 1053 324 ·
1094 309 1356 357 QUAESTIO
1384 309 1505 356 xcv,

1534 309 1830 346 ARTICULUS
1858 309 1925 345 Vll

429 393 501 423 licet
524 393 555 423 in
580 403 644 423 esse
669 392 816 422 materiali
837 391 983 425 naturali;
1009 397 1038 419 et
1054 389 1085 418 in
1103 398 1167 418 esse
1183 385 1411 427 proportionali
1427 395 1482 415 seu
1508 395 1509 417 η
1537 394 1612 424 ego,
1637 385 1693 425 qui
1717 393 1765 416 tot
1791 385 1887 415 habui
1910 385 1942 415 in
1967 385 2029 415 vita
2053 395 2123 415 mea
2147 385 2271 415 somnia
2293 395 2383 422 vera,
2409 386 2447 416 de
2470 385 2601 417 remotis

431 437 596 467 conformi.
620 436 713 467 Verbi
732 435 837 474 gratia,
863 434 968 473 pluvia
991 433 1095 462 futura
1119 431 1222 471 primo
1246 429 1431 470 producitur
1449 429 1482 458 in
1507 419 1509 460 ι(
1534 428 1713 468 praecipue,
1737 429 1799 459 hoc
1816 430 1925 465 modo,
1943 429 2060 459 scilicet
2075 439 2131 469 per
2150 429 2335 459 huiusmodi
2352 430 2600 470 corresponden-

429 569 518 608 pluit.
543 569 582 598 Et
604 575 678 598 tunc
694 565 852 597 crocitatio
869 564 932 594 avis
957 570 1002 594 est
1025 563 1149 602 signum
1174 561 1308 602 pluviae,
1329 568 1478 601 tanquam

429 612 607 643 co-effectus
630 611 721 641 unius
739 608 915 640 communis
931 617 1041 637 causae
1058 607 1230 646 utriusque.
1248 606 1288 636 Et
1303 605 1364 635 hoc
1380 605 1479 635 modo

429 656 551 686 somnia
574 665 654 695 quae
677 664 694 683 a
709 653 891 693 corporibus
908 651 1090 681 caelestibus
1107 650 1269 685 habemus,
1295 656 1368 679 sunt
1392 649 1479 688 signa

428 700 606 730 futurorum
629 704 809 728 eventuum.
840 697 1046 726 Praecausant
1075 703 1213 734 namque
1239 694 1271 724 in
1295 693 1478 723 hominibus
1504 732 1505 735 Ἰ

427 750 532 773 motus
556 741 735 782 phantasiae
760 739 937 771 conformes
961 738 1020 778 ipsi
1041 738 1205 768 communi
1222 747 1331 768 causae
1356 744 1385 767 et
1409 735 1478 767 effe-

427 787 488 817 ctui
516 786 637 821 futuro,
663 786 704 815 ita
733 785 820 825 quod
848 783 1010 813 somnium
1040 789 1070 812 et
1096 782 1221 813 futurus
1251 780 1376 812 effectus
1406 787 1479 811 sunt

425 830 549 861 effectus
574 829 665 860 unius
689 827 867 859 communis
887 836 997 857 causae
1013 826 1170 856 caelestis:
1195 833 1225 856 et
1249 832 1412 865 propterea
1427 835 1477 855 so—

415 962 607 1002 suturorum
626 961 803 1000 plurimum
817 959 908 1000 fiunt
931 969 972 989 ex
994 959 1135 989 somniis.

478 1005 587 1042 Qualis
610 1011 716 1035 autem
746 1002 926 1034 huiusmodi
956 1002 1160 1033 conformitas
1184 1002 1240 1038 sit,
1266 1011 1330 1031 non
1353 1001 1476 1031 videtur
1500 1030 1502 1043 :

423 1049 542 1079 ratione
551 1045 786 1089 comprehendi.
805 1047 966 1084 Quoniam
982 1046 1013 1076 in
1029 1046 1138 1076 ordine
1151 1046 1190 1076 ad
1204 1055 1340 1079 causam,
1354 1045 1476 1076 videtur
1500 1063 1502 1091 s
2079 1086 2086 1095 .

1500 1097 1501 1108 ἢ
1528 1087 1605 1127 quid
1629 1087 1799 1118 dicendum
1823 1095 1869 1119 est
1892 1088 2022 1128 quando
2046 1094 2141 1119 etiam
2162 1089 2326 1130 ignoratur
2348 1090 2437 1130 quod
2458 1090 2522 1121 hoc
2543 1090 2591 1121 in-

423 1103 487 1123 esse
500 1093 631 1132 analoga
647 1092 802 1133 quaedam
817 1091 1006 1121 similitudo:
1024 1090 1176 1131 qu'oniam
1193 1089 1355 1130 phantasia
1369 1096 1475 1120 nostra

423 1147 487 1167 non
510 1137 569 1167 nisi
591 1136 751 1176 analogice
775 1135 956 1166 caelestibus
980 1134 1079 1165 causis
1103 1134 1212 1164 similis
1235 1133 1375 1164 efficitur.
1400 1134 1474 1163 Non

422 1181 505 1211 enim
522 1188 568 1212 est
585 1181 618 1210 in
634 1179 795 1220 phantasia
811 1179 985 1210 similitudo
1005 1178 1112 1210 sideris
1132 1178 1210 1214 talis,
1231 1178 1360 1218 quando
1384 1187 1401 1207 a
1420 1177 1474 1208 tali

422 1225 520 1255 sidere
544 1231 704 1255 movetur:
729 1224 782 1254 sed
807 1230 914 1253 motus
939 1222 1110 1253 conformis
1134 1229 1163 1252 et
1186 1221 1347 1261 analogice
1370 1231 1472 1251 corre·
1498 1231 1499 1262 ξ

421 1269 589 1309 spondens,
614 1276 648 1299 ut
671 1268 795 1298 effectus
819 1266 1074 1308 proportionatus
1098 1265 1150 1295 tali
1170 1265 1261 1295 sideri
1285 1265 1317 1295 in
1340 1264 1393 1294 tali
1417 1275 1471 1304 pa-
1497 1266 1499 1291 ἰ

420 1313 524 1343 tiente.
548 1331 568 1335 -
592 1312 627 1342 In
651 1312 758 1342 ordine
781 1321 854 1341 vero
878 1310 917 1340 ad
940 1310 1083 1341 futurum
1099 1308 1253 1345 effectum,
1278 1309 1471 1349 quandoque

420 1356 541 1387 videtur
564 1356 674 1387 habere
698 1355 851 1386 rationem
874 1353 950 1383 idoli
980 1363 1035 1383 seu
1059 1352 1287 1382 similitudinis:
1320 1352 1470 1392 quemad-

420 1401 553 1431 modum
575 1407 726 1439 apparent
747 1399 779 1428 in
799 1397 927 1438 speculo
950 1397 1101 1436 imagines
1116 1406 1231 1432 rerum,
1249 1403 1280 1426 et
1294 1396 1471 1436 experimur

419 1445 450 1474 in
467 1444 557 1474 nobis
580 1444 663 1474 intus
685 1443 798 1473 habere
813 1442 988 1472 multorum
1004 1441 1178 1471 simulacra.
1203 1441 1243 1471 Et
1265 1440 1327 1470 hoc
1350 1440 1470 1472 Aristo·

419 1489 502 1524 teles‚
520 1488 551 1517 in
569 1487 649 1518 libro
672 1487 711 1517 de
733 1487 840 1517 Somn.
857 1491 887 1516 et
908 1485 1000 1526 Vigil.
1017 1485 1049 1521 *,
1074 1484 1236 1525 expressit:
1262 1491 1293 1515 et
1316 1484 1392 1515 dixit
1414 1495 1469 1515 ar-
1495 1519 1496 1526 ἵ

419 1532 669 1573 tificiosissimum
693 1540 760 1561 esse
781 1530 975 1560 somniorum
1000 1529 1133 1560 iudicem
1163 1530 1217 1569 qui
1233 1534 1339 1568 potest
1360 1529 1470 1560 simili-

417 1576 540 1606 tudines
556 1576 708 1615 inspicere
713 1582 726 1612 ;
748 1574 900 1614 quoniam
924 1573 1039 1614 pluries
1054 1572 1271 1613 impediuntur
1285 1572 1470 1604 huiusmodi

417 1619 632 1650 similitudines
647 1625 776 1658 propter
790 1624 897 1648 motus
913 1624 1037 1648 nostros
1052 1616 1206 1657 propriOS‚
1220 1617 1300 1647 sicut
1317 1617 1470 1658 contingit
1494 1627 1496 1639 ¹

417 1664 449 1694 in
468 1664 557 1703 aquis
575 1663 669 1694 motis
685 1662 770 1692 idola
785 1661 937 1701 dissipari.
961 1662 1001 1692 Et
1017 1661 1090 1692 talia
1104 1661 1199 1691 fuisse
1215 1661 1339 1691 somnia
1354 1662 1468 1701 Ioseph

417 1708 455 1738 de
471 1707 649 1747 manipulis,
666 1714 696 1739 et
714 1706 780 1737 sole
797 1714 826 1737 et
844 1706 919 1737 luna
935 1713 966 1736 et
981 1705 1076 1736 stellis
1088 1705 1114 1741 *,
1131 1712 1216 1745 patet
1231 1703 1312 1747 (non
1328 1706 1468 1737 curando

417 1762 434 1781 a
457 1761 522 1792 quo
545 1749 682 1792 fuerint).
706 1768 727 1773 -
751 1750 952 1790 Quandoque
975 1756 1081 1780 autem
1105 1749 1197 1780 habet
1219 1749 1384 1786 rationem,
1401 1760 1467 1781 non

416 1845 623 1879 repraesentat
645 1838 800 1879 pluviam,
827 1848 891 1868 non
915 1839 1002 1879 quod
1025 1837 1078 1868 fiat
1100 1837 1132 1867 in
1155 1836 1379 1878 imaginatione
1402 1839 1468 1869 ani-

417 1883 505 1913 malis
533 1883 638 1922 imago
668 1883 808 1922 pluviae,
833 1882 886 1912 sed
910 1883 984 1923 quia
1007 1882 1041 1912 fit
1068 1882 1336 1923 motus'quidam
1365 1892 1467 1914 corre-

415 1928 572 1967 spondens
587 1927 719 1967 pluviae.
743 1927 784 1956 Et
796 1927 857 1957 hoc
872 1927 994 1957 videtur
1010 1926 1188 1966 frequenter
1203 1926 1352 1957 accidere.
1376 1927 1467 1958 Talia

415 1978 520 2002 autem
538 1971 682 2001 videntur
697 1970 791 2001 fuisse
807 1971 972 2010 pincernae
993 1978 1024 2000 et
1046 1970 1172 2011 pistoris
1194 1971 1226 2001 in
1250 1981 1369 2001 carcere
1393 1981 1467 2002 cum

416 2015 526 2055 Ioseph
551 2015 672 2045 somnia
687 2015 713 2045 *.

468 2058 528 2089 Sed
559 2058 632 2100 quia
659 2059 755 2088 latent
778 2068 836 2088 nos
866 2058 1088 2098 proportiones
1119 2066 1150 2090 et
1172 2059 1467 2099 correspondentiae

413 2109 561 2133 motuum
584 2102 763 2143 phantasiae
786 2102 818 2132 in
841 2102 932 2132 nobis
956 2103 995 2132 ad
1019 2102 1142 2134 futuros
1165 2103 1215 2134 vel
1238 2103 1403 2134 existentes
1424 2103 1467 2133 ef-

413 2146 524 2183 fectus,
549 2147 618 2187 quis
642 2153 747 2177 motus
771 2146 821 2177 cui
849 2147 1037 2187 respondeat
1059 2147 1197 2183 effectui;
1221 2147 1293 2178 ideo
1317 2146 1467 2189 artifieio—

411 2192 555 2221 sissimus
577 2191 673 2221 iudex
695 2197 726 2221 et
747 2190 897 2230 interpres
913 2191 1113 2222 somniorum
1130 2198 1210 2222 esset
1232 2191 1258 2222 si
1282 2192 1353 2232 quis
1376 2191 1468 2222 sciret

412 2242 466 2265 aut
489 2234 576 2265 cuius
599 2245 709 2265 causae
733 2235 871 2265 caelestis
900 2235 939 2266 sit
962 2234 1088 2266 effectus
1111 2236 1180 2266 talis
1203 2243 1312 2267 motus
1334 2236 1466 2276 phanta-

413 2279 484 2314 siae,
508 2285 561 2309 aut
584 2279 634 2309 cui
649 2278 770 2309 effectui
787 2279 1045 2319 correspondeat;
1070 2280 1124 2310 sed
1147 2280 1209 2310 hoc
1232 2279 1309 2311 scire
1333 2290 1389 2321 per
1403 2290 1493 2322 cer—-⁴

413 2322 577 2353 titudinem
601 2322 795 2363 impossibile
812 2330 866 2354 est.
893 2323 1055 2360 Quoniam
1074 2323 1106 2354 id
1130 2325 1217 2364 quod
1241 2323 1334 2355 habet
1350 2324 1466 2355 multas

413 2376 529 2402 causas,
554 2374 696 2397 neutram
720 2367 923 2398 determinate
950 2374 1120 2404 monstrat,
1146 2375 1182 2398 ut
1204 2368 1237 2398 in
1260 2368 1287 2398 Π
1311 2368 1432 2400 Poster.
1448 2369 1466 2388 *

412 2417 510 2450 patet:
534 2417 655 2441 constat
678 2418 781 2442 autem
806 2411 932 2441 nullum
957 2421 1023 2442 esse
1046 2412 1209 2442 somnium
1232 2421 1250 2442 a
1265 2412 1353 2443 caelo
1377 2414 1465 2454 quod

412 2464 476 2484 non
505 2455 603 2494 possit
625 2465 661 2485 ex
684 2455 744 2485 alia
767 2465 859 2486 causa
889 2456 1070 2495 provenire,
1095 2463 1125 2486 et
1148 2463 1378 2497 consequenter
1400 2467 1465 2488 non

412 2498 580 2538 significare
599 2499 690 2530 illum
710 2499 855 2530 effectum
878 2510 974 2540 quem
990 2499 1178 2539 significaret
1197 2500 1224 2530 si
1240 2511 1257 2530 a
1273 2501 1359 2532 caelo
1375 2508 1466 2532 esset.

411 2542 451 2573 Et
472 2543 532 2573 hoc
555 2544 633 2573 bene
656 2551 741 2579 nota,
765 2550 799 2574 tu
823 2543 878 2584 qui
903 2543 1144 2584 philosopharis.
1177 2544 1217 2574 Et
1246 2551 1375 2585 propter
1405 2545 1466 2576 hoc

1157 2727 1161 2731 -
1188 2714 1503 2769 Aartouius
1533 2683 1801 2758 ssa-rmus

642 2805 795 2837 UTRUM
817 2806 1041 2839 DIVINATIO
1066 2797 1185 2844 QUAE
1208 2808 1288 2838 EST
1312 2808 1394 2840 PER
1414 2785 1612 2840 Avonam
1635 2809 1692 2840 ET
1717 2810 1857 2843 OMINA
1879 2811 1937 2842 ET
1962 2811 2084 2844 ALtAs
2109 2812 2350 2844 Huiusmom
2458 2838 2462 2846 ,
2485 2848 2489 2851 Α

919 2849 1272 2883 OBSERvArloNES
1296 2850 1581 2893 EXTERIORUM
1605 2854 1765 2892 RERUM,
1782 2854 1848 2886 sn*
1873 2855 2062 2887 ILLICITA
2528 2891 2530 2894 ,
2553 2883 2572 2898 ρ

430 482 570 521 quodam
586 480 694 511 effectu
712 478 867 509 conformi
883 477 941 517 ipsi
958 476 1081 516 pluviae
1104 475 1135 505 in
1153 474 1280 504 animali
1297 473 1479 508 crocitante;
1507 478 1508 513 j
1535 471 1612 501 tiam
1635 478 1666 502 et
1689 472 1829 513 aliquam
1845 473 2096 509 similitudinem,
2113 490 2134 495 -
2151 480 2186 503 ut
2209 473 2234 503 si
2258 483 2294 503 ea
2316 473 2508 513 scripsissem
2526 485 2600 505 cum

430 533 460 555 et
487 525 596 555 deinde
626 523 809 564 producitur
831 522 863 551 in
887 531 952 551 esse
976 519 1144 554 materiali,
1169 518 1297 558 quando
1322 517 1482 547 actualiter
1506 517 1508 548 ζ’
1534 515 1599 545 suis
1623 516 1786 547 eventibus
1811 515 1966 558 (quorum
1989 516 2070 547 forte
2093 516 2191 557 aliqui
2215 517 2318 547 adhuc
2340 515 2508 559 pendent),
2533 528 2599 549 non

1506 562 1507 574 ³
1535 559 1722 590 mirarentur
1736 560 1921 600 philosophi
1945 567 1976 591 et
1990 561 2142 600 theologi,
2161 561 2214 591 sed
2238 567 2409 601 stuperent,
2426 579 2445 583 —
2461 561 2598 593 incertus

1505 602 1506 609 ¹
1533 604 1572 632 de
1596 613 1689 634 causa
1713 605 1906 640 eorundem,
1931 611 1980 635 sto
2005 615 2196 645 suspensus,
2221 615 2279 636 nec
2303 615 2446 646 unquam
2469 615 2521 636 me
2545 613 2600 637 aut

1532 657 1602 676 mea
1626 647 1687 677 illis
1707 648 1833 683 credidi,
1857 658 1897 678 ne
1921 649 2001 679 forte
2017 649 2123 679 illusio
2143 649 2347 680 daemoniaca
2363 659 2396 680 se
2411 648 2596 681 immisceat.

1532 691 1646 721 Fateor
1669 698 1776 722 tamen
1799 693 1887 732 quod
1911 703 2090 732 paucorum
2111 700 2166 724 aut
2189 694 2353 724 nullorum
2367 693 2597 734 interpretatio-

1532 745 1605 765 nem
1629 735 1870 766 determinatam
1893 736 1968 767 novi
1992 744 2063 768 ante
2087 738 2246 768 eventurn.

1586 779 1638 809 111.
1668 779 1784 816 Tertio,
1809 781 1917 820 quoad
1937 781 2092 811 cautelam
2110 781 2142 811 in
2159 780 2440 822 significationibus
2454 781 2597 813 somnio-

1503 833 1504 836 *
1530 832 1610 853 rum.
1641 822 1806 860 Quoniam
1830 830 1957 863 oportet
1980 833 2092 855 omnes
2116 825 2252 856 cautelas
2276 835 2358 866 quae
2382 825 2463 857 circa
2485 825 2595 871 cogni-

425 874 547 904 mnium
563 872 714 913 significat
728 872 818 902 illum
835 870 979 901 effectum
995 870 1149 900 futurum.
1174 870 1215 900 Et
1229 877 1394 910 propterea
1409 872 1476 899 Au·
1502 871 1503 910 ᾗ
1530 866 1651 897 tionem
1674 866 1857 897 futurorum
1881 877 1918 897 ex
1941 868 2128 908 corporibus
2151 869 2335 900 caelesu'bus
2356 869 2456 901 dictae
2478 877 2553 901 sunt
2566 869 2594 906 *,

425 925 491 949 ctor
514 917 587 948 dicit
616 917 648 947 in
671 917 771 948 littera
801 915 888 956 quod
917 914 1090 945 secundum
1113 915 1173 944 hoc
1198 914 1478 954 praecognitiones
1501 948 1502 951 Ἰ

1501 960 1502 983 3
1529 955 1682 986 coniicere
1706 965 1743 985 ex
1766 955 1910 992 somnio,
1933 963 2056 996 quanto
2080 957 2244 988 somnium
2271 957 2499 990 incertissimus
2521 958 2592 990 effe-

1529 911 1685 941 adhibere.
1706 911 1747 941 Et
1762 917 1850 942 tanto
1866 911 1939 950 plus
1951 919 2079 952 oportet
2094 912 2144 943 hic
2160 923 2227 944 esse
2241 913 2426 951 cautiorem,
2443 920 2475 945 et
2488 914 2595 946 minus

1529 1006 1597 1029 ctus
1621 1006 1667 1030 est
1690 998 1775 1029 caeli.
1797 999 1828 1030 Si
1852 999 1948 1035 enim,
1973 1000 2099 1040 cognita
2123 1001 2247 1032 caelesti
2262 1011 2366 1038 causa,
2381 1001 2416 1033 in
2431 1002 2499 1034 aliis
2519 1012 2594 1034 con-

1527 1043 1718 1074 iecturarum
1741 1043 1908 1083 generibus
1931 1044 2052 1084 trepida
2075 1051 2170 1076 restat
2190 1044 2370 1076 coniectura
2392 1045 2591 1083 futurorum;

1527 1131 1656 1168 dicium,
1680 1132 1796 1162 scilicet
1812 1132 1986 1169 somnium,
2011 1142 2029 1163 a
2045 1133 2170 1164 caelesti
2193 1140 2240 1164 est
2263 1131 2376 1165 causa?
2399 1134 2446 1164 Ex
2460 1133 2593 1165 somniis

1499 1177 1500 1181 ’
1526 1175 1621 1215 igitur
1644 1176 1703 1206 soli
1727 1175 1900 1216 suspicioni
1923 1177 2014 1207 locus
2037 1177 2225 1217 relinquitur
2248 1177 2328 1208 circa
2347 1177 2454 1210 futura
2468 1178 2592 1210 contin—

1525 1226 1640 1259 gentia.
1966 1248 1969 1252 .
2193 1260 2195 1263 .
2521 1260 2527 1261 ἶ

1571 1263 1632 1294 ·1V.
1660 1263 1795 1301 Quarto,
1816 1264 1924 1304 quoad
1947 1271 2123 1305 peccatum.
2148 1265 2232 1303 Quia
2255 1265 2415 1299 invenitur
2429 1267 2464 1299 in
2477 1266 2590 1306 adhae-

1524 1306 1613 1337 sione
1642 1308 1681 1337 ad
1711 1307 1835 1338 somnia
1865 1316 2032 1349 peccatum
2063 1309 2214 1340 omnibus
2245 1309 2432 1351 supradictis
2446 1310 2464 1330 ‘⁸‘
2491 1305 2590 1352 tribus

1524 1351 1629 1381 modis
1660 1351 1776 1392 quibus
1806 1352 1965 1384 invenitur
1994 1353 2027 1383 in
2058 1354 2221 1394 sequendo
2252 1353 2405 1386 caelestia.
2438 1353 2480 1386 Et
2509 1354 2590 1387 ultra

1523 1395 1620 1434 haec,
1644 1395 1802 1427 invenitur
1829 1406 1916 1427 error
1941 1397 1974 1427 in
1998 1397 2198 1428 attribuendo
2222 1398 2387 1430 somnium
2409 1399 2467 1430 uni
2490 1399 2589 1433 deter-

1522 1439 1660 1470 minatae
1684 1450 1805 1477 causae,
1830 1447 1908 1481 puta
1932 1442 2031 1473 caelo.
2054 1442 2113 1473 Est
2135 1442 2220 1473 enim
2242 1442 2301 1475 iste
2320 1453 2406 1475 error
2429 1451 2540 1477 contra
2549 1453 2589 1476 n»

1523 1494 1632 1514 mnem
1652 1484 1818 1521 rationem,
1835 1492 1871 1516 ut
1893 1485 2077 1517 Aristoteles
2101 1486 2202 1523 docet,
2218 1486 2251 1517 in
2269 1487 2295 1518 11
2310 1488 2432 1519 Poster.
2449 1487 2483 1526 ἷξε
2507 1498 2589 1529 qum

1522 1527 1617 1564 niam,
1636 1535 1671 1560 ut
1690 1529 1812 1561 dictum
1828 1537 1874 1560 est
1887 1529 1914 1566 *,
1931 1529 2059 1562 effectus
2082 1537 2195 1571 potens
2218 1531 2385 1571 provenire
2403 1542 2422 1563 a
2443 1531 2588 1581 Phlfibffl

1523 1572 1624 1604 causis
1648 1573 1770 1604 nullam
1794 1583 1903 1604 earum
1927 1574 2132 1606 determinate
2154 1574 2257 1607 infert.
2480 1590 2483 1591 ⁷
2538 1575 2542 1578 ’
2563 1575 2566 1581 “

1579 1616 1697 1648 Incerta
1721 1625 1768 1648 est
1790 1627 1864 1658 ergo
1892 1619 1997 1649 omnis
2019 1629 2057 1649 ex
2080 1619 2208 1650 somnio
2236 1620 2417 1651 coniectura
2446 1607 2588 1661 penditis

1523 1671 1559 1691 ex
1583 1671 1676 1693 causa
1699 1662 1878 1693 extrinseca.
1902 1663 1943 1693 Et
1965 1662 1991 1697 si
2014 1663 2086 1704 quis
2108 1663 2226 1694 incerta
2248 1673 2343 1695 causa
2365 1670 2402 1695 ut
2424 1667 2507 1696 certa
2517 1664 2588 1697 a&

1494 1710 1495 1714 ’
1522 1712 1622 1743 retur,
1651 1706 1765 1746 procul
1792 1706 1891 1739 dubio
1913 1717 1994 1737 vane
2016 1707 2188 1748 inquireret
2217 1709 2324 1749 quoad
2347 1709 2504 1746 modum,
2527 1719 2587 1750 pro

1494 1763 1495 1776 ³
1521 1753 1642 1791 quanto
1659 1758 1853 1791 supponeret
1869 1757 1990 1782 certum
2012 1752 2102 1792 quod
2117 1759 2165 1784 est
2183 1753 2328 1790 dubium,
2345 1759 2376 1784 et
2390 1762 2587 1795 conseqq&

416 1795 643 1831 similitudinis,
668 1795 722 1824 sed
749 1793 977 1835 proportionis:
1009 1794 1088 1824 sicut
1111 1793 1136 1823 si
1160 1801 1267 1824 motus
1291 1794 1468 1825 crocitantis
1494 1791 1495 1813 ³
1580 1832 1584 1838 st
2574 1831 2581 1841 ἱ

1493 1836 1495 1878 ξ
1522 1838 1629 1870 culose
1653 1838 1710 1869 iste
1733 1845 1863 1870 erraret:
1893 1849 1959 1870 non
1982 1846 2088 1871 tamen
2112 1841 2304 1882 perniciose,
2329 1840 2355 1872 si
2378 1841 2459 1873 infra
2479 1839 2586 1919 latita·

1521 1801 1567 1825 ter
1590 1795 1743 1836 acciperet
1766 1795 1980 1826 coniecturam
2004 1803 2121 1843 certam
2144 1807 2226 1837 quae
2241 1804 2288 1837 est
2311 1797 2417 1830 dubia.
2441 1797 2483 1836 Et
2500 1797 2588 1840 ,peri-

1522 1883 1629 1914 dinem
1650 1883 1849 1914 coniecturae
1865 1891 2015 1915 maneret.
2040 1884 2138 1922 Quod
2161 1885 2246 1916 enirn
2268 1879 2446 1926 periculose
2461 1896 2478 1917 e
2524 1922 2526 1924 ³

1521 1934 1616 1968 patet,
1639 1927 1716 1968 quia
1739 1927 1829 1958 facile
1852 1935 1961 1968 posset
1983 1928 2084 1969 decipi
2109 1939 2127 1959 a
2150 1929 2316 1966 daemone,
2332 1939 2370 1960 ex
2387 1939 2455 1971 quo
2470 1910 2586 1963 ind‘kffi

1521 1982 1602 2012 quae
1625 1971 1780 2002 incertum
1806 1978 1851 2002 est
1874 1982 1940 2002 esse
1965 1983 1982 2002 a
2006 1973 2110 2010 caelo,
2135 1973 2248 2014 accipit
2277 1981 2314 2004 ut
2339 1981 2422 2005 certa
2444 1984 2464 2006 a
2484 1974 2584 2009 mla

1476 2020 1494 2054 '3
1520 2017 1594 2047 Non
1618 2015 1794 2058 perniciose
1817 2023 1934 2053 autem,
1958 2026 2017 2057 pro
2041 2024 2163 2058 quanto
2186 2017 2269 2049 infra
2289 2018 2585 2057 latitudinerm'eon-

1492 2057 1494 2065 '
1519 2060 1654 2091 iecturae
1678 2070 1715 2090 ex
1739 2059 1825 2091 caelo
1853 2060 1959 2092 haberi
1982 2061 2141 2101 possibilis
2163 2069 2314 2093 versatur.
2346 2062 2441 2097 Unde
2454 2065 2584 2113 ῥαιᾳρς

1520 2105 1552 2140 in
1573 2105 1675 2135 littera
1690 2105 1817 2135 duobus
1833 2105 1937 2135 modis
1954 2104 2211 2146 superstitionem
2227 2116 2294 2137 esse
2309 2105 2342 2136 in
2358 2103 2584 2145 somnnseon'-

1521 2147 1632 2179 cludit:
1658 2149 1787 2190 'quando
1811 2148 1929 2180 scilicet
1951 2155 1998 2180 est
2020 2158 2164 2190 expressa
2186 2150 2346 2182 invocatio
2369 2145 2581 2190 daemonnm

1518 2193 1568 2223 vel
1584 2194 1714 2234 quando
1730 2193 1855 2224 somnia
1871 2194 2082 2225 extenduntur
2097 2194 2137 2225 ad
2152 2203 2189 2225 ea
2211 2194 2251 2225 ad
2270 2202 2358 2235 quae
2369 2192 2486 2226 nonae
2505 2186 2583 2237 pub·

1519 2243 1594 2268 sunt
1615 2237 1790 2274 extendere,
1814 2244 1852 2269 ut
1872 2244 1946 2268 sunt
1969 2238 2083 2269 habere
2102 2238 2322 2270 certitudinem
2345 2240 2387 2271 de
2398 2239 2584 2281 contingat·—

1518 2281 1602 2313 tibus
1621 2287 1655 2322 et
1667 2281 1734 2313 aliis
1747 2291 1828 2322 quae
1847 2282 2082 2323 subterfugiunt
2097 2282 2193 2321 etiam
2204 2283 2350 2321 caelestia
2361 2291 2582 2334 mrporffiegspj

1518 2332 1593 2356 tunc
1617 2325 1702 2357 enim
1725 2333 1772 2357 est
1794 2326 1886 2358 tacita
1916 2336 1990 2358 cum
2013 2327 2173 2370 daemone,
2193 2327 2334 2364 societas
2365 2328 2454 2365 Nihil
2474 2336 2583 2374 autqm

1518 2370 1635 2400 horum
1655 2369 1767 2409 accidit
1789 2369 1822 2400 in
1845 2370 2011 2413 proposito
2036 2380 2129 2402 casu:
2154 2370 2216 2402 sed‘
2232 2378 2287 2403 aut
2309 2371 2424 2409 mentis
2448 2369 2583 2417 compo}

1517 2408 1663 2450 n'oifsssr,
1688 2418 1743 2445 aut
1765 2414 1914 2454 ignorans
1936 2414 2038 2452 valde,
2063 2421 2119 2446 ant
2140 2411 2298 2456 pertinax,
2323 2414 2379 2458 qui
2402 2415 2446 2447 sic
2469 2407 2584 2450 effatu

1517 2457 1592 2500 (nisi
1615 2464 1663 2488 tot
1686 2458 1775 2498 signa
1798 2459 1938 2490 caelestis
1953 2459 2092 2490 influxus
2110 2459 2239 2491 haberet
2261 2466 2298 2492 ut
2319 2460 2426 2492 minus
2449 2447 2583 2503 gravfflr

1519 2500 1691 2544 peccaret);
1722 2503 1855 2534 mortale
1886 2510 1992 2535 tamen
2022 2513 2089 2534 non
2119 2505 2231 2541 video,
2261 2504 2322 2535 nisi
2350 2504 2473 2536 ratione
2503 2513 2581 2537 cona

1519 2553 1668 2587 temptus,
2371 2584 2375 2586 ,
2542 2562 2573 2594 ’,ἦ

2534 2672 2576 2693 ’Μῑ

971 2930 1001 2955 111
1024 2931 1098 2957 Cont.
1121 2931 1206 2960 Gent„
1227 2938 1282 2963 cap.
1300 2938 1371 2962 cun
1393 2931 1434 2957 De
1450 2932 1561 2961 Sortib„
1581 2941 1636 2965 cap.
1654 2941 1684 2964 v;
1706 2934 1735 2958 In
1757 2934 1864 2964 Isaiam,
1885 2942 1940 2967 cap.
1959 2942 1988 2960 11.
2466 2935 2513 2957 ‘su‘
2526 2938 2572 2970 ¹⁷¹5

443 3020 503 3054 >su
525 3024 567 3052 „s
621 3018 642 3042 n
658 3018 835 3044 ΞΕΡτιΜυΜ
855 3021 906 3045 sm
922 3020 1160 3047 enocemrua.
1181 3009 1338 3047 Videtur
1357 3007 1462 3060 quod

440 3054 474 3102 ‘a
541 3049 593 3101 <aa

431 3112 479 3168 ,vx

415 3221 510 3249 esset
543 3213 681 3261 illicita,
710 3217 827 3252 sancti
854 3217 923 3253 viri
953 3230 996 3254 ea
1033 3231 1110 3256 non
1142 3229 1344 3258 uterentur.
1384 3223 1461 3259 Sed

415 3266 460 3302 de
482 3265 495 3294 β
516 3267 651 3314 Ioseph
676 3268 807 3316 legitur
831 3270 933 3317 quod
962 3272 1122 3317 auguriis
1146 3273 1381 3311 intendebat:
1410 3276 1462 3324 less

414 3318 509 3365 gitur
537 3320 635 3355 enim
669 3321 759 3357 Gen.
788 3333 871 3358 XLIV
889 3322 908 3343 ’¹‘
928 3324 1030 3370 quod
1062 3324 1296 3372 dispensator
1324 3322 1476 3376 Iosephv⁴

414 3370 522 3407 dixit:
551 3372 720 3420 Scyphus
747 3385 854 3421 quem
870 3376 1005 3422 furati>
1025 3377 1118 3421 estis,
1145 3377 1220 3424 ipse
1247 3384 1300 3414 est
1326 3379 1362 3415 in
1387 3388 1460 3428 quo

415 3423 503 3459 bibit
527 3424 697 3461 dominus
723 3438 838 3472 meus,
859 3433 893 3463 et
912 3428 954 3465 'in
974 3430 1046 3476 qu'o
1075 3431 1265 3478 augurari
1286 3432 1397 3475 solet‚·
1425 3439 1460 3479 et

414 3474 491 3522 ipse
507 3484 637 3523 postea
653 3478 771 3514 dixit*
785 3479 956 3517 fratribus
973 3481 1066 3518 suis:
1091 3482 1151 3519 An
1167 3483 1348 3535 ignoratis
1362 3486 1462 3533 quod

467 3596 493 3628 α)
512 3600 587 3621 est.-
598 3599 634 3630 fit
652 3599 743 3624 PKLa.

622 3059 799 3095 divinatio
816 3073 913 3108 quae
929 3069 983 3098 est
999 3067 1015 3083 ‘²
1030 3075 1099 3110 per
1114 3063 1268 3111 auguria
1283 3072 1319 3100 et
1333 3063 1462 3100 omina
1487 3063 1489 3110 j

623 3118 658 3146 et
685 3111 773 3148 alias
801 3113 1018 3150 huiusmodi
1047 3116 1334 3153 observationes
1362 3124 1461 3153 exte—
1487 3111 1489 3164 ξ

581 3155 764 3199 &riorum
793 3177 929 3211 rerum,
959 3179 1036 3203 non
1065 3168 1110 3204 sit
1136 3168 1269 3206 illicita.
1299 3169 1339 3206 Si
1359 3169 1460 3207 enirn
1487 3171 1488 3219 1
1514 3182 1653 3218 porum
1674 3178 1834 3209 eventus
1853 3171 2070 3209 naturaliter
2086 3179 2341 3221 cognoscunt:
2362 3164 2574 3214 seeunduffi

1487 3267 1488 3274 ἵ
1514 3223 1604 3260 illud
1633 3225 1768 3262 Ierem.
1789 3237 1850 3261 vm
1868 3224 1907 3261 *ε
1927 3226 2079 3262 Milvus
2098 3226 2138 3262 in
2157 3226 2262 3263 caelo
2282 3226 2467 3275 cognovit
2486 3231 2575 3263 tem·
2602 3243 2613 3254 ·

1487 3279 1488 3285 ¹
1507 3287 1582 3323 pus
1608 3289 1739 3313 suum.-
1767 3283 1890 3315 turtur
1917 3284 1954 3314 et
1969 3279 2131 3315 hirundo
2160 3285 2196 3315 et
2221 3279 2366 3316 ciconia
2394 3279 2572 3316 custodie-

1485 3317 1489 3366 ἶ
1515 3334 1603 3365 runt
1629 3334 1772 3378 tempus
1799 3331 1979 3367 adventus
2006 3332 2075 3368 sui.
2107 3332 2183 3368 Sed
2212 3331 2391 3369 naturalis
2411 3331 2573 3379 cognitio

1486 3388 1570 3431 ,est
1606 3381 1818 3429 infallibilis,
1858 3391 1894 3420 et
1931 3395 1953 3420 a
1985 3384 2082 3420 Deo.
2129 3385 2232 3432 Ergo
2269 3384 2323 3422 uti
2361 3380 2523 3433 cognitio,

1515 3434 1644 3471 avium
1673 3435 1721 3472 ad
1750 3435 2082 3484 praenoscendum
2120 3437 2262 3485 futura,
2291 3434 2398 3486 quod
2423 3434 2485 3477 ,est'

1486 3485 1488 3534 j
1513 3487 1650 3535 gurari,
1679 3500 1758 3525 non
1776 3488 1927 3526 videtur
1955 3491 2037 3526 esse
2065 3489 2246 3529 illicitum.
2442 3527 2444 3531 ,

1517 3022 1590 3049 non
1618 3013 1666 3049 sit
1691 3013 1821 3049 similis
1848 3014 1923 3050 mei
1949 3014 1986 3050 in
2011 3014 2234 3063 augurandi
2258 3004 2444 3052 scientia?
2474 3015 2577 3064 Ergo

1515 3065 1567 3102 uti
1596 3065 1657 3102 tali
1689 3065 1919 3107 divinatione
1943 3079 2022 3104 non
2047 3074 2102 3104 est
2128 3066 2315 3106 illicitum..
2349 3098 2351 3102 .
2506 3098 2518 3111 Ξ

1568 3129 1603 3154 2.
1636 3119 1874 3166 PRAETEREA,
1905 3131 1995 3156 aves
2023 3119 2147 3169 aliqua
2176 3119 2577 3171 &resistitur-ossium*

2508 3391 2574 3474 :et

1567 3608 1592 3643 β)
1613 3611 1652 3636 de.
1667 3624 1686 3630 -
1704 3611 1765 3636 0m.
1784 3611 1813 3636 P.

2621 876 2632 887 ⁸
2646 876 2698 898 Art.
2715 878 2834 906 praeced„

2622 902 2753 926 Comment.
2823 921 2829 926 .

2619 1319 2629 1330 ⁸
2643 1318 2792 1355 lbidqrnnn.
2805 1326 2830 1343 v.
2852 1323 2854 1325 ’

2616 1494 2761 1520 ’lt-·t-Aflt.¹
2787 1502 2794 1514 -’
2816 1503 2822 1509 ·

2615 1542 2627 1554 ⁸
2640 1541 2712 1565 Num.
2727 1549 2751 1565 n.

2628 3241 2695 3266 ven.
2709 3249 2730 3271 7.
