2814 4250
43 1169 92 1193 '⁰⁸
111 1174 253 1218 ·.ἰ“ἑέιῖ“·;ἴ;.·.

40 3216 52 3227 ·
100 3215 217 3244 Quae.

40 3215 99 3275 ’m
115 3278 123 3286 ·
139 3269 251 3292 ·‚n-9--
270 3256 420 3304 pliciter
446 3256 566 3301 bona,
601 3263 644 3292 ut
677 3255 812 3293 dicitur
837 3256 875 3292 in
902 3256 937 3292 V
963 3256 1082 3292 Ethic.
1103 3254 1124 3277 '⁸'
1162 3255 1263 3302 Ergo
1295 3255 1335 3291 in

41 3289 66 3313 S.
132 3290 184 3312 leet.
199 3296 214 3312 ¹.

132 3564 252 3607 latit-⁷1?

41 3558 123 3607 §.⁰1¹ss

947 298 1213 344 QUAESTIO
1243 299 1378 346 LVIII,
1407 299 1702 337 ARTICULUS
1732 300 1768 336 X
2399 311 2442 347 17

278 377 414 415 iustitia
442 384 498 414 est
526 377 623 414 circa
651 389 696 414 ea
714 388 813 425 quae
841 383 927 413 sunt
954 376 1002 413 ad
1029 377 1201 413 alterum.
1242 378 1333 414 Non

278 438 405 468 autem
434 442 502 478 per
519 430 716 478 passiones
742 429 936 467 interiores
964 428 1184 466 immediate
1207 431 1255 466 ad
1284 430 1333 466 al-

277 490 401 520 terum
424 482 655 520 ordinamur.
686 483 736 520 Et
752 482 841 519 ideo
859 481 995 519 iustitia
1015 481 1112 518 circa
1137 482 1334 530 passiones

278 547 357 573 non
386 542 452 572 est.

330 590 389 624 An
409 599 546 624 ptumum
573 598 671 624 ERGO
699 598 882 624 montinum
906 587 1011 635 quod
1039 599 1117 624 non
1145 587 1336 635 quaelibet

277 640 396 678 virtus
415 639 570 676 moralis
590 647 645 676 est
661 639 758 676 circa
771 640 985 688 voluptates
1005 647 1041 676 et
1059 639 1221 677 tristitias
1241 640 1336 676 sicut

279 692 375 730 circa
403 691 621 729 materiam:
650 703 740 728 nam
767 692 947 729 fortitudo
971 699 1027 728 est
1054 692 1152 730 circa
1179 693 1335 729 timores

279 752 316 783 et
343 744 530 782 audacias.
562 744 640 781 Sed
667 744 793 781 omnis
815 744 934 781 virtus
962 745 1115 782 moralis
1142 745 1336 782 ordinatur

280 797 328 834 ad
356 796 644 834 delectationem
673 804 710 833 et
737 796 920 834 tristitiam
949 797 1044 834 sicut
1071 799 1119 835 ad
1146 798 1335 846 quosdam

278 850 375 887 fines
413 855 705 897 consequentes:
743 849 853 897 quia,
881 858 923 886 ut
953 850 1207 899 Philosophus
1236 851 1334 897 dicit,

225 919 251 956 3-
277 902 317 940 in
335 902 404 939 VII
423 902 543 938 Ethic.
563 901 594 948 ³⁸,
618 902 809 939 delectatio
829 908 866 939 et
881 903 1025 940 tristitia
1053 909 1107 939 est
1121 904 1216 951 finis
1230 903 1336 952 prin-

279 954 428 1003 cipalis,
465 956 516 992 ad
542 966 652 1002 quem
686 955 919 1003 respicientes
947 956 1236 1004 unumquodque
1265 957 1337 992 hoc

278 1007 426 1056 quidem
455 1007 609 1053 malum,
638 1008 709 1044 hoc
736 1009 883 1056 quidem
911 1009 1050 1045 honum
1077 1009 1244 1045 dicimus.
1288 1009 1337 1046 Et

277 1061 353 1098 hoc
375 1060 495 1097 modo
517 1059 630 1096 etiam
648 1060 836 1108 pertinent
854 1059 904 1097 ad
923 1060 1118 1097 iustitiam:
1147 1061 1238 1110 quia
1260 1073 1335 1099 non

279 1118 334 1149 est
358 1113 472 1149 iustus
499 1113 564 1161 qui
591 1124 664 1149 non
692 1114 834 1161 gaudet
859 1113 960 1150 iustis
987 1114 1275 1162 operationibus,
1294 1122 1337 1152 ut

280 1165 414 1203 dicitur
441 1165 479 1202 in
509 1166 522 1201 1
550 1165 670 1201 Ethic.
690 1164 711 1186 '¹‘

331 1219 391 1254 An
418 1228 607 1254 SECUNDUM
644 1228 827 1254 DICENDUM
855 1217 960 1265 quod
997 1219 1237 1267 operationes
1275 1231 1336 1256 ex-

279 1270 434 1307 teriores
453 1269 602 1306 mediae
622 1277 709 1306 sunt
728 1270 1018 1317 quodammodo
1038 1271 1133 1308 inter
1160 1285 1219 1309 res
1239 1281 1336 1309 exte-

278 1322 406 1368 riores,
423 1333 520 1370 quae
537 1329 623 1358 sunt
642 1334 772 1359 earum
793 1323 961 1371 materia,
979 1330 1015 1360 et
1030 1324 1125 1361 inter
1139 1325 1336 1373 passiones

276 1374 487 1426 interiores,
504 1386 612 1424 quae
641 1382 727 1412 sunt
757 1387 887 1413 earum
914 1376 1108 1426 principia.
1145 1378 1337 1427 Contingit

277 1425 405 1465 ε’ἱῑῖὲῐῐι
434 1427 665 1476 quandoque
695 1440 776 1465 esse
806 1428 994 1466 defectum
1027 1429 1066 1467 in
1092 1443 1170 1468 uno
1200 1443 1335 1468 eorum

277 1479 358 1518 sine
376 1480 452 1517 hoc
470 1479 576 1528 quod
595 1480 641 1517 sit
659 1481 827 1518 defectus
849 1481 887 1518 in
907 1482 1000 1518 alio:
1031 1482 1125 1519 sicut
1151 1484 1181 1520 si
1201 1484 1336 1532 aliquis

277 1532 452 1582 surripiat
475 1545 557 1570 rem
577 1533 728 1570 alterius
747 1545 825 1570 non
845 1534 1047 1582 cupiditate
1070 1536 1246 1583 habendi,
1267 1537 1335 1574 sed

276 1586 472 1623 voluntate
501 1585 683 1630 nocendi;
711 1586 774 1622 vel
803 1598 824 1623 e
852 1598 1039 1624 converso
1068 1588 1098 1625 si
1122 1588 1256 1636 aliquis
1285 1590 1335 1626 al-

277 1638 391 1675 terius
418 1650 500 1675 rem
529 1638 791 1687 concupiscat,
826 1651 943 1687 quam
980 1647 1109 1678 tamen
1147 1641 1334 1690 surripere

277 1702 356 1729 non
370 1691 471 1728 velit.
487 1690 722 1728 Rectificatio
738 1703 827 1739 ergo
843 1693 1108 1740 operationum
1124 1695 1336 1732 secundum

278 1743 382 1792 quod
420 1743 468 1781 ad
498 1743 681 1781 exteriora
708 1744 970 1792 terminantur,
1008 1746 1169 1794 pertinet
1205 1748 1254 1784 ad
1282 1747 1336 1784 iu-

330 1879 358 1912 α)
369 1879 465 1912 sortis.
477 1892 497 1900 ·-
508 1880 598 1913 sortia
615 1881 644 1905 P.

1388 377 1545 414 stitiam:
1574 377 1642 414 sed
1669 377 1887 415 rectificatio
1907 389 2039 414 earum
2059 377 2271 414 secundum
2294 377 2399 425 quod
2424 389 2447 414 a

1388 430 1627 477 passionibus
1661 430 1853 478 oriuntur,
1888 430 2050 479 pertinet
2084 430 2132 467 ad
2167 430 2256 467 alias
2290 430 2446 467 virtutes

1388 483 1563 529 morales,
1584 494 1682 530 quae
1708 490 1795 519 sunt
1823 483 1920 520 circa
1947 482 2155 532 passiones.
2185 482 2296 520 Unde
2325 494 2447 519 surre-

1388 534 1559 582 ptionem
1579 535 1725 572 alienae
1745 535 1797 572 rei
1817 535 1954 572 iustitia
1973 535 2132 584 impedit
2150 536 2375 585 inquantum
2392 541 2447 571 est

1390 594 1520 623 contra
1535 587 1797 635 aequalitatem
1810 588 1848 625 in
1865 588 2110 625 exterioribus
2126 587 2445 625 constituendam:

1389 638 1589 676 liberalitas
1613 652 1705 676 vero
1733 641 1958 689 inquantum
1985 640 2156 689 procedit
2184 641 2231 677 ab
2259 640 2447 677 immode-

1390 699 1469 728 rata
1504 692 1807 740 concupiscentia
1844 693 2070 732 divitiarum.
2124 693 2200 730 Sed
2233 693 2322 742 quia
2358 704 2448 741 ope-

1390 744 1553 781 rationes
1583 745 1784 782 exteriores
1813 758 1891 783 non
1918 746 2059 782 habent
2087 745 2254 794 speciem
2282 746 2330 782 ab
2355 745 2447 781 inte-

1390 797 1550 833 rioribus
1578 797 1827 845 passionibus,
1857 799 1924 835 sed
1952 799 2072 846 magis
2100 810 2122 834 a
2150 799 2263 835 rebus
2292 797 2448 834 exterio-

1390 849 1505 896 ribus,
1535 849 1629 886 sicut
1657 862 1702 886 ex
1730 850 1904 895 obiectis;
1942 851 2047 898 ideo,
2075 862 2144 899 per
2172 863 2211 887 se
2240 850 2446 898 loquendo,

1391 902 1630 950 operationes
1651 902 1852 939 exteriores
1871 903 1991 950 magis
2010 911 2096 940 sunt
2115 903 2272 940 materia
2290 903 2448 939 iustitiae

1390 966 1507 1003 quam
1537 954 1696 991 aliarum
1723 954 1906 992 virtutum
1935 955 2151 992 moralium.

1443 1009 1501 1043 An
1529 1018 1689 1044 TERTmM
1717 1019 1900 1045 DICENDUM
1929 1008 2033 1056 quod
2060 1008 2207 1044 bonum
2241 1019 2447 1044 commune

1391 1066 1446 1096 est
1465 1059 1551 1096 finis
1579 1059 1810 1107 singularum
1839 1071 2090 1108 personarum
2114 1060 2152 1096 in
2177 1059 2447 1096 communitate

1391 1112 1639 1159 existentium,
1668 1112 1763 1149 sicut
1790 1113 1936 1149 bonum
1964 1113 2077 1149 totius
2105 1112 2191 1149 finis
2220 1120 2275 1148 est
2303 1111 2450 1148 cuiusli-

1391 1166 1453 1202 bet
1481 1165 1656 1213 partium.
1685 1166 1839 1201 Bonum
1869 1172 1995 1201 autem
2023 1165 2134 1201 unius
2161 1177 2348 1213 personae
2376 1164 2449 1200 sin-

1390 1218 1527 1265 gularis
1546 1230 1624 1254 non
1645 1225 1700 1254 est
1718 1217 1804 1254 finis
1825 1218 1985 1254 alterius.
2015 1218 2064 1254 Et
2083 1217 2169 1254 ideo
2189 1216 2325 1253 iustitia
2351 1218 2450 1264 lega-

1390 1270 1444 1318 lis,
1474 1283 1572 1319 quae
1602 1270 1795 1307 ordinatur
1823 1270 1872 1307 ad
1900 1271 2046 1306 bonum
2076 1281 2301 1315 commune,
2330 1268 2448 1316 magis

1390 1335 1429 1360 se
1453 1331 1578 1373 potest
1606 1323 1808 1359 extendere
1828 1323 1876 1359 ad
1905 1322 2099 1359 interiores
2127 1322 2339 1371 passiones,
2371 1321 2449 1369 qui-

1389 1377 1460 1413 bus
1487 1377 1606 1412 homo
1637 1375 1844 1424 aliqualiter
1872 1375 2083 1424 disponitur
2104 1374 2142 1411 in
2170 1374 2306 1422 seipso,
2333 1386 2447 1421 quam

1389 1429 1526 1466 iustitia
1547 1428 1792 1478 particulariS,
1814 1440 1911 1476 quae
1931 1428 2128 1465 ordinatur
2155 1427 2202 1464 ad
2232 1427 2378 1463 bonum
2399 1427 2449 1462 al-

1388 1482 1503 1518 terius
1531 1481 1727 1529 singularis
1746 1492 1944 1529 personae.
1975 1479 2163 1527 Quamvis
2191 1479 2327 1516 iustitia
2350 1480 2447 1526 lega-

1388 1534 1432 1571 lis
1454 1534 1698 1583 principalius
1718 1546 1757 1570 se
1778 1533 1953 1570 extendat
1972 1533 2021 1569 ad
2040 1533 2130 1569 alias
2153 1531 2309 1568 virtutes
2331 1543 2449 1580 quan-

1388 1595 1470 1624 tum
1508 1587 1556 1623 ad
1592 1586 1794 1623 exteriores
1832 1586 2071 1634 operationes
2109 1596 2260 1621 earum:
2290 1584 2449 1632 inquan-

1388 1648 1469 1678 tum
1496 1639 1634 1676 scilicet
1665 1639 1850 1687 praecipit
1876 1639 1938 1675 lex
1961 1638 2078 1686 fortis
2106 1642 2123 1658 '²
2151 1648 2266 1685 opera
2289 1637 2448 1684 facere,

1389 1700 1424 1731 et
1450 1705 1547 1741 quae
1581 1692 1794 1740 temperati,
1824 1697 1858 1728 et
1885 1702 1981 1739 quae
2013 1689 2209 1736 mansueti,
2237 1697 2278 1726 ut
2316 1688 2450 1725 dicitur

1390 1747 1429 1784 in
1447 1747 1483 1784 V
1501 1746 1620 1782 Ethic.
1636 1744 1657 1766 '¹‘

952 1960 1284 1993 Commentario,
1306 1961 1556 1994 Cardinalis
1579 1959 1779 1992 Caietam

281 2057 328 2119 IN
352 2046 484 2077 articulo
508 2056 596 2076 nono
621 2046 762 2076 eiusdem
785 2047 988 2087 quaestionis,
1012 2047 1044 2077 in
1068 2048 1274 2088 responsione
1298 2048 1338 2078 ad

308 2090 460 2130 primum,
488 2100 562 2121 cum
590 2090 667 2130 legis
694 2091 783 2131 quod
809 2091 974 2121 delectatio
1001 2097 1063 2142 est·
1071 2092 1150 2131 finis
1164 2093 1337 2142 ‘principa-

1390 2047 1591 2078 discretivum
1615 2046 1691 2076 boni
1714 2052 1744 2076 et
1768 2035 1851 2075 mali.
1883 2044 2097 2075 Discernimus
2125 2052 2263 2082 namque
2289 2042 2371 2072 male
2394 2041 2448 2072 ha-

1391 2092 1549 2122 bituatum
1572 2090 1621 2120 vel
1644 2090 1723 2119 bene
1738 2089 1937 2119 habituatum
1961 2098 1997 2118 ex
2020 2087 2225 2117 delectatione
2248 2086 2282 2116 in
2297 2087 2383 2116 bono
2399 2086 2448 2116 vel

276 2134 317 2165 lis
332 2141 400 2172 etc„
425 2145 491 2164 non
514 2133 667 2174 intelligas
691 2135 779 2175 quod
803 2141 850 2165 est
872 2134 942 2165 finis
966 2135 1145 2175 principalis
1163 2136 1262 2176 ipsius
1277 2135 1336 2166 vir·
1363 2143 1364 2167 l
1391 2136 1491 2165 malo:
1515 2140 1707 2173 temperatus
1731 2133 1815 2163 enim
1839 2133 1954 2172 gaudet
1977 2131 2172 2166 abstinentia,
2196 2131 2297 2160 iustus
2320 2129 2447 2165 iustitia,

276 2177 368 2209 tutis:
393 2178 457 2208 iarn
477 2178 562 2208 enim
578 2178 698 2208 dictum
714 2178 800 2208 vides
821 2179 853 2208 in
876 2179 977 2210 littera
999 2180 1087 2220 quod
1108 2187 1152 2210 est
1175 2179 1245 2210 finis
1261 2190 1336 2210 con·
1362 2173 1364 2199 ¹¹
1389 2179 1524 2209 liberalis
1548 2177 1739 2212 liberalitate,
1765 2184 1795 2207 et
1817 2176 1860 2206 sic
1885 2176 1923 2206 de
1946 2175 2027 2211 aliis;
2052 2181 2082 2205 et
2104 2175 2275 2215 gaudentes
2298 2174 2330 2203 in
2346 2183 2447 2214 oppo-

277 2231 421 2263 sequens.
447 2222 508 2252 Sed
523 2222 612 2262 quod
628 2228 675 2252 est
697 2222 876 2262 principalis
899 2224 1008 2263 quoad
1024 2230 1168 2254 nostrum
1183 2223 1335 2254 iudicium
1362 2205 1365 2255 i
1390 2223 1454 2253 sitis
1478 2221 1633 2252 contrarie
1657 2220 1835 2251 habituatos
1859 2219 2002 2250 dicimus.

1073 2382 1389 2425 ARTICULUS
1418 2351 1669 2424 DECiMUS

875 2475 1030 2535 aUTRUM
1053 2475 1224 2506 MEDIUM
1248 2475 1462 2506 IUSTITIAE
1489 2475 1557 2505 SIT
1581 2473 1752 2504 MEDIUM
1776 2472 1846 2503 REI

559 2562 582 2586 Ι·
601 2561 657 2593 11¹⁶,
677 2569 721 2594 qu.
740 2569 806 2594 ων,
826 2567 873 2589 art.
894 2569 922 2593 23
942 2562 973 2586 111
994 2562 1076 2592 Sent„
1097 2562 1155 2588 dist.
1173 2569 1257 2592 xxxm,
1277 2570 1321 2595 qu.
1339 2570 1356 2592 1,
1376 2567 1422 2587 art.
1443 2561 1467 2593 3,
1487 2561 1537 2593 qu¹²
1561 2568 1591 2591 2;
1611 2561 1652 2585 De
1669 2560 1774 2589 Virtut„
1795 2567 1839 2592 qu.
1862 2566 1884 2589 1,
1903 2564 1950 2583 art.
1972 2557 2010 2588 13,
2025 2558 2057 2582 ad
2076 2565 2100 2590 7,
2123 2565 2167 2588 12;

1178 2597 1272 2628 Quodl.
1290 2597 1332 2626 VI.
1352 2605 1396 2629 qu.
1414 2604 1438 2626 v,
1458 2601 1505 2621 art.
1524 2603 1552 2627 4.

393 2699 462 2728 „s
489 2689 512 2714 D
531 2688 694 2714 nummum
713 2688 767 2713 stc
785 2687 1024 2713 pxocem‘rua.
1053 2675 1212 2713 Videtur
1230 2676 1335 2725 quod

383 2711 461 2791 ’,ἓρ
489 2730 661 2767 medium
693 2729 853 2766 iustitiae
881 2741 959 2766 non
991 2729 1038 2766 sit
1065 2729 1235 2766 medium
1267 2729 1332 2765 rei.

359 2781 413 2828 xl,
433 2775 477 2825 '¹6‘
489 2782 600 2820 Ratio
621 2782 722 2819 enim
741 2781 888 2829 generis
914 2782 1081 2819 salvatur
1098 2782 1137 2819 in
1157 2782 1334 2819 omnibus

376 2832 429 2865 Ψ)
445 2828 477 2871 R
489 2835 699 2883 speciebus.
747 2834 823 2871 Sed
868 2835 988 2871 virtus
1034 2834 1186 2871 moralis
1227 2834 1266 2871 in
1301 2836 1333 2870 ΙΙ

241 2905 252 2910 -
276 2887 396 2924 Ethic.
415 2886 436 2909 ²¹⁸
464 2887 641 2924 definitur
659 2899 743 2924 esse
770 2887 916 2924 habitus
942 2887 1114 2923 electivus
1141 2887 1178 2923 in
1199 2887 1335 2923 medie-

242 2936 250 2943 ’
277 2945 351 2976 tate
369 2939 528 2976 existens
547 2940 791 2976 determinata
815 2940 960 2976 ratione
977 2939 1104 2987 quoad
1124 2951 1202 2975 nos.
1233 2939 1335 2987 Ergo

277 2999 315 3029 et
341 2991 535 3029 iniustitia
563 2999 619 3029 est
636 2992 807 3028 medium
834 2991 999 3038 rationis,
1029 2998 1066 3028 et
1092 3003 1170 3028 non
1190 2990 1254 3028 rei.

331 3056 365 3081 2.
383 3045 615 3092 Pmmnm,
636 3044 674 3081 in
693 3045 753 3081 his
771 3056 871 3092 quae
888 3044 1103 3092 simpliciter
1125 3049 1211 3080 sunt
1237 3044 1335 3080 bona

277 3109 356 3135 non
376 3104 432 3134 est
451 3097 623 3146 accipere
641 3098 878 3146 superfluum
899 3104 935 3133 et
954 3097 1195 3144 diminutum,
1215 3103 1251 3133 et
1269 3107 1337 3144 per

277 3161 516 3198 consequens
531 3150 602 3188 nec
620 3150 809 3187 medium:
830 3150 924 3187 sicut
941 3157 1044 3198 patet
1062 3149 1109 3187 de
1123 3146 1334 3196 virtutibus,

276 3210 319 3240 ut
346 3202 480 3240 dicitur
497 3203 535 3240 in
555 3204 587 3240 11
605 3203 726 3240 Ethic.
745 3203 765 3224 ’¹‘
793 3203 871 3240 Sed
889 3202 1025 3239 iustitia
1051 3210 1108 3239 est
1129 3202 1227 3239 circa
1248 3202 1335 3238 sim-

336 2856 343 2861 .
328 2774 332 2783 ⁴
310 2700 347 2760 ,;-’ῗ“’·’

334 2813 375 2861 ᾗ
349 2731 378 2784 η’.
363 2712 369 2720 “

278 3308 415 3346 iustitia
441 3321 520 3345 non
549 3315 606 3345 est
632 3308 803 3345 medium
832 3307 897 3345 rei.

334 3362 368 3398 3.
385 3362 617 3406 Parmam,
633 3361 671 3397 in
690 3360 770 3397 aliis
789 3361 988 3398 virtutibus
1002 3360 1089 3398 ideo
1106 3360 1240 3397 dicitur
1253 3371 1335 3396 esse
1360 3354 1363 3361 ¹

278 3413 450 3451 medium
486 3413 641 3450 rationis
676 3420 712 3450 et
739 3425 818 3450 non
846 3413 918 3460 rei,
956 3413 1044 3462 quia
1078 3412 1334 3450 diversimode

278 3466 459 3516 accipitur
485 3478 553 3515 per
582 3465 907 3514 comparationem
936 3466 985 3502 ad
1009 3465 1177 3503 diversas
1205 3477 1335 3514 perso-

277 3531 361 3556 nas:
390 3519 479 3567 quia
502 3519 607 3567 quod
626 3518 691 3555 uni
713 3526 767 3555 est
784 3518 958 3565 multum,
988 3518 1092 3555 alteri
1112 3525 1167 3555 est
1184 3529 1333 3566 parum,

277 3579 319 3608 ut
338 3571 470 3608 dicitur
489 3571 528 3608 in
548 3573 579 3608 ΙΙ
598 3572 717 3608 Ethic.
737 3571 757 3593 ’¹‘
787 3571 863 3607 Sed
882 3571 956 3607 hoc
976 3570 1088 3607 etiarn
1113 3571 1335 3607 observatur

420 3641 529 3666 Sunium
548 3640 648 3665 Timor..
668 3640 699 3665 D.
718 3640 832 3665 Tnouat:
851 3639 882 3664 T.
901 3639 944 3663 V1.

1387 2676 1426 2712 in
1453 2675 1611 2712 iustitia:
1647 2686 1725 2711 non
1754 2673 1855 2710 enim
1885 2673 2021 2710 eadem
2048 2684 2175 2721 poena
2203 2672 2356 2720 punitur
2383 2673 2447 2721 qui

1387 2728 1547 2777 percutit
1573 2726 1796 2776 principem,
1827 2733 1864 2762 et
1883 2725 1948 2774 qui
1975 2725 2134 2774 percutit
2157 2725 2343 2773 privatam
2362 2738 2448 2773 per-

1388 2793 1536 2817 sonam.
1584 2781 1686 2827 Ergo
1715 2779 1827 2816 etiam
1856 2778 1993 2815 iustitia
2027 2790 2106 2815 non
2133 2778 2248 2814 habet
2275 2778 2446 2815 medium

1388 2833 1453 2880 rei,
1483 2833 1551 2870 sed
1577 2832 1750 2869 medium
1779 2831 1942 2868 rationis.

1442 2887 1517 2922 SED
1533 2896 1678 2922 CONTRA
1692 2896 1759 2921 EST
1773 2883 1878 2932 quod
1893 2882 2218 2931 Philosophusbin
2233 2882 2269 2918 V
2282 2882 2401 2919 Ethic.
2413 2882 2444 2929 ²⁸,
2473 2893 2525 2945 ἑῆς.
2533 2898 2615 2940 3³31th
2629 2900 2683 2942 5140?

2473 2950 2503 2969 VI,
2518 2951 2560 2967 VH·

1388 2938 1550 2985 assignat
1578 2937 1747 2974 medium
1771 2935 1931 2973 iustitiae
1951 2934 2162 2972 secundum
2181 2935 2445 2982 proportiona-

1360 3017 1362 3019 ·
1388 2991 1527 3027 litatem
1553 2989 1836 3034 arithmeticam,
1857 2988 1961 3036 quod
1991 2996 2046 3024 est
2073 2987 2244 3024 medium
2272 2987 2338 3023 rei.

1442 3044 1667 3079 RESPONDEO
1686 3053 1869 3079 montinum
1887 3041 2003 3090 quod,
2025 3040 2119 3077 sicut
2137 3052 2252 3088 supra
2265 3039 2285 3061 ²²
2303 3039 2444 3076 dictum

1389 3103 1455 3142 est,
1477 3095 1570 3132 aliae
1589 3095 1745 3132 virtutes
1772 3095 1936 3131 morales
1963 3093 2171 3130 consistunt
2194 3092 2447 3141 principaliter

1389 3149 1486 3185 circa
1504 3147 1711 3197 passiones,
1727 3158 1888 3196 quarum
1909 3146 2127 3183 rectificatio
2148 3157 2226 3182 non
2245 3145 2447 3182 attenditur

1389 3201 1459 3239 nisi
1474 3201 1687 3238 secundum
1700 3199 2027 3248 comparationem
2042 3199 2091 3235 ad
2105 3198 2232 3246 ipsum
2247 3197 2444 3234 hominem

1389 3254 1495 3291 cuius
1520 3261 1607 3291 sunt
1625 3252 1833 3301 passiones,
1855 3252 2066 3289 secundum
2086 3250 2226 3287 scilicet
2244 3251 2349 3298 quod
2376 3250 2447 3286 ira-

1389 3307 1501 3344 scitur
1536 3314 1572 3343 et
1604 3305 1834 3354 concupiscit
1868 3312 1980 3354 prout
2009 3304 2122 3340 debet
2153 3302 2362 3339 secundum
2393 3301 2446 3339 di-

1388 3371 1519 3397 versas
1555 3357 1862 3396 circumstantias.
1910 3358 1959 3394 Et
1993 3356 2079 3394 ideo
2108 3355 2279 3392 medium
2314 3354 2445 3391 talium

1388 3412 1568 3449 virtutum
1597 3424 1676 3448 non
1704 3410 1883 3458 accipitur
1911 3409 2123 3446 secundum
2156 3407 2444 3456 proportionem

1360 3462 1362 3471 ’
1388 3465 1499 3502 unius
1528 3464 1582 3501 rei
1600 3464 1649 3501 ad
1668 3464 1837 3510 alteram,
1857 3462 1926 3499 sed
1953 3462 2077 3498 solum
2105 3461 2316 3498 secundum
2340 3472 2444 3496 com-

1388 3517 1623 3566 parationem
1652 3516 1699 3553 ad
1719 3515 1844 3564 ipsum
1864 3514 2087 3551 virtuosum.
2117 3514 2165 3550 Et
2190 3520 2347 3561 propter
2371 3513 2445 3548 hoc

1388 3570 1426 3606 in
1454 3569 1543 3618 ipsis
1573 3577 1628 3606 est
1662 3568 1833 3605 medium
1862 3568 1986 3604 solum
2019 3565 2230 3603 secundum
2259 3564 2443 3602 rationem

2289 3633 2302 3657 3

2476 1731 2486 1740 ⁸
2500 1729 2532 1751 Ca
2551 1735 2584 1755 .1,
2600 1735 2664 1756 n.14.
2675 1740 2685 1744 -

2476 1756 2529 1778 S.T
2548 1756 2655 1778 .1ect.u.

2472 3054 2546 3076 ’Am
2562 3061 2586 3079 2.
2608 3063 2620 3077 a
2655 3064 2682 3083 4,

2473 3084 2515 3103 art.
2530 3081 2556 3106 8:
2582 3083 2605 3104 Ῑει
2628 3084 2683 3110 11⁵⁹,

2473 3115 2511 3136 qu.
2526 3115 2562 3134 Lx,
2578 3114 2620 3131 art.
2636 3116 2655 3132 2.
