2860 4238
12 226 16 236 a
5 179 16 206 >a
0 0 20 148 ',-›·,=1‹'„r'ff3=

77 583 88 593 ⁸
102 581 158 606 cap.
170 587 201 606 Vl,
213 587 234 602 n.
246 581 267 602 6.
277 591 289 596 -

78 608 101 631 S.
117 607 162 629 Th.
181 607 224 629 lect
241 613 287 629 xxv.

63 2002 90 2036 4·-
98 2000 158 2028 &p-
170 2005 212 2022 nt.

26 2054 33 2060 ··
174 2054 191 2071 α

29 2101 31 2106 ’
75 2104 85 2114 ·
93 2102 132 2124 Pa.
142 2107 175 2128 xx,
182 2107 241 2124 ven.
249 2106 286 2128 24,

33 2159 35 2161 ¹
75 2134 139 2178 ffir-
158 2127 286 2150 necandum

33 2173 36 2176 .
140 2170 148 2177 .
181 2161 217 2183 pn.
255 2160 286 2181 x,

75 2188 136 2204 ven.
150 2187 172 2210 3,
185 2188 209 2208 4.

35 2306 38 2310 ·
71 2256 285 2340 reatae,

25 2370 33 2383 ·‘
70 2342 136 2393 ³⁶35.
149 2375 213 2398 cxix,
225 2375 285 2392 ven.

28 2442 39 2453 .,
71 2403 155 2446 ³‘ot-a.
169 2423 232 2452 Aug.

170 2583 190 2611 t

31 2692 34 2693 ⁷
50 2702 54 2707 ,
73 2683 130 2705 ⁸Ps.
138 2689 285 2711 xxxv1„vers.

75 2717 104 2739 ¹⁵-

31 2809 35 2814 .
73 2793 84 2805 ⁸
91 2793 129 2822 Pp.
137 2798 188 2820 m,
195 2798 256 2814 vers.
266 2798 286 2820 5.

35 2887 39 2894 '¹
75 2901 83 2909 ·
91 2899 148 2921 Ord.
155 2902 177 2920 et
181 2898 284 2922 Interlin.

32 3054 37 3078 1
75 3057 86 3067 ⁸
110 3083 116 3088 .
151 3073 156 3078 .
181 3055 286 3078 Clericus

30 3091 37 3110 ·.
74 3088 122 3111 w.

272 1286 567 1325 „J-Hz—ffd‘h‘oc
591 1291 704 1323 dicitur
731 1291 820 1333 quod
844 1292 919 1333 quia
941 1291 973 1322 in
998 1291 1086 1322 seriis
1110 1292 1244 1332 quilibet
1267 1302 1303 1322 ex
1327 1291 1380 1322 de-
1404 1316 1406 1344 4

1004 211 1270 257 QUAESTIO
1300 212 1422 260 CXV,
1451 212 1746 249 ARTICULUS
1776 213 1806 248 Il
2418 211 2494 258 445

989 321 1322 356 Commentariis
1343 323 1593 356 Cardinalis
1614 324 1816 357 Caietani

320 419 368 482 lu
391 409 523 440 articulo
547 410 652 449 primo
678 409 873 451 quaestionis
900 409 1378 451 centesimaedecimaequintae,
1404 411 1406 446 ζ
1432 412 1507 442 haec
1531 422 1548 442 a
1572 412 1692 442 ratione
1715 420 1798 443 sunt.
1832 413 1873 444 Et
1895 419 2062 453 propterea
2085 419 2212 453 turpem
2236 412 2400 442 hominem
2426 413 2496 442 red-

347 454 380 484 in
403 454 612 494 responsione
636 454 676 485 ad
698 454 856 493 primum,
881 453 1016 484 dubium
1039 454 1175 484 occurrit
1198 455 1277 485 circa
1301 455 1378 486 illud
1404 456 1406 494 ξ
1432 456 1541 486 derent
1563 455 1619 496 qui
1642 464 1772 496 propter
1793 456 1919 487 lucrum
1942 457 2004 487 hoc
2027 457 2150 488 faceret.

315 498 458 535 verbum,
483 498 573 538 quod
588 503 757 538 peccatum
775 503 856 528 esset
876 499 905 528 si
922 498 993 539 quis
1014 498 1107 527 vellet
1123 498 1257 537 placere
1279 500 1379 530 homi·
1404 505 1406 543 ξ
1488 500 1579 530 Unde
1594 500 1633 530 ad
1649 500 1787 540 primam
1802 501 2015 531 obiectionem
2030 501 2144 532 dicitur
2160 501 2248 541 quod
2272 501 2305 541 ly
2328 501 2494 531 honestum

316 543 408 572 nibus
424 547 561 583 propter
584 543 720 574 lucrum.
745 541 877 573 Videtur
899 541 961 572 hoc
985 540 1111 571 falsum.
1136 542 1223 572 Tum
1247 543 1322 583 quia
1346 543 1378 573 in
1432 548 1462 573 et
1485 544 1563 574 utile
1587 554 1652 574 non
1669 544 1744 575 dicit
1762 543 1858 575 finem
1875 545 2078 575 affabilitatis:
2103 545 2158 576 sed
2177 544 2274 575 finem
2291 551 2418 575 actuum
2440 544 2495 584 qui

316 586 359 616 IV
374 585 476 616 Ethic.
493 584 509 600 ⁸
533 587 571 616 de
595 584 709 616 affabili
733 585 847 616 dicitur
870 585 959 625 quod
982 585 1170 616 coniectabit
1186 597 1248 617 non
1265 588 1379 617 contri-
1404 609 1406 630 Ξ
1431 594 1506 617 sunt
1525 586 1711 618 affabilitatis
1728 588 1865 619 materia.
1887 589 1931 620 lta
1950 590 2038 630 quod
2054 588 2187 619 intendit
2203 588 2387 619 Aristoteles
2406 588 2495 629 quod

313 635 419 666 stare,
445 631 495 660 vel
511 630 663 670 placere,
688 629 834 670 referens
857 629 900 659 ad
922 630 1088 659 honestum
1113 630 1163 660 vel
1186 631 1272 661 utile.
1304 631 1379 661 Non
1404 642 1406 676 Ἰ
1431 630 1592 671 colloquia
1609 638 1639 662 et
1654 641 1750 671 opera
1773 632 1806 662 in
1821 633 1938 673 quibus
1955 632 2118 663 affabilitas
2139 633 2293 663 coniectat
2312 632 2495 663 delectabile

315 681 362 704 est
385 680 458 713 ergo
482 679 648 714 peecatum
670 673 783 704 referre
806 673 869 703 hoc
892 674 931 703 ad
955 673 1047 709 utile,
1073 683 1109 703 ex
1132 684 1199 714 quo
1222 682 1269 705 est
1291 682 1378 705 actus
1404 678 1406 711 ζ
1432 681 1467 704 ut
1488 684 1585 705 suum
1609 674 1714 711 finem,
1740 676 1927 707 ordinantur
1949 678 1987 707 ad
2011 677 2182 707 honestum
2206 677 2255 707 vel
2279 676 2365 707 utile.
2394 676 2494 713 Quasi

313 718 448 749 virtutis.
624 729 634 733 >⁷
1404 715 1406 765 Ξ
1431 718 1547 750 diceret
1570 721 1660 759 quod
1683 727 1757 750 sunt
1773 719 1901 756 seriosa,
1920 727 1950 751 et
1963 731 2030 751 non
2045 721 2174 757 ludicra,
2195 721 2372 752 secundum
2394 730 2495 760 genus

369 762 456 792 Tum
480 761 556 801 quia
578 761 636 791 iste
658 760 744 797 finis,
770 761 887 792 scilicet
904 766 1040 802 propter
1063 762 1205 800 lucrum,
1230 772 1296 792 non
1319 762 1378 792 im-
1404 768 1406 812 4
1432 771 1543 793 suum:
1568 772 1651 803 quae
1666 764 1753 794 enim
1767 764 1848 794 serio
1864 764 1999 795 dicimus
2015 772 2070 795 aut
2092 765 2235 800 facimus,
2259 772 2341 796 recte
2365 771 2495 804 propter

314 812 419 846 portat
442 805 562 846 aliquid
585 805 725 842 malum,
750 806 831 836 sicut
854 805 1006 845 importat
1034 806 1066 846 ly
1090 811 1227 846 propter
1250 807 1378 836 inanem
1404 814 1406 848 ζ
1431 806 1603 836 honestum
1626 808 1675 837 vel
1699 808 1775 838 utile
1800 808 1929 848 aliquod
1954 809 2089 839 dicimus
2113 816 2168 840 aut
2191 809 2336 839 facimus.

311 850 465 891 gloriam.
490 849 531 879 Et
554 849 677 889 placere
701 850 885 880 hominibus
909 860 966 880 nec
989 850 1142 890 importat
1165 851 1297 885 malum,
1322 858 1379 880 nec
1403 851 1406 882 f
1486 851 1537 880 Ad
1554 852 1725 881 secundam
1740 861 1815 881 vero
1833 852 1946 882 dicitur
1969 854 2058 893 quod
2075 853 2149 893 quia
2168 854 2290 893 placere
2309 852 2494 883 hominibus

313 893 444 934 aliquod
460 893 622 934 spirituale
645 904 712 924 non
729 894 903 924 ordinabile
919 895 959 924 ad
986 895 1123 924 lucrum.
1147 895 1233 933 Ergo
1257 894 1380 933 placere
1431 894 1464 923 in
1481 894 1566 924 seriis
1582 896 1723 934 quando,
1740 897 1918 935 quomodo,
1934 903 2004 932 etc,
2022 904 2157 937 oportet,
2174 904 2220 927 est
2240 897 2396 932 debitum;
2421 896 2494 926 ideo

311 938 498 968 hominibus
522 948 588 968 non
611 937 646 969 fit
669 938 792 969 malum
808 939 969 969 moraliter
992 948 1028 968 ex
1051 938 1113 968 hoc
1136 939 1225 978 quod
1248 937 1284 968 fit
1306 947 1379 977 pro·
1403 931 1406 981 Ξ
1431 947 1498 968 non
1528 945 1574 968 est
1603 939 1777 969 ordinabile
1809 947 1843 969 ut
1872 939 1926 970 fiat
1957 940 2169 980 principaliter
2198 949 2328 981 propter
2357 941 2492 970 lucrum.

313 989 382 1022 pter
404 982 541 1013 lucrum.
1236 1017 1237 1020 Ξ
1283 1016 1285 1018 ,
1400 987 1415 1040 4
1432 982 1528 1023 Secu}
1553 982 1578 1013 si
1601 983 1785 1018 accessorie:
1818 991 1930 1023 utputa
1954 984 2044 1024 quia,
2071 985 2093 1014 si
2123 986 2233 1024 placeo
2258 985 2493 1019 conversando,

366 1027 529 1058 Praeterea
551 1026 584 1056 in
599 1026 729 1057 ludicris
753 1027 875 1066 placere
890 1025 1076 1056 hominibus
1100 1032 1231 1065 propter
1252 1026 1379 1055 lucrum
1404 1041 1405 1072 4
1432 1036 1574 1056 assumar
1596 1026 1628 1056 in
1645 1026 1770 1056 socium
1790 1027 2023 1066 negotiationis,
2040 1029 2090 1058 vel
2106 1029 2145 1058 ad
2165 1029 2375 1059 ministerium
2390 1029 2494 1059 lucro-

313 1081 379 1103 non
403 1078 450 1102 est
472 1077 654 1111 peccatum:
680 1077 716 1101 ut
737 1077 824 1111 patet
846 1070 878 1100 in
895 1070 944 1100 his
968 1070 1024 1111 qui
1048 1070 1086 1100 de
1109 1070 1297 1100 huiusmodi
1315 1077 1379 1100 arte
1404 1074 1405 1084 ¹
1431 1080 1513 1106 sum,
1538 1077 1568 1100 et
1591 1070 1787 1101 huiusmodi.
1813 1071 1995 1102 Honestum
2012 1082 2150 1113 namque
2170 1083 2244 1103 cum
2260 1083 2419 1103 annexum
2439 1073 2492 1102 ha-

311 1115 424 1147 vivunt
445 1115 479 1146 in
502 1114 599 1146 curiis
618 1114 812 1155 principum,
837 1113 892 1156 qui
915 1113 1084 1144 histriones
1103 1121 1269 1145 vocantur.
1294 1114 1378 1154 Ergo
1431 1115 1503 1145 beat
1526 1114 1612 1150 utile,
1637 1125 1702 1144 non
1727 1122 1774 1145 est
1796 1123 1887 1156 turpe
1912 1125 1948 1146 ex
1971 1115 2107 1147 honesto
2131 1126 2254 1156 sperare
2278 1116 2363 1152 utile,
2388 1124 2423 1147 ut
2446 1125 2494 1148 ac-

312 1159 419 1190 necin
434 1158 522 1190 seriis
545 1157 668 1199 placere
691 1158 875 1190 hominibus
898 1165 1030 1199 propter
1050 1158 1178 1189 lucrum
1202 1166 1248 1189 est
1270 1169 1380 1198 pecca·
1403 1184 1406 1212 4
1432 1158 1606 1190 cessorium
1629 1165 1746 1189 tamen.

310 1210 393 1238 tum.
408 1221 430 1227 —
445 1203 487 1234 Et
501 1210 587 1235 tenet
601 1201 741 1244 sequela:
755 1202 833 1245 quia
852 1202 1023 1244 utrobique
1046 1203 1170 1243 placere
1192 1203 1379 1234 hominibus
1404 1215 1406 1246 4
1487 1203 1537 1234 Ad
1561 1203 1684 1234 tertiam
1711 1210 1819 1234 autem
1850 1203 1963 1234 dicitur
1994 1203 2081 1245 quod
2107 1204 2231 1244 placere
2253 1203 2438 1234 hominibus
2461 1204 2493 1234 in

312 1246 477 1279 ordinatur
505 1246 683 1285 adtentum
711 1245 952 1279 delectationem
982 1247 1014 1278 in
1043 1247 1173 1278 materia
1200 1247 1380 1288 temporali.
1404 1263 1406 1267 ·
1430 1247 1508 1277 iocis
1533 1254 1563 1278 et
1585 1247 1669 1278 ludis
1686 1258 1751 1277 non
1769 1246 1916 1278 convenit
1933 1248 2055 1278 homini
2072 1258 2108 1278 ex
2123 1248 2239 1280 debito.
2265 1249 2305 1279 Et
2329 1255 2494 1288 propterea

1404 1272 1406 1314 l
1432 1301 1497 1322 non
1521 1298 1567 1321 est
1595 1291 1713 1322 mirum
1737 1291 1762 1322 si
1791 1291 1897 1328 faceti,
1922 1292 2069 1328 iucundi,
2095 1300 2125 1323 et
2148 1291 2348 1329 huiusmodi,
2373 1293 2493 1333 absque

312 1334 381 1367 bito
403 1342 532 1376 oportet
560 1337 650 1377 quod
678 1346 711 1366 se
738 1337 851 1367 habeat
877 1336 909 1366 in
939 1336 1179 1367 conversatione
1208 1343 1244 1366 ut
1272 1336 1378 1376 ipsum
1405 1345 1407 1388 4
1430 1335 1626 1375 turpitudine
1649 1335 1755 1366 locant
1778 1346 1889 1376 operas
1913 1335 2076 1367 ministerii
2100 1337 2149 1367 sui
2173 1337 2205 1366 in
2221 1337 2386 1367 excitando
2411 1336 2494 1367 dele-

312 1380 412 1417 decet,
432 1381 505 1411 ideo
525 1387 618 1421 turpe
633 1387 714 1411 esset
736 1381 761 1411 si
777 1381 836 1411 sub
852 1380 955 1421 pretio
972 1380 1034 1410 hoc
1050 1387 1242 1420 poneretur:
1267 1390 1379 1420 quem·
1405 1389 1407 1401 ³
1432 1379 1602 1410 ctationem
1625 1380 1693 1409 aliis
1716 1380 1749 1409 in
1772 1380 1850 1410 iocis
1874 1387 1928 1410 aut
1950 1380 2044 1411 ludis.
2076 1381 2137 1411 Sed
2160 1381 2192 1411 in
2217 1381 2303 1411 seriis
2328 1391 2364 1411 ex
2388 1381 2493 1411 debito

311 1425 490 1455 admodum
513 1425 539 1455 si
562 1425 635 1466 quis
650 1425 743 1455 vellet
766 1425 825 1455 sibi
840 1425 921 1455 solvi
944 1425 1006 1455 hoc
1021 1425 1129 1464 ipsum
1148 1425 1236 1465 quod
1252 1424 1284 1454 in
1305 1434 1379 1454 con-
1405 1404 1407 1466 Ξ
1432 1424 1531 1454 homo
1551 1423 1706 1453 affabilem
1722 1434 1754 1454 se
1779 1424 1922 1454 exhibere
1938 1432 2071 1455 tenetur.
2095 1425 2135 1455 Et
2151 1425 2223 1455 ideo
2240 1435 2306 1455 non
2323 1432 2369 1455 est
2384 1426 2494 1454 eadem

275 1483 277 1486 ⁴
311 1469 467 1500 versando
498 1476 528 1500 et
551 1469 767 1510 colloquendo
790 1479 901 1499 verum
926 1469 1051 1499 diceret.
1081 1469 1194 1499 Aliena
1221 1468 1379 1508 siquidem
1405 1467 1408 1500 l
1434 1467 1512 1498 ratio
1538 1468 1576 1498 de
1599 1467 1750 1508 utrisque.

1084 1630 1404 1674 ARTICULUS
1433 1630 1736 1673 SECUNDUS

905 1725 1060 1756 UTRUM
1085 1724 1311 1756 ADULATIO
1337 1725 1403 1755 SIT
1427 1723 1667 1756 PECCATUM
1691 1724 1903 1755 MORTALE

1153 1803 1195 1828 De
1213 1803 1296 1833 illato,
1317 1810 1363 1835 qu.
1380 1810 1426 1833 vn,
1445 1807 1492 1827 art.
1515 1810 1536 1833 1,
1556 1802 1588 1826 ad
1611 1810 1650 1826 11.

351 1898 357 1910 ··
400 1901 412 1924 ρ
430 1901 502 1946 »A«
526 1896 548 1921 n
564 1894 756 1920 SECUNDUM
771 1894 824 1919 51c
840 1894 1082 1919 PROCEDITUR.
1098 1882 1259 1919 Videtur
1274 1881 1379 1930 quod
1430 1881 1588 1930 Purgat.
1608 1880 1640 1926 ³⁸,
1669 1880 1765 1917 inter
1781 1886 1939 1928 peccata
1959 1880 2103 1916 minuta
2132 1887 2324 1917 numerat:
2353 1881 2387 1917 si
2413 1881 2494 1929 quis
2519 1893 2530 1904 ·

341 1918 504 1996 ἐξῆ
526 1936 692 1974 adulatio
712 1936 758 1972 sit
776 1943 977 1984 peccatum
999 1936 1172 1972 mortale.
1201 1934 1301 1982 Quia
1322 1947 1378 1971 se·
1404 1941 1405 1963 1
1432 1934 1608 1982 cuiquam
1637 1934 1774 1970 maiori
1796 1945 2004 1981 personae,
2033 1938 2100 1969 aut
2126 1945 2175 1969 ex
2207 1933 2396 1970 voluntate
2428 1940 2496 1971 aut

332 1988 392 2041 J„
468 1987 695 2030 ‘f'cundum
734 1988 1012 2037 Augustinum‚
1042 1988 1081 2025 in
1118 1988 1311 2025 Enchirid.
1338 1987 1376 2035 ³⁶,
1431 1999 1481 2023 ex
1508 1987 1734 2032 necessitate,
1763 1986 1916 2023 adulari
1940 1986 2109 2023 voluerit.

372 2056 380 2066 “
393 2034 459 2075 ”’ῗ’,’
483 2034 669 2080 Χνηαίιινη
688 2042 824 2079 dicitur
841 2042 929 2091 quia
951 2047 967 2063 α
996 2046 1112 2078 nocet.
1148 2042 1225 2078 Sed
1250 2041 1378 2077 adula-
1403 2037 1405 2062 l
1485 2041 1710 2076 Rrspososso
1730 2051 1915 2076 DICENDUM
1931 2040 2047 2087 quod,
2069 2039 2164 2075 sicut
2183 2038 2329 2087 supra*
2350 2039 2491 2076 dictum

313 2096 365 2133 tio
382 2095 547 2133 maxime
567 2104 699 2133 nocet:
720 2096 932 2132 secundum
948 2095 1039 2131 illud
1057 2095 1200 2141 ‚Psalm.
1216 2094 1253 2130 *ε
1279 2095 1376 2135 Quo·
1404 2097 1405 2113 ³
1433 2100 1498 2140 est,
1528 2101 1730 2141 peccatum
1760 2093 1919 2129 mortale
1941 2100 1995 2129 est
2023 2092 2128 2139 quod
2158 2092 2404 2128 contrariatur
2433 2105 2492 2129 ca-

313 2149 418 2186 niam
437 2149 615 2186 laudatur
635 2155 815 2197 peccator
833 2149 869 2185 in
890 2148 1080 2185 desideriis
1099 2148 1251 2184 animae
1272 2159 1376 2193 suae,
1432 2145 1539 2182 ritati.
1568 2146 1745 2183 Adulatio
1767 2154 1895 2182 autem
1923 2145 2156 2194 quandoque
2177 2144 2331 2193 quidem
2352 2145 2492 2182 caritati

313 2208 350 2239 et
366 2202 515 2250 iniquus
535 2203 779 2239 benedicitur:
808 2202 1051 2238 exacerbavit
1067 2202 1274 2237 Dominum
1290 2212 1376 2248 pec·
1404 2203 1405 2212 ¹
1432 2199 1691 2249 contrariatur,
1713 2199 1942 2247 quandoque
1968 2206 2095 2234 autem
2116 2210 2205 2234 non.
2237 2198 2494 2235 Contrariatur

313 2261 429 2292 cator.
460 2253 537 2291 Etfl
558 2255 818 2303 Hieronymus
839 2254 956 2292 dicit*
976 2254 1079 2302 quod
1099 2254 1192 2290 nihil
1209 2260 1263 2290 est
1279 2254 1380 2301 quod
1431 2252 1620 2300 siquidem
1649 2252 1792 2288 caritati
1824 2251 2027 2300 tripliciter.
2061 2251 2147 2288 Uno
2178 2251 2318 2298 modo,
2348 2251 2492 2288 ratione

312 2314 390 2346 tam
404 2308 521 2355 facile
539 2314 762 2356 corrumpat
777 2314 916 2344 mentes
934 2308 1128 2344 hominum
1150 2319 1265 2355 quam
1286 2307 1378 2344 adu·
1403 2323 1406 2355 4
1431 2305 1548 2353 ipsius
1568 2305 1764 2342 materiae:
1793 2314 1884 2353 puta
1905 2317 1992 2341 cum
2017 2303 2151 2352 aliquis
2179 2303 2308 2340 laudat
2336 2304 2492 2341 alicuius

311 2361 413 2398 latio.
435 2362 483 2397 Et
502 2374 616 2410 super
635 2361 725 2398 illud
747 2361 884 2397 Psalm.
903 2362 933 2406 ³²,
960 2361 1236 2397 Convertuntur
1253 2360 1375 2396 statim
1430 2365 1644 2406 peccatum.
1674 2359 1760 2394 Hoc
1789 2358 1892 2394 enim
1922 2357 2168 2394 contrariatur
2197 2357 2387 2393 dilectioni
2407 2357 2491 2404 Dei,

311 2416 583 2461 erubescentes,
619 2415 706 2451 dicit
743 2415 880 2451 Glossa
902 2414 940 2450 *ε
974 2413 1067 2450 Plus
1105 2419 1212 2451 nocet
1245 2413 1376 2462 lingua
1433 2419 1563 2448 contra
1593 2410 1698 2448 cuius
1726 2410 1901 2447 iustitiam
1931 2411 2050 2446 homo
2080 2409 2267 2457 loquitur:
2298 2418 2334 2446 et
2363 2418 2492 2447 contra

311 2468 518 2505 adulatoris
545 2480 658 2516 quam
687 2467 838 2517 gladius
860 2467 1123 2516 persecutoris.
1154 2467 1255 2514 Ergo
1285 2467 1378 2503 adu·
1433 2463 1675 2501 dilectionem
1690 2463 1864 2512 proximi,
1882 2475 1996 2511 quem
2015 2463 2050 2499 in
2065 2470 2223 2510 peccato
2244 2462 2359 2499 fovet.
2381 2463 2492 2500 Unde

311 2521 400 2558 latio
430 2529 486 2557 est
514 2521 782 2568 gravissimum
811 2528 1022 2569 peccatum.
1433 2525 1488 2554 est
1507 2525 1707 2565 peccatum
1729 2517 1908 2553 mortale:
1933 2516 2144 2553 secundum
2166 2515 2256 2552 illud
2278 2516 2395 2552 Isaiae
2414 2516 2488 2553 v*:

367 2586 402 2611 2.
432 2575 675 2621 PRAETEREA,
706 2574 939 2623 quicumque
966 2572 1094 2610 verbis
1124 2571 1184 2608 alii
1203 2577 1219 2600 Υ
1247 2579 1376 2617 nocet,
1438 2571 1527 2616 Vae,
1557 2571 1622 2619 qui
1647 2570 1775 2606 dicunt
1792 2567 1805 2591 δ
1833 2569 1976 2606 malum
2005 2570 2155 2605 bonum.
2186 2589 2210 2596 —
2238 2568 2324 2604 Alio
2354 2569 2489 2616 modo,

312 2638 392 2663 non
421 2626 548 2663 minus
583 2635 696 2664 nocet
725 2627 795 2664 sibi
824 2639 940 2676 quam
971 2626 1070 2662 aliis:
1107 2625 1209 2662 unde
1245 2624 1378 2661 dicitur
1404 2622 1405 2666 l
1432 2623 1576 2660 ratione
1613 2622 1850 2659 intentionis:
1889 2630 1980 2670 puta
2027 2634 2112 2658 cum
2152 2621 2284 2669 aliquis
2317 2621 2491 2658 adulatur

313 2679 351 2716 in
370 2680 511 2716 Psalm.
534 2681 569 2716 *z
604 2681 761 2717 Gladius
788 2692 919 2717 eorum
950 2679 1060 2715 intret
1078 2679 1114 2714 in
1136 2678 1252 2714 corda
1281 2678 1377 2725 ipso-
1404 2680 1405 2726 J
1432 2676 1542 2713 alicui
1571 2676 1620 2713 ad
1648 2677 1722 2712 hoc
1758 2675 1863 2723 quod
1902 2675 2158 2711 fraudulenter
2186 2674 2219 2710 ei
2248 2682 2398 2722 noceat,
2428 2676 2490 2711 vel

313 2745 411 2770 rum.
442 2733 518 2770 Sed
547 2733 607 2769 ille
628 2733 692 2782 qui
712 2733 815 2770 alteri
844 2733 1028 2778 adulatur,
1050 2730 1191 2767 inducit
1220 2743 1308 2766 eum
1329 2731 1377 2767 ad
1404 2727 1405 2757 ἶ
1432 2729 1677 2777 corporaliter
1691 2729 1752 2764 vel
1773 2728 2022 2776 spiritualiter.
2045 2728 2094 2763 Et
2111 2728 2185 2763 hoc
2201 2727 2314 2763 etiam
2330 2735 2385 2763 est
2403 2740 2490 2775 pec-

311 2786 551 2835 peccandum
573 2787 798 2823 mortaliter:
819 2786 922 2823 unde
942 2796 1055 2833 super
1074 2784 1164 2820 illud
1183 2784 1323 2820 Psalm.
1339 2783 1375 2830 ³⁸,
1433 2790 1560 2818 catum
1584 2782 1754 2818 mortale.
1781 2782 1829 2817 Et
1849 2781 1895 2817 de
1919 2781 1993 2816 hoc
2016 2781 2177 2816 habetur
2198 2781 2310 2816 Prov.
2335 2792 2431 2816 xxvu
2448 2780 2488 2817 *ε

318 2839 449 2876 Oleum
477 2839 689 2887 peccatoris
726 2851 800 2875 non
838 2838 1047 2887 impinguet
1081 2842 1193 2884 caput
1228 2847 1375 2882 meum,
1403 2827 1405 2870 ἶ
1431 2835 1598 2871 Meliora
1617 2840 1704 2871 sunt
1720 2834 1877 2870 vulnera
1903 2833 2088 2882 diligentis
2111 2844 2224 2880 quam
2238 2833 2488 2880 fraudulenta

314 2892 402 2929 dicit
439 2893 577 2930 Glossa
595 2892 631 2929 *z
664 2892 779 2928 Falsa
818 2891 899 2928 laus
936 2890 1143 2927 adulatoris
1177 2894 1317 2925 mentes
1353 2901 1376 2925 a
1403 2913 1405 2939 4
1432 2888 1586 2924 odientis
1606 2886 1732 2923 oscula
1747 2891 1770 2923 ε.
1792 2908 1816 2915 -
1835 2886 1965 2923 Tertio
1987 2885 2117 2932 modo,
2139 2897 2207 2933 per
2226 2886 2487 2923 occasionem:

312 2945 443 2995 rigore
461 2946 626 2982 veritatis
644 2945 785 2982 emollit
801 2945 853 2981 ad
870 2944 998 2981 noxia.
1028 2943 1130 2990 Ergo
1156 2942 1277 2978 multo
1297 2954 1377 2978 ma-
1403 2951 1405 2993 J
1432 2941 1526 2977 sicut
1555 2953 1642 2976 cum
1662 2939 1674 2964 ζ
1703 2940 1784 2976 laus
1814 2939 2018 2976 adulatoris
2038 2939 2080 2975 fit
2099 2938 2204 2975 alteri
2224 2938 2374 2975 occasio
2403 2951 2489 2987 pec-

313 2999 368 3047 gis
398 2999 571 3035 adulator
599 2998 637 3035 in
665 3010 705 3034 se
733 2998 940 3034 mortaliter
967 3003 1110 3045 peccat.
1403 2999 1405 3045 ξ
1432 2993 1563 3038 candi,
1594 3001 1630 3029 et
1656 3001 1806 3040 praeter
1838 2991 2041 3028 adulatoris
2078 2991 2338 3028 intentionem.
2375 2993 2423 3028 Et
2451 2992 2489 3028 in

326 3072 334 3079 «
369 3053 403 3089 3.
419 3053 653 3095 PRAETEREA,
670 3051 708 3087 in
723 3050 893 3087 Decretis
909 3049 1093 3093 scribitur,
1111 3047 1193 3084 dist.
1207 3046 1376 3083 XLV1*:
1403 3048 1405 3095 ξ
1431 3047 1506 3082 hoc
1534 3045 1774 3082 considerare
1803 3053 1952 3093 oportet
1987 3052 2116 3080 utrum
2146 3044 2191 3081 sit
2219 3045 2367 3081 occasio
2404 3045 2488 3081 data

318 3105 484 3142 Clericus
512 3105 578 3153 qui
594 3104 870 3141 adulationibus
889 3109 926 3139 et
938 3100 1211 3153 proditionibus
1237 3111 1378 3136 vacare
1403 3096 1405 3138 f
1430 3099 1492 3135 vel
1526 3106 1696 3147 accepta,
1727 3106 1764 3134 et
1796 3097 1916 3146 qualis
1952 3097 2059 3133 ruina
2092 3097 2365 3146 subsequatur:
2396 3098 2490 3133 sicut

287 3157 616 3207 ·deprehenditur‚
650 3157 879 3206 degradetur
915 3156 963 3192 ab
1000 3154 1138 3202 officie.
1179 3152 1255 3189 Sed
1293 3152 1376 3189 talis
1403 3140 1405 3203 Ξ
1430 3159 1556 3200 potest
1592 3159 1722 3200 patere
1751 3163 1795 3187 ex
1824 3151 1882 3188 his
1911 3163 2009 3198 quae
2044 3162 2157 3198 supra
2176 3150 2196 3172 ²¹⁵
2225 3151 2271 3187 de
2310 3150 2487 3187 scandalo

312 3223 439 3260 poena
477 3223 555 3247 non
587 3209 765 3257 infligitur
802 3209 871 3246 nisi
909 3221 979 3257 pro
1016 3214 1173 3256 peccato
1212 3205 1374 3243 mortali.
1403 3207 1405 3254 ᾗ
1433 3205 1532 3242 dicta
1561 3212 1657 3241 sunt.

313 3265 416 3312 Ergo
446 3263 612 3301 adulatio
642 3271 698 3299 est
724 3270 924 3311 peccatum
955 3261 1127 3298 mortale.
1403 3273 1404 3290 ι
1486 3257 1525 3294 Si
1554 3266 1682 3294 autem
1719 3257 1851 3306 aliquis
1882 3268 1926 3292 ex
1954 3257 2033 3292 sola
2067 3255 2242 3292 aviditate
2279 3256 2487 3292 delectandi

368 3318 443 3354 SED
472 3328 618 3353 CONTRA
646 3327 712 3352 EST
739 3315 844 3364 quod
868 3313 1111 3362 Augustinus,
1133 3313 1171 3349 in
1192 3313 1311 3348 Serm.
1332 3312 1378 3347 de
1403 3325 1404 3359 4
1432 3311 1546 3356 alios,
1576 3311 1638 3347 vel
1672 3310 1786 3346 etiam
1820 3309 1867 3346 ad
1901 3308 2121 3345 evitandum
2154 3309 2306 3357 aliquod
2345 3310 2487 3345 malum

366 3449 394 3482 α)
414 3447 486 3481 quia.
503 3460 522 3466 —
540 3446 611 3479 quod
629 3446 711 3470 DGH.
1481 3440 1506 3473 δ)
1525 3441 1626 3481 dicunt5
1642 3455 1662 3460 —
1680 3441 1768 3465 dicitis
1786 3440 1814 3464 P.
1957 3475 1962 3481 ῃ
2012 3475 2018 3480 .

367 3482 392 3516 β)
413 3483 457 3508 Et.
475 3496 494 3502 -
512 3482 571 3507 ideo
591 3482 688 3506 addunt
707 3481 754 3505 Pa.
1482 3477 1504 3509 ε)
1523 3476 1637 3501 odzentzs
1655 3476 1752 3500 oscula.
1771 3489 1789 3494 -
1808 3475 1897 3500 oscula
1917 3475 2030 3500 odientts
2050 3475 2150 3499 PAEH.
2243 3510 2248 3515 .

366 3519 392 3552 γ)
412 3518 469 3543 αΙίἰ.
486 3532 505 3537 -
522 3517 583 3542 aliis
601 3516 703 3541 PGHL.
1481 3510 1506 3543 ζ)
1526 3519 1594 3536 cum.
1613 3525 1631 3530 -
1649 3511 1717 3536 enim
1738 3511 1812 3541 BEK,
1832 3514 1857 3535 et
1876 3511 1906 3539 G.
1926 3511 1989 3535 dum
2013 3511 2063 3541 sA;
2085 3518 2132 3542 pro
2158 3513 2191 3539 et,
2211 3513 2291 3534 ettam
2318 3510 2489 3535 PCDGlLsE.

2563 1893 2588 1914 In
2622 1893 2644 1914 A
2678 1892 2730 1914 end.

2520 1919 2729 1967 {iffaeffimictih

2520 2050 2530 2060 ⁸
2545 2049 2593 2076 Qu.
2607 2055 2671 2075 xxiv,
2687 2054 2727 2070 art.

2519 2082 2558 2097 12:
2587 2082 2625 2103 qu.
2654 2082 2728 2099 xxxv,

2520 2106 2562 2123 art.
2583 2108 2607 2131 3;
2628 2102 2651 2123 1³
2670 2103 2728 2124 11³⁸.

2483 2146 2489 2152 .
2519 2134 2558 2156 qu.
2572 2135 2645 2151 Lxxu.
2657 2133 2729 2156 ³1⁸1-ss-

2518 2525 2527 2533 ⁸
2544 2523 2608 2545 Vers.
2625 2528 2660 2544 20.

2517 2788 2525 2796 ¹
2542 2786 2599 2808 Vers
2625 2787 2647 2808 6.

2514 3154 2726 3181 'Qu.xr.111,art.4.
