2860 4244
225 1287 234 1296 '
246 1287 296 1307 Art.
312 1285 416 1313 praeced.

219 1956 229 1965 ⁵
242 1955 277 1976 Cf.
290 1961 353 1977 num.
368 1961 399 1976 ιν.

218 1999 229 2009 ⁸
243 1998 278 2021 Cf.
289 2005 352 2022 num.
366 2005 399 2020 ιιι.

219 2172 271 2194 'Cfi
285 2172 427 2199 art.1‚Com-

220 2203 291 2221 ment.
306 2205 369 2221 num.
385 2205 418 2221 ιιι.

470 258 544 293 308

469 335 674 380 mittuntur,
691 346 788 381 quae
808 340 933 369 tamen
953 338 1038 368 sunt
1057 330 1232 375 maxima,
1252 328 1520 376 gravissimum

469 400 549 424 esse
569 388 718 425 videtur
737 386 840 434 quod
861 384 992 431 aliquis
1011 384 1198 419 honorem
1225 381 1396 417 divinum
1419 392 1520 416 crea-

467 449 571 476 turae
606 440 818 487 impendat:
847 437 935 483 quia
969 442 1153 483 quantum
1190 441 1244 470 est
1271 433 1309 470 in
1347 445 1403 478 se,
1432 432 1520 468 facit

467 493 580 529 alium
601 494 727 529 Deum
757 490 794 526 in
814 488 971 534 mundo,
994 487 1168 523 minuens
1192 486 1444 534 principatum
1466 484 1519 521 di-

465 546 610 582 vinum.

518 597 602 633 Alio
631 595 747 631 modo
776 601 899 642 potest
927 592 1067 629 attendi
1104 591 1267 639 gravitas
1298 590 1441 638 peccati
1475 601 1519 625 ex

466 657 569 698 parte
597 645 839 706 pewccantisfl.
870 646 964 682 sicut
991 645 1123 681 dicitur
1143 656 1224 680 esse
1253 643 1404 702 gravius
1432 654 1518 691 pec-

466 710 590 738 catum
619 701 699 736 eius
735 699 797 747 qui
835 706 967 746 peccat
994 697 1155 733 scienter
1187 709 1303 745 quam
1340 696 1419 732 eius
1454 695 1517 743 qui
1545 717 1546 722 =

1545 750 1546 754 ’
1574 747 1679 783 niens
1699 759 1824 795 poena
1853 750 1996 796 peccati
2015 750 2266 788 idololatriae:
2295 758 2336 787 ut
2364 750 2515 798 scilicet,
2536 751 2632 787 sicut

463 762 594 802 peccat
620 753 844 811 ignoranter.
881 752 929 787 Et
962 750 1173 786 secundum
1203 750 1277 785 hoc
1312 749 1402 785 nihil
1431 760 1517 796 pro-

464 807 566 842 hibet
600 805 750 852 gravius
787 815 945 852 peccare
987 803 1220 847 haereticos,
1250 802 1313 850 qui
1358 801 1518 837 scienter

463 866 709 906 corrumpunt
736 857 855 893 fidem
884 868 999 904 quam
1030 862 1268 903 acceperunt,
1291 867 1406 901 quam
1437 854 1519 889 ido-
1543 882 1545 899 2

462 913 610 948 lolatras
638 910 854 957 ignoranter
885 916 1096 957 peccantes.
1134 908 1182 944 Et
1210 907 1375 943 similiter
1403 906 1515 942 etiam

462 965 585 1012 aliqua
614 963 684 999 alia
713 970 867 1011 peccata
896 969 1055 1010 possunt
1084 973 1165 996 esse
1189 960 1334 996 maiora
1362 966 1517 1007 propter

461 1017 646 1052 maiorem
675 1022 935 1063 contemptum
965 1013 1165 1062 peccantis.
1285 1041 1291 1047 .

512 1071 580 1105 An
613 1080 749 1105 ptumum
790 1079 888 1104 ERGO
929 1078 1111 1103 mcENDUM
1154 1065 1259 1113 quod
1305 1063 1517 1100 idololatria

460 1121 731 1170 praesupponit
767 1120 983 1157 interiorem
1019 1118 1298 1162 infidelitatem,
1330 1124 1365 1153 et
1393 1115 1518 1152 adiicit

461 1174 621 1211 exterius
648 1173 857 1210 indebitum
888 1173 1041 1208 cultum.
1082 1171 1122 1207 Si
1156 1183 1249 1206 vero
1279 1169 1324 1205 sit
1357 1169 1518 1205 exterior

460 1235 606 1264 tantum
641 1226 851 1263 idololatria
890 1226 1034 1272 absque
1078 1223 1240 1260 interiori
1278 1221 1515 1268 infidelitate,

460 1280 608 1317 additur
636 1280 744 1327 culpa
773 1277 948 1323 falsitatis,
969 1285 1010 1313 ut
1037 1277 1139 1325 prius
1158 1275 1178 1296 ’¹‘
1207 1275 1348 1311 dictum
1377 1281 1443 1311 est.

512 1335 570 1369 An
590 1343 779 1369 SECUNDUM
803 1341 986 1367 met-:Nouia
1007 1329 1110 1377 quod
1131 1327 1343 1364 idololatria
1361 1326 1517 1364 includit

459 1398 636 1433 magnam
667 1383 964 1432 blasphemiam.
994 1382 1220 1430 inquantum
1257 1381 1341 1417 Deo
1371 1380 1517 1417 subtra-

458 1438 558 1474 hitur
578 1437 734 1474 dominii
753 1441 769 1464 Υ
797 1435 1041 1483 singularitas.
1077 1436 1125 1471 Et
1153 1434 1271 1471 fidem
1301 1445 1417 1481 opere
1447 1433 1516 1470 im-

457 1498 599 1539 pugnat
626 1489 849 1526 idololatria.

509 1620 534 1653 β)
549 1619 695 1652 peccantis.
708 1632 727 1638 ·—
746 1619 828 1650 ipsius
842 1618 980 1650 peccantis
1001 1619 1046 1643 Ρα.

508 1657 534 1689 γ)
555 1655 704 1680 dominii.—
718 1654 803 1679 divini
814 1654 930 1686 ABFpK,
941 1654 1033 1678 divina
1048 1654 1078 1685 L,
1092 1654 1178 1678 cultus
1191 1652 1297 1677 divinus
1311 1651 1517 1684 (figuralitas)1.

1129 251 1394 298 QUAESTIO
1423 251 1563 297 XCIV,
1591 251 1886 289 ARTICULUS
1916 253 1965 288 111

1627 330 1686 364 AD
1724 340 1883 366 ’restrium
1919 340 2101 366 D1CENDUM
2138 329 2243 377 quod
2275 329 2364 377 quia
2401 329 2447 366 de
2484 330 2629 367 ratione

1546 391 1548 394 ’
1573 391 1723 427 poenae
1743 389 1799 418 est
1819 381 1922 429 quod
1943 381 1988 418 sit
2008 389 2138 418 contra
2159 383 2408 429 voluntatem,
2428 383 2628 430 peccatum

1546 457 1548 482 =
1573 443 1641 480 per
1669 434 1774 480 quod
1803 434 1904 471 aliud
1933 434 2086 482 punitur
2114 441 2264 482 oportet
2292 446 2375 471 esse
2403 435 2523 482 magis
2550 447 2629 472 ma·-

1545 510 1547 527 λ
1574 484 1764 533 nifestum‚
1784 494 1825 523 ut
1852 499 1895 523 ex
1916 487 1990 523 hoc
2017 487 2137 523 homo
2167 486 2237 523 sibi
2265 486 2335 535 ipsi
2356 494 2392 523 et
2419 487 2500 523 aliis
2527 487 2630 524 dete-

1545 537 1713 587 ,stabilis
1750 539 1946 576 reddatur:
1984 551 2063 576 non
2098 547 2226 576 autem
2265 547 2415 587 oportet
2448 540 2553 587 quod
2586 540 2632 578 sit

1544 592 1547 604 ‘
1573 590 1735 637 gravius.
1778 592 1826 628 Et
1863 592 2075 629 secundum
2103 593 2198 638 hoc,
2227 600 2428 640 peccatum
2468 600 2598 629 contra
2616 590 2631 615 ὅ

1573 649 1748 679 naturam
1776 644 1900 681 minus
1930 652 1985 681 est
2013 656 2128 693 quarn
2147 653 2347 693 peccatum
2376 645 2630 692 idololatriae,

1573 695 1639 731 sed
1678 695 1766 742 quia
1798 704 1854 732 est
1881 697 2133 744 manifestius,
2168 698 2323 746 ponitur
2343 697 2458 746 'quasi
2491 710 2633 734 conve-

1572 800 1692 836 homo
1721 812 1789 848 per
1817 800 2068 838 idololatriam
2097 803 2275 850 pervertit
2309 803 2484 840 ordinem
2514 803 2632 840 divini

1571 852 1738 899 honoris,
1765 852 1815 889 ita
1843 865 1911 901 per
1937 862 2138 901 peccatum
2174 863 2303 892 contra
2339 864 2514 899 naturam
2543 869 2631 905 pro-

1571 905 1674 953 priae
1695 913 1852 942 naturae
1868 906 2132 944 confusibilem
2151 909 2438 955 perversitatem
2454 909 2629 958 patiatur.

1623 960 1682 994 Αι)
1698 969 1871 1000 QUARTUM
1887 970 2070 996 mesanum
2085 960 2191 1007 quod
2206 961 2372 998 haeresis
2383 962 2631 999 Manichaeo-

1542 1017 1544 1021 ’
1571 1022 1676 1057 rum,
1707 1011 1820 1047 etiam
1849 1019 2033 1059 quantum
2063 1013 2112 1049 ad
2140 1025 2260 1060 genus
2288 1014 2451 1062 peccati,
2480 1014 2631 1061 gravior

1571 1071 1627 1100 est
1646 1075 1762 1112 quam
1781 1072 1981 1112 peccatum
2000 1065 2162 1102 aliorum
2182 1065 2466 1103 idololatrarum
2485 1066 2522 1103 *z
2542 1067 2632 1115 quia
2657 1075 2668 1087 ⁸

1571 1116 1691 1164 magis
1725 1116 1909 1164 derogant
1949 1117 2078 1155 divino
2115 1119 2252 1156 honori
2268 1147 2277 1166 ,
2310 1127 2496 1167 ponentes
2533 1121 2632 1156 duos

1573 1169 1667 1206 deos
1696 1170 1917 1217 contrarios,
1939 1178 1975 1207 et
2003 1172 2121 1208 multa
2148 1184 2250 1208 vana
2268 1172 2442 1208 fabulosa
2469 1171 2518 1208 de
2546 1172 2632 1208 Deo

1572 1221 1769 1269 fingentes.
1808 1223 1926 1259 Secus
1963 1232 2091 1270 autem
2128 1232 2184 1261 est
2212 1225 2258 1261 de
2293 1225 2374 1261 aliis
2411 1224 2630 1272 haereticis,

1572 1274 1636 1323 qui
1655 1286 1775 1311 unum
1791 1276 1919 1312 Deum
1936 1276 2163 1314 confitentur
2183 1285 2219 1314 et
2239 1289 2327 1315 eum
2347 1277 2471 1314 solum
2488 1278 2631 1315 colunt.

1624 1330 1682 1363 AD
1699 1338 1863 1369 Qumrum
1878 1340 2062 1366 Dicuunun
2078 1329 2183 1377 quod
2197 1330 2414 1366 observatio
2429 1329 2522 1378 legis
2536 1337 2632 1368 tem-

1570 1392 1663 1428 pore
1684 1380 1824 1428 gratiae
1845 1393 1923 1418 non
1953 1389 2007 1418 est
2026 1382 2186 1419 omnino
2206 1382 2372 1431 aequalis
2396 1382 2631 1420 idololatriae

1572 1433 1783 1470 secundum
1802 1446 1921 1481 genus
1941 1435 2096 1483 peccati,
2114 1435 2182 1472 sed
2197 1447 2318 1483 paene
2336 1436 2521 1483 aequalis:
2543 1435 2632 1484 quia

1573 1493 1774 1534 utrumque
1804 1494 1860 1524 est
1889 1487 2035 1535 species
2062 1488 2261 1536 pestiferae
2294 1488 2579 1537 superstitionis.

1625 1615 1650 1649 δ)
1668 1619 1772 1641 contra.
1783 1630 1805 1636 —
1821 1618 1945 1649 quocies&
1957 1621 2053 1642 contra
2072 1618 2119 1643 Pa.
2131 1631 2150 1637 —
2169 1618 2219 1642 Pro
2236 1626 2316 1650 quam
2331 1622 2479 1650 peccatum,
2494 1621 2634 1650 peccatum

1572 1658 1651 1684 quam
1666 1655 1807 1684 peccatum
1826 1653 1945 1684 ABCEF,
1959 1656 2099 1685 peccatum
2119 1660 2199 1686 quam
2218 1653 2266 1678 Pa.

1126 1740 1459 1774 Commentariis
1480 1738 1731 1772 cardinalis
1751 1741 1952 1773 Caietam

485 1835 504 1854 N
528 1823 664 1854 articulis
688 1822 828 1852 secundo
853 1828 883 1852 et
911 1822 1002 1852 tertio
1028 1822 1124 1851 simul
1152 1820 1345 1861 quaestionis
1373 1819 1514 1849 eiusdem

458 1837 848 1917 Inonagesimaequartae‚
875 1866 970 1896 dubia
993 1866 1058 1895 duo
1083 1872 1265 1895 occurrunt.
1291 1864 1451 1898 Alterum,
1477 1863 1515 1892 de

454 1911 691 1952 comparatione
706 1910 901 1940 idololatriae
925 1909 1085 1940 exterioris
1109 1915 1234 1939 tantum
1256 1907 1452 1938 voluntariae
1476 1907 1515 1936 ad

453 1955 745 1986 infidelitatem*.-
759 1955 914 1990 Alterum,
935 1955 972 1984 de
998 1953 1233 1993 comparatione
1256 1951 1453 1983 idololatriae
1476 1951 1514 1981 ad

454 2000 563 2030 omnia
585 1999 644 2029 alia
668 1998 797 2029 crimina
812 1998 838 2028 *.

508 2045 564 2074 Est
587 2051 693 2074 autem
717 2042 795 2073 ratio
820 2042 913 2082 primi
937 2041 1024 2072 dubii
1048 2040 1124 2081 quia
1146 2040 1270 2071 videtur
1293 2040 1383 2081 quod
1404 2038 1515 2069 infide-

452 2088 521 2118 litas
545 2088 674 2118 interior
697 2087 736 2117 sit
759 2094 924 2126 peccatum
948 2086 1072 2125 gravius
1100 2094 1197 2124 quarn
1221 2083 1424 2114 mendacium
1447 2093 1515 2123 per-

455 2132 612 2162 niciosum
642 2141 707 2171 quo
732 2131 802 2171 quis
827 2140 891 2160 non
916 2140 951 2160 ex
975 2130 1083 2159 animo
1113 2128 1189 2159 colit
1211 2128 1315 2164 idola,
1340 2134 1375 2158 ut
1398 2127 1515 2158 Seneca
1540 2121 1542 2163 Ξ

455 2183 509 2206 aut
523 2176 732 2206 Marcellinus.
750 2174 767 2193 *
781 2192 802 2197 ·—
822 2175 857 2204 In
874 2174 1061 2214 oppositum
1077 2180 1184 2203 autem
1202 2179 1248 2202 est
1263 2171 1432 2202 auctoritas
1450 2173 1515 2202 Au-

454 2220 580 2260 gustini,
605 2220 637 2249 in
661 2219 761 2249 littera
777 2218 907 2248 secundi
924 2217 1044 2248 articuli
1060 2217 1163 2253 allata,
1189 2216 1319 2247 dicentis
1343 2216 1381 2246 de
1397 2216 1515 2246 Seneca

456 2264 543 2304 quod
568 2274 604 2294 eo
627 2263 841 2294 damnabilius
864 2263 984 2293 colebat
1007 2262 1103 2298 idola,
1121 2270 1182 2301 quo
1202 2261 1258 2291 illa
1281 2270 1364 2301 quae
1387 2260 1514 2290 menda-

455 2309 534 2339 citer
562 2308 677 2348 agebat
708 2308 754 2337 sic
783 2312 896 2347 ageret
927 2311 962 2336 ut
985 2316 1055 2336 cum
1080 2306 1201 2345 populo
1235 2306 1392 2336 veraciter
1414 2314 1515 2345 agere
1539 2339 1541 2346 y

457 2352 703 2382 existimaretur.
728 2351 768 2380 Et
783 2351 815 2380 in
832 2351 933 2381 littera
948 2350 1029 2380 tertii
1046 2349 1176 2385 articuli,
1189 2349 1221 2378 in
1246 2348 1452 2388 responsione
1475 2348 1514 2377 ad
1539 2350 1541 2371 ἓ

454 2395 604 2436 primum,
626 2395 714 2435 quod
741 2393 955 2424 infidelitatem
979 2394 1103 2433 gravius
1127 2403 1193 2423 esse
1217 2399 1380 2433 peccatum
1405 2402 1514 2432 argue—

454 2440 517 2475 bat,
542 2439 664 2475 dicitur,
689 2438 887 2468 defendendo
912 2438 1122 2468 contrarium:
1148 2437 1183 2467 Si
1210 2447 1285 2467 vero
1308 2438 1350 2466 sit
1373 2437 1516 2466 exterior
1539 2459 1541 2469 ,

455 2488 578 2514 tantum
610 2483 792 2513 idololatria
824 2483 941 2522 absque
971 2483 1117 2512 interiori
1147 2481 1353 2521 infidelitate,
1383 2481 1515 2510 additur

454 2528 548 2567 culpa
563 2526 744 2568 salsitatis,
768 2526 858 2566 quasi
874 2526 974 2565 culpa
997 2525 1137 2555 falsitatis
1163 2532 1314 2564 aequetur
1339 2523 1515 2554 infidelitati

454 2571 604 2602 interiori.

510 2615 546 2645 11.
571 2614 707 2645 Secundi
730 2620 836 2644 autern
861 2612 948 2643 dubii
976 2613 1055 2643 ratio
1081 2620 1126 2643 est
1157 2611 1231 2652 quia
1255 2612 1368 2642 odium
1391 2611 1450 2642 Dei
1476 2621 1515 2641 ex

453 2669 565 2698 genere
589 2668 648 2688 suo
673 2664 719 2688 est
747 2657 872 2697 gravius
903 2665 1067 2697 peccatum
1090 2666 1187 2697 quam
1210 2655 1399 2686 idololatria.
1431 2655 1515 2692 Quia

454 2703 567 2732 directe
591 2701 765 2742 opponitur
788 2701 888 2731 amori
912 2700 970 2731 Dei
998 2701 1031 2730 in
1055 2700 1174 2740 seipso:
1199 2699 1378 2730 idololatria
1408 2706 1514 2729 autem

454 2746 628 2787 opponitur
652 2745 794 2776 exteriori
814 2745 913 2775 cultui
929 2745 1028 2784 ipsius
1048 2744 1115 2775 Dei.
1140 2744 1181 2774 Et
1203 2744 1316 2773 odium
1339 2743 1397 2774 Dei
1421 2743 1514 2779 tollit,

453 2797 611 2830 quantum
627 2800 664 2820 ex
679 2800 711 2820 se
728 2796 783 2825 est,
799 2789 944 2819 divinum
960 2797 1040 2820 esse:
1057 2788 1235 2819 idololatria
1251 2788 1376 2818 minuit.
1394 2787 1515 2818 Odium
1539 2809 1541 2821 Α

453 2835 513 2865 Dei
536 2834 678 2864 annullat
705 2834 826 2864 Deum:
857 2833 1035 2863 idololatria
1062 2832 1228 2873 aequalem
1254 2831 1300 2862 illi
1329 2832 1390 2862 dat.
1423 2832 1515 2863 Unde

455 2888 491 2909 ex
513 2888 625 2918 genere
649 2888 708 2908 suo
733 2877 844 2908 odium
868 2877 926 2907 Dei
949 2877 1074 2917 gravius
1098 2883 1144 2906 est
1167 2885 1372 2916 quocumque
1396 2875 1468 2906 alio.
1493 2893 1514 2900 -

453 2923 494 2952 Et
518 2929 649 2962 augetur
673 2922 825 2952 dubium:
851 2921 925 2961 quia
949 2923 1070 2951 Auctor
1093 2921 1125 2950 in
1147 2919 1257 2956 littera,
1284 2919 1315 2949 in
1339 2919 1444 2959 primo
1468 2929 1515 2950 ar-

454 2973 606 3005 gumento
630 2965 711 2996 tertii
735 2965 866 3001 articuli,
890 2965 989 3005 tangit
1011 2965 1092 2995 hanc
1117 2963 1332 2995 difficultatem
1357 2964 1395 2994 de
1419 2964 1513 3000 odio,

454 3009 636 3039 infidelitate
659 3016 689 3039 et
712 3009 938 3048 desperatione,
964 3016 994 3039 et
1017 3009 1170 3039 solvendo
1195 3008 1369 3048 pertransit.

511 3054 546 3083 In
571 3053 757 3092 oppositum
780 3060 887 3083 autem
911 3059 957 3083 est
979 3052 1147 3083 auctoritas
1170 3052 1299 3082 litterae.

510 3097 563 3127 111.
587 3097 638 3127 Ad
656 3097 732 3126 haec
748 3097 843 3127 dubia
858 3097 1039 3136 retrogrado
1055 3096 1165 3126 ordine
1182 3096 1351 3126 dicendum
1367 3103 1422 3132 est,
1440 3095 1514 3136 quia

455 3140 595 3181 primum
619 3147 665 3172 est
687 3141 726 3170 de
750 3140 867 3180 specie,
892 3140 1067 3170 secundum
1095 3140 1133 3169 de
1157 3149 1284 3179 genere,
1310 3146 1346 3170 ut
1372 3139 1513 3170 doctrina

456 3185 597 3215 ordinata
621 3184 660 3214 sit
683 3194 699 3214 a
719 3184 818 3224 magis
835 3183 999 3214 communi
1023 3184 1062 3213 ad
1078 3183 1183 3213 minus
1201 3193 1382 3214 commune.
1407 3183 1512 3213 Scien-

457 3229 534 3258 dum
551 3235 596 3258 est
619 3228 713 3268 igitur
736 3228 824 3268 quod
844 3226 1038 3267 comparatio
1062 3227 1169 3257 hocin
1186 3227 1258 3257 loco
1282 3226 1317 3257 fit
1339 3226 1419 3257 inter
1442 3236 1513 3265 pec—

457 3279 523 3302 cata
546 3273 722 3302 secundum
745 3282 802 3302 sua
825 3280 953 3311 genera:
978 3277 1014 3301 ut
1037 3280 1073 3301 ex
1096 3270 1238 3310 pluribus
1261 3270 1339 3300 locis
1361 3270 1442 3301 tertii
1466 3279 1513 3300 ar·

457 3316 543 3346 ticuli
566 3323 702 3356 apparet.
736 3317 777 3346 Et
805 3316 960 3356 quoniam
987 3315 1183 3344 diversorum
1212 3323 1364 3353 generum
1387 3321 1513 3353 peccata

457 3360 610 3399 contingit
633 3370 665 3390 se
688 3360 801 3390 habere
824 3369 860 3390 ex
883 3359 1060 3394 additione,
1085 3365 1120 3389 ut
1143 3358 1260 3388 scilicet
1289 3368 1391 3388 unum
1414 3358 1514 3388 inclu-

457 3403 548 3434 datur
570 3403 601 3433 in
626 3404 722 3434 altero
746 3403 890 3444 quamvis
914 3413 979 3433 non
1003 3413 1019 3432 e
1043 3411 1211 3438 converso;
1244 3402 1359 3432 idcirco
1384 3402 1513 3442 quando

458 3447 650 3486 comparatio
678 3446 713 3477 fit
735 3447 814 3477 inter
837 3454 1001 3487 peccatum
1030 3456 1066 3476 ex
1089 3445 1250 3476 additione
1274 3455 1306 3475 se
1329 3446 1447 3475 habens
1475 3446 1513 3475 ad

457 3490 551 3526 aliud,
577 3498 606 3521 et
629 3491 787 3530 reliquum
811 3491 985 3521 secundum
1010 3500 1041 3520 se
1062 3490 1177 3526 solum,
1202 3489 1300 3519 facilis
1317 3496 1362 3519 est
1385 3499 1514 3529 compa-

457 3534 552 3564 ratio:
574 3534 727 3574 quoniam
744 3542 864 3565 constat
886 3535 973 3574 quod
988 3534 1151 3564 includens
1166 3540 1212 3564 est
1233 3533 1357 3573 gravius
1371 3533 1494 3564 incluso
1504 3542 1511 3569 ;

1569 1829 1626 1849 nec
1649 1826 1778 1860 propter
1801 1820 1863 1850 hoc
1887 1820 2045 1850 movenda
2061 1827 2142 1851 esset
2164 1820 2315 1851 solemnis
2334 1821 2487 1861 quaestio.
2512 1820 2564 1852 sic
2579 1830 2633 1851 au-

1568 1870 1634 1893 tem
1663 1871 1708 1894 est
1735 1863 1767 1893 in
1798 1865 1974 1904 proposito.
2009 1864 2093 1901 Quia
2122 1864 2302 1894 idololatria
2330 1865 2508 1895 secundum
2537 1874 2634 1895 suum

1568 1917 1668 1947 genus
1692 1907 1809 1938 claudit
1832 1908 1865 1938 in
1889 1918 1921 1938 se
1945 1907 2162 1939 infidelitatem
2185 1915 2215 1938 et
2239 1908 2350 1938 odium
2374 1908 2448 1938 Dei:
2477 1908 2634 1948 quoniam

1569 1951 1733 1992 utriusque
1757 1952 1940 1992 protestatio
1960 1959 2016 1983 est.
2047 1952 2166 1983 Colens
2190 1962 2329 1992 namque
2351 1951 2452 1988 idola,
2475 1958 2634 1992 quantum

1568 1994 1601 2025 in
1625 2005 1657 2026 se
1681 2002 1736 2032 est,
1761 1995 1845 2026 tollit
1868 2006 1885 2026 a
1908 1996 1978 2026 Deo
2003 2006 2094 2026 suam
2118 1996 2308 2036 singularem
2331 1996 2546 2027 excellentiam
2570 2005 2636 2036 qua

1568 2040 1656 2070 solus
1680 2047 1726 2070 est
1748 2040 1846 2078 Deus,
1863 2040 1940 2070 haec
1956 2046 2003 2070 est
2022 2048 2130 2071 autem
2145 2050 2202 2071 sua
2218 2040 2326 2076 deitas,
2349 2040 2439 2081 quod
2462 2040 2502 2070 ad
2521 2039 2634 2070 odium

1568 2084 1626 2114 Dei
1651 2091 1784 2124 spectat:
1810 2091 1841 2115 et
1864 2091 1957 2124 negat
1979 2084 2167 2115 huiusmodi
2191 2084 2457 2124 singularitatem,
2481 2084 2571 2124 quod
2594 2084 2635 2114 ad

1567 2127 1785 2159 infidelitatem
1815 2135 1943 2168 spectat.
1977 2130 2023 2158 Ac
2054 2138 2110 2168 per
2133 2128 2211 2164 hoc,
2235 2128 2361 2168 gravius
2385 2135 2552 2168 peccatum
2574 2126 2646 2159 inis·

1568 2173 1745 2202 secundum
1762 2182 1795 2202 se
1811 2179 1866 2204 est.
1883 2172 1924 2202 Et
1938 2179 2105 2212 propterea
2120 2175 2252 2209 Auctor,
2268 2172 2324 2213 qui
2339 2182 2405 2202 non
2422 2172 2524 2202 movit
2538 2181 2634 2213 quae-

1569 2216 1707 2246 stionem
1730 2217 1769 2246 de
1791 2216 1971 2246 idololatria
1993 2216 2026 2246 in
2046 2225 2190 2257 respectu
2207 2217 2245 2246 ad
2261 2216 2331 2253 ista,
2347 2217 2404 2247 sed
2419 2215 2636 2247 univmnhter

1565 2260 1599 2290 in
1615 2268 1758 2300 respectu
1783 2260 1822 2290 ad
1846 2260 1955 2290 omnia
1978 2267 2113 2300 peccata,
2131 2260 2330 2300 pertransivit
2347 2258 2463 2291 facile
2453 2269 2489 2291 m
2501 2268 2633 2301 respou-

1567 2304 1656 2334 sione
1679 2305 1719 2334 ad
1742 2304 1884 2345 primum
1906 2304 1988 2335 tertii
2012 2304 2135 2335 articuli
2157 2304 2323 2336 materiam
2345 2304 2455 2341 istam,
2479 2310 2634 2346 tanquam

1568 2348 1694 2379 claram.
2657 2376 2667 2382 ,
2682 2382 2684 2385 .

1622 2393 1673 2423 Ad
1697 2392 1909 2423 obiectionem
1933 2399 2040 2423 autem
2055 2392 2089 2422 in
2104 2392 2292 2432 oppositum
2308 2391 2425 2423 dicitur
2436 2391 2530 2433 'quod
2545 2389 2633 2423 aliud

1570 2443 1616 2466 est
1634 2446 1817 2476 comparare
1836 2442 1963 2476 peccata
1979 2436 2156 2466 secundum
2173 2446 2230 2466 sua
2245 2444 2372 2476 genera:
2397 2443 2428 2466 et
2443 2435 2529 2466 aliud
2549 2445 2634 2466 com—

1567 2490 1674 2520 parare
1698 2487 1864 2520 peccatum
1887 2479 1983 2510 unius
1997 2479 2119 2519 generis
2138 2481 2178 2510 ad
2201 2480 2419 2510 summitatem
2436 2479 2564 2511 alterius
2578 2488 2633 2520 ge-

1539 2528 1541 2533 '
1567 2524 1665 2560 neris,
1697 2531 1732 2554 ut
1762 2524 1795 2554 in
1826 2530 2013 2563 argumento
2037 2523 2071 2554 fit
2101 2524 2317 2563 comparando
2350 2523 2564 2554 idololatriam
2592 2523 2633 2555 ad

1567 2578 1732 2598 summum
1756 2568 1869 2598 odium
1892 2567 1960 2603 Dei,
1985 2574 2062 2607 puta
2085 2578 2151 2608 quo
2168 2568 2239 2608 quis
2253 2568 2348 2598 vellet
2366 2568 2472 2598 Deum
2496 2564 2634 2599 totaliter

1567 2622 1632 2642 non
1657 2622 1734 2642 esse.
1767 2611 1851 2642 Huic
1875 2611 1959 2642 enim
1983 2621 2111 2642 summo
2136 2618 2297 2651 oporteret
2320 2621 2336 2642 e
2360 2611 2489 2651 regione
2513 2611 2633 2652 ponere

1567 2656 1653 2686 aliud
1678 2665 1852 2691 summum,
1875 2662 1952 2695 puta
1972 2655 2186 2686 idololatriam
2203 2666 2239 2686 ex
2254 2655 2309 2686 tali
2325 2656 2412 2686 odio.
2436 2656 2478 2687 Et
2500 2655 2544 2687 sic
2566 2655 2635 2687 ido-

1566 2699 1691 2730 lolatria
1713 2699 1904 2730 inveniretur
1926 2699 2059 2740 gravior.

1623 2744 1675 2774 lV.
1699 2744 1750 2774 Ad
1773 2743 1916 2784 primum
1939 2750 2046 2774 autem
2073 2742 2208 2774 dubium
2222 2742 2240 2762 *
2263 2743 2396 2774 dicitur:
2430 2743 2507 2784 quia
2529 2743 2632 2775 idolo-
2658 2753 2670 2765 ·

1566 2788 1655 2818 latria
1679 2794 1804 2818 tantum
1827 2787 1960 2818 exterior
1983 2794 2030 2818 est
2052 2787 2147 2818 etiam
2175 2787 2360 2827 protestatio
2384 2786 2577 2819 infidelitatis
2602 2794 2634 2820 et

1568 2832 1633 2862 odii
1656 2831 1731 2867 Dei,
1755 2831 1828 2862 ideo
1851 2831 1963 2862 retinet
1986 2831 2169 2872 gravitatem
2193 2831 2242 2862 sui
2264 2831 2406 2871 generis,
2430 2841 2466 2862 ac
2492 2841 2549 2872 per
2570 2832 2633 2863 hoc

1567 2883 1613 2906 est
1636 2875 1761 2915 gravior
1783 2876 1959 2906 secundum
1983 2885 2079 2906 suurn
2101 2885 2202 2915 genus
2225 2874 2407 2906 infidelitate
2422 2882 2453 2906 et
2471 2875 2548 2906 odio
2562 2875 2632 2907 Dei.

1566 2920 1607 2950 Et
1629 2919 1770 2956 includit,
1788 2927 1910 2960 praeter
1929 2919 1977 2950 sui
1993 2919 2114 2959 generis
2133 2919 2328 2959 gravitatem,
2344 2919 2528 2960 gravitatem
2543 2928 2632 2951 men-

1567 2963 1647 2994 dacii
1663 2963 1840 3004 perniciosi.
1865 2964 1906 2994 Et
1924 2970 2091 3004 propterea
2106 2964 2145 2994 ab
2162 2963 2344 3004 Augustino
2358 2963 2570 2995 damnabilior
2588 2963 2633 2994 ai-

1567 3008 1662 3044 citur,
1687 3015 1717 3039 et
1741 3009 1779 3038 ab
1806 3010 1943 3038 Auctore
1967 3007 2147 3038 sustinetur.
2179 3008 2220 3038 Et
2247 3017 2313 3038 non
2332 3007 2453 3039 *dicitnr
2473 3007 2507 3039 in
2529 3007 2631 3039 limen

1566 3052 1656 3093 quod
1678 3052 1739 3082 tale
1756 3051 1959 3082 mendacium
1982 3052 2175 3092 adaequetur
2191 3058 2246 3082 aut
2269 3052 2396 3083 excedat
2413 3051 2631 3085 infidelit-tem

1566 3096 1762 3126 interiorem:
1787 3096 1851 3131 sed,
1876 3102 1912 3126 ut
1935 3096 2056 3127 dictum
2077 3102 2124 3126 est
2137 3095 2164 3132 *,
2189 3095 2363 3127 declaratur
2386 3097 2475 3137 quod
2496 3095 2631 3129 idolola-

1567 3140 1643 3170 triae
1667 3139 1810 3170 exteriori
1835 3139 2011 3170 secundum
2035 3149 2067 3170 se
2092 3139 2267 3176 conveniat,
2293 3139 2409 3170 scilicet
2431 3140 2520 3181 quod
2542 3148 2631 3180 prae-

1566 3190 1727 3223 supponat
1740 3182 1958 3213 infidelitatem
1973 3183 2115 3214 interius.
2135 3186 2181 3213 Ac
2193 3193 2250 3224 per
2265 3184 2337 3220 hoc,
2351 3183 2445 3214 etiam
2460 3183 2486 3214 si
2501 3182 2630 3214 interior

1566 3228 1652 3257 deest
1663 3226 1838 3263 infidelitas,
1853 3227 1986 3257 exterior
1996 3234 2102 3258 tamen
2117 3227 2293 3258 idololatria
2308 3225 2518 3270 [gravitatem]
2530 3234 2629 3268 quam

1566 3281 1603 3301 ex
1622 3270 1751 3310 proprio
1771 3280 1901 3310 genere,
1928 3281 1964 3301 ex
1986 3271 2048 3301 hoc
2072 3271 2161 3311 quod
2185 3278 2230 3302 est
2252 3271 2409 3303 interioris
2436 3270 2628 3303 infidelitatis

1567 3314 1762 3355 protestatio,
1780 3314 1883 3351 habet,
1901 3324 1966 3344 non
1990 3315 2115 3346 amittit.

1622 3358 1708 3389 Cum
1737 3358 1785 3388 his
1809 3366 1915 3389 tamen
1945 3365 2005 3389 stat
2027 3359 2117 3399 quod
2140 3369 2177 3390 ex
2206 3365 2293 3400 parte
2321 3358 2477 3400 peccantis
2503 3358 2628 3398 gravius

1566 3410 1733 3442 peccatum
1748 3402 1788 3432 sit
1811 3402 1979 3432 deliberare
1995 3402 2080 3433 intus
2103 3413 2216 3443 negare
2232 3402 2328 3434 fidem
2343 3402 2469 3439 Christi,
2490 3409 2520 3433 et
2542 3401 2628 3433 intus

1567 3445 1642 3476 odio
1666 3446 1780 3476 habere
1810 3446 1930 3483 Deum,
1955 3456 2052 3487 quam
2074 3446 2252 3478 voluntarie
2275 3452 2358 3477 extra
2385 3452 2510 3476 tantum
2542 3445 2628 3477 idola

1566 3490 1679 3520 colere.
1703 3490 1866 3527 Quoniam
1882 3490 1914 3520 in
1930 3490 2064 3530 peccatis
2080 3491 2164 3522 intus
2183 3490 2285 3520 maior
2307 3489 2504 3520 deordinatio
2527 3489 2627 3530 ipsius

1566 3534 1722 3574 peccantis
1745 3534 1946 3566 inveniretur.

2681 2752 2754 2776 Num.
2767 2759 2784 2776 1.

2655 3100 2667 3111 '⁵
2678 3099 2749 3122 Nun.
2762 3099 2860 3128 pmcn
