2860 4244
176 945 186 954 ⁸
198 944 252 971 Cap.
264 943 319 965 Cum
328 943 382 969 sint,

176 975 197 991 et
207 976 255 998 cap.
273 969 308 990 Aa
321 970 382 1016 Αὖο-

175 996 264 1022 stolia,
287 995 316 1016 de
360 1001 384 1016 e-

175 1023 240 1044 cimis
254 1026 297 1043 etc.

182 2611 191 2620 ⁸
205 2611 262 2638 Cap.
278 2609 332 2631 Cum
349 2609 390 2631 ho-

182 2637 265 2667 mines,
281 2636 310 2658 de
322 2636 390 2658 Deci-

182 2669 224 2684 mts
239 2666 282 2684 etc.

193 3181 270 3203 ‘1bid.
289 3187 339 3209 cap.
358 3181 395 3203 Ex

202 3209 268 3234 arte,
295 3211 317 3229 et
344 3213 394 3235 cap.

210 3240 274 3261 uper.

190 3284 199 3293 ⁸
212 3282 277 3304 Vers.
293 3289 323 3304 21.

192 3449 200 3457 ⁸
215 3447 279 3469 Vers.
291 3447 318 3469 26
334 3453 384 3475 sqq.

413 282 486 318 232

413 360 687 408 deputabantur
706 357 944 395 subventioni
963 367 1188 404 pauperum.
1211 354 1286 390 Sed
1305 352 1343 388 in
1362 363 1464 388 nova

412 414 492 460 lege
521 411 690 449 decimae
720 411 860 447 clericis
885 409 1020 446 dantur
1048 419 1124 444 non
1154 407 1278 442 solum
1310 411 1465 453 propter

412 465 468 501 sui
497 464 826 508 sustentationem,
857 462 923 498 sed
953 461 1064 497 etiam
1097 466 1137 495 ut
1166 470 1211 494 ex
1247 457 1300 494 eis
1328 457 1466 493 subve-

412 518 514 554 niant
541 516 781 565 pauperibus.
811 515 859 551 Et
887 514 972 550 ideo
1002 524 1080 548 non
1115 510 1369 559 superfluunt:
1398 509 1465 546 sed

412 570 460 607 ad
487 571 561 606 hoc
580 568 811 605 necessariae
840 573 926 602 sunt
954 573 989 601 et
1007 563 1266 613 possessiones
1294 562 1466 599 ecclesia-

412 622 524 659 sticae
553 629 589 658 et
616 620 824 657 oblationes
853 627 889 655 et
916 617 1114 667 primitiae,
1144 617 1257 653 simul
1286 627 1373 652 cum
1403 615 1466 652 de-

413 675 529 711 cimis.

464 729 522 763 An
550 736 738 763 SECUNDUM
762 735 944 761 DICENDUM
963 722 1067 771 quod
1096 721 1268 759 decimae
1286 732 1465 770 persona-

411 780 463 815 les
484 779 667 815 debentur
687 776 866 813 ecclesiae
885 776 923 812 in
943 775 1048 812 cuius
1067 775 1247 823 parochia
1265 774 1382 810 homo
1401 774 1466 810 ha-

412 831 511 868 bitat.
528 852 552 858 -
568 829 747 867 Decimae
762 841 856 867 vero
871 828 1079 878 praediales
1100 827 1367 864 rationabiliter
1387 838 1467 863 ma—

411 884 464 931 gis
491 883 666 920 videntur
693 883 878 931 pertinere
908 882 956 919 ad
986 880 1184 918 ecclesiam
1204 880 1242 917 in
1271 879 1376 916 cuius
1395 887 1466 916 ter-

411 936 520 973 minis
535 935 689 985 praedia
708 935 777 972 sita
796 942 893 972 sunt.
914 935 1065 971 Tamen
1084 933 1165 970 iura
1179 932 1199 955 ²⁸
1220 932 1468 970 determinant

411 989 514 1037 quod
544 989 581 1025 in
609 989 684 1025 hoc
712 995 883 1025 servetur
911 987 1147 1024 consuetudo
1168 985 1231 1023 diu
1261 985 1465 1022 obtenta.-
1492 980 1494 996 '

410 1043 543 1078 Pastor
562 1049 688 1078 autem
717 1041 781 1088 qui
810 1041 968 1078 diversis
987 1039 1223 1089 temporibus
1252 1039 1289 1076 in
1319 1038 1468 1075 duabus

410 1094 597 1143 parochiis
631 1106 783 1142 gregem
820 1093 958 1142 pascit,
987 1093 1100 1130 debet
1138 1091 1468 1141 proportionaliter

410 1147 559 1195 utrique
589 1147 767 1184 ecclesiae
807 1146 973 1184 decimas
1009 1146 1169 1182 solvere.
1214 1145 1262 1181 Et
1298 1143 1388 1192 quia
1423 1156 1494 1190 ex¹

463 1262 484 1295 ε)
505 1262 642 1287 dicuntur.
659 1274 677 1279 —-
696 1261 832 1286 ducuntur
849 1260 880 1291 E,
899 1260 1000 1285 dantur
1018 1260 1074 1291 DG,
1095 1260 1224 1284 debentur
1243 1260 1291 1283 Pa.

1028 276 1291 324 QUAESTIO
1321 274 1550 321 LXXXVII,
1579 274 1872 312 ARTICULUS
1903 275 1953 310 IV

1517 352 1666 400 pascuis
1694 354 1834 389 tructus
1862 352 1981 400 gregis
2007 351 2249 400 proveniunt,
2271 352 2391 399 magis
2419 352 2579 389 debetur

1519 404 1665 441 decima
1692 405 1813 452 gregis
1842 405 2022 442 ecclesiae
2060 404 2098 441 in
2127 404 2234 440 cuius
2269 404 2454 442 territorio
2489 417 2579 452 grex

1517 456 1693 505 pascitur,
1714 470 1829 506 quam
1848 458 1897 494 illi
1917 458 1955 494 in
1971 457 2075 494 cuius
2095 456 2281 494 territorio
2302 457 2403 494 ovile
2422 458 2577 494 locatur.

1571 511 1629 546 An
1657 521 1816 547 TERTIUM
1848 521 2031 548 memnon
2068 509 2173 559 quod
2201 510 2297 546 sicut
2334 521 2393 546 res
2421 510 2578 547 nomine

1520 561 1691 599 decimae
1719 571 1892 612 acceptas
1920 570 2044 612 potest
2072 562 2230 599 ecclesia
2249 562 2357 599 alicui
2385 561 2479 599 laico
2508 570 2581 599 tra-

1520 615 1621 661 dere,
1637 615 1687 652 ita
1708 615 1820 653 etiam
1846 624 1971 665 potest
2000 616 2032 652 ei
2054 615 2264 653 concedere
2292 623 2333 652 ut
2352 614 2496 653 dandas
2517 615 2580 652 de-

1520 667 1636 704 cimas
1655 667 1726 716 ipsi
1754 669 1951 718 accipiant,
1971 669 2051 706 iure
2076 668 2283 717 accipiendi
2312 667 2491 705 ministris
2511 667 2582 704 Ec-

1520 721 1654 757 clesiae
1683 729 1896 759 reservato:
1926 721 2006 758 sive
2035 733 2104 771 pro
2129 721 2349 759 necessitate
2375 719 2580 767 Ecclesiae,

1519 773 1614 810 sicut
1641 773 1870 821 quibusdam
1898 774 2077 812 militibus
2111 774 2282 811 decimae
2311 773 2486 812 dicuntur
2504 778 2517 794 ⁶
2544 772 2583 809 in

1519 826 1675 863 feudum
1703 838 1772 875 per
1799 827 2010 864 Ecclesiam
2035 839 2261 874 concessae;
2290 827 2370 864 sive
2400 826 2512 863 etiarn
2533 825 2583 863 ad

1519 878 1812 916 subventionem
1845 891 2079 928 pauperum,
2109 880 2204 916 sicut
2233 879 2462 929 quibusdam
2499 879 2581 915 reli·

1492 932 1632 979 ¹giosis
1665 932 1767 969 laicis
1804 933 1865 969 vel
1898 944 1978 969 non
2011 932 2240 970 habentibus
2273 944 2404 969 curam
2438 931 2581 969 anima-

1519 997 1605 1022 rum
1635 985 1781 1034 aliquae
1802 984 1973 1022 decimae
1993 993 2080 1022 sunt
2107 997 2313 1022 concessae
2332 997 2402 1034 per
2420 985 2582 1022 modum

1519 1038 1798 1086 eleemosynae.
1834 1038 2075 1085 Quibusdam
2114 1045 2242 1074 tamen
2272 1037 2451 1086 religiosis
2481 1049 2585 1074 com-

1520 1091 1610 1139 petit
1644 1091 1814 1140 accipere
1851 1091 2018 1128 decimas
2048 1102 2091 1127 ex
2122 1103 2168 1127 eo
2205 1090 2308 1139 quod
2342 1091 2484 1128 habent
2521 1102 2584 1126 cu-

1521 1155 1603 1180 ram
1634 1154 1862 1181 animarum.

1071 1327 1402 1361 Commentaria
1426 1325 1676 1358 Garamans
1699 1325 1899 1359 Caietani

441 1413 460 1433 N
477 1402 609 1433 articulo
621 1401 712 1432 tertio
728 1400 870 1431 eiusdem
886 1399 1080 1440 quaestionis
1096 1397 1470 1439 octogesimaeseptimae,

414 1414 566 1477 Iadverte
590 1446 678 1486 quod
700 1445 749 1475 ius
773 1444 966 1474 decimarum
982 1443 1187 1484 consequitur
1201 1442 1412 1473 ministerium
1427 1441 1470 1471 al—
1495 1447 1497 1452 ’

410 1491 482 1522 taris
506 1498 535 1521 et
559 1489 800 1522 seminationem
823 1487 1035 1528 spiritualium
1057 1497 1123 1518 non
1147 1487 1328 1527 separatim,
1353 1486 1407 1516 sed
1430 1485 1470 1515 si-

410 1535 488 1565 mul.
519 1534 564 1565 lta
593 1534 681 1574 quod
708 1533 781 1563 licet
806 1532 903 1572 aliqui
927 1531 990 1562 sint
1015 1531 1149 1562 ministri
1173 1531 1293 1567 altaris,
1317 1538 1353 1561 ut
1377 1529 1471 1560 multi

410 1578 546 1619 religiosi
570 1584 600 1608 et
623 1577 796 1608 saeculares
820 1576 931 1612 clerici,
956 1586 1022 1606 non
1045 1583 1212 1616 propterea
1235 1575 1327 1605 debet
1349 1574 1393 1604 eis
1416 1584 1471 1614 po—

409 1623 504 1663 pulus
524 1622 670 1653 decimas.
694 1621 735 1651 Et
753 1620 903 1657 similiter,
920 1620 992 1651 licet
1007 1620 1104 1660 aliqui
1123 1619 1304 1661 praedicent
1326 1625 1357 1649 et
1379 1618 1471 1648 mini-

411 1673 508 1698 strent
531 1666 653 1707 populo
677 1671 878 1700 sacramenta,
899 1673 964 1694 non
988 1671 1154 1704 propterea
1177 1664 1330 1694 debentur
1352 1662 1396 1693 eis
1419 1663 1471 1693 de-

412 1711 522 1741 cimae.
552 1711 593 1741 Et
615 1719 738 1746 rursm,
763 1709 836 1739 licet
858 1708 956 1749 aliqui
980 1708 1096 1739 faciant
1118 1714 1290 1748 utrumque
1313 1717 1369 1748 per
1392 1707 1471 1737 acci·

412 1756 504 1791 dens,
529 1761 565 1785 ut
588 1754 680 1784 multi
704 1752 840 1793 religiosi
864 1762 901 1783 ex
923 1752 1103 1793 privilegio,
1128 1762 1194 1782 non
1224 1758 1391 1792 propterea
1418 1752 1471 1781 de-

412 1800 525 1830 bentur
548 1798 592 1829 eis
615 1798 770 1828 decimae:
801 1797 856 1827 sed
879 1803 1006 1836 oportet
1028 1797 1117 1837 quod
1140 1803 1313 1836 utrumque
1335 1796 1472 1826 habeant

411 1853 468 1884 per
490 1853 532 1879 se,
557 1843 618 1873 hoc
634 1848 680 1873 est
703 1841 792 1882 quod
813 1847 978 1871 teneantur
1001 1841 1040 1870 ad
1063 1840 1165 1871 altaris
1180 1840 1389 1870 ministerium
1412 1849 1471 1879 pro

411 1887 546 1928 populo,
570 1886 658 1927 quod
681 1885 757 1916 solis
776 1891 955 1915 curatarum
971 1885 1172 1915 ecclesiarum
1191 1884 1309 1915 clericis
1325 1883 1474 1916 convenit

413 1930 539 1974 (reliqui
563 1930 647 1961 enim
677 1939 732 1970 per
755 1929 898 1959 accidens
921 1938 979 1969 pro
1003 1929 1127 1969 populo
1151 1928 1329 1959 ministrant
1351 1926 1471 1970 altari);

413 1982 444 2006 et
466 1975 554 2015 quod
571 1984 607 2004 ex
623 1973 728 2004 officio
744 1979 908 2004 teneantur
923 1972 1077 2003 seminare
1092 1972 1264 2012 spiritualia
1281 1979 1473 2003 sacramenta

413 2027 442 2050 et
466 2018 641 2049 doctrinam
665 2017 798 2058 populo,
822 2017 911 2057 quod
934 2016 1028 2047 etiam
1051 2016 1127 2046 solis
1150 2016 1339 2047 habentibus
1354 2017 1473 2047 anima-

412 2073 484 2094 rum
507 2072 614 2093 curam
639 2061 794 2092 convenit.
820 2061 869 2091 Sic
886 2070 959 2100 ergo
976 2061 1015 2091 de
1030 2061 1098 2090 iure
1121 2061 1196 2090 solis
1215 2060 1333 2091 clericis
1356 2061 1472 2092 haben-

412 2107 496 2138 tibus
525 2106 702 2136 animarum
731 2115 839 2135 curam
871 2104 1009 2135 decimae
1034 2105 1199 2135 debentur:
1234 2105 1342 2135 ceteris
1366 2112 1473 2136 autern

412 2151 532 2181 ratione
554 2150 699 2190 ipsorum
718 2149 880 2184 debentur,
905 2156 940 2179 ut
964 2148 1122 2179 canonicis
1145 2148 1347 2180 ecclesiarum
1371 2150 1473 2181 cathe-

414 2194 557 2230 dralium,
583 2201 612 2224 et
636 2193 800 2223 similibus.

1567 1398 1605 1428 ΙΙ.
1623 1399 1657 1428 In
1674 1398 1788 1428 eodem
1804 1397 1896 1429 tertio
1911 1398 2055 1434 articulo,
2067 1405 2142 1428 nota
2158 1399 2246 1439 quod
2261 1399 2312 1429 ius
2331 1399 2526 1430 decimarum
2541 1407 2589 1431 est

1522 1442 1693 1482 spirituale,
1715 1449 1750 1472 ut
1768 1442 1800 1472 in
1819 1442 1920 1473 littera
1939 1442 2054 1472 dicitur
2069 1450 2100 1472 et
2117 1443 2346 1482 probatur.·Et
2359 1453 2396 1474 ex
2411 1444 2473 1474 hoc
2491 1444 2589 1475 habes

1523 1487 1612 1528 quod
1634 1487 1685 1517 ius
1706 1487 1903 1526 praebendae
1925 1495 2063 1516 annexae
2086 1486 2261 1517 ministerio
2284 1487 2389 1517 altaris
2416 1494 2472 1518 aut
2495 1497 2588 1519 curae

1523 1531 1700 1561 animarum
1725 1531 1769 1561 sic
1796 1531 1884 1571 quod
1914 1537 2044 1570 propter
2072 1530 2208 1561 alterum
2237 1531 2354 1561 horum
2381 1531 2526 1563 ordinata
2548 1532 2590 1564 sit

1523 1575 1710 1615 praebenda,
1735 1574 1896 1615 spirituale
1919 1581 1980 1605 est:
2009 1574 2164 1615 quoniam
2188 1581 2362 1616 utrumque
2384 1575 2503 1607 horum
2526 1576 2588 1617 spi-

1517 1619 1635 1653 rituale
1658 1626 1721 1655 est,
1746 1626 1782 1650 ut
1803 1625 1899 1659 patet.
1930 1619 1996 1649 Nec
2020 1619 2123 1649 obstat
2146 1619 2235 1659 quod
2257 1619 2307 1650 ius
2329 1619 2526 1651 decimarum
2549 1620 2590 1652 sit

1524 1665 1562 1694 ab
1586 1663 1733 1694 Ecclesia.
1765 1664 1821 1694 Est
1844 1672 1982 1703 namque
2005 1663 2044 1693 ab
2067 1663 2207 1693 Ecclesia
2231 1670 2404 1705 utrumque
2430 1671 2588 1705 quantum

1524 1708 1563 1739 ad
1579 1707 1884 1743 determinationem,
1899 1707 2017 1737 scilicet
2035 1707 2124 1748 quod
2140 1707 2262 1738 decima
2283 1717 2366 1748 pars,
2382 1714 2414 1739 et
2428 1709 2518 1749 quod
2532 1717 2591 1749 per

1525 1753 1660 1783 modum
1675 1752 1870 1792 praebendae
1886 1752 2051 1782 debeatur:
2071 1752 2126 1782 sed
2140 1761 2206 1782 non
2218 1752 2326 1792 quoad
2342 1752 2589 1786 fundamentum

1523 1797 1610 1833 iuris,
1629 1796 1746 1827 scilicet
1766 1795 1977 1827 ministerium
1999 1795 2103 1826 altaris
2122 1802 2153 1826 et
2175 1796 2419 1827 seminationem
2442 1797 2589 1837 spiritua-¹

1523 1841 1618 1877 lium;
1637 1841 1714 1871 haec
1731 1840 1816 1870 enim
1832 1839 2005 1880 spiritualia
2021 1846 2095 1870 sunt
2109 1846 2142 1870 et
2155 1849 2173 1870 a
2188 1841 2258 1871 Deo
2274 1840 2428 1872 ordinata.
2451 1842 2493 1872 Et
2507 1849 2588 1883 quo·-

1524 1885 1610 1915 niam
1634 1885 1744 1915 eadem
1767 1884 1847 1915 ratio
1871 1889 1917 1915 est
1943 1884 1982 1913 de
2005 1883 2073 1914 iure
2101 1893 2138 1914 ex
2165 1884 2340 1915 ministerio
2364 1884 2462 1915 divini
2485 1885 2590 1916 cultus

1525 1936 1555 1960 et
1570 1929 1673 1960 altaris
1689 1929 1797 1970 quoad
1813 1927 2075 1968 spiritualitatem,
2091 1927 2167 1968 quia
2184 1935 2357 1969 utrumque
2377 1929 2590 1960 ministerium

1525 1973 1684 2013 spirituale
1700 1979 1761 2008 est;
1795 1973 1911 2003 idcirco
1934 1971 1984 2002 ius
2011 1972 2207 2012 praebendae
2227 1972 2381 2013 cuiusque
2405 1980 2590 2013 competens

1525 2017 1643 2048 clericis
1659 2017 1734 2058 quia
1749 2016 1856 2047 divino
1873 2016 1971 2047 cultui
1987 2023 2062 2047 sunt
2076 2016 2202 2052 addicti,
2215 2016 2376 2056 spirituale
2392 2026 2460 2047 esse
2476 2027 2513 2047 ex
2527 2017 2590 2048 hoc

1523 2063 1597 2093 loco
1613 2061 1719 2092 habes.
1747 2061 1789 2092 Et
1811 2061 1887 2091 haec
1910 2061 1990 2091 bene
2013 2060 2137 2091 notabis
2152 2060 2184 2090 in
2210 2060 2339 2091 materia
2357 2060 2522 2092 simoniae.

1581 2105 1615 2136 In
1639 2104 1847 2145 responsione
1871 2105 1911 2135 ad
1934 2104 2074 2144 primum
2095 2104 2238 2135 eiusdem
2253 2105 2375 2136 articuli
2398 2105 2494 2136 habes
2509 2105 2590 2136 clare

1526 2149 1703 2180 doctrinam
1724 2149 1757 2179 in
1782 2149 1887 2188 primo
1906 2148 2038 2179 articulo
2057 2148 2075 2167 *
2091 2148 2265 2180 discussam
2288 2149 2327 2180 de
2353 2159 2481 2180 excessu
2508 2149 2590 2180 deci-

1527 2203 1653 2224 marum
1672 2193 1706 2223 in
1729 2203 1811 2223 nova
1834 2193 1912 2232 lege.

1189 2337 1505 2380 ARTICULUS
1536 2337 1808 2388 QUARTUS

927 2420 1081 2452 UTRUM
1105 2421 1242 2452 ETIAM
1265 2421 1435 2454 CLERICI
1460 2422 1728 2453 TENEANTUR
1750 2420 1938 2452 DEC1MAS
1961 2421 2076 2452 DARE

449 2516 510 2555 mg
535 2520 603 2565 A«
628 2513 649 2538 D
671 2512 842 2543 QUARTUM
861 2512 913 2537 sm
929 2512 1168 2538 PROCEDITUR.
1188 2500 1348 2538 Videtur
1367 2503 1472 2551 quod

443 2541 606 2612 5¹²&
629 2553 739 2590 etiam
779 2553 901 2590 clerici
929 2561 1127 2591 teneantur
1165 2553 1332 2592 decimas
1368 2554 1470 2591 dare.

434 2603 555 2663 ,fam
570 2594 597 2649 ἦ
611 2602 617 2607 “
629 2606 728 2653 Quia
748 2607 795 2643 de
814 2606 894 2643 iure
924 2607 1119 2644 communi
1138 2606 1158 2628 '¹‘
1186 2607 1344 2645 ecclesia
1361 2619 1473 2656 paro-

474 2633 571 2692 ἑὲῗῖ)
586 2649 756 2696 Χεὴίειῐὶε
785 2659 897 2696 debet
916 2660 1083 2709 recipere
1113 2659 1279 2697 decimas
1299 2660 1473 2709 praedio-

418 2724 503 2749 rum
532 2723 629 2759 quae
658 2712 695 2749 in
723 2711 908 2749 territorio
946 2713 1025 2750 eius
1054 2720 1152 2750 sunt.
1188 2713 1381 2761 Contingit
1408 2725 1473 2750 au-

417 2774 496 2802 tem
525 2765 753 2814 quandoque
782 2765 886 2814 quod
915 2766 1038 2802 clerici
1057 2766 1199 2803 habent
1226 2765 1265 2803 in
1288 2766 1472 2803 territorio

418 2818 572 2855 alicuius
599 2818 823 2866 parochialis
852 2819 1030 2856 ecclesiae
1055 2819 1179 2867 aliqua
1206 2819 1360 2868 praedia
1388 2831 1474 2868 pro-

417 2871 509 2920 pria.
529 2870 599 2907 Vel
624 2871 736 2907 etiam
761 2871 885 2919 aliqua
905 2871 977 2908 alia
1006 2871 1162 2909 ecclesia
1182 2872 1296 2909 habet
1317 2872 1368 2909 ibi
1387 2884 1475 2921 pos-

420 2923 605 2961 sessiones
626 2923 904 2961 ecclesiasticas.
935 2924 1036 2973 Ergo
1059 2925 1210 2962 videtur
1229 2926 1332 2973 quod
1353 2925 1475 2962 clerici

419 2983 616 3013 teneantur
644 2977 733 3013 dare
761 2977 970 3025 praediales
997 2977 1177 3015 decimas.

474 3041 509 3065 2.
528 3029 764 3076 PRAETEREA,
794 3030 906 3078 aliqui
935 3029 1094 3078 religiosi
1123 3038 1209 3068 sunt
1237 3031 1371 3068 clerici.
1400 3031 1475 3078 Qui

421 3089 549 3117 tamen
586 3088 759 3118 tenentur
796 3082 885 3119 dare
923 3083 1088 3120 decimas
1126 3083 1291 3121 ecclesiis
1331 3084 1475 3121 ratione

421 3132 664 3182 praediorum
696 3146 793 3182 quae
823 3135 934 3171 etiam
969 3135 1145 3173 manibus
1173 3136 1333 3185 propriis
1366 3149 1475 3174 exco-

422 3187 503 3223 lunt
519 3185 550 3223 *.
580 3186 682 3234 Ergo
710 3185 861 3223 videtur
879 3188 983 3235 quod
1012 3189 1131 3225 clerici
1151 3202 1228 3226 non
1249 3189 1321 3226 sint
1338 3189 1476 3226 immu-

423 3251 489 3276 nes
518 3251 540 3275 a
568 3238 754 3276 solutione
783 3239 1028 3276 decimarum.

478 3292 511 3328 3.
541 3292 780 3339 PRAETEREA,
816 3292 909 3329 sicut
944 3292 1063 3329 Num.
1098 3305 1182 3329 xvm
1205 3293 1225 3314 ’¹‘
1251 3293 1478 3342 praecipitur

425 3344 529 3391 quod
562 3344 716 3382 Levitae
754 3357 776 3381 a
812 3346 956 3393 populo
994 3345 1160 3382 decimas
1196 3345 1398 3394 accipiant,
1428 3346 1477 3382 ita

427 3396 539 3432 etiam
558 3397 782 3445 praecipitur
801 3398 906 3445 quod
934 3396 1004 3446 ipsi
1025 3397 1114 3435 dent
1141 3397 1305 3435 decimas
1325 3410 1477 3435 summo

426 3449 609 3486 sacerdoti
628 3450 659 3486 ²¹².
689 3450 802 3497 Ergo,
823 3463 899 3499 qua
928 3449 1070 3487 ratione
1104 3450 1186 3487 laici
1215 3450 1354 3487 debent
1389 3452 1478 3488 dare

428 3501 592 3538 decimas
612 3502 764 3550 clericis,
782 3503 915 3540 eadem
930 3502 1073 3540 ratione
1094 3502 1215 3540 clerici
1235 3503 1374 3540 debent
1389 3503 1477 3540 dare

428 3553 594 3590 decimas
623 3555 783 3591 Summo
813 3555 998 3592 Pontifici.

2559 2390 2563 2406 l

2617 2151 2826 2180 mammaeam,

1578 2513 1616 2548 4.
1637 2501 1870 2548 PRAETEREA,
1891 2501 1986 2537 sicut
2015 2500 2184 2537 decimae
2221 2499 2360 2538 debent
2388 2501 2522 2539 cedere
2549 2500 2590 2539 in
2640 2542 2643 2544 ,

1526 2554 1840 2591 sustentationem
1869 2553 2104 2600 clericorum,
2133 2551 2183 2589 ita
2211 2553 2325 2590 etiarn
2359 2553 2501 2591 debent
2528 2565 2593 2603 ‹te-.-v

1528 2607 1617 2644 dere
1637 2606 1674 2643 in
1704 2605 1996 2644 subventionem
2021 2618 2246 2655 pauperum.
2279 2605 2318 2644 Si
2347 2619 2436 2654 ergo
2466 2605 2594 2653 clerici·

1529 2668 1752 2696 excusantur
1779 2671 1801 2696 a
1829 2659 2015 2696 solutione
2045 2658 2303 2707 decimarum,
2331 2659 2412 2708 pari
2439 2657 2588 2703 ratione

1529 2720 1753 2750 excusantur
1782 2719 1817 2748 et
1846 2724 2044 2761 pauperes.
2077 2713 2162 2749 Hoc
2190 2719 2318 2749 autem
2349 2720 2404 2750 est
2438 2711 2588 2755 falsum.

1529 2766 1630 2813 Ergo
1660 2773 1695 2803 et
1721 2765 1901 2814 primum.
2573 2759 2593 2770 ‘¹

1583 2819 1657 2856 SED
1686 2829 1832 2855 CONTRA
1858 2829 1925 2855 EST
1953 2818 2057 2866 quod
2086 2816 2174 2855 dicit
2203 2816 2398 2856 decretalis
2426 2817 2595 2860 Pascha—2

1529 2871 1573 2908 lis
1601 2871 1728 2920 Papae
1749 2872 1790 2907 *z
1818 2870 1974 2908 Novum
1993 2882 2114 2920 genus
2141 2871 2347 2908 exactionis
2374 2876 2427 2908 est
2461 2877 2501 2909 ut
2517 2871 2591 2909 cle-

1530 2924 1600 2961 rici
1625 2936 1649 2961 a
1677 2923 1820 2961 clericis
1847 2923 2011 2961 decimas
2038 2924 2197 2973 exigant
2215 2924 2246 2961 ²⁸.

1584 2978 1808 3014 RESPONDEO
1848 2988 2032 3014 mCENDUM
2069 2977 2174 3025 quod
2208 2976 2311 3014 idem
2346 2989 2425 3014 non
2466 2975 2593 3025 pote‘sr

1531 3042 1614 3067 esse
1643 3042 1758 3067 causa
1791 3029 1905 3067 dandi
1934 3037 1970 3067 et
1997 3028 2223 3078 recipiendi,
2253 3029 2347 3068 sicut
2375 3042 2445 3067 nec
2474 3025 2594 3074 causa

1531 3083 1667 3131 agendi
1695 3090 1732 3119 et
1757 3082 1945 3132 patiendi:
1975 3081 2154 3130 contingit
2189 3089 2317 3120 autem
2351 3094 2395 3119 ex
2433 3075 2593 3124 diversis

1532 3135 1665 3183 causis,
1686 3143 1722 3173 et
1741 3142 1913 3184 respectu
1938 3135 2191 3182 diversorum,
2212 3135 2376 3173 eundem
2397 3146 2479 3173 esse
2499 3135 2590 3175 dan-

1531 3196 1608 3226 tem
1637 3196 1674 3225 et
1701 3188 1958 3238 recipientem,
1979 3188 2074 3226 sicut
2102 3195 2278 3236 agentem
2308 3195 2344 3225 et
2369 3188 2589 3237 patientem.

1533 3241 1685 3278 Clericis
1722 3249 1849 3279 autem
1887 3241 2113 3290 inquantum
2151 3249 2237 3278 sunt
2271 3240 2430 3279 ministri
2465 3239 2589 3279 altaris

1532 3293 1734 3342 spiritualia
1752 3295 1896 3343 populo
1916 3293 2158 3342 seminantes,
2179 3293 2348 3331 decimae
2371 3305 2394 3331 a
2411 3292 2589 3331 fidelibus

1533 3346 1728 3383 debentur.
1758 3347 1869 3384 Unde
1906 3347 1997 3384 tales
2031 3346 2170 3394 clerici,
2200 3346 2428 3395 inquantum
2466 3344 2589 3383 clerici

1532 3406 1638 3446 sunt,
1668 3399 1763 3436 idest
1790 3399 2015 3448 inquantum
2053 3399 2314 3449 possessiones
2349 3398 2491 3436 habent
2527 3410 2586 3435 ec-

1533 3451 1770 3500 clesiasticas,
1801 3452 1965 3489 decimas
1994 3453 2143 3490 solvere
2168 3464 2246 3489 non
2274 3458 2459 3488 tenentur.
2481 3472 2504 3479 -
2530 3450 2588 3487 Ex

1533 3504 1604 3540 alia
1630 3516 1723 3541 vero
1753 3517 1877 3552 causa,
1899 3505 2034 3542 scilicet
2052 3512 2206 3554 propter
2232 3505 2308 3541 hoc
2335 3503 2440 3551 quod
2466 3503 2588 3551 possi-

1534 3556 1623 3593 dent
1650 3557 1803 3605 proprio
1831 3557 1923 3606 iure,
1943 3558 2005 3594 vel
2034 3569 2079 3594 ex
2107 3556 2344 3594 successione
2372 3563 2586 3604 parentum,

2617 2878 2629 2889 '⁵
2642 2877 2751 2900 semaei.

2616 2924 2828 2953 *capuam-nge-

2615 2957 2667 3000 π,
2681 2951 2712 2974 de
2725 2950 2827 2973 Decimo
