2860 4244
160 537 168 546 ⁸
183 536 270 557 Homil.
280 535 367 557 XXVII

159 562 182 583 in
199 562 292 598 Euang-

255 596 269 614 ο

146 1805 157 1816 ·
167 1805 214 1832 Qu.
226 1810 272 1831 cvi,
283 1807 324 1826 nrt.
334 1810 355 1832 3.

146 1896 156 1906 ⁸
161 1895 198 1916 De
202 1895 288 1916 [nuent.
295 1895 354 1916 Rhe-

144 1923 193 1969 lt-‹ltss
206 1922 236 1943 lib
256 1921 285 1948 11,
304 1927 353 1949 cap.

145 1983 156 1994 ¹·
168 1982 247 2004 Matth.
266 1988 316 2010 cap.
331 1989 353 2010 v,

144 2015 204 2031 vers.
219 2010 246 2037 38
261 2015 313 2037 sqq.

242 3165 258 3181 α

145 3220 155 3229 ’
171 3218 235 3239 Vers.
250 3224 285 3246 29,
304 3225 339 3247 3⁰·

146 3274 155 3281 ·
170 3271 236 3293 Vers.
249 3272 284 3300 38.

400 205 476 240 412

401 271 493 308 dum
523 272 627 320 'quod
655 272 833 320 importat
853 272 1043 307 fervorem
1063 275 1079 297 Υ
1108 270 1258 316 amoris,
1280 269 1460 317 importat

397 324 561 373 primam
591 325 756 361 radicem
785 322 1060 368 vindicationis,
1082 329 1196 369 prout
1214 321 1347 370 aliquis
1375 321 1458 358 vin-

398 377 496 414 dicat
524 377 677 413 iniurias
706 377 777 413 Dei
806 377 866 412 vel
895 375 1168 424 proximorum,
1200 386 1295 421 quas
1325 386 1369 410 ex
1398 386 1458 410 ca-

397 429 502 466 ritate
531 437 678 477 reputat
709 429 815 477 quasi
843 440 942 465 suas.
983 427 1192 464 Cuiuslibet
1227 434 1354 463 autem
1382 427 1457 463 vir-

396 482 483 518 tutis
512 489 615 518 actus
649 494 694 517 ex
722 481 848 517 radice
877 480 1037 517 caritatis
1065 479 1254 528 procedit:
1284 479 1386 527 quia,
1415 487 1457 516 ut

396 534 600 582 Gregorius
630 534 729 578 dicit,
750 534 787 570 in
808 534 973 581 quadam
1001 532 1158 569 homilia
1177 531 1208 579 ²⁸⁸,
1229 532 1321 569 nihil
1346 533 1458 569 hahet

394 587 588 623 viriditatis
622 598 752 623 ramus
777 583 791 607 δ
819 586 908 622 boni
938 586 1080 633 operis,
1110 585 1143 621 si
1170 597 1244 621 non
1275 586 1457 633 procedat

394 652 443 675 ex
470 640 596 675 radice
623 639 800 675 caritatis.

445 694 503 728 AD
526 703 684 728 TER-num
712 703 897 728 DianDuM
925 691 1029 739 quod
1058 690 1303 727 vindicationi
1333 702 1453 739 oppo-

443 804 468 836 γ)
478 804 623 837 servorem.
635 817 654 822 -
673 804 845 829 intentionem
865 804 1026 835 ACDGHIL,
1045 812 1097 829 om.
1116 805 1147 830 F.

442 838 466 871 δ)
487 846 617 864 ramus.—
634 839 740 864 animus
758 840 788 869 A,
809 839 895 864 minus
915 840 965 869 BF.
985 847 1080 865 munus
1098 840 1129 864 K.

1067 191 1333 238 QUAESTIO
1364 192 1500 240 CVIII,
1530 193 1825 231 ARTICULUS
1855 195 1904 230 III

1513 278 1655 307 nuntur
1683 272 1760 308 duo
1788 272 1889 308 vitia.
1919 273 2049 309 Unum
2079 272 2234 320 quidem
2254 285 2322 322 per
2351 284 2569 310 excessum:
2615 291 2617 293 ·

1512 322 1651 359 scilicet
1677 332 1876 372 peccatum
1906 324 2132 362 crudelitatis
2158 325 2221 362 vel
2249 325 2442 373 saevitiae,
2471 338 2570 374 quae

1513 375 1658 412 excedit
1686 388 1905 414 mensuram
1934 377 1973 414 in
1991 377 2197 426 puniendo.
2227 378 2341 415 Aliud
2360 385 2487 415 autem
2516 385 2570 415 est

1511 427 1646 465 vitium
1666 430 1771 476 quod
1792 429 1958 467 consistit
1976 430 2014 467 in
2035 430 2195 477 defectu,
2216 430 2311 468 sicut
2329 443 2418 468 cum
2437 430 2570 479 aliquis

1511 487 1567 516 est
1603 481 1715 518 nimis
1757 482 1937 520 remissus
1975 483 2013 520 in
2045 483 2262 531 puniendo:
2297 484 2400 521 unde
2437 483 2571 520 dicitur

1508 534 1700 571 Prov.x111
1720 534 1760 571 *τ
1793 536 1868 577 Qui
1887 537 2015 583 parcit
2030 536 2176 586 virgae,
2197 537 2275 572 odit
2288 537 2418 584 filium
2445 548 2566 572 suum.

1508 586 1638 623 Virtus
1672 595 1801 624 autem
1834 588 2097 626 vindicationis
2131 588 2299 626 consistit
2325 594 2339 610 ⁵
2372 596 2415 626 ut
2449 589 2568 625 homo

1480 636 1481 680 Ῐ
1509 639 1720 676 secundum
1756 652 1892 678 omnes
1930 641 2229 679 circumstantias
2268 641 2434 679 debitam
2463 653 2568 679 men-

1508 703 1636 728 suram
1666 691 1703 728 in
1731 692 1960 731 vindicando
1989 702 2199 732 conservet.

1563 805 1584 838 ε)
1604 806 1733 831 consistit.
1745 820 1764 826 -
1782 807 1808 831 in
1827 807 1877 832 hoc
1895 807 1992 832 addunt
2011 807 2081 834 PL«.

1063 925 1395 958 Commentaria
1418 922 1670 956 Oarffinalis
1693 921 1893 954 Caietam

419 1015 438 1034 N
461 1004 598 1035 articulis
622 1004 731 1045 primis
755 1005 950 1045 quaestionis
967 1005 1295 1041 centesimaeoctavae,
1318 1004 1452 1034 dubium

392 1016 484 1078 Inon
508 1048 774 1079 dissimulandum
798 1049 835 1079 de
859 1049 1081 1079 vindicationis
1103 1049 1217 1080 virtute
1241 1048 1385 1079 occurrit.
1411 1048 1452 1078 Et

388 1099 434 1123 est
456 1092 535 1123 ratio
559 1092 646 1123 dubii
670 1092 745 1133 quia
768 1092 987 1124 vindicationis
1012 1099 1099 1123 actus
1123 1103 1189 1123 non
1209 1099 1255 1123 est
1278 1092 1338 1122 nisi
1362 1091 1450 1122 iusti-

387 1136 448 1167 tiae
462 1136 571 1176 legalis
587 1143 684 1173 actus,
703 1137 879 1167 secundum
895 1137 1032 1167 formam
1046 1136 1291 1167 commutativae
1303 1135 1449 1166 iustitiae.

386 1181 470 1211 Nam
493 1181 580 1221 quod
603 1181 774 1212 vindicatio
790 1191 855 1211 non
872 1181 911 1211 sit
935 1187 1022 1211 actus
1046 1180 1210 1220 singularis
1234 1189 1397 1220 personae,
1415 1185 1451 1210 ut

388 1231 434 1255 est
456 1224 574 1256 iustitia
599 1225 826 1256 commutativa
850 1231 880 1255 et
906 1231 981 1255 sunt
1004 1225 1082 1255 aliae
1109 1231 1212 1264 partes
1235 1223 1389 1259 iustitiae,
1414 1233 1451 1253 ex

387 1279 426 1299 eo
457 1276 543 1309 patet
571 1270 661 1309 quod
683 1269 853 1299 vindicatio
884 1279 949 1298 non
979 1275 1025 1299 est
1054 1268 1138 1299 licita
1164 1268 1245 1298 inter
1274 1274 1397 1308 partem
1420 1273 1451 1298 et

386 1320 518 1353 partem,
534 1313 615 1344 sicut
631 1313 840 1344 commutatio
856 1319 997 1343 versatur
1015 1313 1096 1342 inter
1119 1319 1241 1352 partem
1264 1318 1294 1342 et
1317 1318 1449 1352 partem,

387 1357 467 1388 sicut
490 1357 660 1397 gratiarum
684 1357 766 1387 actio
790 1364 836 1387 est
859 1357 963 1387 debita
990 1356 1182 1387 benefactori
1205 1367 1223 1386 a
1247 1355 1448 1386 beneficiato:

386 1401 440 1431 sed
463 1408 509 1432 est
533 1408 656 1432 tantum
679 1401 763 1431 licita
779 1410 932 1440 personae
948 1400 1103 1441 publicae,
1121 1400 1275 1441 quoniam
1291 1400 1330 1430 ad
1346 1400 1449 1440 ipsam
1473 1434 1475 1441 Ι

386 1445 489 1475 solam
513 1452 631 1485 spectat
647 1445 754 1475 ulcisci
770 1444 870 1476 illatas
887 1445 950 1475 iam
966 1444 1104 1475 iniurias.
1130 1447 1229 1475 Actus
1246 1451 1353 1475 autem
1377 1454 1449 1484 pro-

384 1489 472 1529 prius
495 1499 648 1530 personae
671 1489 816 1529 publicae
840 1496 969 1529 propter
993 1499 1165 1520 commune
1188 1489 1312 1519 bonum
1335 1488 1375 1518 ad
1398 1488 1448 1518 iu-

384 1533 501 1564 stitiam
524 1540 643 1573 spectat
661 1533 804 1573 legalem,
822 1539 964 1563 utentem
981 1533 1209 1563 commutativa
1223 1532 1349 1568 iustitia,
1370 1533 1449 1563 dum

384 1578 514 1618 aequale
538 1578 681 1608 debitum
704 1577 797 1607 alicui
820 1577 998 1608 secundum
1021 1577 1230 1618 quantitatem
1252 1576 1352 1607 reddit
1376 1586 1449 1617 pro-

384 1629 453 1661 pter
475 1632 647 1652 commune
670 1622 805 1652 bonum.
836 1622 880 1651 Ita
904 1622 993 1661 quod
1022 1628 1052 1652 et
1075 1631 1112 1652 ex
1134 1628 1221 1661 parte
1245 1621 1393 1657 subiecti,
1418 1627 1449 1651 et

385 1676 421 1696 ex
440 1673 526 1706 parte
550 1666 708 1706 qualitatis
732 1665 837 1701 debiti,
862 1672 992 1705 apparet
1015 1666 1104 1706 quod
1129 1664 1296 1695 vindicatio
1320 1674 1385 1695 non
1403 1671 1449 1695 est

383 1710 481 1741 virtus
493 1710 525 1740 in
539 1709 687 1750 singulari
700 1718 850 1750 persona:
873 1709 931 1739 nisi
948 1710 1161 1740 concedamus
1173 1709 1261 1749 quod
1275 1709 1448 1749 unicuique

382 1754 505 1785 licitum
529 1754 568 1785 sit
590 1753 698 1784 ulcisci
714 1754 814 1784 illatas
831 1753 889 1783 sibi
903 1753 1033 1784 iniurias
1057 1753 1244 1784 tantundem
1263 1762 1447 1793 recompen-

383 1799 483 1829 sando
507 1798 539 1828 in
563 1798 653 1828 malis
677 1808 812 1837 poenae,
837 1797 918 1828 sicut
937 1797 1058 1828 dictum
1075 1804 1121 1828 est
1136 1798 1154 1816 *
1176 1797 1265 1838 quod
1280 1797 1448 1837 unusquis-

383 1853 445 1883 que
469 1843 561 1873 debet
584 1842 737 1882 susceptis
760 1840 919 1872 beneficiis
942 1842 1025 1872 vices
1049 1842 1186 1872 reddere.
1219 1842 1260 1872 Et
1282 1841 1344 1872 hoc
1368 1841 1447 1872 forte
1472 1867 1473 1873 ,

382 1887 484 1918 voluit
506 1886 634 1917 Tullius
652 1886 678 1922 *‚
703 1895 825 1926 ponens
841 1885 1089 1916 vindicationem
1111 1886 1144 1916 in
1160 1885 1251 1916 malis
1275 1885 1356 1916 sicut
1378 1895 1447 1926 gra-

381 1931 457 1962 tiam
474 1931 506 1961 in
522 1931 624 1961 bonis.
649 1930 710 1961 Sed
733 1940 805 1960 cum
823 1929 964 1960 doctrina
979 1929 1157 1960 Christiana
1180 1929 1367 1970 oppositum
1391 1929 1446 1959 do—

382 1981 449 2006 ceat
463 1974 495 2005 in
512 1974 602 2005 malis
618 1974 644 2010 *,
669 1974 787 2004 mirum
803 1980 850 2004 est
873 1974 961 2014 quod
978 1975 1099 2005 Auctor
1115 1980 1241 2004 secutus
1258 1973 1352 2004 fuerit
1367 1973 1447 2004 Tul-

380 2020 470 2055 lium,
496 2025 526 2049 et
549 2029 614 2049 non
638 2018 803 2049 excluserit
825 2018 902 2048 haec
925 2017 1031 2048 dubia.

437 2064 473 2093 II.
498 2063 549 2093 Ad
564 2063 626 2093 hoc
643 2062 756 2093 dicitur
775 2063 863 2103 quod
880 2061 1097 2093 difficultatem
1113 2062 1272 2092 inculcant
1289 2062 1354 2092 duo
1371 2071 1445 2092 con-

381 2107 535 2138 currentia
558 2107 598 2137 ad
619 2106 866 2137 vindicationem
895 2116 976 2146 quae
1000 2106 1147 2137 videntur
1177 2106 1216 2136 ad
1239 2105 1374 2136 invicem
1397 2115 1444 2136 re-

380 2160 538 2192 pugnare:
567 2151 712 2182 videlicet
739 2151 818 2182 ratio
846 2150 941 2181 debiti
965 2151 1109 2187 moralis;
1142 2157 1172 2181 et
1200 2157 1304 2186 actus,
1329 2150 1446 2181 scilicet

379 2196 508 2226 reddere
531 2195 653 2225 malum
681 2205 740 2235 pro
765 2195 860 2225 malo.
891 2195 975 2225 Nam
1005 2195 1030 2225 si
1054 2194 1260 2234 inspiciamus
1289 2194 1444 2226 rationem

381 2239 486 2276 debiti,
511 2239 708 2269 inveniemus
737 2239 826 2279 quod
855 2238 973 2279 privata
998 2249 1132 2278 persona
1155 2238 1375 2269 vindicationis
1399 2245 1445 2269 est
1469 2253 1471 2263 ι

380 2284 569 2314 subiectum.
595 2283 678 2320 Quia
695 2283 771 2313 haec
788 2290 834 2313 est
857 2282 1029 2313 differentia
1052 2283 1133 2313 inter
1156 2283 1317 2323 publicam
1334 2289 1364 2313 et
1382 2283 1444 2322 pri-

379 2335 485 2359 vatam
501 2337 669 2368 personam
686 2327 717 2357 in
737 2326 915 2367 proposit0,
941 2327 1029 2367 quod
1054 2337 1187 2367 persona
1203 2327 1329 2368 publica
1353 2327 1445 2358 debet

382 2372 488 2403 debito
511 2371 602 2411 legali
625 2371 782 2401 vindicare
806 2371 907 2401 illatas
930 2371 1058 2401 iniurias
1083 2371 1140 2401 sibi
1164 2371 1342 2401 commissis
1350 2379 1357 2406 ;
1383 2371 1445 2410 pri-

380 2423 451 2447 vata
474 2422 580 2446 autem
608 2425 743 2455 persona
772 2425 853 2455 quae
883 2415 1032 2445 iniuriam
1059 2415 1194 2455 recepit,
1218 2416 1310 2446 debet
1338 2415 1443 2446 debito

381 2460 493 2490 morali
517 2465 641 2490 tantum
664 2458 820 2489 vindicare
845 2469 937 2489 suam
955 2458 1121 2489 iniuriam:
1147 2469 1211 2489 non
1232 2459 1317 2490 enirn
1339 2466 1446 2499 potest

382 2504 451 2544 cogi
468 2504 507 2534 ad
531 2503 591 2534 hoc
615 2503 704 2543 quod
719 2502 856 2533 vindicet
880 2511 931 2539 se;
956 2502 1051 2533 iudex
1066 2509 1173 2533 autem
1196 2510 1302 2543 potest
1318 2503 1389 2542 cogi
1405 2503 1445 2533 ad

381 2548 552 2578 vindictam
584 2547 796 2578 exercendam.
821 2563 839 2569 -
863 2546 895 2577 Si
919 2556 994 2577 vero
1025 2553 1203 2586 spectemus
1233 2547 1272 2577 ad
1299 2553 1444 2577 naturam

381 2592 531 2627 actionis,
556 2590 701 2622 videlicet
731 2591 859 2621 reddere
883 2591 1006 2621 malum
1036 2601 1095 2631 pro
1119 2591 1223 2627 malo,
1246 2591 1445 2622 inveniemus

1504 1002 1708 1042 oppositum,
1732 1001 1794 1032 hoc
1818 1008 1864 1032 est
1887 1001 1976 1042 quod
1999 1011 2134 1042 persona
2157 1000 2277 1041 privata
2304 1010 2371 1031 non
2394 1007 2441 1032 est
2463 1001 2567 1032 subie-

1476 1047 1477 1051 ’
1504 1053 1592 1077 ctum
1614 1045 1849 1082 vindicationis,
1874 1046 1930 1076 sed
1951 1055 2087 1086 persona
2109 1044 2254 1086 publica,
2277 1055 2334 1076 seu
2356 1044 2389 1075 in
2412 1051 2567 1086 potestate

1503 1090 1687 1121 constituta:
1713 1100 1787 1120 nam
1811 1089 1939 1120 reddere
1963 1089 2086 1120 malum
2108 1099 2167 1129 pro
2184 1089 2270 1119 malo
2294 1099 2360 1120 non
2376 1095 2422 1119 est
2444 1088 2566 1120 licitum

1502 1143 1656 1174 personae
1675 1134 1825 1174 privatae,
1842 1134 1896 1164 sed
1920 1143 2074 1174 personae
2090 1134 2123 1164 in
2138 1139 2294 1174 potestate
2310 1132 2510 1169 constitutae,
2527 1133 2566 1163 ad

1502 1188 1600 1218 quam
1624 1184 1743 1219 spectat
1766 1178 1867 1208 malos
1890 1176 2036 1208 homines
2052 1177 2211 1218 castigare,
2228 1185 2259 1209 et
2277 1177 2405 1208 reddere
2422 1177 2465 1208 eis
2480 1177 2566 1208 iuxta

1503 1222 1653 1253 demerita
1675 1232 1743 1258 sua,
1767 1228 1803 1252 ut
1826 1228 1912 1261 patet
1935 1222 2047 1258 XXIII,
2072 1232 2126 1263 qu.
2143 1232 2184 1258 ιν,
2209 1231 2277 1263 cap.
2290 1222 2341 1252 Ea
2355 1222 2514 1259 vindictas
2535 1228 2566 1253 et

1502 1273 1576 1296 sunt
1604 1266 1699 1296 verba
1727 1265 1899 1305 Augustini
1914 1265 1942 1296 *.
1970 1283 1992 1289 -
2014 1266 2056 1296 Et
2085 1266 2240 1306 quoniam
2268 1266 2446 1297 intellectus
2474 1266 2565 1296 adae·
2591 1273 2604 1286 ⁸

1502 1310 1648 1351 quandus
1679 1316 1726 1340 est
1752 1310 1864 1346 rebus,
1889 1316 1920 1340 et
1947 1319 2014 1340 non
2041 1319 2058 1340 e
2082 1316 2206 1346 contra,
2235 1309 2492 1351 perspiciendum
2519 1317 2566 1341 est

1502 1354 1670 1395 quomodo
1693 1353 1817 1394 possint
1839 1353 1916 1384 haec
1940 1354 2005 1384 duo
2029 1354 2123 1391 coire,
2147 1361 2183 1385 ut
2205 1354 2318 1385 veritas
2342 1353 2508 1385 elucescat.

1473 1406 1475 1432 a
1553 1398 1605 1429 III.
1630 1398 1869 1428 Advertendum
1893 1404 1939 1428 est
1962 1397 2056 1437 igitur
2084 1398 2172 1438 quod
2199 1398 2328 1428 reddere
2356 1397 2478 1428 malum
2505 1407 2564 1438 pro

1501 1442 1587 1472 malo
1612 1452 1678 1472 non
1702 1449 1748 1473 est
1771 1448 1857 1473 actus
1880 1442 2012 1478 virtutis,
2038 1451 2142 1483 neque
2165 1441 2208 1472 ita
2231 1452 2264 1473 se
2287 1442 2381 1473 habet
2403 1441 2485 1473 actio
2506 1442 2566 1473 ista

1501 1487 1540 1516 ad
1560 1486 1805 1517 vindicationem
1829 1486 1910 1517 sicut
1933 1496 1966 1516 se
1985 1486 2079 1517 habet
2101 1486 2230 1516 reddere
2252 1486 2376 1516 bonum
2398 1495 2458 1526 pro
2478 1487 2565 1517 bono

1501 1531 1540 1560 ad
1563 1530 1803 1571 gratitudinem:
1828 1530 1903 1571 quia
1925 1530 2054 1560 reddere
2077 1530 2200 1560 malum
2222 1540 2282 1570 pro
2298 1530 2385 1561 malo
2409 1537 2455 1561 est
2477 1537 2565 1562 actus

1501 1575 1675 1606 contrarius
1698 1574 1828 1611 caritati,
1852 1574 1942 1605 cuius
1966 1581 2012 1605 est
2035 1581 2066 1605 et
2086 1574 2167 1605 velle
2191 1580 2222 1605 et
2244 1574 2345 1605 facere
2369 1574 2485 1615 cuique
2507 1575 2564 1605 bo-

1500 1629 1589 1650 num.
1609 1620 1650 1650 Et
1668 1625 1834 1659 propterea
1849 1618 1883 1649 in
1898 1618 1999 1649 littera
2014 1618 2108 1658 primi
2124 1618 2245 1649 articuli
2261 1618 2357 1650 huius
2371 1618 2565 1659 quaestionis

1501 1663 1582 1694 actio
1606 1663 1664 1694 ista
1686 1663 1852 1703 reprobata
1872 1669 1928 1701 est,
1946 1669 1976 1693 et
1998 1663 2145 1693 attributa
2166 1662 2252 1693 odio.
2277 1662 2338 1693 Sed
2354 1663 2483 1693 reddere
2499 1673 2564 1693 ma—

1499 1708 1568 1738 lum
1592 1717 1650 1748 pro
1673 1707 1760 1737 malo
1782 1706 1925 1746 punitive
1949 1716 2004 1737 seu
2028 1706 2225 1737 emendative
2253 1713 2299 1737 est
2325 1713 2412 1738 actus
2441 1706 2564 1738 virtutis

1472 1755 1473 1758 ’
1501 1762 1566 1782 non
1591 1751 1686 1782 unius
1716 1758 1859 1781 tantum:
1884 1750 2039 1791 quoniam
2062 1757 2098 1782 ut
2126 1750 2268 1791 procedit
2298 1761 2335 1781 ex
2361 1750 2472 1782 affectu
2501 1752 2564 1792 pri-

1472 1793 1473 1797 ’
1500 1803 1588 1826 vatae
1611 1797 1775 1836 personae,
1799 1794 1881 1825 actio
1905 1801 1952 1825 est
1973 1794 2204 1831 vindicationis,
2233 1801 2264 1825 et
2293 1805 2330 1825 ex
2359 1795 2465 1826 debito
2492 1805 2563 1827 mo-

1499 1840 1555 1870 rali
1578 1839 1720 1880 procedit
1728 1848 1736 1876 ;
1761 1846 1796 1869 ut
1819 1845 1927 1869 autem
1950 1847 1987 1868 ex
2009 1839 2172 1869 voluntate
2195 1839 2308 1870 iudicis
2330 1846 2465 1876 emanat,
2482 1840 2563 1871 actio

1499 1891 1546 1915 est
1569 1883 1814 1914 commutativae
1838 1889 1868 1913 et
1890 1882 1999 1922 legalis
2014 1882 2160 1919 iustitiae,
2185 1892 2222 1914 ex
2245 1882 2351 1914 debito
2374 1883 2468 1924 legali
2489 1894 2564 1924 pro-

1500 1928 1623 1960 cedens.
1647 1928 1704 1958 Est
1721 1937 1795 1968 ergo
1812 1926 1968 1967 singulare
1984 1927 2016 1957 in
2033 1926 2091 1957 hac
2105 1926 2220 1958 virtute
2235 1926 2457 1958 vindicationis
2472 1928 2562 1970 quod

1498 1982 1634 2014 persona
1654 1981 1737 2013 quae
1754 1978 1799 2002 est
1818 1971 1996 2002 subiectum
2012 1970 2135 2002 virtutis
2150 1981 2216 2002 non
2233 1977 2338 2012 potest
2355 1981 2412 2012 per
2426 1971 2563 2013 seipsam

1499 2025 1722 2048 consummare
1745 2015 1903 2046 actionem
1926 2015 2089 2056 propriam
2112 2015 2156 2045 illi
2172 2015 2289 2052 virtuti,
2313 2022 2444 2056 propter
2457 2026 2563 2048 neces-

1498 2061 1620 2092 sitatem
1646 2059 1811 2091 materiae:
1842 2059 1917 2100 quia
1940 2059 2086 2090 videlicet
2113 2059 2244 2090 materia
2267 2059 2335 2090 eius
2365 2066 2414 2091 est
2440 2060 2563 2092 malum

1498 2115 1630 2146 poenae,
1649 2105 1737 2146 quod
1753 2104 1927 2135 coactivam
1943 2110 2132 2144 potestatem
2148 2103 2242 2144 exigit
2262 2103 2295 2134 in
2313 2111 2452 2136 auctore.
2470 2104 2562 2137 Unde

1498 2157 1528 2181 et
1550 2149 1695 2190 superius
1718 2149 1751 2179 in
1774 2148 1971 2189 praecedenti
1992 2148 2088 2178 Libro
2103 2147 2121 2168 *
2143 2147 2224 2178 inter
2239 2147 2379 2180 actiones
2393 2148 2471 2189 legis
2487 2159 2563 2181 con-

1497 2200 1662 2224 numerata
1685 2199 1731 2224 est
1754 2192 1898 2233 punitio,
1923 2199 1953 2223 et
1980 2193 2018 2222 ab
2043 2192 2086 2222 eis
2118 2192 2242 2223 exclusa
2266 2198 2312 2223 est
2337 2193 2562 2226 remuneratio.

1497 2239 1588 2269 Stant
1611 2247 1685 2277 ergo
1709 2237 1767 2268 ista
1791 2237 1856 2267 duo
1881 2236 1991 2267 simul:
2027 2243 2057 2267 et
2087 2236 2176 2278 quod
2199 2236 2369 2268 vindicatio
2398 2237 2438 2268 sit
2462 2237 2562 2269 virtus

1469 2289 1471 2292 “
1497 2283 1635 2323 privatae
1658 2290 1827 2322 personae;
1852 2288 1883 2311 et
1906 2281 1994 2321 quod
2017 2290 2083 2311 non
2101 2280 2201 2321 possit
2223 2288 2446 2311 consummare
2461 2281 2560 2313 actio-

1497 2337 1571 2357 nem
1602 2336 1694 2356 suam
1724 2325 1843 2365 privata
1874 2335 2019 2366 persona,
2050 2324 2110 2355 nisi
2141 2324 2289 2356 adiuncta
2319 2325 2447 2365 publica
2474 2332 2562 2367 pote-

1497 2378 1584 2407 state,
1604 2378 1734 2410 propter
1750 2369 1967 2400 conditionem
1983 2369 2131 2400 maten'ae
2146 2369 2333 2406 reddendae,
2350 2369 2468 2400 scilicet
2485 2370 2561 2401 mali

1497 2425 1630 2456 poenae.

1552 2459 1594 2489 Et
1616 2458 1693 2488 haec
1716 2457 1754 2488 de
1778 2456 1944 2497 principali
1967 2463 2039 2487 actu
2061 2456 2282 2488 vindicationis
2305 2456 2388 2488 dicta
2401 2457 2473 2494 sint,
2497 2457 2560 2490 hoc

1498 2509 1544 2533 est
1560 2503 1598 2533 de
1613 2501 1735 2532 ultione
1750 2500 1938 2531 iniuriarum
1953 2500 2017 2530 iam
2033 2506 2239 2540 receptarum.
2259 2501 2343 2531 Nam
2358 2501 2397 2531 de
2411 2501 2561 2533 secunda-

1497 2547 1544 2577 rio
1569 2546 1635 2576 eius
1659 2552 1730 2576 actu
1754 2544 1927 2585 loquendo,
1953 2543 2070 2575 scilicet
2097 2543 2299 2581 defensione,
2323 2555 2363 2576 ne
2386 2545 2561 2577 inferantur

1498 2590 1639 2626 iniuriae,
1654 2595 1776 2620 constat
1791 2589 1880 2629 quod
1896 2587 2025 2619 cuilibet
2037 2588 2176 2628 privatae
2187 2598 2341 2630 personae
2356 2589 2461 2621 licitus
2475 2597 2522 2622 est
2531 2590 2558 2622 ⁴¹.

1090 2744 1389 2786 ARTICUL
1408 2745 1487 2787 US
1533 2743 1814 2786 TERTIUS

620 2836 776 2867 UTRUM
799 2834 1053 2866 V1ND1cAT1o
1078 2835 1251 2866 DEBEAT
1275 2835 1386 2866 FlERl
1410 2835 1492 2866 PER
1515 2835 1682 2866 POENAS
1706 2835 1820 2865 APUD
1845 2834 2039 2865 HOMiNEs
2063 2833 2319 2865 CONSUETAs

1119 2922 1210 2954 Supra,
1230 2929 1273 2954 qu.
1293 2929 1359 2952 ικιν,
1380 2927 1426 2947 art.
1447 2929 1476 2953 23
1496 2930 1540 2954 qu.
1559 2929 1614 2950 LxV.
1635 2926 1681 2946 art.
1705 2929 1725 2952 1,
1747 2927 1770 2952 2,
1792 2920 1815 2946 3.

408 3015 442 3063 ἐξ·
511 3023 567 3064 Ἦ(
590 3012 612 3037 D
632 3012 791 3037 TER-num
816 3012 868 3037 Sic
889 3011 1128 3037 artocem-rua.
1153 3000 1313 3038 Videtur
1335 3001 1439 3049 quod

413 3051 454 3111 ἲς]
510 3042 567 3113 {gii
590 3052 795 3090 vindicatio
825 3065 903 3089 non
932 3053 1068 3090 debeat
1095 3053 1178 3090 fieri
1205 3065 1273 3102 per
1294 3065 1440 3102 poenas

501 3129 504 3131 ,
534 3096 694 3154 ''apud
721 3105 898 3142 homines
923 3113 1134 3143 consuetas.
1165 3106 1316 3143 Occisio
1337 3106 1439 3143 enim

400 3151 413 3162 ”
439 3174 447 3183 ι
470 3151 521 3184 ῑ’ῗ
548 3150 579 3192 X<
591 3158 758 3195 hominis
785 3166 839 3194 est
866 3158 1056 3206 quaedam
1077 3158 1278 3196 eradicatio
1300 3164 1317 3180 ²
1345 3159 1438 3196 eius.

382 3212 458 3249 Sed
487 3212 677 3248 Dominus
706 3211 914 3257 mandavit,
946 3211 1079 3247 Matth.
1108 3211 1226 3257 X111*,
1256 3211 1362 3259 quod
1389 3211 1438 3247 zi—

381 3265 499 3311 zania,
519 3276 588 3313 per
612 3276 710 3312 quae
739 3264 996 3311 significantur
1012 3263 1092 3311 filii
1118 3275 1279 3311 nequam
1299 3264 1330 3310 ²⁸,
1360 3276 1438 3300 non

383 3317 671 3354 eradicarentur.
710 3317 812 3365 Ergo
849 3324 1068 3365 peccatores
1106 3329 1183 3353 non
1221 3324 1307 3353 sunt
1339 3316 1437 3353 occi-

382 3371 506 3407 dendi.

442 3034 468 3082 :7
500 3040 503 3049 i

1466 3041 1467 3049 ἵ
1547 3011 1582 3037 2.
1610 3001 1844 3046 Pius-mam,
1879 2999 2112 3048 quicumque
2140 3000 2349 3038 mortaliter
2375 3009 2556 3050 peccant,

1466 3052 1467 3081 l
1494 3053 1631 3090 eadem
1651 3065 1777 3101 poena
1796 3052 1975 3090 videntur
1994 3052 2107 3101 digni.
2139 3053 2178 3090 Si
2204 3065 2293 3102 ergo
2317 3054 2431 3102 aliqui
2455 3064 2556 3092 mor·

1493 3106 1613 3143 taliter
1640 3113 1841 3155 peccantes
1869 3113 1993 3143 morte
2021 3106 2244 3155 puniuntur,
2271 3106 2423 3144 videtur
2449 3108 2555 3155 quod

1493 3171 1629 3195 omnes
1658 3159 1750 3195 tales
1778 3159 1961 3196 deberent
1989 3166 2112 3196 morte
2139 3159 2276 3208 puniri.
2310 3160 2428 3207 Quod
2453 3168 2556 3209 patet

1493 3224 1576 3248 esse
1603 3212 1751 3248 falsum.

1492 3317 1708 3364 manifeste,
1739 3329 1784 3353 ex
1821 3317 1895 3353 hoc
1932 3325 2131 3365 peccatum
2166 3317 2244 3355 eius
2280 3318 2551 3356 manifestatur.

1493 3370 1610 3416 Quod
1628 3369 1779 3407 videtur
1799 3382 1882 3406 esse
1902 3370 2083 3407 nocivum
2099 3370 2338 3419 multitudini,
2354 3383 2452 3420 quae
2473 3382 2517 3407 ex
2537 3368 2552 3399 β

435 3493 462 3524 α)
481 3493 636 3518 eradicatio.
649 3507 667 3511 -
685 3491 830 3517 vindicatio
848 3491 898 3516 BF.

1544 3489 1569 3522 β)
1590 3497 1635 3515 ex.
1648 3504 1667 3510 .-
1685 3490 1747 3515 0m.
1765 3490 1956 3516 BCDEFGHL.

1547 3265 1582 3301 3.
1603 3265 1837 3310 PRAETEREA,
1859 3276 1948 3300 cum
1977 3264 2111 3313 aliquis
2135 3277 2204 3313 pro
2224 3273 2382 3314 peccato
2401 3265 2554 3314 punitur
2572 3271 2578 3275 '

2595 542 2607 554 ⁸
2620 542 2687 565 Vers.
2702 548 2738 570 24.

2698 601 2709 617 ε

2591 1273 2804 1328 “zm-'iffi

2591 1332 2645 1355 up.
2657 1332 2697 1350 xx.

2589 2156 2800 2185 'Qu-mama.

2587 2462 2716 2491 wau.
2761 2463 2799 2486 ,u

2586 2489 2692 2518 Iege-:A

2586 2515 2704 2570 222&ae
2791 2564 2794 2566 ,
2856 2558 2860 2563 .

2852 2651 2860 2693 i

2850 3219 2860 3248 =¹.
