2860 4244
193 1068 209 1083 α

96 1173 105 1181 ’
117 1171 152 1191 De
159 1170 222 1192 Sum.
233 1170 307 1196 Bon.,

95 1198 122 1219 al.
138 1197 256 1224 sentent„
267 1197 307 1218 lib.

96 1224 124 1249 11,
135 1229 185 1250 cap.
200 1229 247 1245 xv!-

191 1251 206 1284 β

97 1382 105 1390 ·
136 1381 185 1402 Lib.
215 1380 290 1402 XXXI
303 1397 309 1407 ‚

97 1413 147 1438 cap.
164 1413 192 1428 xv
203 1423 209 1433 ,
223 1407 252 1428 al.
268 1413 292 1428 rx
302 1423 307 1433 ,

97 1440 119 1455 ιη
135 1437 180 1455 vet.
195 1439 228 1461 xl,
243 1439 284 1455 xn.

99 1861 109 1869 ⁴
125 1859 190 1880 Vers.
205 1865 242 1886 34.

109 2020 116 2027 ⁴
126 2018 162 2038 Ps.
179 2023 204 2044 ιι,
218 2021 277 2038 vers.
288 2023 313 2042 4.

317 2226 543 2267 'magnum,
575 2231 653 2256 non
686 2231 756 2267 pro
792 2217 883 2254 ludo
920 2216 1118 2265 accipitur,
1148 2215 1215 2251 sed
1251 2213 1406 2251 seriose.

120 3576 185 3608 ''th
194 3581 235 3597 xm
242 3591 247 3601 ‚
261 3578 329 3601 art-1,

119 3606 252 3624 hommem.

338 285 406 320 142

1102 368 1418 412 ARTICULUS

998 270 1265 318 QUAESTIO
1296 270 1455 318 LXXV,
1483 270 1781 307 ARTICULUS
1812 270 1841 305 11

1448 368 1749 412 SECUNDUS

854 455 1008 487 UTRUM
1032 453 1202 484 DERISIO
1226 452 1374 484 POSSIT
1397 452 1497 483 ESSE
1522 452 1758 484 PECCATUM
1782 453 1995 484 MORTALE

367 539 431 580 3235:
449 542 506 572 vs..
544 540 566 564 D
583 538 773 564 SECUNDUM
788 537 841 561 S1c
857 535 1096 561 PROCEDITUR.
1114 522 1275 559 Videtur
1290 521 1395 571 quod

362 566 517 637 'R'JAQQIA
546 579 683 616 derisio
708 590 786 615 non
806 577 925 626 possit
953 589 1034 613 esse
1062 583 1264 624 peccatum
1293 587 1395 612 mor·
1421 592 1423 608 ι

352 631 389 676 ’,Υ
413 645 473 671 ἠ
491 621 515 669 ’ᾗ
544 633 628 669 tale.
653 632 781 668 Omne
798 630 898 666 enim
914 636 1114 678 peccatum
1131 629 1290 665 mortale
1307 639 1396 664 con-

355 677 367 685 .
392 658 719 721 <⁷‘'⁴⁹''2trariatur
747 682 900 720 caritati.
945 682 1022 719 Sed
1052 681 1190 718 derisio
1228 693 1307 718 non
1341 680 1397 717 vi-

335 737 443 774 detur
462 736 680 773 contrariari
703 735 865 772 caritati:
896 735 1015 783 agitur
1036 734 1138 771 enim
1166 735 1257 771 ludo
1277 745 1398 781 quan-

335 790 462 837 doque
483 789 579 826 inter
608 789 769 834 amicos3
799 788 902 825 unde
932 795 968 824 et
995 787 1136 824 delusio
1165 786 1396 823 nominatur.

334 844 435 890 Ergo
463 842 603 879 derisio
631 854 710 879 non
738 849 863 890 potest
892 852 974 878 esse
1002 846 1203 889 peccatum
1225 840 1398 876 mortale.

388 907 422 932 2.
444 896 679 942 PRAETEREA‚
707 894 844 931 derisio
873 893 934 930 illa
953 893 1103 930 videtur
1123 905 1205 930 esse
1231 892 1399 929 maxima

334 959 432 997 quae
460 948 503 984 fit
531 948 569 984 in
587 948 764 984 iniuriam
789 947 873 984 Dei.
905 946 982 984 Sed
1010 958 1088 983 non
1113 945 1239 982 omnis
1259 945 1399 982 derisio

334 1013 433 1049 quae
461 1001 583 1048 vergit
610 1000 648 1037 in
677 1000 853 1037 iniuriam
883 999 956 1036 Dei
985 1007 1040 1036 est
1068 1006 1269 1048 peccatum
1299 1010 1402 1034 mor-

334 1114 535 1155 peccatum
555 1107 704 1143 veniale
726 1106 773 1143 de
793 1118 870 1155 quo
890 1105 1087 1154 poenituit.
1104 1111 1281 1153 peccaret
1299 1116 1401 1140 mor-

334 1159 472 1197 taliter:
503 1160 593 1197 dicit
621 1159 724 1197 enim
754 1159 921 1196 Isidorus
940 1158 960 1180 '¹‘
987 1158 1095 1206 quod
1123 1158 1257 1194 irrisor
1284 1162 1348 1202 est,
1369 1162 1405 1193 et

336 1225 410 1250 non
444 1213 655 1261 poenitens,
693 1212 760 1261 qui
793 1212 917 1248 adhuc
953 1209 1067 1261 agitss
1095 1211 1196 1258 quod
1224 1210 1429 1258 poenitet.=

337 1265 516 1303 Similiter
535 1265 649 1302 etiam
678 1272 900 1314 sequeretur
927 1264 1031 1312 quod
1061 1263 1187 1299 omnis
1213 1262 1403 1298 simulatio

337 1326 436 1356 esset
454 1326 654 1367 peccatum
683 1318 866 1355 mortale:
897 1317 986 1365 quia
1004 1316 1100 1353 sicut
1124 1315 1330 1362 Gregorius
1351 1314 1404 1351 di-

337 1373 396 1419 cit,
416 1371 455 1408 in
474 1371 619 1409 Moral.
636 1370 667 1417 ³⁸,
687 1383 756 1419 per
774 1370 1017 1407 struthionem
1038 1368 1269 1416 significatur
1288 1367 1404 1410 simu-

335 1426 442 1471 lator,
466 1424 531 1472 qui
563 1424 708 1461 deridet
731 1434 880 1471 equum,
901 1418 998 1460 idest
1024 1421 1224 1459 hominem
1248 1420 1403 1467 iustum,

338 1485 373 1515 et
401 1488 650 1522 ascensorem,
672 1476 770 1514 idest
793 1477 934 1513 Deum.
965 1475 1067 1523 Ergo
1089 1474 1227 1512 derisio
1251 1485 1330 1510 non
1350 1481 1406 1510 est

336 1537 538 1579 peccatum
568 1530 742 1567 mortale.

391 1585 426 1621 3.
447 1584 682 1629 PRAETEREA,
705 1580 936 1619 contumelia
965 1587 1002 1618 et
1022 1579 1205 1618 detractio
1225 1579 1406 1616 videntur

338 1649 420 1673 esse
457 1635 633 1684 graviora
661 1642 818 1684 peccata
851 1645 968 1683 quam
1007 1633 1165 1670 derisio:
1203 1632 1294 1680 quia
1322 1644 1404 1669 ma·
1430 1654 1432 1660 ·

337 1690 395 1726 ius
414 1697 471 1726 est
494 1689 619 1726 facere
646 1688 789 1736 aliquid
817 1687 916 1724 serio
936 1698 1053 1735 quam
1081 1686 1181 1722 ioco.
1220 1685 1299 1722 Sed
1326 1697 1405 1722 non
1430 1687 1432 1710 ἓ

339 1742 464 1779 omnis
506 1741 686 1778 detractio
728 1742 790 1778 vel
834 1739 1065 1776 contumelia
1107 1746 1162 1775 est
1203 1745 1404 1786 peccatum

338 1796 510 1838 mortale.
541 1796 644 1842 Ergo
673 1795 794 1831 multo
825 1793 951 1830 minus
979 1791 1131 1829 derisio.

393 1849 467 1885 SED
493 1859 639 1887 CONTRA
668 1859 734 1884 EST
757 1846 863 1895 quod
887 1845 1022 1883 dicitur
1049 1845 1163 1881 Prov.
1180 1855 1216 1879 111
1235 1843 1276 1879 *ε
1318 1844 1404 1891 Ipse

339 1902 482 1938 deridet
498 1901 679 1937 illusores.
711 1899 789 1937 Sed
809 1898 979 1935 deridere
1000 1897 1073 1934 Dei
1097 1904 1152 1934 est
1171 1895 1407 1933 aeternaliter

339 1954 473 2004 punire
494 1965 564 2002 pro
584 1961 747 2002 peccato
763 1951 932 1989 mortali:
961 1958 1003 1988 ut
1022 1957 1126 1999 patet
1153 1961 1223 1998 per
1242 1948 1280 1985 id
1301 1948 1407 1997 quod

340 2007 475 2045 dicitur
494 2006 531 2043 in
556 2007 697 2043 Psalm.
716 2006 755 2042 *ε
789 2005 864 2047 Qui
880 2004 1025 2042 habitat
1041 2004 1078 2040 in
1105 2002 1217 2040 caelis
1240 2002 1409 2038 irridebit

340 2073 414 2098 eos.
444 2060 546 2108 Ergo
577 2059 713 2096 derisio
743 2066 798 2095 est
825 2065 1027 2107 peccatum
1057 2056 1229 2093 mortale.

394 2114 621 2150 RESPONDEO
650 2123 836 2150 mcENDUM
865 2110 971 2159 quod
999 2109 1120 2147 irrisio
1155 2120 1235 2145 non
1262 2107 1307 2144 fit
1335 2106 1406 2144 nisi

342 2166 388 2204 de
419 2165 547 2214 aliquo
576 2166 678 2203 malo
698 2165 760 2201 vel
789 2164 950 2202 defectu.
981 2163 1127 2200 Malum
1156 2169 1284 2198 autem
1312 2160 1342 2196 si
1362 2160 1408 2198 sit

341 2272 452 2310 Unde
482 2272 511 2309 si
541 2272 579 2309 in
607 2273 731 2309 lusum
752 2276 767 2299 Υ
794 2271 857 2307 vel
891 2269 1008 2306 risum
1042 2275 1211 2306 vertatur
1239 2269 1300 2314 (ex
1329 2279 1408 2314 quo

342 2325 526 2362 irrisionis
553 2325 615 2362 vel
645 2324 825 2362 illusionis
853 2334 999 2360 nomen
1027 2321 1221 2368 sumitur),
1249 2320 1325 2357 hoc
1355 2327 1410 2357 est

343 2378 432 2427 quia
461 2377 643 2426 accipitur
671 2385 712 2414 ut
738 2388 914 2425 parvum.
944 2376 1074 2413 Potest
1102 2382 1231 2411 autem
1252 2372 1409 2421 aliquod

343 2432 488 2468 malum
517 2431 638 2479 accipi
664 2439 706 2468 ut
725 2441 903 2478 parvum,
925 2428 1142 2478 dupliciter:
1171 2439 1250 2464 uno
1276 2427 1408 2473 modo,

345 2484 557 2521 secundum
579 2496 634 2528 se:
665 2483 738 2520 alio
759 2483 890 2529 modo,
913 2482 1056 2518 ratione
1076 2491 1276 2529 personae.
1308 2479 1409 2515 Cum

346 2544 474 2575 autem
504 2537 637 2585 aliquis
674 2535 827 2573 alterius
855 2546 1044 2584 personae
1081 2534 1226 2570 malum
1254 2533 1318 2568 vel
1346 2532 1410 2568 de-

346 2591 487 2628 fectum
515 2590 553 2627 In
573 2590 706 2627 ludum
727 2589 789 2626 vel
817 2588 935 2625 risum
962 2586 1070 2636 ponit
1088 2586 1178 2634 quia
1196 2586 1410 2622 secundum

346 2656 387 2680 se
416 2655 580 2691 parvum
609 2643 755 2680 malum
784 2648 856 2687 est,
887 2648 942 2677 est
968 2640 1117 2677 veniale
1147 2647 1183 2676 et
1210 2639 1296 2675 leve
1323 2649 1411 2686 pec-

348 2704 475 2733 catum
495 2696 707 2733 secundum
727 2706 841 2731 suum
861 2706 992 2741 genus.
1005 2713 1029 2720 -
1046 2693 1146 2730 Cum
1166 2699 1294 2728 autem
1314 2690 1412 2727 acci-

347 2749 449 2798 pitur
475 2748 584 2797 quasi
612 2760 778 2797 parvum
807 2747 952 2784 ratione
988 2758 1194 2795 personae,
1224 2744 1320 2781 sicut
1349 2743 1412 2780 de-

348 2803 466 2839 fectus
494 2813 703 2850 puerorum
733 2808 770 2837 et
798 2801 998 2837 stultorum
1032 2811 1170 2847 parum
1198 2797 1412 2846 ponderare

349 2856 528 2902 solemus,
550 2855 602 2891 sic
622 2854 788 2902 aliquem
812 2853 966 2890 illudere
987 2853 1048 2888 vel
1074 2851 1227 2888 irridere
1241 2858 1304 2888 ‚est
1323 2862 1412 2886 eum

405 2969 431 2999 α)
452 2968 592 2993 recidivat.
605 2981 623 2987 -
642 2968 804 2993 recidivaret
823 2968 851 2992 Ρ.

405 3003 429 3036 β)
449 3004 516 3036 agit.
528 3017 546 3022 —
564 3003 623 3036 agit
642 3007 747 3028 tantum
767 3003 922 3035 ABCEpr,
941 3003 1001 3036 agit
1011 3005 1150 3035 peccatum
1170 3001 1226 3032 Do,
1245 3001 1304 3034 agit
1315 3000 1415 3027 crimen

352 3040 385 3069 Η,
404 3040 463 3072 agit
482 3042 570 3063 tamen
591 3039 620 3068 L,
639 3039 734 3063 iterum
753 3039 813 3071 agit
832 3039 863 3063 K.

405 3075 431 3107 γ)
451 3075 547 3098 lusum.
560 3088 578 3092 -
597 3073 688 3098 ludum
708 3073 839 3098 PAHlKa.

1449 519 1609 556 omnino
1637 520 1936 569 parvipendere,
1968 529 2003 557 et
2032 533 2120 557 eum
2150 530 2228 558 tam
2256 521 2374 559 vilem
2408 524 2514 560 aesti-

1450 584 1555 609 mare
1584 581 1625 609 ut
1644 573 1692 610 de
1712 574 1791 610 eius
1819 575 1921 610 malo
1949 586 2028 610 non
2056 574 2101 611 sit
2120 575 2343 621 curandum,
2374 576 2442 612 sed
2470 576 2516 612 sit

1450 625 1558 674 quasi
1577 637 1648 674 pro
1672 627 1763 663 ludo
1783 627 2018 663 habendum.
2049 628 2099 664 Et
2122 627 2173 664 sic
2193 628 2332 664 derisio
2354 635 2411 664 est
2428 640 2516 676 pec-

1450 685 1578 714 catum
1617 679 1791 715 mortale.
1837 680 1886 715 Et
1913 679 2067 728 gravius
2105 693 2223 728 quarn
2263 680 2515 727 contumelia,

1452 743 1551 778 quae
1586 731 1757 767 similiter
1786 739 1841 768 est
1869 732 1907 768 in
1944 733 2167 770 manifesto:
2201 733 2291 781 quia
2320 741 2517 770 contume-

1451 785 1568 820 liosus
1595 783 1747 820 videtur
1784 784 1957 833 accipere
1994 787 2137 822 malum
2163 787 2327 823 alterius
2363 787 2517 835 seriose,
2549 798 2554 804 ·

1452 837 1583 873 illusor
1602 844 1731 873 autern
1751 836 1789 872 in
1809 837 1959 883 ludum;
1989 846 2026 874 et
2043 838 2096 875 ita
2114 838 2266 876 videtur
2285 852 2368 876 esse
2396 840 2519 876 maior

1453 897 1697 938 contemptus
1727 897 1763 925 et
1790 890 2056 927 dehonoratio.

1507 944 1556 979 Et
1583 942 1795 979 secundum
1816 943 1903 990 hoc,
1933 942 2057 979 illusio
2079 950 2134 980 est
2152 956 2267 991 grave
2296 953 2517 993 peccatum:

1426 1026 1428 1054 l
1454 1003 1491 1032 et
1509 1003 1614 1032 tanto
1636 995 1788 1043 gravius
1808 1003 1952 1043 quanto
1982 995 2105 1032 maior
2129 998 2341 1034 reverentia
2360 998 2520 1035 debetur

333 1054 419 1090 tale.
449 1053 630 1102 Alioquin
659 1054 894 1102 quicumque
919 1052 1104 1090 recidivat
1132 1057 1149 1072 α
1177 1052 1215 1088 in
1244 1051 1402 1100 aliquod
1426 1056 1428 1066 ²

1454 1061 1643 1098 personae
1673 1060 1771 1096 quae
1803 1048 1980 1086 illuditur.
2027 1049 2139 1086 Unde
2167 1049 2434 1097 gravissimum
2464 1059 2521 1088 est

1454 1101 1607 1138 irridere
1636 1102 1764 1138 Deum
1795 1109 1830 1138 et
1859 1114 1904 1138 ea
1932 1114 2030 1149 quae
2059 1102 2132 1138 Dei
2161 1110 2266 1139 sunt:
2306 1103 2519 1141 secundum

1455 1154 1547 1191 illud
1576 1154 1694 1191 Isaiae
1722 1166 1843 1191 xxxvn
1862 1154 1902 1191 *ε
1937 1155 2010 1191 Cui
2036 1155 2302 1203 exprobrasti?
2327 1158 2379 1194 Et
2409 1168 2520 1205 quem

1456 1207 1749 1255 blasphemasti?
1792 1208 1844 1245 Et
1877 1219 1992 1256 super
2027 1220 2136 1256 quem
2173 1209 2350 1246 exaltasti
2389 1215 2521 1248 vocem

1456 1259 1592 1297 tuam?
1620 1261 1669 1297 Et
1687 1267 1822 1308 postea
1850 1261 2044 1309 subditur:
2073 1262 2136 1299 Ad
2160 1268 2332 1300 sanctum
2352 1262 2520 1301 lsrael.-

1455 1312 1607 1349 Deinde
1636 1314 1850 1349 secundum
1878 1315 2006 1350 locum
2035 1321 2137 1351 tenet
2165 1315 2285 1352 irrisio
2303 1323 2521 1365 parentum.

1457 1366 1569 1403 Unde
1598 1364 1733 1402 dicitur
1760 1366 1873 1402 va.
1894 1377 1966 1403 xxx
1984 1365 2024 1402 *ε
2059 1367 2218 1404 Oculum
2237 1369 2303 1417 qui
2317 1360 2526 1407 subsannat

1451 1424 1603 1467 patrem
1632 1423 1668 1454 et
1693 1418 1847 1466 despicit
1866 1424 2024 1467 partum
2051 1421 2184 1458 matris
2209 1433 2313 1467 suae,
2341 1421 2526 1472 effodiant

1457 1483 1543 1508 eum
1577 1471 1683 1507 corvi
1710 1471 1756 1507 de
1782 1471 2028 1518 torrentibus,
2058 1478 2093 1508 et
2120 1474 2320 1510 comedant
2345 1486 2435 1516 eum
2444 1475 2526 1523 filii

1457 1524 1620 1573 aquilae.
1641 1545 1664 1552 -
1694 1524 1844 1562 Deinde
1880 1524 2067 1562 iustorum
2105 1526 2244 1564 derisio
2281 1527 2408 1575 gravis
2445 1534 2522 1565 est:

1458 1576 1548 1626 quia
1565 1578 1690 1614 honor
1706 1582 1761 1614 est
1777 1577 1924 1614 virtutis
1936 1579 2154 1626 praemium
2169 1579 2200 1616 *.
2230 1580 2280 1617 Et
2299 1587 2432 1618 contra
2449 1581 2524 1619 hoc

1459 1630 1594 1668 dicitur
1613 1629 1683 1667 Iob
1706 1641 1754 1667 xn
1768 1629 1805 1667 *ε
1825 1631 2030 1668 Deridetur
2047 1632 2135 1668 iusti
2154 1626 2383 1682 simplicitas.
2412 1634 2524 1681 Quae

1459 1683 1615 1732 quidem
1645 1682 1783 1720 derisio
1810 1684 1923 1721 valde
1958 1684 2098 1722 nociva
2125 1693 2198 1722 est:
2237 1686 2326 1735 quia
2353 1699 2423 1736 per
2449 1687 2526 1726 hoc

1458 1736 1638 1774 homines
1656 1748 1680 1772 a
1699 1736 1797 1773 bene
1825 1737 1975 1784 agendo
2000 1737 2281 1786 impediuntur;
2311 1738 2524 1779 secundum

1458 1789 1552 1826 illud
1581 1788 1755 1836 Gregorii
1772 1788 1811 1825 *ε
1851 1790 1925 1832 Qui
1950 1791 1988 1827 in
2017 1791 2181 1829 aliorum
2209 1793 2353 1831 actibus
2380 1794 2528 1832 exoriri

1459 1843 1559 1878 bona
1586 1842 1820 1890 conspiciunt
1839 1840 1865 1890 δ,
1895 1854 1988 1880 mox
2014 1855 2060 1881 ea
2089 1856 2205 1882 manu
2227 1847 2433 1894 pestiferae
2459 1858 2525 1884 ex-

1456 1894 1713 1943 probrationis
1742 1893 1914 1932 evellunt.

1511 1949 1571 1985 AD
1591 1958 1731 1985 ramum
1757 1959 1856 1985 ERGO
1885 1960 2070 1987 mcENDUM
2096 1950 2202 1998 quod
2227 1951 2338 1989 ludus
2354 1964 2438 1990 non
2452 1953 2526 1991 im-

1458 2007 1586 2049 portat
1613 1999 1755 2048 aliquid
1793 2001 2025 2039 contrarium
2062 2001 2206 2039 caritati
2242 2012 2419 2052 respectu
2447 2005 2527 2045 eius

1460 2065 1550 2090 cum
1569 2065 1647 2101 quo
1668 2053 1831 2091 luditur:
1860 2062 1986 2103 potest
2004 2062 2134 2092 tamen
2153 2055 2362 2105 importare
2380 2058 2528 2107 aliquid

1460 2106 1692 2143 contrarium
1722 2107 1863 2144 caritati
1891 2115 2066 2156 respectu
2095 2108 2176 2146 eius
2199 2110 2247 2147 de
2266 2122 2347 2158 quo
2374 2111 2527 2160 luditur,

1459 2167 1922 2210 propter.contemptum,
1950 2168 1992 2198 ut
2021 2161 2165 2205 dictum
2194 2170 2250 2199 est
2267 2163 2299 2201 *.

1512 2214 1573 2250 AD
1602 2224 1794 2250 SECUNDUM
1817 2225 2002 2253 morannum
2031 2215 2137 2263 quod
2164 2215 2226 2253 ille
2252 2216 2319 2264 qui
2348 2217 2530 2259 recidivat

2548 1163 2558 1174 ·
2573 1162 2639 1184 Vers.
2653 1168 2687 1191 ²3·

2551 1379 2561 1389 ¹*
2576 1377 2643 1400 Vers.
2658 1383 2688 1405 ¹7-

2553 1592 2562 1600 ·
2587 1590 2661 1612 Am*
2685 1589 2763 1612 autc.

2551 1617 2592 1639 lib.
2605 1616 2648 1644 tv,
2662 1622 2689 1638 en
2707 1632 2714 1639 .
2726 1622 2763 1643 m,

2552 1649 2575 1665 n.
2598 1649 2628 1671 ¹5-
2650 1654 2661 1660 ·
2694 1659 2700 1665 .
2717 1642 2764 1665 Th.

2553 1670 2605 1692 lect.
2619 1675 2670 1692 vm.

2552 1698 2563 1709 ⁴
2578 1695 2646 1719 vm.
2659 1702 2684 1720 4.

2552 1799 2765 1826 ‘Mor-adium,

2552 1832 2605 1858 etp.
2614 1831 2666 1852 xxv,
2677 1826 2707 1847 nl.
2720 1832 2750 1847 xv
2759 1841 2766 1852 ‚

2552 1859 2576 1875 m
2589 1856 2635 1875 vet.
2650 1858 2694 1874 ιιι.

2555 2172 2566 2183 ·
2580 2171 2606 2192 ln
2621 2177 2728 2200 coepere.

1435 2308 1436 2314 ¹
1461 2266 1500 2304 in
1519 2273 1721 2315 peccatum
1748 2266 1796 2304 de
1815 2279 1894 2316 quo
1917 2267 2115 2316 poenituit,
2138 2276 2173 2306 et
2195 2268 2342 2319 illequi
2360 2270 2528 2319 simunt,

1461 2331 1541 2356 non
1571 2330 1746 2367 expresse
1775 2321 1903 2356 Deum
1932 2320 2082 2368 irridet,
2111 2321 2179 2359 sed
2208 2323 2316 2371 quasi
2346 2323 2530 2373 interprev

1461 2372 1597 2420 tative,
1626 2372 1852 2422 inquantum
1880 2373 2023 2411 scilicet
2050 2375 2098 2412 ad
2130 2376 2295 2421 modum
2323 2377 2530 2417 deridentis

1463 2437 1504 2463 se
1531 2425 1658 2462 habet.
1689 2426 1774 2463 Nec
1801 2434 1931 2464 tamen
1949 2427 2150 2465 venialiter
2176 2430 2375 2477 peccando
2395 2430 2531 2479 aliquis

1463 2477 1683 2526 simpliciter
1708 2479 1893 2517 recidivat
1916 2481 1980 2519 vel
2013 2480 2182 2529 simulat,
2210 2482 2279 2520 sed
2307 2483 2530 2532 dispositive

1464 2538 1503 2569 et
1528 2531 1750 2579 imperfecte
1771 2537 1796 2570 ⁸.
2394 2560 2397 2565 ‹
2661 2538 2671 2554 ε

1516 2585 1576 2621 An
1595 2595 1755 2623 TERTIUM
1783 2597 1968 2623 morannum
1993 2587 2097 2635 quod
2133 2586 2284 2634 derisio,
2315 2588 2530 2631 secundum

1464 2649 1575 2675 suam
1599 2637 1804 2685 rationem,
1824 2638 1946 2686 levius
1967 2639 2109 2688 aliquid
2135 2648 2192 2678 est
2209 2653 2328 2689 quam
2349 2641 2531 2684 detractio

1463 2690 1527 2727 vel
1548 2691 1800 2728 contumelia:
1830 2692 1920 2740 quia
1948 2704 2027 2730 non
2046 2692 2227 2741 importat
2253 2702 2531 2744 contemptum,

1466 2743 1534 2780 sed
1562 2743 1710 2781 ludum.
1759 2745 2006 2793 Quandoque
2034 2752 2164 2784 tamen
2199 2747 2317 2785 habet
2343 2748 2532 2790 maiorem

1467 2803 1730 2855 contemptum
1752 2810 1869 2846 quam
1890 2798 2004 2836 etiam
2024 2798 2036 2824 ζ
2055 2801 2300 2848 contumelia,
2319 2809 2361 2839 ut
2385 2802 2533 2851 supra*
2559 2835 2631 2858 ,m
2658 2801 2673 2830 t

1467 2848 1610 2886 d1ctum
1639 2857 1705 2887 est.
1735 2851 1783 2887 Et
1810 2858 1901 2888 tunc
1930 2859 1986 2888 est
2011 2863 2128 2900 grave
2156 2861 2371 2902 peccatum.
2633 2850 2640 2857 ⁶

1522 2963 1548 2996 δ)
1566 2965 1741 2997 conspiciunt.
1755 2979 1774 2985 —
1796 2967 1944 2999 respiciunt
1961 2968 1990 2993 P.

1523 2999 1545 3031 ε)
1564 3003 1591 3025 et
1610 3000 1770 3034 imperfecte.
1783 3015 1802 3021 -
1821 3003 1861 3027 vel
1880 3002 2083 3035 interpretativa
2103 3003 2133 3029 Ρ.

1522 3034 1547 3067 ζ)
1567 3037 1658 3062 etiam.
1671 3050 1689 3055 —
1708 3037 1770 3062 Om.
1789 3037 1829 3062 PI.

1034 3134 1367 3166 Commentaria
1390 3134 1641 3167 Cardinalis
1664 3135 1864 3168 Caietani

384 3216 403 3236 N
427 3205 560 3236 articulo
585 3212 721 3245 utroque
745 3205 839 3235 simul
862 3204 1055 3245 quaestionis
1073 3204 1414 3245 septuagesimaequin-

357 3218 443 3286 Itae,
469 3257 544 3280 nota
568 3249 684 3289 primo,
706 3249 795 3289 quod
811 3248 936 3279 aliunde
952 3248 1045 3278 habet
1062 3248 1163 3278 irrisio
1181 3248 1415 3279 distinctionem

354 3295 392 3324 ab
416 3294 482 3324 aliis
506 3293 640 3334 peccatis
663 3294 834 3323 verborum
864 3299 972 3323 contra
1000 3292 1198 3332 proximum;
1231 3299 1261 3323 et
1288 3292 1415 3322 aliunde

354 3338 447 3368 habet
470 3338 664 3378 gravitatem.
689 3338 771 3368 Nam
796 3337 1029 3367 distinctionem
1053 3337 1146 3367 habet
1165 3347 1182 3366 a
1197 3335 1258 3366 fine
1275 3337 1360 3366 malo
1378 3336 1417 3366 ad

355 3392 451 3422 quern
475 3382 589 3412 directe
613 3382 722 3417 tendit,
748 3381 865 3412 scilicet
889 3382 925 3411 ab
943 3381 1157 3411 erubescentia
1180 3388 1210 3411 et
1229 3380 1416 3411 confusione

355 3436 452 3466 quam
468 3426 601 3456 intendit
622 3436 747 3456 causare
770 3425 803 3455 in
827 3425 985 3465 proximo.
1011 3425 1203 3455 Gravitatem
1226 3435 1301 3455 vero
1325 3425 1419 3455 habet

355 3481 373 3500 a
397 3477 581 3511 contemptu
606 3470 741 3510 proximi
766 3470 886 3500 maiore
909 3469 941 3499 in
961 3469 1060 3499 modo
1077 3469 1187 3499 iocoso
1211 3479 1309 3510 quam
1325 3469 1417 3499 serio.

410 3514 494 3544 Nota
518 3514 669 3551 secundo,
694 3514 782 3554 quod
806 3513 906 3544 irrisio
931 3513 989 3544 Dei
1014 3513 1170 3544 clauditur
1194 3514 1251 3544 sub
1276 3513 1419 3553 blasphe-

357 3557 428 3593 mia,
446 3565 481 3588 ut
500 3558 695 3598 praedictum
713 3558 770 3588 fuit
785 3558 818 3588 *2
844 3568 900 3588 nec
924 3565 970 3588 est
994 3565 1158 3598 peccatum
1182 3558 1285 3598 specie
1309 3558 1417 3589 distin—

358 3609 444 3632 ctum
475 3612 491 3632 a
522 3602 734 3641 blasphemia,
766 3602 846 3632 sicut
879 3612 935 3632 nec
967 3602 1168 3633 contumelia.
1203 3602 1294 3632 Unde
1326 3602 1420 3632 isaias

1466 3204 1670 3244 blasphemos
1694 3205 1770 3236 dixit
1792 3206 1932 3236 irrisores
1955 3206 2013 3237 Dei
2045 3206 2138 3237 lsrael
2152 3207 2178 3238 *.
2207 3208 2247 3238 Et
2262 3209 2340 3239 Luc.
2364 3218 2426 3238 xxrt
2441 3207 2475 3228 ¹⁶¹*
2494 3208 2532 3238 de
2560 3214 2568 3221 ·
2583 3212 2616 3234 Ν
2626 3212 2700 3240 Rea-1
2719 3217 2773 3239 αν·

1467 3248 1646 3279 irrisoribus
1669 3249 2151 3292 christidicend0‚.1>r0pnet1·za
2175 3252 2283 3283 nobis.-
2308 3252 2388 3290 Quis
2410 3257 2457 3283 est
2478 3253 2534 3293 qui
2559 3237 2772 3291 :gagfe-&gaz

1468 3297 1499 3322 te
1519 3293 1705 3332 percussit?
1724 3293 1855 3325 dicitur:
1882 3294 1926 3325 Et
1948 3296 2014 3325 alia
2038 3296 2138 3326 multa
2169 3296 2421 3337 blasphemantes
2450 3296 2533 3327 dice·
2559 3271 2658 3341 3*ῧὲ
2681 3318 2711 3345 6⁴
2737 3317 2763 3346 ⁶5

1470 3337 1546 3367 bant
1568 3338 1599 3367 in
1624 3347 1707 3368 eum.
1725 3355 1744 3360 -
1761 3338 1918 3378 Respectu
1946 3346 2053 3370 autem
2076 3339 2307 3380 proximorum,
2331 3339 2534 3380 distinguitur
2660 3334 2665 3340 ¹
2713 3334 2720 3345 '
2766 3333 2772 3340 ⁵

1470 3380 1572 3411 irrisio
1589 3381 1627 3411 ab
1652 3381 1719 3411 aliis
1743 3382 1878 3421 peccatis
1902 3382 2002 3414 dictis.

1525 3425 1610 3455 Nota
1634 3425 1743 3462 tertio,
1769 3427 1857 3466 quod
1887 3427 1982 3458 etiam
2011 3427 2113 3459 irrisio
2144 3427 2179 3459 fit
2209 3428 2391 3468 dupliciter,
2417 3428 2535 3459 scilicet

1471 3469 1670 3500 materialiter
1694 3477 1723 3500 et
1740 3469 1914 3501 formaliter
1927 3471 1959 3502 *z
1993 3472 2110 3503 scilicet
2133 3482 2168 3503 ex
2183 3471 2358 3503 intentione
2373 3471 2532 3509 irridendi,
2562 3474 2571 3482 “
2586 3472 2623 3495 Cf·
2638 3479 2678 3502 ⁴1¹¹·
2693 3477 2776 3498 2¹¹¹*

1472 3521 1508 3544 ut
1529 3513 1741 3544 confundatur
1761 3521 1790 3544 et
1807 3516 1983 3551 erubescam
2007 3516 2057 3546 vel
2079 3523 2201 3556 praeter
2215 3516 2296 3546 hanc
2311 3515 2532 3553 intentionem,
2562 3499 2778 3554 ffiiffi?ffiifi.iifm

1471 3558 1612 3588 ludendo
1638 3568 1692 3588 seu
1716 3559 1879 3599 loquendo
1896 3559 1969 3590 talia
1987 3561 2070 3591 unde
2086 3559 2187 3600 possit
2203 3559 2291 3601 sequi
2309 3561 2532 3592 erubescentia.

1474 3602 1514 3633 Et
1537 3602 1717 3642 regulariter
1741 3604 1869 3643 quando
1894 3604 1938 3634 sic
1961 3603 2005 3640 fit,
2031 3611 2077 3634 est
2099 3603 2229 3634 veniale.
