2670 4186
277 283 336 308 XVI

281 354 413 393 fluum
448 357 511 392 est
545 364 596 391 ex
630 350 713 390 fide
759 348 1060 402 exemplarium
1102 346 1232 386 MSS.
1274 352 1403 399 atque
1438 358 1491 385 eX
1530 346 1869 400 Hieronymiana
1911 345 2120 385 sententia
2151 359 2183 393 »ς
2219 358 2296 385 nec
2329 346 2452 386 aliam

280 414 506 454 lectionem
539 412 773 452 variantem
808 410 1019 450 exhibent.
1057 409 1214 447 Glossa
1246 406 1529 447 Interlinearis
1563 408 1687 447 etiam
1722 421 1852 461 super
1884 407 2018 447 Isaiae
2053 420 2142 460 cap.
2177 419 2231 454 111,
2266 420 2376 448 vers.
2412 419 2450 458 9,

279 476 339 515 sic
373 475 521 514 habet:
563 491 576 509 ‹<
609 472 808 513 Secunda
830 477 929 524 post
952 469 1219 523 naufragium
1253 468 1396 508 tabula
1420 474 1484 508 est
1506 468 1767 522 impietatem
1801 469 2069 508 abscondere
2099 486 2132 508 ».
2169 468 2311 520 Quam
2333 468 2452 523 glos-

279 550 371 576 sam
419 536 518 575 citat
551 535 594 575 S.
630 535 821 574 Thomas
869 532 987 571 Sum
1038 531 1176 571 leeol.
1220 543 1258 583 p.
1293 530 1366 576 III,
1411 543 1481 582 qu.
1515 541 1697 577 LXXXIV,
1733 536 1807 570 art.
1852 533 1897 578 6,
1933 544 2020 585 arg.
2063 543 2095 577 1,
2139 536 2180 570 et
2218 530 2279 570 IV
2323 530 2450 576 Senti,

280 598 373 637 dist.
398 610 482 643 XVI,
519 610 587 649 qu.
612 609 667 642 IV,
703 601 775 634 art.
809 607 840 640 I,
867 595 940 646 qu³
978 606 1009 640 1,
1044 593 1099 632 ad
1130 605 1160 631 1.
1199 593 1302 631 Item
1337 591 1397 630 IV
1422 591 1536 630 Seni.
1573 590 1666 631 dist.
1695 603 1782 639 XIv,
1809 605 1878 645 qu.
1902 604 1926 639 I,
1951 598 2025 631 art.
2053 605 2089 640 2,
2126 593 2199 645 qua
2220 603 2258 643 4,
2294 605 2382 646 arg.
2412 593 2452 638 3,

280 658 459 699 eandem
493 658 683 712 glossam
718 656 799 695 hoc
834 654 965 694 modo
1002 654 1144 694 refert:
1186 671 1199 689 ‹<
1232 652 1433 694 Secunda
1465 652 1610 692 tabula
1643 659 1742 705 post
1776 653 2043 708 naufragium
2081 653 2344 707 poenitentia
2377 659 2452 702 est,

280 727 320 760 et
354 719 591 759 consolatio
626 717 889 757 miseriarum
927 716 1186 770 impietatem
1221 714 1498 754 abscondere.
1535 714 1590 753 Et
1623 720 1687 753 est
1719 714 1868 768 glossa
1901 715 2156 768 Hieronymi
2189 733 2221 755 ».

402 781 544 832 Quare
578 785 721 819 autem
755 778 988 818 remedium
1023 791 1119 817 cum
1153 777 1285 817 Piana
1318 789 1395 830 pro
1430 788 1571 815 errore
1595 777 1823 828 peccatum
1858 777 2051 817 omniurn
2085 790 2221 830 paene
2256 777 2453 817 codicum

277 844 482 897 legamus,
506 841 652 881 videre
686 840 782 880 licet
805 840 1041 893 inspicienti
1076 839 1120 880 S.
1145 838 1350 878 Doctoris
1373 837 1506 877 nostri
1538 837 1681 884 verba,
1707 836 1826 876 Sum.
1858 837 1998 878 Theol.
2022 851 2061 891 p.
2086 839 2154 886 III,
2180 852 2249 892 qu.
2273 851 2452 887 LXXXIV,

277 911 349 944 art.
375 905 414 950 6,
440 903 494 943 ad
525 916 538 942 1
561 916 567 942 :
610 920 623 938 «
656 903 711 942 Et
733 901 843 949 ideo,
862 901 1008 955 inquit,
1034 900 1255 954 quoddam
1272 899 1507 940 remedium
1533 905 1596 939 est
1619 899 1659 938 in
1682 899 1880 952 peccatiS,
1901 899 2020 952 quod
2042 900 2195 953 aliquis
2218 901 2259 940 in
2285 901 2453 941 occulto

276 971 444 1018 peccet;
480 970 521 1005 et
552 963 789 1004 secundum
823 964 905 1004 hoc
941 962 1040 1003 dicit
1074 963 1231 1002 Glossa
1269 961 1388 1015 quod
1422 961 1612 1001 secunda
1644 960 1788 1000 tabula
1821 966 1920 1014 post
1953 961 2220 1016 naufragium
2254 969 2319 1003 est
2355 975 2454 1016 pec-

277 1034 370 1067 cata
401 1026 667 1066 abscondere
698 1044 729 1066 ι.
766 1027 821 1065 Et
852 1025 894 1065 in
929 1037 1108 1078 corpore
1141 1023 1322 1064 articuli:
1366 1042 1379 1058 ‹
1410 1024 1471 1063 Ita
1495 1022 1621 1063 etiam
1645 1023 1828 1076 primum
1863 1022 2099 1063 remedium
2133 1023 2174 1063 in
2199 1024 2303 1064 mari
2329 1025 2454 1065 huius

276 1089 389 1128 vitae
412 1095 487 1136 est,
514 1088 632 1141 quod
655 1088 787 1127 homo
824 1087 1107 1142 integritatem
1132 1092 1294 1133 servet;
1330 1084 1567 1125 secundum
1592 1091 1733 1124 autem
1769 1084 2005 1125 remedium
2041 1090 2115 1133 est,
2140 1085 2174 1125 si
2209 1099 2285 1139 per
2311 1098 2454 1140 pecca-

277 1157 366 1190 tum
401 1150 685 1204 integritatem
719 1149 963 1203 perdiderit,
989 1148 1108 1201 quod
1142 1161 1217 1201 per
1249 1146 1556 1200 poenitentiam
1591 1145 1739 1186 redeat
1768 1164 1800 1187 ».
1836 1147 1892 1186 Et
1924 1146 1966 1186 in
1996 1146 2058 1186 IV
2080 1147 2207 1194 gent„
2241 1147 2335 1188 dist.
2366 1160 2453 1197 XIV,

277 1226 346 1266 qu.
370 1225 395 1259 1,
420 1218 493 1252 art.
521 1224 558 1259 2,
584 1213 627 1265 qa
661 1223 699 1262 4,
736 1211 855 1258 dicit:
898 1228 911 1246 α
943 1210 1070 1251 Unde
1105 1208 1374 1249 consuetudo
1409 1222 1487 1248 sua
1521 1208 1799 1261 (Hieronymi
1829 1208 2012 1262 scilicet)
2047 1215 2122 1256 est,
2147 1215 2194 1249 ut
2225 1216 2342 1263 patet
2364 1210 2455 1251 eius

277 1274 388 1314 dicta
420 1273 589 1328 legenti,
620 1279 665 1313 ut
687 1286 814 1312 omne
837 1272 939 1312 illud
962 1271 1080 1325 quod
1103 1276 1288 1325 praestat
1310 1269 1545 1310 remedium
1569 1275 1668 1323 post
1689 1269 1865 1323 aliquod
1887 1270 2122 1323 periculum
2146 1271 2361 1320 eveniens,
2389 1286 2454 1314 se-

275 1336 461 1376 cundam
494 1335 687 1374 tabulam
711 1337 816 1387 post
843 1333 1129 1387 naufragium
1162 1338 1290 1371 vocet
1319 1350 1351 1371 ›.
1387 1332 1443 1371 Et
1476 1330 1591 1377 ibid.‚
1627 1331 1681 1370 ad
1705 1332 1751 1371 3:
1793 1348 1807 1366 «
1838 1332 1895 1371 Et
1926 1332 2163 1372 secundum
2193 1333 2374 1375 eandem
2397 1335 2454 1375 si-

276 1397 557 1437 militudinem
593 1395 846 1449 (absconsio
880 1394 1064 1448 peccati)
1100 1393 1250 1433 dicitur
1287 1392 1476 1432 secunda
1516 1391 1704 1433 tabula...
1748 1392 1837 1432 Sed
1875 1405 1951 1446 per
1990 1393 2098 1433 hanc
2138 1395 2328 1436 tabulam
2368 1409 2454 1437 non

276 1460 399 1500 datur
420 1458 634 1498 sufficiens
658 1456 905 1503 remedium,
931 1455 1009 1496 nisi
1033 1461 1244 1509 quatenus
1262 1454 1316 1494 ad
1335 1454 1681 1494 emendationem
1698 1454 1860 1508 peccati
1885 1460 1926 1495 et
1947 1455 2254 1508 poenitentiam
2277 1457 2393 1498 ducit
2421 1475 2454 1499 ».

399 1520 481 1571 Qu.
517 1531 600 1567 CXI,
636 1525 710 1559 art.
747 1531 785 1566 2,
820 1532 908 1573 arg.
945 1519 984 1558 3.
1027 1535 1041 1553 «
1073 1516 1200 1558 Unde
1234 1529 1362 1570 super
1394 1516 1496 1556 illud
1529 1516 1602 1556 lob
1634 1528 1783 1564 XXXVI,
1820 1516 2102 1558 Simulatores
2131 1524 2172 1558 et
2194 1518 2332 1560 callidi
2354 1533 2455 1574 pro-

275 1587 433 1623 vocant
465 1582 569 1621 iram
602 1581 697 1628 Dei,
734 1580 833 1620 dicit
867 1580 1036 1627 Glossa,
1073 1578 1191 1633 quod
1214 1578 1436 1618 simulator
1458 1577 1571 1618 aliud
1595 1577 1776 1626 simulat,
1801 1579 1915 1619 aliud
1938 1579 2044 1634 agit;
2070 1580 2304 1622 castitatem
2333 1595 2456 1636 prae·

275 1645 365 1691 fert,
401 1650 441 1683 et
473 1643 691 1683 lasciviam
725 1642 933 1695 sequitur3
970 1648 1156 1682 ostentat
1188 1646 1492 1695 paupertatem,
1529 1646 1570 1680 et
1602 1641 1865 1694 marsupium
1898 1642 2032 1696 replet
2061 1660 2094 1683 ».
2129 1642 2250 1683 Sicut
2283 1644 2324 1684 in
2358 1644 2456 1686 loco

277 1707 358 1746 isto
394 1705 649 1752 notavimus,
685 1705 832 1759 glossa
864 1704 1051 1757 praefata
1083 1703 1264 1743 habetur
1296 1714 1424 1756 super
1456 1702 1592 1742 Isaiae
1627 1715 1714 1756 cap.
1754 1715 1809 1750 IX,
1844 1716 1956 1744 vers.
1998 1715 2071 1757 17:
2107 1718 2186 1745 nec
2219 1705 2456 1760 quidquam

240 1767 412 1808 ssimile
446 1780 574 1820 super
605 1766 677 1806 lob
710 1778 842 1806 XXXVI
879 1765 1103 1806 invenitur.
1145 1764 1367 1812 Halensis,
1403 1764 1522 1804 Sum.
1565 1764 1704 1804 Theol.
1744 1778 1783 1818 p.
1825 1765 1874 1811 ΙΙ,
1917 1779 1985 1819 qu.
2017 1777 2174 1815 CLXVI,
2216 1768 2373 1809 memb.
2413 1781 2454 1817 11,

276 1830 439 1869 scribit:
481 1846 495 1864 (ι
526 1828 779 1881 Hypocrisis
813 1834 940 1881 prout
972 1827 1101 1867 habet
1134 1826 1450 1866 simulationem
1484 1825 1565 1865 sibi
1600 1826 1855 1873 adiunctam,
1890 1828 1958 1867 vel
1994 1834 2058 1868 est
2094 1828 2187 1882 ipsa
2226 1830 2454 1880 simulatio,

277 1897 341 1931 est
375 1890 551 1930 mortale
585 1895 824 1944 peccatum:
860 1889 989 1929 habet
1022 1889 1134 1929 enim
1169 1888 1370 1928 malitiam
1405 1888 1675 1935 substratam,
1700 1888 1792 1928 sive
1823 1888 2034 1930 defectum
2069 1890 2185 1932 boni.
2209 1891 2283 1932 lob
2309 1904 2454 1941 XXXVI,

277 1953 559 1993 Simulatores
594 1957 634 1991 et
667 1951 804 1991 callidi
837 1958 1078 2004 provocant
1109 1950 1214 1991 iram
1248 1950 1342 1990 Dei.
1378 1950 1434 1989 Et
1466 1949 1602 1990 Isaiae
1634 1963 1688 1997 Ix,
1728 1963 1858 2004 super
1889 1951 2003 2000 illud,
2045 1952 2196 1993 Omnis
2233 1953 2455 2008 &penita

275 2027 469 2067 nequam,
508 2014 683 2053 Glossa:
719 2013 851 2053 Aliud
885 2013 1100 2060 simulans,
1136 2012 1250 2052 aliud
1285 2023 1419 2066 agens
1450 2028 1464 2047 »
1505 2017 1582 2052 etc.

400 2075 481 2127 Qu.
517 2086 601 2122 CXI,
636 2080 710 2114 art.
746 2087 786 2125 4,
821 2088 909 2129 arg.
952 2087 984 2114 1.
1027 2091 1040 2110 α
1072 2075 1128 2114 Et
1160 2086 1289 2127 super
1323 2073 1424 2113 illud
1456 2073 1529 2113 lob
1561 2086 1586 2121 I,
1622 2073 1743 2114 Sicut
1775 2079 1918 2115 autem
1951 2075 2144 2116 Domino
2178 2076 2336 2130 placuit
2363 2083 2454 2126 eto,

277 2138 377 2178 dicit
410 2137 568 2177 Glossa
601 2136 719 2189 quod
753 2136 949 2176 simulata
982 2136 1175 2189 aequitas
1210 2149 1295 2175 non
1331 2141 1396 2175 est
1427 2135 1632 2189 aequitas,
1663 2135 1739 2175 sed
1764 2136 2024 2190 duplicatum
2047 2144 2269 2191 peccatum
2300 2157 2332 2179 2.
2357 2140 2455 2180 Hoc

275 2199 317 2239 in
350 2200 447 2239 loco
482 2199 640 2238 Glossa
673 2197 773 2238 nihil
807 2194 889 2238 tale
923 2197 1034 2245 dicit,
1070 2197 1146 2238 sed
1171 2210 1300 2251 super
1320 2197 1422 2237 illud
1445 2197 1510 2237 ad
1531 2197 1683 2238 Coloss.
1709 2211 1799 2251 cap.
1823 2211 1877 2246 111,
1904 2211 2012 2239 vers.
2041 2201 2110 2247 23,
2136 2199 2454 2258 Quodcumque

275 2261 421 2308 facitis,
457 2274 510 2300 ex
542 2260 686 2300 animo
721 2260 967 2313 operamini,
1002 2260 1111 2300 sicut
1144 2259 1349 2307 Domino,
1385 2265 1427 2299 et
1460 2273 1547 2299 non
1587 2259 1847 2300 hominibus.
1890 2261 2102 2308 Halensis,
2145 2262 2264 2303 Sum.
2314 2263 2454 2305 meos.

277 2337 316 2377 p.
351 2324 399 2371 ΙΙ,
435 2336 503 2375 qu.
539 2333 682 2369 CLXVI,
718 2322 873 2361 memb.
909 2335 947 2369 ν,
985 2335 1069 2376 arg.
1108 2334 1145 2369 2,
1182 2321 1364 2361 eundem
1399 2321 1494 2361 huic
1528 2321 1701 2376 glossae
1735 2323 1877 2362 locum
1911 2323 2113 2378 assignat.

402 2383 484 2436 Qu.
520 2395 665 2431 CXVIII,
700 2390 773 2423 art.
807 2396 832 2424 I.
876 2402 887 2418 ‹
920 2383 1052 2434 Quod
1087 2383 1266 2436 pertinet
1298 2383 1352 2423 ad
1386 2383 1594 2423 rationem
1628 2384 1841 2431 avaritiae,
1877 2398 1988 2438 quae
2023 2385 2221 2426 definitur
2253 2400 2348 2427 esse
2373 2387 2455 2428 im·-

277 2446 524 2486 moderatus
555 2458 679 2485 amor
709 2445 899 2485 habendi
925 2463 956 2484 ›.
993 2445 1134 2496 Quam
1170 2445 1462 2485 definitionem
1485 2445 1628 2485 Tullio
1652 2446 1900 2486 adscribunt
1922 2447 1976 2487 D.
2001 2447 2206 2495 Thomas,
2243 2448 2322 2502 Qq.
2346 2448 2452 2504 dtlrp.
2503 2490 2507 2494 ,

277 2507 330 2548 de
362 2507 491 2554 Malo,
528 2520 597 2560 qu.
632 2519 718 2554 XIII,
754 2513 827 2547 art.
862 2520 886 2554 1,
922 2520 1010 2561 arg.
1046 2508 1085 2554 3,
1122 2512 1162 2546 et
1200 2507 1411 2554 Halensis,
1447 2507 1566 2547 Sum.
1617 2507 1755 2548 Theol.
1797 2521 1836 2562 p.
1877 2509 1926 2556 II,
1968 2522 2038 2562 qu.
2080 2520 2193 2558 CXLI,
2236 2511 2394 2552 memb.
2427 2523 2452 2552 I.

280 2570 438 2610 Glossa
470 2569 762 2614 Interlinearis,
787 2569 850 2609 ad
876 2569 1034 2622 Ephes.
1061 2582 1150 2622 cap.
1175 2583 1215 2616 v,
1241 2582 1351 2609 vers
1376 2570 1415 2615 3,
1441 2582 1569 2622 super
1602 2569 1716 2617 illud,
1742 2573 1823 2610 aut
1851 2571 2051 2617 avaritia,
2088 2570 2208 2612 dicit:
2243 2573 2453 2625 Immode-

278 2637 367 2671 rata
401 2630 607 2684 cupiditas
640 2630 837 2671 habendi.

403 2692 483 2744 Qu.
520 2703 665 2739 CXVIII,
701 2698 774 2732 art.
810 2694 850 2740 6,
886 2706 972 2747 arg.
1009 2693 1048 2732 3.
1090 2709 1104 2727 «
1136 2692 1263 2733 Unde
1299 2698 1339 2732 et
1373 2691 1724 2745 Chrysostomus,
1767 2693 1895 2734 Marc.
1937 2708 1976 2742 v,
2019 2701 2238 2748 comparat
2277 2708 2455 2737 avarum

279 2754 572 2801 daemoniaco,
609 2753 681 2807 qui
715 2754 756 2793 in
791 2767 971 2807 corpore
1003 2760 1183 2794 vexatur
1212 2773 1243 2791 ι,
1280 2754 1323 2794 S.
1368 2754 1719 2807 Chrysostomus,
1762 2755 1922 2795 Homil.
1965 2756 2161 2804 XXVIII,
2203 2757 2254 2797 al.
2296 2757 2453 2806 XXIX,

277 2816 320 2856 iu
355 2816 523 2863 Matth„
559 2822 789 2870 postquam
825 2816 934 2856 duos
970 2815 1274 2856 daemoniacos
1309 2816 1350 2856 in
1384 2822 1493 2856 terra
1528 2817 1847 2857 Gerasenorum
1881 2832 1904 2857 a
1939 2818 2111 2859 Christo
2144 2824 2319 2860 sanatos
2341 2819 2454 2861 Mat-

277 2877 449 2917 thaeum
496 2890 860 2918 commemorasse
901 2878 1161 2926 indicaverit,
1203 2879 1365 2918 Lucam
1406 2891 1511 2919 vero
1553 2878 1721 2919 nonnisi
1762 2892 1907 2926 unum,
1949 2879 2003 2920 de
2042 2880 2174 2920 Marci
2215 2882 2455 2923 narratione

278 2939 539 2979 mentionem
573 2939 679 2980 facit.
715 2940 815 2980 Non
850 2939 977 2994 igitur
1010 2939 1309 2993 Chrysostomi
1345 2953 1454 2994 opus
1488 2940 1663 2994 aliquod
1698 2941 1739 2980 in
1774 2942 1966 2982 Marcum
2000 2942 2041 2982 in
2075 2942 2278 2984 hocloco
2313 2943 2457 2985 citavit

278 3002 332 3040 D.
367 3001 572 3048 Thomas,
607 3001 684 3041 sed
717 3001 934 3042 homiliam
969 3001 1010 3041 in
1044 3002 1320 3050 Matthaeum,
1355 3002 1429 3042 ubi
1462 3002 1517 3042 ad
1551 3002 1664 3043 illam
1699 3002 1966 3044 daemoniaci
1999 3003 2232 3053 historiam,
2271 3011 2399 3060 prout
2426 3017 2456 3047 *a

279 3063 425 3102 Marco
460 3068 686 3109 enarratur,
721 3062 878 3102 alludit.
913 3063 1074 3103 Noster
1106 3065 1140 3103 B
1175 3077 1254 3117 pro
1287 3064 1426 3104 Marc.
1452 3065 1556 3119 legit
1589 3065 1744 3105 Matth.
1771 3065 1891 3105 male.

404 3124 449 3163 In
484 3123 806 3164 Commentario
842 3124 967 3164 Card.
994 3124 1198 3172 Caietani,
1223 3125 1276 3165 ad
1304 3138 1374 3178 qu.
1398 3137 1498 3174 LXII,
1526 3131 1600 3166 art.
1625 3128 1664 3174 6,
1689 3139 1803 3166 num.
1827 3138 1914 3166 VIII.
1966 3143 1980 3162 ‹
2009 3126 2103 3167 Nec
2125 3127 2237 3167 bene
2258 3141 2337 3182 pro
2360 3126 2455 3170 toto

279 3185 451 3225 libertas
486 3185 685 3225 venditur
717 3199 821 3226 auro
853 3203 885 3226 ».
921 3186 1030 3237 Quis
1063 3186 1224 3239 primus
1258 3186 1340 3226 hoc
1374 3187 1599 3240 scripserit,
1626 3188 1850 3228 nescimus.

404 3247 485 3298 Qu.
510 3258 703 3294 LXXXVII,
727 3253 801 3287 art.
834 3260 865 3294 I,
893 3247 1134 3288 Comment.
1160 3261 1272 3288 num.
1297 3261 1352 3288 IV.
1396 3266 1408 3282 ‹
1440 3249 1496 3288 Et
1517 3248 1754 3289 secundum
1779 3249 2093 3303 Hieronymum
2122 3250 2177 3290 ad
2201 3251 2452 3300 Damasum,

280 3308 491 3361 quidquid
516 3309 678 3349 habent
705 3309 856 3366 cleric-i,
881 3311 1128 3363 pauperum
1161 3312 1233 3357 est,
1265 3316 1311 3350 ut
1345 3309 1496 3350 dicitur
1528 3310 1643 3358 XVI,
1676 3324 1746 3364 qu.
1777 3324 1802 3358 1,
1835 3324 1924 3365 cap.
1952 3311 2168 3363 Quoniam
2198 3331 2230 3352 ».
2266 3312 2339 3353 Ad
2370 3313 2455 3367 hoc

282 3376 408 3423 caput
440 3377 590 3410 notant
623 3371 902 3411 Correctores
942 3372 1129 3411 Romani
1164 3372 1204 3411 in
1239 3372 1286 3411 B.
1319 3371 1575 3425 Hieronymi
1619 3385 1729 3426 quae
1764 3379 1911 3413 extant
1951 3373 2118 3427 scriptis
2159 3373 2261 3414 nihil
2301 3386 2451 3416 eorum

282 3443 391 3484 quae
424 3431 464 3471 in
500 3444 663 3472 canone
697 3432 939 3485 afferuntur,
966 3433 1186 3473 inventum
1221 3446 1327 3474 esse.
1362 3432 1612 3489 Friedberg,
1637 3434 1716 3475 loc.
1742 3434 1807 3474 cit.
1832 3449 1871 3475 n.
1900 3436 1999 3488 730,
2024 3440 2220 3476 annotat:
2268 3452 2283 3472 ‹
2314 3435 2457 3491 Caput

281 3493 486 3533 incertum
517 3511 548 3534 ».
