2860 4244
0 1864 9 1904 nv·

123 1557 132 1568 ¹
144 1557 170 1579 Ιιι
184 1562 247 1585 κιρ.
261 1557 290 1579 ad
304 1563 326 1586 3.

125 3101 150 3150 ὲ

120 2314 131 2324 “
145 2312 200 2335 Loc.
215 2312 256 2335 cit.
274 2311 332 2334 ibid.

1046 247 1312 294 QUAESTIO
1343 249 1445 295 cut,
1474 249 1770 286 ART1CULUS
1801 249 1851 285 lv
2461 264 2538 299 419

359 327 549 376 quaedam
575 328 741 375 regulata
770 327 980 363 secundum
1001 327 1170 374 regulam
1200 327 1350 364 divinae
1370 328 1421 364 le·
1446 359 1448 377 ,
1473 328 1531 364 ius
1551 340 1664 364 suum
1685 328 1788 365 alteri
1809 328 1980 365 reddere.
2011 329 2122 366 Unde
2141 329 2409 378 Philosophus,
2431 331 2468 367 in
2490 332 2540 367 IV

359 380 426 427 gis.
463 381 513 417 Et
540 380 754 417 secundum
777 381 864 426 hoc,
886 379 1011 416 differt
1037 379 1176 416 veritas
1210 380 1371 416 iustitiae
1400 393 1422 417 a
1448 426 1449 430 Ἰ
1473 381 1594 418 Ethic.
1610 380 1641 427 ²¹⁸,
1663 381 1710 418 de
1730 382 1802 418 hac
1821 381 1977 418 veritate
1993 380 2007 403 ὅ
2027 382 2297 430 determinans,
2319 383 2427 420 dicit:
2447 385 2538 421 Non

357 433 517 470 veritate
550 433 670 480 vitae,
700 433 789 481 quia
820 432 961 469 veritas
987 431 1088 468 vitae
1117 440 1173 469 est
1210 433 1421 469 secundum
1448 439 1449 442 ’
1475 435 1521 471 de
1533 434 1697 470 veridico
1714 435 1750 470 in
1766 435 2059 482 confessionibus
2077 436 2234 472 dicimus
2249 441 2273 482 ⁸,
2295 448 2414 484 neque
2427 449 2540 485 quae-

360 498 477 533 quam
507 486 641 534 aliquis
661 494 762 522 recte
780 485 876 522 vivit
900 484 939 521 in
959 484 1106 532 seipso;
1135 485 1274 522 veritas
1294 493 1422 522 autem
1476 498 1636 534 cumque
1653 487 1705 523 ad
1731 487 1906 524 iustitiam
1926 489 1985 525 vel
2004 488 2220 525 iniustitiam
2249 491 2484 526 contendunt.

359 538 520 575 iustitiae
550 547 605 575 est
633 538 844 575 secundum
865 549 982 585 quam
1003 538 1136 586 aliquis
1160 539 1423 575 rectitudinem
1527 539 1676 575 Veritas
1712 548 1840 577 autem
1870 541 2062 577 doctrinae
2101 542 2270 578 consistit
2297 542 2335 579 in
2371 543 2540 591 quadam

359 592 451 639 legis
478 592 517 628 in
546 591 709 637 iudiciis,
740 603 839 638 quae
877 598 963 627 sunt
991 590 1039 627 ad
1075 591 1256 637 alterum,
1285 599 1423 628 servat.
1475 591 1779 629 manifestatione
1807 593 2020 630 verorumt
2050 594 2096 631 de
2126 595 2264 643 quibus
2289 603 2346 632 est
2373 596 2539 633 scientia.

361 645 410 681 Et
437 645 648 681 secundum
677 645 763 690 hoc,
792 642 932 680 veritas
960 643 1120 680 iustitiae
1149 656 1227 680 non
1264 644 1426 692 pertinet
1450 680 1451 690 ἶ
1476 644 1588 681 Unde
1618 657 1689 681 nec
1717 645 1786 682 ista
1813 647 1954 683 veritas
1992 646 2132 684 directe
2169 648 2331 696 pertinet
2358 649 2406 686 ad
2443 651 2541 686 h‘ahc

361 697 409 734 ad
436 698 636 734 veritatem
666 698 714 733 de
743 708 819 745 qua
846 708 949 732 nunc
976 697 1188 745 loquimur:
1223 697 1318 734 sicut
1354 709 1425 733 nec
1450 708 1452 739 ᾗ
1477 698 1676 734 virtutem:
1706 699 1772 735 sed
1798 700 1922 736 solum
1951 700 2091 736 veritas
2111 713 2186 750 qua
2205 701 2340 749 aliquis
2359 708 2396 738 et
2411 703 2488 739 vita
2508 708 2544 739 et

359 750 499 786 veritas
522 750 635 786 vitae.
665 769 689 775 —
717 749 803 786 Alio
824 749 943 786 modo
963 757 1087 797 potest
1106 749 1259 798 intelligi
1285 749 1426 786 veritas
1476 762 1650 786 sermone
1677 751 1788 787 talem
1816 764 1856 788 se
1883 753 2114 790 demonstrat
2139 754 2259 802 qualis
2291 760 2354 799 est,
2375 761 2411 791 et
2428 761 2446 782 η
2466 767 2541 792 non

359 802 520 839 iustitiae
549 802 761 839 secundum
797 802 902 850 quod
930 802 1063 851 aliquis
1093 814 1137 838 ex
1164 802 1300 839 iustitia
1328 802 1426 839 veri-
1451 846 1452 854 ἵ
1477 803 1554 839 alia
1582 814 1697 850 quam
1726 804 1827 840 circa
1852 805 1972 852 ipsum
1999 806 2083 851 sint,
2105 818 2174 843 nec
2200 808 2349 844 maiora
2378 819 2447 844 nec
2473 810 2543 845 mi-

359 862 476 892 tatem
496 855 732 892 manifestat:
760 863 852 903 puta
872 867 960 892 cum
991 855 1123 904 aliquis
1142 855 1180 892 in
1199 855 1339 892 iudicio
1359 867 1424 892 ve·
1451 860 1453 899 ζ
1479 867 1575 892 nora
1590 855 1621 892 ⁹¹².
1643 877 1666 883 -
1682 856 1944 894 Veruntamen
1965 859 2053 906 quia
2067 871 2159 896 vera
2179 860 2322 897 scibilia
2337 859 2362 907 θ,
2382 861 2543 909 inquan-

360 919 446 944 rum
470 913 486 936 Υ
523 909 726 945 confitetur
761 916 826 945 aut
856 920 994 945 verum
1026 908 1286 945 testimonium
1325 908 1424 944 dicit.
1451 921 1453 964 ἒ
1478 916 1560 944 tum
1589 916 1675 945 sunt
1703 921 1725 945 a
1753 909 1864 946 nobis
1893 911 2054 959 cognita,
2085 912 2182 949 circa
2211 925 2282 950 nos
2316 922 2403 950 sunt
2430 922 2466 951 et
2495 915 2543 951 ad

359 961 410 997 Et
436 961 532 997 haec
549 961 688 998 veritas
717 969 774 997 est
801 961 959 1010 quidam
978 961 1212 1010 particularis
1241 968 1345 997 actus
1372 960 1426 996 iu-
1452 965 1453 1008 ἦ
1480 973 1551 997 nos
1587 962 1791 1009 pertinent;
1822 964 2034 1000 secundum
2072 965 2148 1002 hoc
2178 966 2318 1003 veritas
2351 967 2543 1004 doctrinae

360 1013 494 1051 stitiae.
524 1015 573 1051 Et
592 1027 670 1051 non
690 1014 851 1062 pertinet
875 1014 1015 1051 directe
1035 1015 1083 1051 ad
1107 1015 1206 1050 hanc
1225 1013 1422 1050 veritatem
1479 1021 1604 1062 potest
1623 1015 1671 1051 ad
1691 1015 1790 1051 hanc
1804 1015 1983 1052 virtutem
2005 1018 2203 1065 pertinere,
2222 1027 2257 1055 et
2276 1030 2542 1068 quaecumque

360 1067 408 1103 de
437 1079 513 1116 qua
541 1080 643 1104 nunc
670 1067 884 1115 loquimur:
914 1067 1001 1115 quia
1020 1066 1162 1103 scilicet
1189 1066 1227 1103 in
1246 1067 1318 1103 hac
1347 1078 1426 1103 ma·
1451 1060 1454 1104 ἶ
1480 1067 1552 1103 alia
1577 1067 1717 1103 veritas
1746 1080 1821 1116 qua
1850 1069 1934 1117 quis
1963 1070 2177 1107 manifestat
2205 1073 2324 1109 verbo
2353 1074 2415 1109 vel
2444 1074 2543 1110 facto

359 1119 600 1157 nifestatione
631 1120 799 1157 veritatis
831 1119 1084 1168 principaliter
1119 1120 1240 1156 homo
1269 1119 1429 1156 intendit
1480 1120 1585 1168 quod
1616 1121 1823 1167 cognoscit.

412 1252 439 1284 γ)
459 1258 560 1276 verum.
572 1264 591 1269 -
608 1250 748 1275 veritatem
768 1250 815 1275 Pa.
1533 1251 1560 1283 η)
1580 1255 1615 1276 et.
1627 1264 1646 1270 -
1665 1255 1694 1276 ut
1711 1252 1900 1285 ABFHLpCG.
1914 1266 1933 1272 -
1951 1253 2002 1278 Pro
2021 1254 2115 1286 ipsum,
2131 1255 2215 1286 ipsam
2235 1256 2282 1288 pC,
2302 1257 2360 1288 ipsa
2380 1258 2408 1281 Ρ.

412 1285 437 1319 Β)
456 1286 578 1311 veritate.
590 1300 607 1304 —
626 1286 726 1310 virtute
744 1285 870 1311 PACFla.
1451 1260 1454 1316 l
1533 1285 1558 1318 θ)
1578 1294 1642 1311 vera
1659 1287 1800 1312 scibilia.-
1820 1295 1883 1313 vera
1909 1289 2006 1313 nobilia
2030 1289 2144 1320 ACEIL,
2171 1291 2250 1315 verba
2276 1292 2374 1317 nobilia
2400 1292 2454 1325 pK,
2481 1301 2544 1319 vera

413 1321 434 1352 ε)
453 1321 576 1346 ᾰίεἰηιιιε.
588 1334 608 1340 -
625 1320 724 1345 divinis
741 1320 962 1345 ABCEFHIKLa.
1451 1317 1453 1365 f
1480 1322 1554 1347 di...a
1570 1321 1700 1355 (divinat)
1718 1330 1785 1355 quae
1805 1323 1898 1348 desunt
1917 1325 2031 1356 margine
2051 1325 2138 1349 deciso
2157 1325 2300 1360 perierunt)
2318 1327 2363 1356 sK‚
2378 1335 2441 1353 vera
2460 1331 2544 1355 nosci-

411 1356 437 1389 ζ)
457 1363 590 1382 verorum.
602 1370 621 1375 -
639 1356 780 1381 verborum
799 1356 901 1381 codices
921 1361 946 1381 et
965 1356 1011 1381 Pa.
1451 1367 1453 1389 3
1480 1357 1543 1382 bilia
1562 1357 1620 1388 GH,
1641 1358 1754 1382 moralia
1773 1359 1818 1383 Pa.

1039 1435 1372 1468 Commentaria
1396 1435 1647 1469 Cardinalis
1671 1438 1871 1470 Caietani

389 1524 411 1544 N
433 1514 566 1545 articulo
593 1514 685 1546 tertio
715 1515 858 1546 eiusdem
888 1514 1182 1545 centesimaenonae
1209 1515 1418 1555 quaestionis,
1449 1516 1451 1553 ξ
1477 1522 1575 1546 tatem
1599 1526 1655 1556 per
1677 1516 1799 1556 signata
1822 1517 1854 1546 in
1878 1517 1970 1548 nobis
1994 1518 2193 1555 definierunt,
2214 1521 2252 1550 ab
2276 1520 2324 1551 his
2343 1532 2424 1562 quae
2441 1533 2497 1563 per
2513 1534 2545 1554 se

362 1527 472 1590 lcirca
494 1558 548 1589 illa
570 1559 664 1589 verba
680 1559 713 1588 *·.
746 1559 857 1590 Solum
882 1559 1001 1590 veritas
1028 1559 1085 1589 illa
1114 1568 1179 1599 qua
1208 1559 1327 1599 aliquis
1356 1560 1422 1590 vita
1450 1558 1453 1590 J
1478 1567 1508 1590 et
1531 1560 1714 1590 immediate
1738 1568 1932 1592 concurrunt
1959 1562 1998 1591 ad
2022 1562 2158 1593 veritatis
2181 1563 2343 1601 virtutem,
2368 1566 2456 1597 illam
2480 1578 2546 1598 ma-

359 1607 391 1634 et
411 1612 559 1633 sermone
581 1604 678 1634 talem
701 1612 736 1634 se
757 1603 955 1634 dmonstrat
977 1603 1083 1643 qualis
1106 1607 1164 1640 est,
1187 1603 1231 1633 ad
1251 1603 1336 1633 hanc
1359 1604 1423 1633 vir·
1450 1600 1452 1638 l
1477 1603 1671 1635 nifestantes.
1697 1604 1790 1635 Unde
1815 1615 1852 1635 ex
1871 1605 1932 1636 hoc
1956 1606 2026 1645 ipso
2049 1607 2139 1647 quod
2162 1608 2299 1639 veritatis
2322 1609 2422 1640 virtus
2445 1612 2545 1642 mani-

358 1652 457 1679 tutem
467 1648 619 1687 pertinet,
640 1648 766 1678 adverte
780 1647 880 1688 quod,
895 1656 970 1677 cum
986 1647 1019 1677 in
1034 1647 1094 1677 hac
1112 1647 1226 1677 virtute
1248 1646 1425 1678 inveniatur
1449 1642 1451 1699 ᾗ
1477 1647 1570 1679 festat
1585 1648 1752 1678 hominem
1768 1648 1870 1689 qualis
1887 1656 1934 1680 est
1950 1657 1981 1680 et
1996 1650 2075 1680 nihil
2091 1650 2187 1687 aliud,
2203 1652 2354 1692 sequitur,
2372 1664 2438 1685 non
2457 1657 2546 1696 quod

358 1691 486 1731 signum
509 1698 540 1722 et
562 1691 730 1731 signatum,
749 1691 915 1732 dupliciter
933 1698 1025 1731 potes
1041 1691 1156 1722 intueri
1179 1691 1351 1732 signatum:
1376 1691 1423 1721 vi·
1449 1701 1451 1732 ς
1478 1698 1580 1722 cetera
1596 1702 1662 1722 non
1687 1692 1877 1729 manifestet,
1895 1695 1948 1724 sed
1973 1695 2062 1734 quod
2086 1702 2187 1725 cetera
2202 1706 2268 1726 non
2285 1698 2463 1730 manifestet
2486 1700 2545 1730 nisi

358 1735 471 1766 delicet
493 1742 548 1766 aut
577 1745 633 1775 per
665 1745 697 1766 se
729 1742 760 1766 et
789 1735 1025 1772 immediatum;
1056 1742 1111 1766 aut
1138 1745 1194 1776 per
1221 1735 1366 1766 accidens
1394 1743 1424 1766 et
1449 1744 1451 1774 l
1478 1737 1656 1767 secundum
1679 1737 1769 1777 quod
1791 1737 1916 1768 suntin
1941 1738 2082 1769 homine.
2107 1739 2202 1770 Verbi
2225 1741 2340 1780 gratia,
2365 1742 2390 1772 si
2416 1751 2490 1774 sunt
2513 1744 2546 1774 in

357 1779 544 1810 mediatum.
569 1779 601 1810 Si
617 1779 764 1820 respicias
780 1781 820 1810 ad
843 1780 1003 1820 signatum
1018 1790 1075 1820 per
1094 1790 1126 1810 se
1142 1786 1173 1811 et
1191 1780 1422 1815 immediatum,
1449 1808 1451 1832 >
1477 1780 1609 1811 homine
1634 1787 1670 1811 ut
1692 1781 1831 1821 opinata,
1856 1792 1922 1812 non
1947 1782 2021 1813 dicit
2044 1793 2079 1813 ea
2104 1790 2139 1813 ut
2163 1790 2257 1814 certa:
2284 1792 2314 1816 et
2338 1786 2381 1816 sic
2405 1787 2443 1817 de
2468 1788 2546 1818 aliis.

357 1832 424 1853 non
446 1823 588 1854 invenies
611 1824 731 1865 aliquid
754 1824 914 1864 signatum
937 1824 997 1854 nisi
1019 1824 1109 1865 quod
1132 1825 1218 1864 apud
1246 1823 1423 1864 significan·
1449 1835 1451 1873 ᾗ
1477 1824 1636 1865 Opposita
1660 1831 1767 1855 autem
1783 1825 1858 1856 vitia
1881 1826 1970 1857 aliter
1993 1837 2092 1867 quam
2115 1827 2148 1857 in
2166 1827 2360 1868 significante
2385 1830 2456 1867 sint,
2474 1842 2547 1871 pro-

357 1873 423 1898 tem
447 1874 494 1898 est
516 1868 548 1898 in
579 1877 646 1898 esse
676 1869 810 1899 naturali
834 1875 864 1899 et
887 1868 1015 1908 cognito
1049 1868 1158 1904 simul,
1184 1875 1219 1899 ut
1248 1878 1323 1899 cum
1351 1868 1422 1909 quis
1449 1876 1450 1907 1
1477 1869 1582 1899 ferunt
1608 1879 1689 1910 quae
1714 1869 1839 1901 dicunt:
1865 1877 1900 1900 ut
1923 1877 2009 1910 patet
2039 1871 2077 1901 de
2101 1873 2324 1909 mendacibus,
2350 1881 2408 1905 etc.
2441 1875 2547 1906 Omne

358 1911 434 1942 dicit
457 1921 490 1942 se
513 1922 580 1942 esse
596 1922 720 1948 sanum,
746 1920 800 1943 aut
822 1913 956 1949 bonum,
977 1919 1053 1948 etc.,
1078 1913 1184 1943 autin
1201 1922 1268 1943 esse
1293 1912 1421 1952 cognito
1449 1918 1450 1948 ζ
1477 1923 1552 1953 ergo
1576 1914 1614 1943 ab
1642 1913 1773 1943 homine
1799 1915 2046 1954 quomodolibet
2070 1916 2235 1955 cognitum
2262 1917 2311 1947 vel
2338 1918 2546 1958 imaginatum

357 1961 493 1992 tantum,
509 1963 545 1987 ut
561 1966 636 1987 cum
659 1957 730 1997 quis
752 1956 827 1988 dicit
842 1957 981 1988 Romam
996 1967 1062 1987 esse
1078 1957 1111 1987 in
1125 1957 1267 1997 Europa.
1291 1956 1324 1987 Si
1347 1967 1422 1987 vero
1448 1955 1450 1966 ⁴
1477 1964 1583 1997 potest
1605 1967 1662 1996 per
1684 1957 1822 1988 veritatis
1844 1958 1993 1989 virtutem
2017 1959 2227 1991 manifestari:
2252 1962 2306 1992 sed
2327 1972 2393 1992 non
2417 1963 2477 1994 nisi
2501 1974 2548 1994 se-

357 2006 479 2040 spectes
501 2001 541 2030 ad
564 2000 724 2040 signatum
755 2011 810 2042 per
835 2001 978 2032 accidens
1002 2007 1033 2032 et
1049 2001 1241 2039 mediatum,
1265 2001 1309 2031 sic
1338 2001 1423 2031 inve·
1449 2026 1450 2044 ἶ
1477 2002 1620 2032 cundum
1636 2002 1725 2042 quod
1745 2009 1791 2032 est
1807 2003 1893 2042 apud
1909 2002 2149 2043 significantem.
2169 2005 2210 2035 Et
2225 2005 2287 2036 hoc
2302 2006 2496 2046 significavit,
2510 2008 2547 2038 li-

358 2043 426 2074 nies
455 2054 678 2086 quaecumque
701 2051 845 2076 extranea
867 2055 886 2075 a
909 2045 1050 2086 signante
1082 2045 1203 2085 signata
1233 2054 1316 2075 esse:
1341 2055 1421 2086 quo·
1449 2052 1450 2076 l
1477 2052 1525 2076 cet
1541 2045 1716 2082 obscurius,
1734 2046 1829 2077 etiam
1846 2047 1983 2084 Tullius,
2001 2047 2150 2078 dicens*:
2174 2049 2296 2081 Veritas
2312 2056 2359 2081 est
2373 2061 2435 2091 per
2449 2062 2545 2092 quam

358 2087 446 2118 niam
463 2088 619 2129 contingit
634 2089 672 2119 de
689 2089 839 2120 omnibus
855 2089 1057 2120 omnifariam
1076 2089 1176 2130 loqui.
1201 2090 1242 2120 Et
1257 2089 1422 2130 quoniam,
1449 2077 1450 2118 l
1477 2091 1584 2120 omnia
1607 2100 1691 2130 quae
1712 2096 1799 2128 sunt,
1815 2090 1959 2131 fuerunt
1981 2097 2040 2122 aut
2054 2092 2178 2132 futura
2201 2099 2287 2131 sunt,
2308 2096 2476 2126 immutata
2499 2097 2548 2126 di-

358 2133 536 2163 secundum
559 2143 643 2169 rem,
668 2143 704 2164 ea
727 2143 809 2174 quae
829 2140 914 2164 extra
937 2144 996 2164 nos
1020 2140 1095 2164 sunt
1117 2144 1182 2164 non
1208 2133 1423 2174 significamus
1477 2139 1607 2171 cuntur,
1625 2144 1680 2173 per
1702 2135 1736 2175 ly
1759 2135 1928 2166 immutata
1953 2135 2131 2176 significans
2150 2138 2238 2178 quod
2258 2138 2339 2169 sicut
2364 2146 2438 2170 sunt
2461 2141 2548 2180 apud

357 2175 419 2207 nisi
441 2177 653 2208 mediantibus
676 2177 724 2208 his
747 2187 829 2218 quae
853 2178 939 2218 apud
963 2187 1022 2208 nos
1046 2185 1130 2214 sunt,
1146 2178 1258 2208 saltem
1281 2177 1368 2214 ficta;
1393 2184 1424 2208 et
1449 2175 1451 2215 ’,
1476 2178 1636 2209 dicentem
1659 2178 1720 2209 dici
1753 2178 1827 2210 facit
1849 2180 1986 2210 veritatis
2016 2180 2124 2212 virtus.
2157 2182 2230 2212 Hoc
2254 2192 2386 2224 quoque
2416 2184 2547 2223 pulchre

358 2220 470 2251 accidit
493 2220 542 2251 his
565 2231 647 2262 quae
671 2222 756 2262 apud
780 2232 839 2252 nos
863 2229 937 2252 sunt
960 2222 1049 2262 quod
1073 2222 1133 2252 alia
1156 2229 1240 2252 extra
1263 2232 1322 2252 nos
1346 2221 1424 2252 refe·
1449 2219 1451 2258 l
1476 2229 1565 2262 patet
1587 2222 1620 2252 in
1637 2223 1719 2253 calce
1735 2223 1830 2253 huius
1850 2224 1972 2254 articuli
1988 2224 2014 2260 *‚
2040 2225 2094 2255 ubi
2111 2233 2142 2255 et
2156 2226 2269 2256 veritas
2286 2227 2458 2264 doctrinae,
2476 2239 2547 2269 pro-

358 2271 437 2300 rant,
461 2266 545 2295 unde
569 2276 635 2296 non
659 2266 807 2296 convenit
830 2266 980 2296 omnibus
996 2276 1078 2306 quae
1101 2266 1186 2305 apud
1209 2276 1268 2296 nos
1288 2273 1362 2296 sunt
1385 2266 1424 2295 si·
1450 2285 1451 2316 ἢ
1477 2267 1530 2297 cul
1553 2266 1652 2296 dubio
1677 2267 1806 2297 moralis
1824 2267 1857 2303 *‚
1884 2276 1914 2298 et
1937 2278 2160 2309 quaecumque
2185 2270 2244 2300 alia
2267 2271 2395 2308 veritas,
2420 2272 2495 2313 quia
2514 2273 2546 2302 in

358 2307 506 2349 gnificare
530 2309 590 2340 alia
606 2316 699 2341 extra—
714 2319 788 2340 nos:
812 2310 885 2340 ideo
910 2310 1093 2341 Aristoteles
1108 2310 1126 2329 *
1145 2317 1175 2340 et
1198 2312 1320 2341 Auctor
1347 2310 1425 2340 veri-
1450 2318 1452 2346 l
1478 2311 1570 2340 nobis
1594 2318 1649 2346 est,
1674 2312 1713 2341 ad
1737 2311 1818 2342 hanc
1841 2312 1990 2343 virtutem
2014 2320 2154 2353 spectare
2178 2314 2302 2345 dicitur.

1142 2471 1357 2514 ARTICU
1365 2471 1463 2514 LUS
1492 2472 1768 2524 QUARTUS

926 2563 1082 2594 UTRUM
1106 2563 1264 2594 VIRTUS
1288 2563 1519 2612 VERITATIS
1542 2564 1764 2596 DECLINET
1788 2566 1830 2596 IN
1854 2567 1986 2598 MlNUS

1307 2642 1343 2667 1v
1361 2642 1458 2674 fflhr’c„
1479 2643 1538 2668 lect.
1557 2651 1598 2669 xv.

391 2742 456 2781 ss-:i
483 2747 548 2785 β(
573 2732 596 2757 D
611 2732 784 2763 Qum-<Tum
808 2733 861 2758 εις
877 2733 1118 2758 PROCEDlTUR.
1139 2721 1299 2759 Videtur
1317 2722 1423 2770 quod
1450 2723 1454 2776 Ι
1479 2724 1591 2773 quior
1614 2725 1797 2762 audaciae
1818 2738 1935 2774 quam
1955 2726 2153 2763 timiditati.
2185 2728 2261 2764 Sed
2281 2729 2448 2766 veritatis
2469 2743 2548 2767 me-

495 2775 544 2835 132
572 2773 692 2810 virtus
714 2774 881 2811 veritatis
901 2786 979 2811 non
999 2774 1161 2811 declinet
1180 2779 1197 2795 α
1225 2774 1264 2811 in
1284 2775 1423 2811 minus·
1480 2777 1587 2814 dium
1626 2790 1703 2814 non
1744 2786 1799 2814 est
1830 2779 2083 2827 propinquius
2125 2780 2191 2816 uni
2220 2788 2391 2818 extremo
2429 2795 2547 2830 quam

400 2869 403 2876 ι
521 2825 681 2863 Sicut
719 2827 820 2863 enim
854 2827 988 2875 aliquis
1022 2827 1184 2864 dicendo
1219 2827 1342 2864 maius
1370 2826 1426 2863 in·
1479 2830 1600 2867 alteri:
1630 2831 1720 2879 quia
1748 2831 1900 2878 veritas,
1923 2844 2011 2868 cum
2041 2832 2087 2869 sit
2114 2834 2320 2881 aequalitas
2341 2836 2545 2883 quaedam,

384 2876 395 2884 ”
532 2874 688 2916 currit
706 2879 919 2926 falsitatem⁷
940 2879 990 2916 ita
1011 2878 1076 2916 etl³
1096 2879 1258 2917 dicendo
1279 2879 1423 2916 minus:
1451 2918 1453 2939 γ
1480 2882 1518 2919 in
1548 2884 1678 2920 medio
1708 2885 1875 2932 punctali
1894 2882 1907 2906 δ
1937 2885 2116 2922 consistit.
2156 2886 2258 2934 Ergo
2293 2887 2433 2925 veritas
2468 2902 2548 2926 non

364 2946 443 2972 non
478 2926 582 2970 'enim
613 2932 733 2979 magis
763 2940 819 2969 est
845 2932 981 2969 falsum
1011 2940 1176 2980 quatuor
1204 2945 1285 2969 esse
1318 2932 1426 2980 quin·
1451 2941 1453 2973 l
1480 2937 1602 2984 magis
1632 2937 1795 2974 declinat
1822 2937 1860 2974 in
1889 2937 2027 2974 minus.

365 2999 439 3037 que
468 2997 584 3035 quam
613 2992 778 3034 quatuor
810 2997 892 3022 esse
921 2985 999 3022 tria.
1039 2985 1116 3022 Sed
1144 2997 1255 3022 omne
1273 2985 1425 3033 salsum
1452 2986 1454 3033 l
1537 2991 1571 3026 3.
1593 2991 1827 3037 Pasti-Erum,
1857 2989 1895 3026 in
1922 2990 2048 3027 minus
2075 2990 2226 3028 videtur
2254 3004 2276 3028 a
2303 2993 2460 3030 veritate
2491 3007 2547 3030 re-

319 3061 326 3068 ·
364 3046 419 3077 est
446 3039 651 3076 secundum
678 3050 718 3075 se
754 3038 897 3075 malum
926 3044 962 3075 et
975 3038 1229 3087 fugiendum:
1265 3045 1307 3074 ut
1338 3038 1427 3075 Phi·
1452 3035 1454 3084 ξ
1482 3042 1618 3079 cedere
1657 3043 1722 3090 qui
1758 3042 1958 3079 veritatem
2002 3051 2114 3091 negat
2131 3048 2155 3091 δ,
2184 3044 2222 3081 in
2258 3045 2382 3082 maius
2419 3054 2546 3084 autem

193 3115 200 3122 .
210 3105 250 3126 vn,
261 3105 285 3122 n.
293 3099 316 3121 6.
325 3108 334 3112 -

203 3141 210 3149 .
224 3127 278 3149 lect.
297 3132 336 3147 xv.

364 3092 548 3141 losophus
569 3091 668 3138 dicit,
689 3091 727 3127 in
747 3091 799 3127 IV
815 3091 935 3128 Ethic.
955 3090 976 3112 ²¹⁸
999 3091 1101 3139 Ergo
1121 3090 1288 3127 veritatis
1307 3090 1427 3128 virtus
1452 3094 1454 3138 ξ
1481 3096 1548 3143 qui
1576 3095 1723 3132 veritati
1753 3096 1895 3145 aliquid
1923 3096 2154 3144 superaddit.
2186 3098 2263 3135 Sed
2291 3099 2412 3146 magis
2436 3112 2547 3148 repu-

365 3158 444 3183 non
471 3146 556 3194 plus
585 3144 748 3182 declinat
774 3144 813 3181 in
842 3144 968 3181 minus
997 3156 1114 3192 quam
1142 3143 1182 3180 in
1210 3143 1346 3181 maiUS.
1452 3144 1454 3182 ἒ
1481 3156 1570 3196 gnat
1588 3148 1735 3185 veritati
1757 3149 1822 3198 qui
1840 3149 2038 3186 veritatem
2059 3158 2171 3198 negat
2191 3163 2306 3199 quam
2332 3152 2397 3200 qui
2417 3164 2547 3200 super-

420 3210 455 3235 2.
477 3199 711 3244 PRAETEREA,
741 3197 846 3246 quod
873 3209 951 3234 una
979 3197 1098 3233 virtus
1119 3196 1238 3244 magis
1267 3196 1428 3233 declinet
1452 3205 1454 3252 j
1482 3201 1606 3239 addit:
1645 3204 1734 3249 quia
1762 3201 1903 3239 veritas
1939 3215 2017 3239 non
2052 3204 2281 3252 compatitur
2313 3216 2443 3241 secum
2482 3218 2547 3242 ne-

365 3252 415 3289 ad
434 3263 556 3288 unum
577 3258 790 3287 extremum
810 3262 926 3299 quam
947 3250 996 3287 ad
1016 3250 1129 3296 aliud,
1151 3249 1332 3297 contingit
1351 3262 1397 3286 ex
1412 3254 1427 3277 Υ
1453 3254 1454 3302 ζ
1481 3255 1674 3302 gationem
1702 3255 1886 3302 veritatis,
1917 3256 2142 3304 compatitur
2170 3264 2296 3293 autem
2326 3269 2456 3294 secum
2485 3271 2546 3294 su-

366 3306 442 3342 hoc
470 3303 575 3352 quod
601 3303 748 3340 virtutis
785 3303 956 3340 medium
993 3311 1048 3340 est
1082 3302 1334 3352 propinquius
1361 3302 1427 3339 uni
1453 3308 1455 3343 l
1480 3308 1800 3357 peradditionem.
1831 3309 1932 3356 Ergo
1960 3309 2112 3345 videtur
2134 3309 2240 3357 quod
2259 3309 2397 3346 veritas
2425 3311 2547 3358 magis

367 3365 537 3395 extremo
567 3369 683 3404 quam
714 3356 840 3393 alteri:
869 3356 965 3393 sicut
992 3355 1171 3392 fortitudo
1201 3363 1256 3391 est
1273 3355 1428 3404 propin·
1453 3345 1455 3393 l
1482 3361 1620 3398 debeat
1649 3361 1838 3398 declinare
1867 3361 1904 3397 in
1934 3361 2057 3398 maius
2086 3373 2202 3409 quam
2232 3362 2270 3398 in
2298 3362 2437 3400 minus,

419 3485 447 3518 a)
467 3485 618 3511 declinem·
630 3485 694 3516 plus
712 3484 825 3509 declinet
843 3485 889 3509 sA.
1535 3485 1562 3517 γ)
1581 3491 1626 3510 ex.
1639 3497 1658 3502 —
1675 3484 1746 3517 quod
1764 3491 1802 3508 ex
1820 3484 1927 3508 BEFIK.

421 3519 446 3553 β)
466 3521 504 3546 ita
522 3524 587 3546 ει-
606 3520 644 3545 ita
663 3520 689 3544 in
708 3519 899 3549 ABCEFILsK,
918 3519 957 3543 ita
975 3522 1001 3544 et
1019 3519 1046 3544 in
1066 3519 1105 3548 G,
1124 3519 1163 3544 ita
1181 3519 1261 3544 etiam
1281 3519 1320 3550 H,
1339 3519 1377 3544 ita
1396 3519 1429 3550 D,
1535 3518 1560 3551 ὃ)
1576 3520 1706 3551 punctuli.
1718 3533 1736 3538 -
1750 3519 1892 3551 punctuali
1912 3519 1982 3543 PHa.

366 3563 421 3581 om.
438 3556 489 3588 px.
1537 3555 1559 3587 ε)
1579 3558 1669 3587 negat.
1680 3568 1699 3573 -
1718 3554 1826 3579 veritati
1843 3554 1947 3586 aliquid
1963 3554 2121 3579 subtrahens
2139 3555 2235 3579 addunt
2253 3556 2300 3581 Pa.

2569 383 2575 389 ·
2588 381 2620 402 Ca
2639 385 2777 407 .vn,n.7.—

2568 406 2591 429 S.
2647 422 2653 427 .
2668 407 2718 427 lect.
2739 412 2775 427 xv.

2665 434 2679 458 ὂ

2670 478 2680 494 ε

2665 592 2679 621 ζ

2570 865 2579 875 ·
2594 864 2663 891 ibid„
2679 870 2702 885 n.
2717 871 2740 889 4.

2574 2063 2583 2072 ·
2589 2061 2719 2083 Delnvent.
2726 2061 2786 2082 Rhe-

2574 2090 2620 2109 tor.
2636 2088 2676 2109 lib.
2691 2088 2719 2114 11,
2736 2093 2785 2115 cap.

2573 2121 2624 2136 uu.

2574 2239 2584 2248 ⁸
2594 2238 2619 2259 In
2631 2237 2710 2259 eadem
2725 2244 2786 2265 resp.

2574 2264 2637 2312 dei:
2651 2294 2700 2312 not.
2717 2292 2737 2314 Θ.
