2860 4244
10 567 220 622 apnnuss1

11 628 60 651 etp.
75 627 140 643 xxxi.

164 1654 168 1666 Ι
217 1628 225 1667 ;
251 1610 375 1647 XVIII
403 1611 449 1647 de
480 1610 559 1647 Civ.
579 1611 655 1647 Dei
670 1610 701 1647 ²¹³.

174 2367 181 2378 ι
225 2360 229 2365 ·
255 2349 355 2387 idola
375 2350 584 2398 pertinens,
618 2349 678 2386 vel
703 2348 718 2371 λ
745 2351 796 2386 ad
831 2350 1025 2387 colendam
1058 2350 1154 2387 sicut
1186 2351 1310 2386 Deum

237 872 354 921 ,gines
382 884 541 909 suorum
570 871 730 909 deorum
746 886 754 909 :

221 2109 228 2121 ‚
253 2097 322 2134 per
349 2085 548 2134 pontifices
578 2085 839 2122 celebrabatur
865 2086 904 2123 in
931 2087 1082 2135 templis
1101 2085 1132 2123 ²¹⁸.

181 2473 183 2481 ·
227 2464 229 2467 ·
262 2474 268 2476 v
280 2456 368 2493 An
395 2467 533 2492 prunum
561 2466 660 2492 ERGO
695 2467 880 2493 met-:unum
909 2456 1014 2503 quod
1051 2455 1146 2492 sicut
1182 2455 1310 2503 religio
1338 2451 1340 2497 l

923 214 1187 261 QUAEST1O
1217 215 1355 262 XCIV,
1383 214 1679 252 ARTICULUS
1709 215 1722 250 1

245 292 491 341 Mercurium,
516 300 552 329 et
580 293 672 330 alios
699 292 929 330 huiusmodi.
957 313 982 321 -
1011 293 1177 339 Quidam
1206 304 1299 329 vero

245 345 496 383 aestimabant
522 353 645 383 totum
674 346 862 383 mundum
893 357 973 382 esse
1001 357 1121 382 unum
1151 346 1298 382 Deum:

245 411 324 436 non
355 406 512 447 propter
549 400 787 447 corporalem
821 398 1090 444 substantiam,
1120 398 1187 435 sed
1216 411 1301 447 pro-

244 459 328 501 pter
356 451 548 498 animam,
576 463 692 499 quam
720 453 847 488 Deum
882 463 963 488 esse
994 451 1217 497 credebant,
1248 451 1301 488 di-

246 509 373 541 centes
414 506 541 541 Deum
583 503 674 540 nihil
701 504 804 540 aliud
847 516 929 540 esse
971 515 1090 551 quam
1131 505 1300 540 animam

246 562 349 594 motu
377 562 413 593 et
445 557 591 593 ratione
625 557 807 593 mundum
841 557 1115 605 gubernantem
1139 556 1176 601 *;
1207 557 1302 593 sicut

248 617 284 646 et
310 610 430 646 homo
469 608 604 646 dicitur
631 608 781 656 sapiens
818 617 973 657 propter
1007 609 1195 655 animam,
1225 621 1302 646 non

247 669 402 712 propter
430 673 580 710 corpus,
609 661 719 698 Unde
748 662 931 710 putabant
967 662 1034 698 toti
1068 662 1237 708 mundo,
1268 669 1304 698 et

249 714 427 751 omnibus
463 713 630 762 partibus
667 715 767 760 eius,
802 727 884 751 esse
920 716 1061 752 cultum
1104 715 1304 752 divinitatis

249 767 518 813 exhibendum,
540 766 661 813 caelo,
690 767 785 813 aeri,
816 780 949 816 aquae,
972 775 1007 804 et
1031 768 1207 805 omnibus
1234 768 1303 804 hu-

248 819 414 856 iusmodi
432 817 457 855 ⁰.
489 820 536 855 Et
555 819 602 856 ad
621 819 717 856 haec
741 820 953 858 referebant
971 821 1128 858 nomina
1157 828 1192 856 et
1210 820 1304 856 ima-

789 873 881 910 sicut
908 874 1029 910 Varro
1067 873 1234 918 dicebat,
1270 880 1306 908 et

249 931 376 963 narrat
394 924 637 972 Augustinus,
657 926 726 963 V11
747 926 792 962 de
825 926 903 963 Civ.
923 928 996 963 Dei
1009 925 1040 963 ²3.
1060 946 1085 953 -
1103 925 1176 962 Alii
1197 937 1303 971 vero,

250 977 414 1016 scilicet*
450 978 652 1024 Platonici,
682 987 890 1027 posuerunt
923 990 1044 1015 unum
1085 990 1167 1014 esse
1202 989 1304 1013 sum-

250 1042 360 1067 mum
388 1031 528 1078 Deum,
557 1043 711 1068 causam
750 1031 940 1076 omnium;
970 1037 1057 1078 post
1092 1041 1207 1078 quem
1237 1041 1304 1078 po-

251 1084 393 1120 nebant
429 1096 510 1120 esse
548 1084 772 1120 substantias
812 1084 997 1132 quasdam
1037 1082 1246 1130 spirituales
1284 1094 1305 1119 a

252 1148 405 1173 summo
425 1137 510 1173 Deo
531 1143 685 1182 creatas,
706 1148 801 1184 quas
821 1137 914 1173 deos
940 1135 1200 1181 nominabant,
1220 1147 1304 1184 par-

252 1188 465 1238 ticipatione
499 1188 637 1226 scilicet
671 1188 897 1236 divinitatis,
927 1201 998 1226 nos
1031 1195 1159 1224 autem
1196 1200 1262 1224 eos
1290 1193 1333 1222 “i

251 1241 407 1289 angelos
443 1240 628 1286 dicimus;
664 1249 751 1289 post
785 1254 882 1289 quos
925 1241 1120 1290 ponebant
1160 1241 1333 1278 animas

252 1293 470 1331 caelestium
490 1305 718 1343 corporum;
745 1301 781 1331 et
799 1295 869 1331 sub
889 1295 947 1331 his
967 1294 1187 1340 daemones,
1209 1306 1306 1342 quos
1332 1297 1333 1303 ’

252 1346 429 1391 dicebam
460 1353 562 1383 esse
581 1358 692 1383 aerea
721 1349 910 1396 quaedam
942 1347 1137 1392 animalia3
1167 1354 1203 1383 et
1235 1347 1305 1384 sub

248 1388 533 1448 hss‘ponebant
560 1399 706 1436 animas
725 1400 948 1446 hominum,
976 1412 1072 1449 quas
1096 1412 1164 1448 per
1191 1399 1306 1436 virtu-

250 1451 296 1490 tis
324 1451 503 1489 meritum
531 1451 581 1489 ad
610 1452 770 1491 deorum
798 1454 860 1490 vel
889 1454 1122 1490 daemonum
1150 1452 1306 1489 societa-

250 1513 329 1543 tem
357 1505 498 1542 assumi
528 1506 742 1543 credebant.
778 1506 827 1542 Et
855 1506 1033 1542 omnibus
1069 1505 1126 1542 his
1164 1506 1307 1542 cultum

253 1557 454 1595 divinitatis
483 1558 727 1595 exhibebant:
755 1566 797 1595 ut
823 1558 1060 1606 Augustinus
1094 1566 1240 1604 narrat,
1269 1558 1306 1594 in

305 1662 387 1700 Has
420 1671 548 1700 autem
585 1663 680 1700 duas
713 1663 863 1699 ultimas
901 1663 1099 1712 opiniones
1134 1663 1335 1700 dicebant³

250 1714 439 1775 pertinere
458 1715 507 1752 ad
520 1716 721 1775 physicam
740 1715 988 1766 theologiam.
1008 1728 1123 1764 quam
1143 1715 1309 1775 philoso-
1335 1717 1336 1723 ’

251 1766 318 1818 phi
337 1768 654 1805 considerabant
646 1781 682 1805 m
705 1769 863 1815 mundo,
881 1778 918 1807 et
936 1769 1150 1807 docebant
1142 1781 1181 1806 in
1200 1770 1309 1806 scho-

252 1820 308 1858 lis.
337 1840 362 1849 —
390 1821 515 1858 Aliam
544 1833 651 1866 vero,
681 1822 728 1858 de
758 1823 859 1858 cultu
887 1822 1106 1868 hominum,
1135 1822 1310 1859 dicebant

252 1874 441 1923 pertinere
470 1874 518 1911 ad
546 1874 1026 1924 theologiamfabularem:
1051 1887 1147 1923 quae
1176 1887 1309 1911 secun·
1335 1871 1336 1889 ³

255 1926 347 1964 dum
366 1927 549 1975 figmenta
562 1935 763 1975 poetarum
783 1929 1135 1975 repraesentabatur
1149 1927 1187 1964 in
1206 1928 1308 1964 thea-

253 1979 330 2017 tris.
359 2001 383 2008 -
419 1980 544 2016 Aliam
573 1992 666 2016 vero
702 1980 943 2028 opinionem,
974 1981 1020 2017 de
1061 1980 1308 2028 imaginibus,

255 2032 430 2070 dicebant
461 2032 648 2081 pertinere
677 2033 724 2069 ad
760 2033 905 2070 civilem
933 2033 1182 2083 theologiam.-
1210 2046 1308 2082 quae
1335 2034 1337 2056 l

308 2138 452 2175 Omnia
471 2146 597 2175 autem
626 2139 722 2176 haec
741 2139 790 2176 ad
818 2139 1124 2187 superstitionem
1151 2138 1308 2176 idolola-

254 2190 345 2228 triae
372 2191 620 2240 pertinebant.
642 2191 753 2228 Unde
772 2192 1005 2239 Augustinus
1025 2192 1125 2238 dicit,
1146 2191 1184 2228 in
1213 2193 1244 2228 11
1265 2192 1311 2228 de
1336 2213 1338 2229 .

255 2244 365 2281 Doct.
388 2244 523 2281 Christ.
542 2243 583 2280 *:
612 2245 911 2292 Superstitiosum
931 2250 984 2281 est
1010 2245 1190 2293 quidquid
1211 2245 1310 2281 insti·
1336 2269 1338 2276 ·

255 2301 374 2334 tutum
410 2297 459 2334 ab
485 2297 696 2334 hominibus
731 2303 785 2334 est
810 2298 861 2334 ad
884 2298 1067 2345 facienda
1095 2302 1131 2334 et
1156 2297 1311 2334 colenda

255 2407 469 2468 creaturam
491 2408 690 2450 partemve
718 2402 832 2439 ullam
861 2408 1068 2440 creaturae.

308 2566 333 2601 Θ)
352 2567 512 2592 huiusmodi.
523 2580 543 2587 —
555 2568 682 2599 partibus
700 2568 797 2593 addunt
815 2568 861 2593 Pa.
873 2582 893 2587 -
910 2568 963 2594 Pro
975 2571 1001 2593 et
1017 2571 1122 2597 narrat,
1138 2571 1167 2593 ut
1181 2571 1278 2593 narrat
1286 2569 1316 2593 P.

309 2603 328 2636 ι)
347 2603 456 2628 scilicet.
468 2616 488 2620 —
505 2603 575 2628 sicut
591 2603 739 2628 ABDFHL.

309 2639 335 2670 κ)
353 2645 406 2663 eos.
419 2652 438 2657 -
455 2645 501 2663 eas
519 2638 621 2670 CHKL,
639 2646 692 2663 om.
712 2639 734 2668 1;
754 2646 801 2671 pro
819 2646 892 2671 quos,
911 2645 977 2671 quas
995 2638 1072 2664 AFE.

308 2672 338 2705 λ)
351 2673 499 2706 pertinens,
518 2674 566 2698 vel.
578 2687 599 2693 —
616 2674 657 2698 uel
669 2674 809 2706 pertinens
827 2674 874 2699 Pa.

310 2709 339 2743 μ.)
362 2709 427 2733 Uno.
439 2722 458 2729 —-
471 2708 541 2734 enim
555 2709 651 2738 addunt
668 2709 802 2740 PCDEGL
817 2714 842 2734 et
855 2714 916 2741 post
930 2709 1009 2734 modo
1028 2709 1068 2734 ed.
1083 2716 1108 2738 a,
1123 2709 1227 2741 quidem
1247 2709 1317 2734 addit

255 2743 290 2770 Κ.
301 2757 321 2763 -
338 2744 390 2768 Pro
404 2747 495 2776 potest
511 2743 674 2776 significare,
692 2744 827 2777 significat
845 2745 874 2768 P.

310 2779 334 2812 ν)
353 2779 440 2804 cadet.
451 2792 471 2798 —
488 2779 562 2804 cadit
579 2779 700 2804 PGHLa.

311 2812 335 2846 ξ)
354 2814 466 2840 dicetur.
479 2827 499 2833 -
517 2814 616 2839 dicitur
633 2814 734 2839 ABFG.
745 2827 764 2833 —
781 2814 845 2839 Post
868 2814 1011 2839 secundum
1034 2814 1053 2838 P
1072 2814 1142 2838 addit
1160 2814 1215 2839 hoc.

2333 216 2404 251 305

1355 305 1433 330 non
1462 301 1517 330 est
1535 293 1644 340 fides,
1665 293 1733 330 sed
1752 293 1842 330 fidei
1870 291 2088 342 protestatio
2112 304 2181 341 per
2205 292 2327 340 aliqua
2348 304 2409 328 ex-

1354 345 1492 383 teriora
1520 346 1636 393 signa,
1655 345 1705 382 ita
1733 345 1944 395 superstitio
1974 353 2030 382 est
2056 345 2247 393 quaedam
2276 345 2409 381 infide-

1355 399 1463 435 litatis
1491 399 1709 446 protestatio
1738 411 1806 447 per
1835 398 2059 436 exteriorem
2089 399 2242 435 cultum.
2280 398 2409 444 Quam

1357 451 1511 499 quidem
1530 452 1840 499 protestationem
1856 463 1999 488 nomen
2018 450 2251 488 idololatriae
2270 450 2408 498 signifi-

1357 511 1435 539 cat:
1465 515 1543 540 non
1572 511 1699 541 autem
1728 516 1871 541 nornen
1895 503 2072 550 haeresis,
2094 503 2162 540 sed
2189 504 2315 540 solum
2345 503 2409 539 fal-

1356 567 1438 592 sam
1459 555 1691 603 opinionem.
1721 557 1770 593 Et
1790 557 1876 594 ideo
1896 557 2062 593 haeresis
2089 564 2143 593 est
2162 556 2306 604 species
2326 555 2410 592 infi-

1357 607 1535 645 delitatis:
1566 609 1633 645 sed
1652 609 1864 646 idololatria
1884 618 1939 646 est
1958 609 2102 658 species
2123 608 2408 657 superstitionis.

1409 663 1468 696 Ab
1492 672 1681 697 SECUNDUM
1706 674 1888 699 memnon
1912 662 2016 710 quod
2035 674 2176 698 nomen
2196 662 2323 698 latriae
2344 661 2411 698 du-

1357 713 1499 762 pliciter
1526 713 1644 761 accipi
1672 722 1806 762 potest.
1840 715 1926 752 Uno
1947 721 1964 743 ¹*
1992 715 2110 752 modo
2149 722 2272 763 potest
2300 714 2410 761 signi-

1357 766 1473 802 ficare
1500 766 1712 803 humanum
1734 775 1860 803 actum
1889 767 1937 804 ad
1958 768 2099 804 cultum
2127 767 2199 803 Dei
2222 767 2411 816 pertinen-

1358 826 1448 854 tem.
1479 819 1527 854 Et
1555 819 1766 856 secundum
1790 820 1875 866 hoc,
1897 832 1975 856 non
1993 820 2160 856 variatur
2188 819 2410 867 significatio

1357 870 1469 907 huius
1489 871 1653 907 nominis
1673 871 1795 917 latria,
1813 872 2037 921 cuicumque
2057 873 2295 909 exhibeatur:
2323 872 2412 920 quia

1330 947 1331 956 ,
1360 923 1450 960 illud
1479 923 1537 959 cui
1566 924 1761 960 exhibetur
1793 937 1870 960 non
1899 926 2007 961 cadet
2025 930 2058 971 V,
2086 925 2297 962 secundum
2325 925 2411 972 hoc,

1360 976 1395 1012 in
1427 975 1506 1012 eius
1528 976 1758 1013 definitione.
1788 977 1837 1012 Et
1864 977 2074 1014 secundum
2099 978 2172 1014 hoc
2199 978 2305 1014 latria
2331 977 2414 1014 uni-

1358 1041 1455 1066 voce
1477 1029 1619 1065 dicetur
1638 1027 1648 1054 ξ
1678 1030 1888 1066 secundum
1909 1030 2011 1077 quod
2031 1030 2190 1078 pertinet
2215 1031 2263 1067 ad
2281 1042 2414 1067 veram

1331 1118 1332 1124 ,
1360 1081 1592 1129 religionem,
1615 1090 1650 1118 et
1678 1082 1888 1118 secundum
1919 1082 2022 1130 quod
2041 1083 2199 1130 pertinet
2227 1083 2274 1120 ad
2294 1083 2412 1119 idolo-

1359 1135 1527 1171 latriam:
1557 1135 1653 1171 sicut
1679 1134 1815 1171 solutio
1844 1134 1970 1171 tributi
1992 1134 2155 1171 univoce
2184 1135 2316 1172 dicitur
2335 1136 2414 1172 sive

1361 1188 1579 1224 exhibeatur
1597 1200 1690 1224 vero
1720 1188 1808 1235 regi,
1830 1187 1910 1224 sive
1929 1187 2035 1224 falso.
2057 1209 2080 1216 -
2100 1188 2185 1224 Alio
2215 1188 2332 1224 modo
2352 1200 2413 1224 ac-

1361 1241 1494 1289 cipitur
1528 1240 1634 1277 latria
1669 1249 1780 1289 prout
1813 1248 1868 1277 est
1905 1240 2007 1278 idem
2045 1240 2224 1288 religioni.
2269 1242 2317 1277 Et
2344 1241 2415 1286 sic,

1361 1306 1448 1330 cum
1477 1293 1523 1330 sit
1549 1293 1687 1340 virtus,
1719 1294 1765 1330 de
1795 1293 1940 1330 ratione
1970 1294 2049 1330 eius
2078 1301 2134 1329 est
2162 1293 2268 1341 quod
2296 1294 2416 1329 cultus

1362 1346 1511 1383 divinus
1541 1346 1762 1383 exhibeatur
1790 1346 1824 1382 ei
1854 1346 1913 1382 cui
1943 1346 2055 1383 debet
2083 1346 2261 1390 exhiberi.
2291 1347 2340 1383 Et
2359 1359 2416 1382 se-

1362 1400 1529 1436 cundum
1558 1400 1632 1435 hoc
1659 1399 1765 1436 latria
1793 1399 2001 1446 aequivoce
2032 1398 2175 1436 dicetur
2193 1405 2206 1420 ⁰
2235 1399 2281 1435 de
2310 1399 2415 1436 latria

1332 1453 1334 1496 ἶ
1361 1464 1475 1489 verae
1505 1451 1703 1510 religionis,
1735 1460 1771 1488 et
1799 1451 1844 1488 de
1873 1452 2101 1488 idololatria:
2131 1452 2227 1488 sicut
2253 1452 2416 1500 pruden-

1333 1513 1335 1546 ὲ
1361 1505 1411 1542 tia
1439 1504 1648 1552 aequivoce
1669 1504 1803 1541 dicitur
1831 1504 1878 1541 de
1907 1505 2105 1552 prudentia
2133 1517 2229 1552 quae
2259 1513 2314 1541 est
2340 1505 2417 1541 vir-

1333 1573 1335 1581 ·
1361 1565 1432 1604 tus,
1454 1565 1490 1593 et
1518 1557 1566 1593 de
1593 1557 1793 1604 prudentia
1822 1569 1919 1604 quae
1950 1565 2005 1593 est
2033 1557 2164 1593 carnis.

1415 1611 1474 1646 AD
1488 1621 1648 1646 TERTluM
1668 1621 1851 1646 monimum
1871 1610 1976 1658 quod
1995 1611 2200 1658 Apostolus
2220 1609 2386 1657 intelligit
2399 1615 2418 1631 π

1362 1662 1454 1699 nihil
1480 1674 1558 1699 esse
1594 1662 1632 1698 in
1668 1662 1829 1708 mundo,
1859 1662 1947 1710 quia
1982 1662 2166 1709 imagines
2202 1661 2285 1698 illae
2320 1674 2417 1711 quae

1361 1715 1463 1752 idola
1499 1715 1739 1761 dicebantur,
1770 1727 1847 1751 non
1886 1723 1991 1752 erant
2027 1715 2216 1752 animatae
2254 1722 2319 1751 aut
2354 1715 2419 1751 ali-

1363 1780 1479 1817 quam
1498 1768 1678 1805 virtutem
1704 1767 1907 1805 divinitatis
1926 1769 2121 1813 habentes,
2143 1768 2238 1804 sicut
2258 1768 2419 1804 Hermes

1362 1822 1531 1870 ponebat
1549 1821 1579 1867 ³⁸,
1601 1821 1707 1869 quasi
1728 1829 1827 1857 esset
1846 1821 1986 1869 aliquid
2006 1821 2262 1869 compositum
2283 1833 2328 1857 ex
2347 1820 2420 1869 spi·
2447 1832 2458 1843 ·

1364 1874 1434 1911 ritu
1464 1883 1500 1910 et
1528 1886 1699 1922 corpore.
1721 1895 1744 1901 -
1775 1874 1823 1909 Et
1850 1874 2018 1910 similiter
2055 1873 2335 1921 intelligendum
2367 1883 2420 1910 est

1364 1929 1468 1975 quod
1505 1927 1611 1963 idolis
1646 1927 1878 1963 immolatum
1907 1938 1980 1963 non
2019 1932 2073 1963 est
2106 1927 2249 1974 aliquid
2266 1931 2299 1972 Ρ,
2330 1927 2418 1974 quia

1336 2008 1337 2025 ἢ
1363 1992 1431 2029 per
1467 1979 1685 2016 huiusmodi
1716 1979 2019 2015 immolationem
2059 1992 2190 2016 carnes
2219 1980 2420 2015 immolati-

1364 2034 1437 2070 tiae
1456 2038 1473 2053 ⁶
1501 2045 1625 2080 neque
1654 2032 1820 2081 aliquam
1841 2032 2178 2069 sanctificationem
2209 2045 2419 2080 conseque-

1363 2087 1512 2131 bantur,
1531 2094 1573 2122 ut
1600 2086 1756 2133 gentiles
1776 2085 1979 2133 putabant;
2010 2097 2133 2132 neque
2163 2085 2328 2133 aliquam
2350 2086 2419 2121 im-

1365 2138 1602 2184 munditiam,
1623 2146 1663 2174 ut
1692 2138 1874 2187 putabant
1903 2138 2042 2175 Iudaei.

1417 2194 1475 2228 AD
1500 2202 1673 2233 QUARTUM
1698 2202 1882 2228 D1CEND1JM
1907 2191 2012 2240 quod
2033 2202 2078 2227 ex
2105 2190 2301 2227 communi
2331 2202 2419 2226 con-

1365 2244 1563 2280 suetudine
1598 2256 1673 2292 qua
1715 2251 1903 2280 creaturas
1945 2255 2208 2291 quascumque
2247 2243 2423 2279 colebant

1364 2297 1626 2344 gentiles-sub
1661 2297 1891 2345 quibusdam
1929 2296 2173 2344 imaginibus,
2201 2295 2422 2344 impositum

1366 2358 1421 2386 est
1433 2351 1509 2386 hoc
1524 2361 1667 2386 nomen
1687 2349 1898 2386 idololatria
1914 2350 1962 2386 ad
1982 2349 2272 2397 significandum
2287 2361 2424 2396 quem-

1366 2414 1532 2450 cumque
1559 2404 1700 2439 cultum
1722 2411 1926 2448 creaturae,
1949 2410 1984 2439 et
2002 2408 2017 2424 τ
2046 2402 2158 2439 etiam
2179 2402 2207 2438 si
2229 2402 2309 2438 sine
2329 2401 2422 2438 ima-

1367 2455 1515 2503 ginibus
1543 2456 1662 2492 fieret.

1422 2567 1450 2601 ο)
1468 2568 1579 2592 dicetur.
1591 2581 1612 2588 -
1630 2568 1729 2593 dicitur
1746 2568 1867 2592 PABFG.

1422 2602 1452 2635 π)
1472 2603 1605 2636 intelligit.
1618 2617 1637 2622 -
1656 2604 1754 2628 idolum
1774 2604 1871 2628 addunt
1889 2603 2030 2628 PDGHlsC
2049 2608 2074 2628 et
2092 2610 2117 2631 a,
2138 2602 2210 2627 idola
2229 2603 2298 2627 addit
2316 2603 2363 2628 sK.

1422 2638 1449 2671 ρ)
1468 2639 1632 2663 immolatum
1652 2646 1703 2663 non
1723 2642 1762 2663 est
1779 2638 1890 2670 aliquid.
1910 2653 1927 2656 -
1947 2645 1997 2662 non
2017 2641 2056 2662 est
2074 2637 2176 2670 aliquid
2200 2638 2363 2662 immolatum
2382 2638 2426 2662 PA

1368 2674 1564 2703 BCEFGIKLa,
1583 2674 1796 2706 (intelligendum
1815 2677 1854 2698 est
1873 2673 1906 2698 de
1923 2673 1983 2698 aliis
2001 2673 2072 2705 quod
2091 2673 2179 2704 idolis)
2205 2680 2255 2697 non
2275 2676 2315 2697 est
2333 2673 2425 2698 immo-

1369 2709 1690 2777 lanessrrlimlri'iomtiffm-
1709 2743 1888 2768 immolativae
1910 2743 1994 2776 AFpC
2020 2748 2045 2767 et
2063 2742 2128 2767 forte
2147 2743 2177 2772 D.
2197 2742 2308 2774 (carnis)
2333 2742 2424 2767 immo-

1368 2779 1440 2803 latae
1458 2779 1491 2803 G.
1505 2793 1523 2798 -
1541 2786 1623 2810 neque
1642 2787 1696 2804 om.
1716 2779 1761 2809 Pa,
1782 2783 1840 2803 ante
1858 2778 2084 2810 consequebantur
2102 2777 2122 2802 Ρ
2141 2778 2209 2802 addit
2228 2785 2287 2802 non.

1423 2812 1451 2847 τ)
1467 2817 1531 2839 et.·-·
1549 2814 1612 2840 Om.
1630 2814 1753 2838 PCDGK.

935 2899 1263 2932 Commentariis
1287 2898 1534 2932 Car-dinatus
1557 2899 1755 2933 Caietam

288 2989 308 3010 u
332 2978 464 3010 articulo
495 2978 599 3018 primo
628 2978 821 3019 quaestionis
844 2977 1215 3018 nonagesimaequartae,
1239 2985 1315 3009 nota

261 2991 355 3054 Iduo
378 3033 437 3063 pro
462 3022 599 3054 claritate
622 3022 750 3053 litterae.
774 3022 892 3058 Primo,
909 3022 997 3062 quod
1020 3032 1108 3059 cum,
1129 3022 1208 3053 circa
1231 3023 1316 3063 prin—

259 3066 378 3108 cipium
403 3066 546 3106 corporis
568 3066 700 3102 articuli,
716 3065 844 3096 dicitur:
867 3065 1064 3097 Huiusmodi
1086 3071 1191 3097 autem
1211 3067 1316 3098 cultus

258 3111 397 3155 diuinus,
421 3111 504 3141 sicut
526 3115 696 3141 creaturae
718 3109 924 3141 insensibili*
951 3110 1166 3147 exhibebatur,
1185 3116 1253 3147 etc„
1270 3111 1315 3141 ita

259 3156 354 3186 etiam
368 3164 385 3185 e
398 3164 562 3192 converso,
575 3161 644 3190 etc„
660 3164 770 3185 sensus
787 3160 834 3185 est
848 3154 936 3195 quod
951 3154 1041 3190 sicut,
1055 3154 1230 3185 exhibendo
1247 3164 1314 3185 sen-

258 3199 360 3230 sibilia
382 3198 530 3230 sacrificia
552 3198 725 3229 insensibili
748 3205 915 3234 creaturae,
940 3198 1163 3229 ascendebatur
1186 3208 1204 3229 a
1220 3198 1316 3229 sensi-

259 3243 374 3275 bilibus
387 3243 426 3273 ad
442 3242 648 3279 insensibilia;
668 3242 720 3278 ita,
737 3243 859 3273 cultum
875 3242 1051 3273 exhibendo
1067 3242 1171 3279 idolis,
1188 3242 1316 3273 descen-

259 3287 391 3318 debatur
413 3287 451 3317 ab
467 3286 699 3317 insensibilibus
714 3287 807 3318 rebus
822 3285 1059 3327 repraesentatis
1080 3287 1130 3317 vel
1153 3287 1316 3318 occultatis

260 3332 301 3364 ad
323 3330 480 3362 sensibilia
502 3331 603 3367 idola;
634 3330 678 3361 ita
700 3337 736 3361 ut
756 3330 850 3361 idolis
872 3330 949 3371 ipsis
975 3330 1078 3362 cultus
1101 3330 1314 3367 exhiberetur,

261 3375 470 3409 diversimode
492 3382 607 3411 tamen,
632 3380 668 3405 ut
690 3373 846 3405 in'littera
868 3373 1077 3414 subiungitur.

311 3419 469 3455 Secundo,
491 3419 579 3460 quod
602 3428 677 3449 cum
691 3425 833 3448 narratur
848 3417 958 3457 opinio
975 3418 1013 3448 de
1028 3418 1168 3448 animato
1184 3418 1316 3454 mundo,

261 3462 294 3503 ly
315 3464 399 3494 sicut
413 3463 505 3493 homo
519 3463 637 3493 dicitur
650 3463 778 3502 sapiens
791 3466 926 3502 propter
939 3463 1094 3500 animam,
1110 3472 1172 3492 non
1184 3467 1318 3502 propter

262 3515 388 3547 corpus,
405 3506 604 3537 referendum
620 3513 667 3537 est
681 3506 720 3536 ad
735 3506 767 3546 ly
787 3505 923 3542 Quidam
940 3515 1015 3536 uero
1030 3506 1252 3537 existimabant
1269 3511 1316 3536 to-

403 3568 513 3593 Smmu
530 3567 632 3593 Taaot..
651 3567 682 3592 D.
695 3566 809 3591 Taenare
828 3566 860 3591 T.
878 3566 921 3591 VI.

1368 2983 1434 3008 tum
1458 2979 1610 3009 mundum
1635 2987 1703 3008 esse
1726 2988 1824 3009 unum
1843 2979 1964 3016 Deum,
1990 2987 2052 3008 non
2070 2983 2205 3018 propter
2228 2979 2424 3019 corporalem

1367 3022 1588 3060 substantiam,
1602 3022 1657 3053 sed
1669 3028 1803 3063 propter
1817 3024 1968 3053 animam.
1989 3022 2034 3053 Ita
2046 3023 2135 3062 quod
2151 3033 2259 3053 sensus
2276 3030 2322 3053 est
2337 3023 2426 3063 quod

1368 3066 1448 3097 sicut
1472 3066 1616 3103 dicimus,
1639 3067 1748 3097 Homo
1764 3072 1811 3098 est
1831 3067 1969 3107 sapiens,
1985 3066 2028 3097 ita
2043 3066 2089 3096 illi
2104 3066 2257 3102 dicebant,
2282 3067 2425 3097 Mundus

1368 3115 1415 3141 est
1436 3111 1544 3141 Deus:
1574 3116 1746 3151 utrumque
1770 3110 1855 3141 enim
1878 3110 1990 3141 dicitur
2013 3109 2051 3140 de
2075 3117 2143 3141 toto
2167 3111 2286 3141 ratione
2313 3110 2425 3150 partis,

1368 3154 1484 3185 scilicet
1500 3154 1630 3185 animae.
1656 3155 1696 3185 Et
1715 3155 1789 3195 quia
1804 3155 1964 3185 mundum
1979 3154 2123 3185 dicebant
2137 3154 2251 3190 Deum,
2269 3154 2427 3194 quaelibet

1368 3208 1439 3238 pars
1454 3198 1566 3228 mundi
1583 3205 1647 3229 erat
1662 3208 1733 3239 pars
1749 3199 1818 3237 Dei,
1836 3198 1981 3239 quamvis
1998 3208 2063 3228 non
2080 3198 2213 3229 deitatis:
2234 3198 2315 3228 sicut
2333 3208 2426 3238 quae-

1367 3242 1443 3273 libet
1466 3253 1537 3282 pars
1559 3242 1699 3273 hominis
1723 3249 1768 3273 est
1791 3252 1862 3282 pars
1878 3242 2035 3283 sapientis,
2059 3243 2204 3282 quamvis
2220 3251 2285 3272 non
2302 3242 2424 3282 sapien-

1369 3286 1439 3317 tiae.
1463 3286 1538 3317 Ideo
1558 3286 1685 3318 cuilibet
1703 3286 1782 3326 parti
1798 3287 1910 3317 mundi
1927 3286 2048 3316 cultum
2063 3286 2257 3322 exhibebant,
2274 3293 2426 3326 tanquam

1369 3330 1450 3370 parti
1472 3330 1570 3361 totius
1593 3330 1725 3362 subiecti
1748 3330 1884 3361 deitatis:
1908 3330 2182 3371 quemadmodum
2205 3330 2318 3370 aliquis
2333 3340 2425 3360 vene-

1369 3381 1455 3404 ratur
1473 3384 1586 3404 manus
1608 3374 1666 3404 viri
1689 3374 1846 3415 sapientis,
1863 3381 2013 3414 tanquam
2037 3380 2158 3414 partem
2181 3374 2278 3405 totius
2295 3374 2425 3404 subiecti

1371 3418 1493 3448 animae
1516 3418 1673 3458 sapientis.

1425 3462 1463 3492 11.
1489 3462 1522 3492 ln
1546 3462 1751 3502 responsione
1775 3462 1815 3491 ad
1838 3461 1977 3501 primum
2000 3461 2141 3491 eiusdem
2157 3461 2277 3492 articuli
2292 3462 2426 3492 dubium

1371 3505 1525 3544 occurrit,
1554 3516 1594 3536 an
1624 3505 1821 3536 Christianus
1849 3505 2049 3536 committens
2076 3511 2182 3536 actum
2211 3505 2425 3541 idololatriae,

2254 3565 2285 3599 39

2472 1831 2509 1853 cf.
2522 1837 2585 1859 corp.
2601 1835 2642 1852 arr.
