2860 4244
79 967 90 978 ‘
103 965 175 988 Num.
189 971 239 994 seq.

78 1007 88 1016 ⁸
102 1005 172 1028 Num.
187 1011 209 1027 v.

89 2417 199 2441 (κιαι.
213 2423 281 2446 pne-

0 3542 11 3615 ᾗ

0 3603 20 3737 {22

189 1482 195 1486 ,
232 1454 347 1480 ,ΑΛ

979 273 1246 319 QUAESTlo
1261 275 1474 323 ,LXXV11,
1502 275 1798 312 ART1CULUS
1828 277 1841 311 1

319 361 368 382 res
391 360 472 391 quae
496 350 626 391 publico
656 360 812 392 praecone
835 350 1059 381 subhastantur
1089 357 1120 381 et
1148 351 1254 381 minus
1282 361 1380 392 quam

319 395 464 426 absolute
487 395 611 426 valeant
629 396 825 431 venduntur,
851 394 1063 425 communiter
1092 394 1206 425 iniuste
1230 403 1379 426 emerent.

318 439 360 470 Et
386 445 615 479 consequenter
637 439 727 480 quod
745 446 880 470 rectores
903 438 1092 479 reipublicae
1120 448 1247 469 causam
1271 440 1380 470 darent

319 482 436 523 iniquis
459 482 686 523 emptionibus.

375 526 410 557 In
433 526 621 566 oppositum
643 533 751 557 autem
778 533 824 557 est
853 526 930 567 quia
958 527 985 557 si
1016 526 1137 557 iustum
1160 527 1297 566 pretium
1327 527 1379 557 de-

318 570 503 601 terminetur
518 577 638 601 attento
654 571 753 600 modo
767 570 934 606 vendendi,
951 577 1135 611 sequeretur
1149 571 1238 611 quod
1256 570 1379 601 licitum

319 621 400 645 esset
421 624 526 645 emere
541 614 648 645 minus
671 623 770 654 quam
785 614 887 644 valeat
902 624 959 650 res,
977 615 1016 644 ab
1039 614 1088 645 his
1111 615 1176 654 qui,
1197 614 1379 645 necessitate

318 657 507 698 indigentiae
530 657 604 694 acti,
629 658 713 688 ultro
735 658 878 688 vendunt
899 658 994 698 longe
1018 659 1124 688 minus
1147 668 1244 699 quam
1268 659 1379 689 eadem

318 711 367 732 res
397 702 429 733 in
457 701 571 732 eodem
598 701 674 732 loco
704 701 916 732 communiter
938 702 1102 734 vendatur.
1134 703 1231 739 Quod
1255 702 1378 732 videtur
1403 721 1405 725 -

317 745 485 776 iniustum:
518 745 594 785 quia
622 754 688 776 non
717 745 852 780 omnino
875 746 1055 778 voluntaria
1081 753 1128 777 est
1158 745 1377 782 commutatio,

317 789 374 820 sed
403 788 640 825 semiviolenta;
674 789 755 820 sicut
783 790 913 830 quando
941 790 1012 830 quis
1042 790 1167 830 proiicit
1196 799 1315 821 merces
1339 789 1378 819 -in

317 842 403 868 mare
425 842 466 863 ne
489 840 607 874 pereat.

371 876 410 911 11,
433 879 487 907 Aa
508 876 698 907 evidentiam
715 877 810 908 huius
834 877 1034 914 difficultatis,
1055 878 1112 909 tria
1134 877 1270 908 videnda
1286 883 1375 908 sunt:
1402 895 1404 904 ι

315 919 431 960 primo,
454 920 488 950 in
506 930 573 962 quo
589 921 739 952 consistat
761 921 942 959 difficultas;
966 922 1116 958 secundo,
1141 920 1378 952 determinanda
1402 927 1404 952 ι’

314 963 427 995 veritas
442 963 474 1000 *;
498 965 600 1001 tertio,
625 965 795 996 solvendae
818 973 892 997 sunt
915 977 951 997 ex
965 967 1094 997 veritate
1117 964 1316 996 difficultates
1332 973 1380 995 ac·
1402 984 1403 1002 ἢ

315 1007 454 1039 cidentes
473 1007 500 1040 *.
529 1009 647 1046 Quoad
667 1009 818 1050 primum,
843 1017 1036 1042 concurrunt
1061 1009 1095 1040 in
1118 1009 1181 1039 hoc
1203 1018 1277 1039 casu
1301 1007 1376 1038 tria:
1401 1033 1403 1048 4

314 1051 433 1083 scilicet
462 1053 580 1084 modus
610 1053 766 1084 vendendi
779 1077 786 1090 ‚
816 1054 933 1085 scilicet
965 1053 1147 1094 quaerendo
1181 1059 1374 1092 emptorem;

314 1105 409 1127 causa
430 1097 598 1134 vendendi,
613 1104 689 1137 puta
712 1098 888 1134 necessitas,
904 1099 954 1128 vel
977 1097 1097 1137 aliquid
1120 1096 1217 1131 aliud,
1238 1103 1314 1132 etc.;
1347 1102 1378 1126 et
1401 1110 1403 1116 π’

314 1140 485 1172 diminutio
508 1141 656 1172 notabilis
678 1141 768 1181 pretii
791 1148 935 1182 respectu
959 1141 1050 1182 pretii
1073 1140 1287 1172 communiter
1306 1149 1378 1170 cur-

314 1184 420 1216 rentis.
449 1184 544 1216 Verbi
566 1185 682 1225 gratia,
706 1195 832 1225 pannus
852 1186 912 1216 iste
935 1195 954 1216 a
975 1185 1204 1216 mercatoribus
1230 1193 1376 1215 commu·
1401 1219 1402 1222 Ἴ

314 1228 394 1260 niter
415 1228 562 1260 venditur
584 1235 727 1260 centum:
750 1239 821 1269 ego,
837 1229 893 1270 qui
910 1230 994 1261 ultro
1010 1229 1109 1260 offero
1128 1236 1159 1259 et
1177 1238 1296 1269 quaero
1313 1238 1377 1258 em-

312 1278 449 1312 ptorem,
473 1282 539 1304 non
561 1272 690 1305 invenio
714 1273 770 1314 qui
783 1273 860 1304 velit
882 1273 961 1304 mihi
985 1274 1058 1304 dare
1081 1273 1155 1313 plus
1171 1283 1270 1313 quam
1286 1279 1375 1303 octo·
1400 1272 1402 1316 ζ

311 1315 412 1356 ginta;
428 1322 460 1346 et
473 1316 528 1353 sic,
541 1316 697 1347 vendente
713 1327 764 1348 me
780 1327 839 1358 pro
855 1317 1027 1358 octoginta,
1043 1317 1138 1357 longe
1155 1317 1261 1348 minus
1277 1326 1375 1357 quam
1400 1317 1402 1356 ᾖ

312 1359 526 1391 cummuniter
540 1361 624 1391 valet
645 1360 771 1392 emitur.
794 1362 840 1392 Ex
859 1363 976 1403 quibus
991 1368 1122 1402 apparet
1140 1362 1225 1392 unde
1241 1360 1376 1391 difficul-
1400 1361 1401 1390 ἐ

311 1410 361 1435 tas
381 1404 568 1447 consurffl't..
579 1405 663 1436 Nam
686 1406 804 1437 modus
826 1406 1002 1445 vendendi,
1025 1406 1142 1437 scilicet
1164 1406 1248 1436 ultro
1265 1405 1376 1436 offerre
1399 1406 1401 1440 ⁴]

445 1448 515 1479 “ere
530 1455 719 1489 emptorem,
741 1450 904 1483 manifeste
923 1451 955 1481 in
972 1450 1190 1482 aestimatione
1205 1449 1374 1480 hominum

311 1490 441 1529 vilificat
462 1502 530 1524 rem
552 1493 711 1524 venalem:
745 1495 912 1526 ultroneae
942 1504 1079 1535 namque
1108 1504 1246 1531 merces,
1276 1500 1311 1524 ut
1340 1492 1375 1523 in

311 1536 480 1576 peoverbio
503 1536 629 1574 dicitur,
655 1539 809 1570 vilescunt
825 1548 889 1579 pro
913 1540 1007 1570 tertia
1025 1543 1132 1578 parte.
1163 1538 1204 1568 Et
1226 1538 1251 1568 si
1275 1537 1375 1577 pretia
1398 1528 1401 1575 ἶ

311 1589 418 1611 nerum
440 1581 679 1619 determinanda
694 1589 769 1614 sunt
791 1589 889 1624 prout
911 1593 959 1613 res
981 1582 1186 1613 aestimantur
1209 1582 1247 1612 ab
1272 1580 1375 1611 homi·
1399 1576 1400 1613 ἰ

311 1624 422 1662 nibus,
446 1634 646 1666 consequens
666 1626 792 1658 videtur
814 1627 903 1668 quod
926 1627 1044 1658 modus
1065 1626 1124 1657 iste
1146 1625 1304 1656 vendendi
1327 1635 1374 1655 ra-

311 1668 503 1706 tionabilites
524 1670 648 1701 minuat
676 1670 715 1702 de
738 1671 840 1711 pretio
865 1671 1078 1702 communiter
1101 1670 1242 1701 invento.
1266 1687 1287 1693 -
1311 1669 1374 1700 Sed
1398 1697 1399 1720 Χ

311 1722 387 1744 cum
409 1713 526 1744 modus
549 1714 704 1744 vendendi
727 1715 889 1747 reducitur
910 1715 943 1747 in
967 1725 1096 1746 causam
1118 1714 1294 1750 vendendi,
1318 1724 1373 1754 ap·
1398 1722 1399 1732 ¹

309 1763 402 1798 paret
422 1757 619 1798 oppositum.
645 1758 729 1796 Quia
748 1759 961 1792 communiter
984 1760 1091 1790 minus
1107 1758 1285 1790 notabiliter
1297 1768 1373 1788 ven·
1398 1754 1399 1758 ’

310 1801 420 1835 dssntes
449 1811 487 1832 ex
509 1802 702 1839 necessitate,
720 1813 786 1834 non
806 1805 968 1836 voluntate
991 1804 1054 1835 hoc
1069 1803 1204 1834 faciunt:
1229 1809 1265 1833 ut
1288 1809 1374 1843 patet
1397 1806 1399 1839 1

310 1851 342 1877 et
363 1844 397 1877 in
418 1845 469 1876 his
490 1855 573 1887 quae
594 1846 835 1885 subhastantur;
865 1855 940 1880 sunt
967 1848 1053 1879 enim
1082 1848 1167 1878 bona
1194 1856 1374 1887 pauperum

309 1889 501 1927 debitorum,
516 1900 611 1931 quae,
626 1898 662 1922 ut
676 1891 805 1924 satisfiat
821 1893 966 1924 creditori
981 1893 1014 1923 in
1033 1892 1177 1933 pecunia,
1192 1892 1374 1922 venduntur
1397 1924 1399 1933 ¹

309 1933 382 1974 plus
410 1934 497 1970 danti
519 1935 576 1966 illo
599 1936 700 1967 modo
722 1937 896 1974 vendendi;
931 1944 962 1968 et
988 1944 1095 1968 totum
1125 1937 1188 1967 hoc
1217 1933 1373 1966 damn'nm
1397 1937 1399 1977 ᾗ

308 1976 443 2010 sustinet
463 1989 587 2019 pauper
607 1980 682 2021 quia
706 1991 771 2012 non
793 1982 888 2013 habet
911 1982 996 2012 unde
1018 1981 1106 2012 aliter
1124 1981 1237 2017 solvat,
1261 1980 1373 2010 saltem
1397 1981 1399 2025 j

308 2031 369 2063 pro
383 2028 469 2054 tunc.
493 2023 583 2055 Patet
604 2024 700 2055 etiam
721 2025 756 2056 in
777 2026 826 2056 his
849 2036 932 2067 quae
954 2035 1010 2066 per
1025 2025 1214 2056 mediatores
1230 2024 1372 2055 vendun-
1397 2031 1399 2062 ξ

309 2073 360 2098 tur
382 2066 422 2096 ab
443 2066 507 2098 illis
529 2067 585 2109 qui
605 2077 750 2100 emerunt
772 2071 812 2101 ad
834 2077 971 2110 tempus,
987 2079 1052 2100 non
1077 2076 1114 2100 ut
1135 2069 1189 2099 illa
1211 2069 1372 2104 haberent,

308 2111 365 2142 sed
387 2116 424 2142 ut
445 2111 551 2143 statim
564 2113 744 2150 venderent,
768 2121 804 2146 ut
826 2114 995 2155 pecuniam
1018 2114 1170 2144 haberent
1192 2113 1251 2144 sibi
1267 2122 1372 2143 neces-

307 2154 441 2191 sariam,
465 2162 496 2187 et
518 2156 581 2187 hoc
602 2157 679 2197 quia
701 2168 767 2190 non
789 2159 957 2190 inveniunt
979 2158 1035 2199 qui
1057 2158 1102 2188 eis
1125 2164 1263 2189 mutuet:
1297 2157 1373 2188 tales
1396 2183 1398 2196 ἲ,

308 2198 395 2242 enim
422 2200 511 2240 quod
540 2200 636 2231 hodie
663 2201 748 2233 iusto
772 2203 874 2244 pretio
905 2209 1016 2234 emunt
1038 2202 1141 2239 mille,
1170 2202 1267 2232 hodie
1298 2202 1373 2232 dant
1396 2205 1398 2242 j

307 2243 427 2275 ibidem
454 2253 513 2284 pro
537 2244 725 2285 octingentis
747 2247 798 2278 vel
821 2247 944 2284 minus,
970 2253 1066 2287 prout
1092 2253 1237 2286 possunt.
1261 2264 1282 2268 -
1307 2246 1374 2276 Stat

308 2297 383 2328 ergo
407 2287 574 2319 difficultas
597 2289 630 2319 in
653 2289 730 2321 hoc:
755 2301 795 2322 an
811 2292 928 2322 modus
947 2291 1114 2327 vendendi,
1132 2300 1172 2321 an
1188 2300 1282 2321 causa
1298 2300 1373 2321 ven·
1396 2306 1398 2339 ἶ

308 2331 413 2368 dendi,
438 2342 477 2362 an
501 2339 683 2374 utrumque,
707 2345 747 2365 an
771 2343 930 2372 neutrum,
955 2336 995 2366 sit
1018 2335 1075 2365 hac
1099 2334 1130 2364 in
1156 2344 1188 2365 re
1212 2334 1373 2375 pensitari·
1396 2348 1398 2367 2

308 2376 397 2407 dum.
413 2393 434 2399 —
458 2377 546 2408 Haec
569 2378 609 2408 de
631 2378 748 2417 primo.

363 2419 416 2451 111.
440 2421 557 2458 Quoad
572 2423 749 2453 secundum
764 2423 790 2460 *,
815 2424 894 2455 scito
918 2424 1007 2465 quod
1030 2423 1062 2453 in
1082 2422 1268 2453 huiusmodi
1285 2432 1372 2452 com·
1396 2449 1397 2452 ,

306 2464 548 2502 mutationibus,
571 2466 689 2507 scilicet
711 2468 874 2508 emptione
897 2475 928 2499 et
949 2467 1141 2503 venditione,
1167 2477 1232 2497 non
1257 2474 1304 2497 est
1326 2477 1373 2497 re-

307 2509 498 2540 currendum
511 2510 558 2540 ad
573 2520 609 2540 ea
627 2520 709 2551 quae
729 2519 803 2542 sunt
826 2523 882 2553 per
896 2512 1050 2548 accidens,
1067 2518 1145 2551 puta
1164 2511 1373 2542 donationem

306 2553 492 2590 admixtam,
517 2553 651 2585 dicendo
674 2557 762 2596 quod
785 2556 931 2587 venditor
954 2555 1166 2596 praesumitur
1189 2556 1318 2592 donare,
1343 2562 1374 2586 et

306 2596 504 2628 huiusmodi.
535 2597 622 2628 Tum
647 2599 723 2639 quia
750 2603 812 2631 noc
835 2611 901 2631 non
926 2607 972 2631 est
993 2608 1122 2630 verum:
1153 2599 1235 2630 sicut
1258 2609 1316 2630 nec
1339 2600 1371 2630 in

306 2649 422 2678 usura,
446 2641 542 2672 etiam
571 2642 598 2672 si
625 2643 692 2674 sine
716 2644 899 2676 necessitate
923 2645 1029 2685 aliqua
1051 2644 1123 2685 quis
1148 2643 1280 2684 accipiat
1302 2653 1373 2674 mu-

306 2692 400 2718 tuum
422 2686 482 2717 sub
505 2696 616 2723 usura,
641 2689 854 2727 praesumitur
877 2689 1006 2720 donare.
1037 2689 1126 2719 Tum
1151 2688 1227 2729 quia
1250 2689 1371 2719 iustum

306 2729 482 2771 quaeritur,
507 2740 575 2761 non
597 2731 738 2769 donum,
769 2733 803 2764 in
825 2733 1043 2774 emptionibus
1069 2740 1101 2763 et
1123 2732 1370 2764 venditionibus,

306 2773 348 2804 Et
369 2773 431 2804 hoc
454 2774 534 2804 bene
549 2782 634 2811 nota,
658 2786 699 2806 ne
721 2776 838 2808 fallaris
863 2778 1015 2809 dicendo:
1040 2776 1102 2807 Ine
1118 2786 1181 2807 non
1199 2782 1246 2808 est
1269 2778 1300 2807 in
1318 2787 1370 2807 ne-

306 2818 452 2848 cessitate
458 2825 472 2856 ;
487 2819 587 2849 voluit
602 2819 756 2858 vendere;
772 2831 863 2852 nemo
878 2823 992 2863 coegit.
1011 2822 1118 2851 Potuit
1130 2821 1261 2851 donare.
1278 2821 1371 2862 Ergo

305 2861 437 2893 donavit
450 2863 662 2902 superfluum.
687 2864 822 2904 Applica
843 2875 983 2906 namque
1006 2865 1083 2895 haec
1101 2865 1139 2894 ad
1164 2865 1371 2905 accipientem
1395 2899 1396 2904 ¹

305 2906 373 2937 sine
389 2905 571 2937 necessitate
594 2913 746 2938 mutuum
762 2909 821 2939 sub
837 2919 943 2947 usura,
967 2915 1004 2939 ut
1026 2909 1147 2939 dictum
1164 2915 1219 2944 est,
1245 2915 1275 2939 et
1298 2918 1369 2949 per·
1395 2920 1396 2926 ¹

305 2949 418 2991 spicies
447 2960 619 2981 erroneum
648 2961 715 2982 esse
745 2952 922 2984 discursum
949 2960 1061 2988 tuum,
1090 2959 1220 2992 propter
1243 2952 1370 2983 allatam
1394 2969 1396 2982 ι

306 3004 445 3031 causam,
469 2994 545 3036 quia
568 2996 777 3027 commutatio
794 3004 963 3033 exercetur,
986 3007 1053 3027 non
1077 2997 1217 3032 donum;
1241 2996 1369 3033 iustitia,

306 3049 372 3070 non
395 3037 563 3070 liberalitas
587 3039 795 3070 examinanda
819 3048 874 3072 est.

360 3083 401 3113 Et
424 3092 461 3113 ex
483 3082 546 3114 hoc
562 3082 663 3124 capite
681 3084 823 3125 sequitur
845 3085 935 3126 quod
958 3095 1052 3115 causa
1065 3084 1223 3115 vendendi
1247 3094 1303 3124 per
1318 3094 1369 3114 ac—

305 3126 413 3158 cidens
437 3137 469 3157 se
485 3126 580 3157 habet
601 3127 640 3157 ad
663 3127 784 3159 iustum
809 3129 956 3169 pretium,
973 3128 1033 3159 nisi
1049 3129 1204 3159 redundet
1219 3127 1252 3158 in
1269 3138 1369 3169 quan-

303 3171 427 3202 titatem
450 3171 605 3202 maiorem
619 3171 670 3202 vel
686 3172 844 3204 minorem
859 3173 975 3204 valoris
989 3172 1033 3203 rei
1049 3173 1179 3203 venalis.
1204 3172 1368 3209 Quoniam

296 3215 424 3248 ‘iustum
439 3216 579 3255 pretium
598 3215 874 3248 determinandum
890 3224 938 3248 est
952 3217 1129 3248 secundum
1145 3216 1368 3257 aequalitatem

302 3259 348 3291 rei
371 3260 411 3290 ad
429 3269 506 3296 rem,
523 3259 585 3290 hoc
601 3266 648 3291 est
669 3260 714 3291 rei
729 3261 848 3292 venalis
870 3262 910 3292 ad
933 3271 1000 3292 rem
1023 3271 1106 3302 quae
1129 3261 1222 3292 datur
1243 3271 1303 3301 pro
1319 3270 1366 3299 ea,

304 3311 335 3336 et
358 3314 375 3334 e
395 3314 560 3334 converso.
585 3303 677 3335 Unde
693 3304 758 3336 sive
777 3315 814 3336 ex
829 3305 1010 3346 indigentia,
1031 3305 1097 3336 sive
1112 3315 1148 3336 ex
1164 3305 1367 3342 abundantia,

303 3348 368 3379 sive
397 3358 434 3379 ex
458 3348 702 3389 complacentia,
725 3348 790 3380 sive
814 3360 851 3380 ex
874 3350 1024 3390 despectu
1049 3349 1120 3390 quis
1143 3349 1275 3386 vendat,
1301 3359 1366 3379 non
1392 3384 1393 3388 Ἰ

303 3399 438 3432 augetur
459 3393 509 3424 vel
533 3391 720 3423 diminuitur
742 3393 879 3433 pretium
903 3393 962 3424 nisi
976 3393 1132 3424 redundet
1153 3393 1186 3423 in
1210 3393 1366 3434 quantita-

302 3443 369 3468 tem
383 3436 499 3467 valoris
515 3436 558 3467 rei
573 3436 623 3466 vel
639 3436 822 3476 simpliciter
836 3437 886 3467 vel
900 3437 1062 3468 vendenti:
1083 3437 1274 3478 simpliciter,
1292 3447 1365 3467 cum

303 3481 498 3512 abundantia
513 3480 556 3511 rei
580 3487 666 3511 tanta
680 3487 727 3511 est
749 3482 838 3522 quod
857 3481 931 3512 facit
945 3491 1012 3512 rem
1025 3481 1144 3512 vilioris
1161 3481 1267 3521 pretii;
1291 3491 1366 3512 ven-

303 3525 390 3556 denti
409 3532 527 3561 autem,
551 3534 625 3555 cum
649 3524 894 3556 incommoditas
918 3525 968 3555 vel
990 3525 1162 3564 indigentia
1187 3524 1366 3565 magnificat

302 3569 444 3599 valorem
460 3569 503 3600 rei
518 3569 676 3605 vendenti,
694 3570 782 3609 quod
798 3569 915 3600 scilicet
934 3569 1014 3599 valet
1038 3570 1109 3609 plus
1126 3569 1194 3605 sibi,
1211 3569 1282 3600 licet
1299 3579 1363 3599 non

303 3612 496 3653 simpliciter,
520 3620 555 3644 ut
577 3614 610 3643 in
632 3613 733 3644 littera
757 3613 878 3644 dicitur.

2426 287 2494 323 149

1487 351 1528 382 Et
1551 361 1588 381 ex
1601 351 1662 382 hoc
1681 351 1824 392 sequitur
1839 352 1928 393 quod
1951 351 1976 382 si
1993 358 2076 382 certa
2095 361 2224 388 merceS,
2240 358 2317 391 puta
2334 361 2397 381 una
2412 352 2497 391 petia

1433 394 1539 432 serici,
1564 395 1646 426 valet
1676 396 1762 435 apud
1791 402 1980 427 mercatores
2010 395 2222 426 communiter
2253 402 2382 426 centum
2412 406 2496 426 nunc

1432 438 1570 475 Romae;
1600 446 1630 470 et
1656 439 1857 470 inveniantur
1885 440 1950 470 duo
1979 440 2091 480 privati
2114 439 2172 470 viri
2200 449 2340 480 quorum
2363 439 2496 480 quilibet

1404 504 1406 514 ι,
1432 492 1530 512 unam
1548 483 1734 514 huiusmodi
1754 484 1874 524 petiam
1891 484 1995 520 habet,
2015 491 2046 514 et
2070 491 2202 524 uterque
2226 484 2294 514 vult
2313 493 2404 513 suam
2421 493 2495 514 ven-

1432 527 1514 562 dere,
1537 527 1591 556 sed
1615 537 1652 557 ex
1674 527 1797 558 diversa
1820 537 1923 564 causa,
1949 538 2032 559 unus
2055 528 2130 569 quia
2153 528 2186 558 in
2210 527 2393 558 necessitate
2417 537 2494 558 con-

1430 570 1558 600 stitutus
1582 580 1639 601 nec
1654 578 1759 610 potest
1777 571 1866 602 aliter
1881 572 1946 602 suis
1961 572 2127 612 providere
2142 571 2390 610 necessitatibuS,
2407 572 2493 607 alter,

1431 613 1534 650 dives,
1559 614 1634 654 quia
1658 625 1724 644 non
1753 615 1855 655 placet
1883 616 1942 646 sibi
1969 623 2074 646 tenere
2096 616 2184 646 illam
2208 616 2313 651 domi;
2345 622 2375 646 et
2398 625 2493 656 expo-

1430 664 1545 688 nantur
1568 659 1678 688 ambae
1694 659 1828 695 venales,
1854 667 1884 690 et
1907 660 1991 690 ultro
2007 661 2131 690 oblatae
2154 667 2307 700 quaerant
2322 667 2492 700 emptores,

1430 708 1460 732 et
1483 711 1550 731 non
1572 701 1734 732 inveniant
1757 710 1934 743 emptorem
1958 704 2017 734 nisi
2036 714 2095 744 pro
2112 704 2309 744 septuaginta
2332 713 2391 744 pro
2415 713 2492 744 qua-

1429 744 1521 780 libet;
1546 752 1576 775 et
1598 746 1774 776 vendantur
1797 747 1908 777 ambae
1931 748 1985 778 tali
2008 748 2127 788 pretio:
2157 766 2178 770 -
2206 748 2232 778 si
2256 748 2316 784 sic,
2341 748 2491 788 inquam,

1430 788 1558 824 accidat,
1582 799 1638 828 par
1661 789 1739 819 ratio
1764 798 1844 821 esset
1867 791 1905 821 de
1927 791 2012 822 iusto
2036 792 2086 822 vel
2108 792 2227 823 iniusto
2250 791 2352 832 pretio
2376 791 2492 822 utrius-

1429 840 1507 872 que;
1540 839 1571 862 et
1593 833 1619 862 si
1643 842 1746 863 emere
1770 844 1787 864 a
1810 834 1906 865 divite
1935 835 1989 866 tali
2012 836 2115 876 pretio
2146 846 2212 866 non
2236 843 2283 866 est
2306 843 2491 876 peccatum,

1430 885 1487 906 nec
1510 885 1614 906 emere
1638 877 1675 906 ab
1699 877 1858 917 indigente
1882 879 1939 909 erit
1962 887 2143 919 peccatum;
2169 887 2199 910 et
2222 880 2248 909 si
2264 889 2367 910 emere
2391 880 2430 910 ab
2447 879 2493 910 in-

1429 919 1554 959 digente
1577 920 1634 951 erit
1658 929 1833 960 peccatum,
1858 932 1962 953 emere
1977 923 2073 954 etiam
2089 934 2106 953 a
2123 924 2218 954 divite
2234 923 2291 954 erit
2313 930 2490 964 peccatum.

1429 963 1469 993 Et
1491 963 1572 994 ratio
1597 971 1643 995 est
1665 965 1740 1004 quia
1763 965 1813 996 hic
1833 975 1898 996 non
1914 974 1960 997 est
1984 967 2156 998 differentia
2174 968 2207 997 in
2221 968 2327 998 valore
2347 968 2390 998 rei
2410 978 2491 1008 quae

1421 1007 1590 1043 venditur,
1615 1018 1672 1038 nec
1695 1008 1879 1049 simpliciter
1901 1020 1959 1041 nec
1981 1011 2055 1041 huic
2079 1010 2236 1053 (alioquin
2259 1011 2419 1052 quaelibet
2442 1022 2491 1042 res

1427 1051 1576 1091 pauperis
1598 1052 1715 1082 valeret
1737 1053 1809 1092 plus
1832 1063 1931 1093 quam
1954 1054 2064 1085 similis
2081 1065 2129 1085 res
2145 1055 2261 1085 divitis:
2285 1056 2374 1096 quod
2398 1065 2490 1096 expe-

1427 1094 1538 1125 rientia
1568 1096 1754 1135 quotidiana
1784 1103 1912 1128 testatur
1935 1098 2082 1140 falsum):
2115 1099 2170 1129 sed
2193 1107 2239 1130 est
2263 1099 2435 1130 differentia
2457 1099 2489 1129 in

1428 1139 1496 1169 sola
1520 1149 1614 1170 causa
1635 1140 1803 1177 vendendi,
1829 1148 1863 1172 ut
1886 1148 1982 1181 patet.

1483 1183 1536 1214 1v.
1560 1184 1611 1214 Ad
1639 1183 1701 1214 hoc
1727 1184 1822 1224 igitur
1851 1186 1965 1216 deduci
1993 1186 2117 1217 videtur
2146 1187 2251 1217 omnis
2279 1187 2440 1227 quaestio,
2465 1187 2490 1217 si

1427 1227 1543 1257 modus
1566 1227 1634 1268 ipse
1656 1229 1814 1259 vendendi
1836 1229 1876 1260 sit
1899 1230 2092 1261 rationabilis
2108 1240 2201 1261 causa
2226 1231 2371 1262 notabilis
2395 1231 2489 1261 dimi-

1427 1271 1568 1302 nutionis
1591 1282 1609 1302 a
1633 1273 1798 1303 communi
1821 1274 1940 1314 pretio,
1966 1284 2002 1304 ex
2025 1285 2091 1315 quo
2116 1285 2182 1305 non
2206 1275 2299 1305 refert
2328 1285 2392 1316 qua
2418 1275 2489 1316 quis

1427 1325 1520 1346 causa
1544 1316 1668 1346 vendat.
1701 1317 1762 1347 Sed
1785 1327 1891 1348 revera
1921 1318 2038 1349 modus
2060 1319 2218 1349 vendendi
2245 1319 2317 1350 licet
2345 1319 2427 1350 forte
2450 1319 2491 1349 sit

1426 1369 1610 1390 cum-causa
1633 1360 1854 1392 diminutionis
1877 1362 2078 1399 huiusmodi,
2102 1373 2175 1393 vera
2197 1371 2302 1394 tamen
2327 1373 2421 1393 causa
2445 1370 2491 1393 est

1426 1403 1566 1434 defectus
1589 1411 1782 1444 emptorum.
1807 1406 1840 1436 Si
1864 1407 1949 1436 enim
1972 1407 2116 1438 adessent
2139 1414 2299 1447 emptores
2322 1407 2412 1443 tanti,
2435 1414 2491 1437 aut

1399 1456 1401 1468 ⁴
1426 1448 1516 1488 quasi
1540 1448 1628 1484 tanti,
1652 1456 1808 1480 erneretur
1831 1450 1972 1481 ultranea
1995 1461 2114 1482 merces
2138 1451 2249 1491 quanti
2267 1458 2388 1481 retenta
2403 1451 2490 1491 apud

1399 1491 1401 1525 ξ
1426 1499 1624 1522 mercatores.
1650 1493 1711 1523 Sed
1734 1494 1889 1534 quoniam
1912 1505 1971 1534 pro
1995 1502 2072 1525 tunc
2094 1496 2224 1536 quando
2243 1495 2301 1526 iste
2324 1495 2392 1525 vult
2415 1505 2489 1525 ven-

1426 1536 1515 1572 dere,
1541 1536 1655 1566 desunt
1678 1544 1854 1577 emptores,
1879 1538 1951 1568 ideo
1975 1539 2083 1569 minus
2104 1539 2260 1570 venditur.
2289 1539 2330 1570 Et
2352 1539 2489 1569 rationa-

1426 1579 1542 1610 biliter:
1573 1580 1648 1620 quia
1671 1581 1811 1621 regulare
1835 1588 1882 1612 est
1907 1583 1996 1622 quod
2019 1593 2084 1619 res,
2109 1590 2230 1623 quanto
2261 1583 2368 1623 plures
2395 1583 2490 1614 habet

1398 1631 1400 1666 ζ
1426 1631 1599 1663 emptores,
1623 1631 1711 1655 tanto
1739 1625 1812 1665 plus
1835 1627 2018 1657 aestimatur
2041 1634 2072 1657 et
2094 1628 2186 1658 valet.
2218 1628 2310 1658 Unde
2332 1637 2488 1667 gemmae,

1425 1668 1556 1708 quando
1589 1677 1655 1698 non
1690 1669 1808 1700 habent
1836 1677 2012 1709 emptores,
2042 1671 2193 1701 vilissime
2226 1672 2426 1701 venduntur:
2459 1679 2490 1701 et

1425 1712 1555 1752 quando
1585 1712 1678 1743 multi
1707 1713 1913 1744 inveniuntur
1940 1724 2050 1744 earum
2073 1722 2248 1755 emptores,
2273 1715 2380 1755 magni
2409 1714 2490 1745 fiunt

1398 1767 1399 1792 ς
1424 1762 1455 1787 et
1470 1756 1573 1796 pretio
1588 1756 1768 1787 notabiliter
1783 1757 1941 1788 excessivo
1957 1759 2150 1789 venduntur.
2170 1759 2211 1789 Et
2226 1759 2328 1789 simile
2343 1758 2489 1788 videmus

1424 1800 1457 1830 in
1480 1800 1549 1830 aliis
1572 1801 1683 1831 rebus:
1714 1802 1803 1842 quod
1831 1802 1961 1842 quando
1984 1802 2018 1832 in
2042 1802 2150 1843 aliquo
2174 1803 2248 1833 loco
2271 1803 2322 1833 vel
2345 1809 2489 1843 tempore

1424 1854 1490 1874 non
1505 1844 1648 1884 indigent
1662 1852 1718 1876 aut
1733 1855 1799 1876 non
1816 1852 1951 1877 utuntur
1965 1847 2058 1877 rebus
2071 1846 2240 1888 aliquibus,
2257 1854 2312 1877 aut
2326 1854 2490 1887 nequeunt

1423 1888 1492 1919 illas
1516 1899 1621 1920 emere
1647 1896 1777 1930 propter
1799 1890 1968 1930 penuriam
1990 1891 2157 1931 pecuniae,
2181 1891 2337 1922 vilescunt
2358 1901 2406 1921 res
2429 1891 2489 1921 hu-

1423 1933 1565 1963 iusmodi
1588 1933 1779 1965 notabiliter.
1808 1934 1893 1972 Quia
1914 1934 2011 1974 igitur
2037 1935 2170 1975 penuria
2194 1943 2376 1975 emptorum
2404 1945 2489 1965 nunc

1424 1977 1618 2008 rationabilis
1635 1988 1729 2008 causa
1748 1984 1794 2009 est
1816 1978 1964 2009 notabilis
1988 1978 2208 2010 diminutionis
2232 1979 2323 2019 pretii
2346 1989 2364 2009 a
2387 1979 2488 2019 pretio

1424 2021 1589 2052 communi
1602 2022 1836 2062 expectantium
1852 2030 2022 2062 emptores,
2035 2023 2108 2054 ideo
2124 2023 2246 2054 iustum
2262 2023 2401 2064 pretium
2418 2033 2489 2053 cen-

1397 2070 1398 2106 }
1424 2066 1560 2098 sendum
1584 2073 1630 2097 est
1651 2066 1684 2096 id
1714 2067 1803 2107 quod
1825 2066 1959 2097 inveniri
1982 2077 2068 2098 nunc
2090 2074 2214 2108 potest,
2239 2067 2319 2098 facta
2346 2067 2489 2108 promul-

1397 2110 1398 2116 *
1423 2110 1550 2150 gatione
1573 2110 1618 2140 rei
1640 2110 1759 2141 venalis
1782 2109 1836 2153 (ne
1856 2112 1981 2142 occulta
1995 2111 2136 2142 venditio
2159 2112 2199 2142 sit
2223 2122 2316 2142 causa
2339 2112 2489 2152 penuriae

1424 2153 1640 2196 emptorum),
1664 2155 1810 2195 quamvis
1833 2155 1874 2186 sit
1896 2155 2076 2186 notabiliter
2098 2156 2205 2186 minus
2229 2166 2326 2196 quam
2349 2156 2487 2196 pretium

1423 2199 1513 2240 quod
1536 2199 1750 2230 communiter
1774 2199 1869 2230 currit
1891 2201 1978 2240 apud
2001 2207 2200 2239 expectantes
2223 2207 2393 2240 emptores.

1479 2243 1520 2273 Et
1542 2243 1615 2274 licet
1636 2243 1698 2274 hoc
1721 2253 1758 2274 ex
1781 2243 1863 2275 dicta
1879 2244 2002 2274 ratione
2018 2244 2177 2274 ostensiva
2200 2245 2320 2274 clarum
2335 2244 2487 2279 videatur,

1424 2287 1642 2318 manifestatur
1671 2294 1778 2318 tamen
1801 2297 1838 2318 ex
1861 2288 2075 2319 communiter
2098 2288 2310 2320 accidentibus
2337 2288 2488 2328 reputatis

1424 2331 1523 2362 iustis.
1555 2331 1709 2362 Videmus
1733 2332 1821 2372 quod
1849 2339 1923 2372 post
1945 2332 2027 2362 bella
2051 2339 2081 2363 et
2105 2333 2277 2363 devastatas
2301 2333 2409 2368 urbes,
2435 2332 2488 2362 ha-

1425 2376 1541 2407 bentes.
1557 2376 1673 2406 domos
1698 2386 1756 2406 nec
1779 2383 1924 2416 potentes
1946 2383 2108 2417 expectare
2129 2384 2287 2417 emptores
2310 2376 2376 2417 qui,
2401 2386 2488 2407 com-

1424 2419 1536 2459 positis
1565 2420 1659 2450 rebus
1688 2427 1718 2451 et
1746 2420 1861 2450 refecta
1890 2421 1984 2457 urbe,
2010 2428 2117 2456 erunt,
2142 2422 2284 2451 vendunt
2314 2430 2372 2460 pro
2401 2420 2488 2450 mille

1425 2464 1540 2494 domos
1562 2464 1701 2494 valentes
1724 2471 1863 2504 quatuor
1886 2465 1986 2495 millia
2008 2465 2034 2495 si
2059 2475 2149 2496 casus
2171 2465 2223 2496 hic
2246 2475 2312 2495 non
2335 2472 2428 2495 esset:
2457 2472 2488 2494 et

1422 2508 1545 2538 iustum
1567 2508 1705 2548 pretium
1729 2508 1842 2539 dicitur
1865 2508 1962 2545 mille,
1987 2509 2062 2550 quia
2085 2509 2180 2539 hodie
2204 2519 2270 2539 non
2286 2508 2406 2539 invenit
2421 2518 2488 2539 em-

1424 2559 1550 2593 ptorem
1580 2552 1636 2593 qui
1664 2559 1748 2583 emat
1777 2553 1860 2592 plus.
1893 2552 2043 2584 Similiter
2069 2563 2086 2583 a
2114 2553 2341 2583 mercatoribus
2369 2553 2401 2582 in
2425 2551 2487 2583 fine

1424 2596 1651 2632 nundinarum,
1675 2596 1750 2637 quia
1768 2597 1884 2627 nolunt
1899 2603 2061 2637 expectare
2084 2597 2209 2627 futuros
2233 2603 2391 2636 emptores
2415 2604 2489 2637 post

1423 2640 1599 2676 nundinas,
1625 2647 1775 2671 emuntur
1798 2641 1974 2672 conductae
1996 2650 2115 2671 merces
2139 2642 2242 2672 multo
2265 2641 2359 2671 vilius
2389 2651 2487 2681 quam

1422 2685 1486 2715 illis
1507 2685 1618 2716 diebus
1642 2685 1855 2716 communiter
1873 2686 2027 2716 valebant.
2052 2685 2104 2724 Et,
2127 2686 2269 2721 breviter,
2294 2685 2487 2715 cessantibus

1424 2729 1588 2760 fraudibus
1618 2736 1649 2760 et
1678 2729 1861 2765 coactione,
1892 2729 1918 2759 si
1947 2735 2077 2770 propter
2107 2730 2273 2769 penuriam
2302 2737 2485 2769 emptorum

1416 2783 1509 2808 ,nunc
1536 2780 1662 2804 tantum
1683 2773 1830 2804 venditur
1852 2780 2010 2814 quantum
2039 2773 2198 2804 invenitur
2221 2774 2259 2803 ab
2289 2773 2486 2812 emptoribus

1424 2825 1523 2853 nunc;
1549 2823 1579 2847 et
1601 2817 1813 2847 communiter
1828 2818 1924 2848 scitur
1943 2827 2010 2847 rem
2029 2818 2124 2847 talem
2142 2827 2209 2847 esse
2224 2817 2369 2847 venalem
2384 2826 2484 2847 nunc:

1422 2861 1507 2892 iusto
1529 2861 1631 2901 pretio
1654 2861 1801 2892 venditur
1824 2868 1855 2892 et
1877 2861 2001 2897 emitur,
2027 2871 2230 2902 quacumque
2247 2871 2284 2891 ex
2300 2870 2393 2891 causa
2413 2861 2484 2901 quis

1421 2905 1546 2940 vendat,
1570 2912 1867 2945 quantumcumque
1891 2912 2088 2945 expectantes
2112 2905 2283 2935 crastinum
2307 2912 2482 2945 emptorem

1422 2949 1637 2980 communiter
1658 2949 1755 2988 longe
1777 2949 1850 2989 plus
1872 2949 2021 2980 vendant.

1476 2993 1518 3024 Et
1541 2993 1567 3023 si
1590 2992 1756 3023 obiiciatur
1779 2993 1866 3033 quod
1890 2993 2030 3033 paucitas
2047 2999 2231 3033 emptorum
2250 2993 2351 3023 oritur
2367 3003 2403 3023 ex
2422 2993 2484 3023 hoc

1420 3037 1510 3078 quod
1532 3036 1679 3067 homines
1703 3037 1868 3067 aestimant
1891 3036 2076 3067 huiusmodi
2093 3037 2288 3077 emptionem
2313 3047 2379 3067 esse
2402 3037 2483 3067 iniu-

1421 3088 1517 3112 stam:
1547 3099 1567 3104 -
1597 3081 1806 3121 respondetur
1829 3081 1951 3121 primo,
1976 3081 2065 3122 quod
2088 3081 2150 3111 hoc
2173 3091 2239 3111 non
2263 3087 2395 3111 constat.
2430 3081 2482 3111 Se-

1421 3125 1538 3161 cundo,
1563 3125 1653 3166 quod
1677 3125 1847 3155 stultorum
1872 3125 2016 3166 infinitus
2043 3130 2090 3155 est
2113 3134 2269 3156 numerus
2282 3125 2309 3161 *,
2335 3131 2366 3155 et
2389 3125 2482 3165 pauci

1420 3176 1494 3200 sunt
1508 3169 1588 3199 adeo
1608 3169 1761 3200 timorati:
1787 3170 1872 3199 unde
1891 3179 1957 3199 non
1972 3169 2098 3200 videtur
2113 3179 2206 3200 causa
2221 3169 2279 3199 ista
2298 3169 2480 3209 probabilis.

1392 3210 1394 3222 ¹
1420 3214 1546 3250 Tertio,
1575 3214 1665 3254 quod
1692 3221 1823 3254 apparet
1851 3213 2016 3244 manifeste
2047 3213 2079 3243 in
2107 3213 2361 3249 subhastatione,
2386 3213 2481 3244 etiam

1392 3259 1393 3266 ¹
1418 3259 1485 3289 sine
1505 3258 1609 3289 curiae
1628 3258 1823 3296 auctoritate,
1843 3268 1909 3288 non
1929 3258 2036 3288 deesse
2055 3265 2224 3297 emptores.
2241 3275 2261 3280 —
2275 3257 2407 3287 Videtur
2426 3268 2480 3288 au·

1419 3309 1484 3333 tem
1507 3302 1679 3343 probabilis
1703 3301 1782 3333 ratio
1807 3301 1946 3332 defectus
1976 3309 2159 3342 emptorum
2189 3301 2263 3342 quia
2291 3301 2383 3342 pauci
2407 3309 2482 3332 sunt

1419 3346 1475 3388 qui
1491 3353 1601 3387 egeant
1620 3353 1696 3377 tunc
1711 3356 1744 3377 re
1759 3346 1822 3382 illa,
1838 3353 1869 3377 et
1891 3346 2026 3376 habeant
2049 3353 2123 3376 tunc
2147 3351 2287 3386 paratam
2311 3346 2479 3385 pecuniam

1419 3391 1459 3421 ad
1483 3391 1655 3421 emendum
1679 3390 1765 3421 haec.
1789 3408 1810 3413 -
1833 3391 1874 3421 Et
1897 3390 1972 3420 haec
1996 3390 2034 3420 de
2059 3389 2208 3420 secundo.

1474 3435 1512 3465 V.
1538 3435 1655 3472 Quoad
1682 3435 1810 3465 tertium
1828 3434 1861 3470 *,
1887 3434 1964 3464 scito
1994 3434 2082 3474 quod
2110 3443 2146 3464 ex
2172 3433 2230 3464 hac
2258 3433 2478 3469 conclusione,

1419 3479 1552 3510 scilicet:
1587 3480 1711 3510 Iustum
1737 3480 1878 3519 pretium
1902 3479 1951 3508 rei
1974 3483 2020 3508 est
2043 3478 2124 3508 illud
2153 3478 2238 3518 quod
2265 3487 2351 3508 nunc
2374 3483 2480 3518 potest

1419 3524 1556 3554 inveniri
1579 3524 1618 3553 ab
1641 3523 1843 3563 emptoribus,
1862 3523 2109 3562 praesupposita
2127 3523 2287 3552 communi
2304 3523 2426 3557 notitia,
2450 3526 2480 3552 et

1417 3573 1538 3598 remota
1563 3568 1650 3597 omni
1667 3567 1796 3607 fraude
1820 3572 1849 3596 et
1872 3567 2052 3602 coactione,
2070 3574 2143 3602 etc„
2168 3566 2335 3596 solvuntur
2359 3566 2476 3596 multae

1418 3611 1634 3652 quaestiones:
1667 3611 1781 3641 scilicet
1812 3610 1848 3640 de
1880 3609 2057 3640 ementibus
2084 3611 2122 3640 ab
2152 3610 2235 3640 ultro
2259 3609 2476 3645 offerentibus,

2511 3132 2519 3140 ¹
2534 3130 2608 3152 Eccte.
2629 3137 2679 3159 cap.
2697 3138 2718 3157 ι,

2509 3163 2568 3179 vers.
2584 3163 2611 3185 ¹5·

2509 3440 2516 3447 ¹
2533 3437 2569 3459 ef.
2584 3444 2647 3459 num.
2664 3444 2679 3460 ι.
2691 3444 2717 3460 ιι.
