2860 4244
0 4166 10 4238 ancyr
0 4053 9 4157 et--rv-ee·
0 4022 3 4029 -
0 3990 2 3997 -

849 231 1114 278 QUAESTIO
1146 233 1304 281 LXXX,
1333 233 1628 270 ARTICULUS
1657 233 1847 270 UNlCUS
2361 233 2428 279 175

261 312 336 348 hoc
365 311 536 348 debitum
561 311 700 348 attendi
730 323 774 347 ex
792 318 897 360 parte
921 310 1038 359 ipsius
1061 310 1243 347 debentis.
1274 312 1322 347 Et

262 364 314 400 sic
348 363 398 400 ad
425 365 500 401 hoc
529 363 698 400 debitum
734 363 894 412 pertinet
922 363 1027 412 quod
1059 363 1177 399 homo
1206 364 1320 400 talem
1347 390 1349 396 ,

262 428 301 453 se
336 417 511 453 exhibeat
542 417 646 454 alteri
673 416 711 453 in
739 416 867 454 verbis
900 424 937 452 et
968 415 1072 452 factis
1106 416 1224 464 qualis
1254 424 1319 453 est.

261 470 310 506 Et
337 469 387 506 ita
416 469 630 517 adiungitur
657 469 817 506 iustitiae
845 469 993 514 veritas,
1017 480 1089 516 per
1116 480 1251 516 quam,
1279 476 1322 505 ut

261 522 409 559 Tullius
437 522 526 560 dicit
543 521 575 568 *‚
605 522 801 558 immutata
821 533 865 558 ea
893 533 990 570 quae
1011 527 1097 557 sunt
1111 520 1123 546 ζ
1150 527 1218 558 aut
1231 523 1321 570 fue-

261 581 351 612 runt
375 580 442 612 aut
465 576 605 623 futura
639 580 745 619 sunt,
782 574 967 611 dicuntur.
997 594 1020 601 -
1050 574 1179 611 Potest
1207 574 1319 611 etiam

261 628 403 665 attendi
431 639 476 664 ex
501 634 609 676 parte
639 627 717 663 eius
746 626 807 663 cui
835 627 1012 664 debetur:
1042 635 1155 675 prout
1183 627 1322 663 scilicet

261 680 394 729 aliquis
409 687 676 728 recompensat
690 678 800 716 alicui
814 679 1026 716 secundum
1042 692 1087 716 ea
1106 692 1204 728 quae
1223 679 1320 716 fecit.

262 732 505 781 Quandoque
541 731 698 780 quidem
726 731 764 768 in
793 732 914 769 bonis.
953 733 1002 769 Et
1029 732 1082 769 sic
1110 732 1323 780 adiungitur

260 785 419 822 iustitiae
446 785 594 834 gratia,
623 785 660 821 in
690 796 782 833 qua,
812 792 853 821 ut
881 785 1029 822 Tullius
1058 784 1146 822 dicit
1164 785 1199 832 ²¹²,
1228 784 1322 822 ami-

260 838 435 875 citiarum
463 843 499 874 et
529 838 743 887 officiorum
778 837 931 874 alterius
963 838 1168 883 memoria,
1198 849 1322 874 remu-

261 891 422 928 nerandi
445 890 618 927 voluntas
653 891 863 928 continetur
889 891 1054 928 alterius.
1083 911 1107 918 -
1137 889 1321 936 Quando-

261 956 336 993 que
354 955 449 980 vero
469 943 508 980 in
526 943 649 981 malis.
679 944 728 980 Et
755 943 808 980 sic
829 943 1043 991 adiungitur
1062 942 1222 979 iustitiae
1242 943 1321 978 vin-

261 997 409 1043 dicatio,
420 1008 493 1045 per
507 1008 633 1045 quam,
649 1003 690 1033 ut
704 996 852 1033 Tullius
868 996 956 1033 dicit
968 995 999 1042 ²⁸,
1015 996 1072 1032 vis
1085 1001 1153 1031 aut
1169 995 1320 1041 iniuria,

261 1055 298 1087 et
331 1050 485 1087 omnino
513 1049 694 1098 quidquid
725 1050 926 1086 obscurum
946 1054 964 1075 η
992 1053 1059 1094 est,
1089 1048 1320 1096 defendendo

260 1109 328 1140 aut
353 1103 561 1140 ulciscendo
582 1102 841 1151 propulsatur.

313 1155 427 1193 Aliud
445 1167 540 1193 vero
564 1154 734 1191 debitum
754 1161 810 1190 est
836 1153 1095 1190 necessarium
1115 1152 1211 1189 sicut
1233 1165 1322 1189 con-

261 1209 385 1245 ferens
409 1208 458 1245 ad
481 1207 668 1244 maiorem
696 1207 947 1253 honestatem,
977 1205 1058 1243 sine
1086 1218 1164 1253 quo
1192 1213 1322 1242 tamen

259 1261 439 1298 honestas
468 1259 685 1297 conservari
713 1267 848 1308 potest.
888 1259 1005 1305 Quod
1033 1258 1188 1308 quidem
1218 1259 1322 1296 debi-

259 1321 340 1351 tum
369 1313 527 1350 attendit
553 1312 768 1359 liberalitas,
797 1312 1002 1361 affabilitas
1029 1312 1110 1349 sive
1138 1312 1320 1357 amicitia,

261 1374 298 1403 et
315 1364 328 1388 ⁰
357 1366 429 1403 alia
460 1366 693 1404 huiusmodi.
733 1367 844 1413 Quae
877 1365 1024 1402 Tullius
1061 1365 1323 1414 praetermittit

256 1419 519 1468 insrpraedict‘a
553 1419 860 1466 enumeratione,
898 1418 988 1467 quia
1014 1430 1150 1467 parum
1181 1418 1323 1454 habent

261 1471 309 1510 de
338 1468 483 1509 ratione
512 1472 639 1509 debiti.

313 1527 372 1563 An
395 1537 533 1563 pannum
560 1537 658 1562 ERGO
687 1537 871 1562 mei-:noum
900 1523 1004 1573 quod
1025 1523 1194 1560 vindicta
1222 1535 1322 1571 quae

260 1577 304 1614 fit
330 1578 550 1615 auctoritate
578 1578 752 1627 publicae
777 1577 969 1626 potestatis
998 1576 1210 1613 secundum
1239 1588 1323 1613 sen-

259 1631 417 1668 tentiam
451 1631 586 1668 iudicis
605 1636 633 1678 ⁸,
663 1630 824 1679 pertinet
861 1631 909 1668 ad
941 1629 1120 1667 Iustitiam
1149 1641 1323 1666 commu-

259 1683 430 1721 tativam.
473 1684 551 1721 Sed
577 1683 745 1721 vindicta
778 1695 895 1732 quarn
926 1683 1010 1732 quis
1047 1682 1134 1720 facit
1165 1682 1322 1732 proprio

260 1743 381 1784 motu,
410 1749 490 1774 non
513 1745 644 1774 tamen
673 1744 805 1774 contra
832 1738 974 1785 legem,
1003 1737 1066 1773 vel
1094 1748 1210 1784 quam
1238 1735 1322 1784 quis

260 1802 283 1827 a
309 1789 434 1827 iudice
470 1790 645 1839 requirit,
674 1790 837 1840 pertinet
865 1790 913 1827 ad
945 1790 1124 1827 virtutem
1163 1789 1323 1826 iustitiae

260 1842 492 1881 adiunctam.

311 1898 371 1933 AD
399 1907 590 1934 SECUNDUM
619 1901 804 1933 DtCENDUM
833 1897 938 1945 quod
967 1895 1188 1932 Macrobius
1215 1895 1321 1932 vide-

259 1955 320 1986 tur
347 1949 550 1986 attendisse
579 1949 629 1986 ad
658 1949 753 1986 duas
771 1957 898 1998 partes
921 1949 1118 1997 integrales
1143 1948 1320 1985 iustitiae:

260 2001 401 2039 scilicet
437 2002 626 2040 declinare
655 2015 678 2039 a
709 2003 832 2050 malo,
862 2002 912 2039 ad
939 2002 1045 2050 quod
1079 2002 1241 2051 pertinet
1268 2002 1322 2038 in-

260 2055 453 2100 nocentia;
481 2062 516 2092 et
550 2055 675 2092 facere
709 2056 879 2101 bonum,
917 2056 966 2092 ad
998 2056 1104 2104 quod
1135 2055 1323 2104 pertinent

260 2120 326 2145 sex
353 2107 436 2145 alia.
467 2108 643 2155 Quorum
674 2108 750 2146 duo
773 2109 952 2146 videntur
978 2108 1167 2157 pertinere
1188 2108 1236 2145 ad
1260 2120 1322 2145 ae-

261 2161 412 2210 quales:
439 2161 579 2198 scilicet
606 2161 772 2198 amicitia
800 2162 838 2198 in
867 2162 1040 2198 exteriori
1069 2161 1258 2208 convictu,
1288 2167 1323 2197 et

260 2214 462 2251 concordia
491 2213 658 2252 interius.
691 2216 779 2251 Duo
807 2227 902 2253 vero
930 2214 1119 2264 pertinent
1140 2220 1157 2236 ²
1185 2214 1234 2251 ad
1262 2227 1323 2250 su—

260 2267 448 2316 periores:
471 2267 593 2315 pietas
611 2267 660 2304 ad
683 2275 872 2316 parentes,
895 2275 930 2304 et
948 2268 1082 2316 religio
1105 2268 1154 2305 ad
1182 2269 1321 2304 Deum.

261 2321 351 2365 Duo
372 2332 468 2358 vero
497 2320 546 2357 ad
566 2321 781 2357 inferiores:
809 2321 949 2357 scilicet
977 2321 1144 2371 affectus,
1166 2320 1323 2370 inquan-

260 2380 343 2410 tum
380 2374 532 2422 placent
574 2374 676 2410 bona
717 2386 877 2419 eorum;
912 2382 948 2410 et
983 2374 1222 2420 humanitas,
1256 2385 1324 2422 per

261 2437 379 2474 quam
412 2426 636 2463 subvenitur
666 2439 800 2463 eorum
837 2426 1056 2464 defectibus.
1093 2426 1193 2463 Dicit
1221 2426 1323 2463 enim

262 2478 446 2526 Isidorus,
476 2479 515 2516 in
542 2479 637 2516 libro
666 2480 832 2528 Etymol.
853 2479 885 2527 ²¹²,
915 2481 1018 2528 quod
1052 2481 1242 2516 humanus
1270 2479 1324 2516 di-

262 2532 357 2569 citur
385 2532 519 2580 aliquis
556 2533 644 2581 quia
671 2534 810 2570 habeat
826 2531 840 2554 λ
868 2533 970 2569 circa
997 2533 1187 2570 hominem
1219 2544 1324 2569 amo-

261 2597 342 2622 rem
379 2590 415 2622 et
450 2586 701 2623 miserationis
736 2586 937 2636 affectum.-
973 2586 1071 2622 unde
1110 2586 1324 2622 humanitas

261 2638 359 2676 dicta
388 2643 443 2675 est
467 2650 542 2687 qua
561 2645 578 2667 μ
607 2651 675 2676 nos
703 2639 861 2676 invicem
890 2645 1049 2676 tuemur.
1071 2660 1094 2666 -
1115 2639 1164 2675 Et
1192 2651 1324 2675 secun-

261 2691 355 2729 dum
383 2691 458 2728 hoc
476 2692 641 2728 amicitia
668 2692 830 2729 sumitur
851 2699 965 2741 prout
993 2692 1143 2729 ordinat
1166 2691 1323 2728 exterio-

261 2755 344 2780 rem
369 2744 606 2781 convictum:
637 2744 731 2781 sicut
758 2745 805 2782 de
834 2757 879 2782 ea
907 2745 1164 2794 Philosophus
1191 2752 1324 2781 tractat

229 2814 234 2820 ·
261 2796 300 2833 in
330 2796 381 2832 IV
407 2797 527 2833 Ethic.
547 2797 567 2818 ²¹⁸

313 2849 446 2886 Potest
481 2849 595 2886 etiam
630 2850 795 2886 amicitia
834 2850 933 2886 sumi
970 2850 1184 2887 secundum
1218 2851 1323 2899 quod

260 2901 414 2951 proprie
443 2902 595 2951 respicit
623 2902 823 2939 affectum:
857 2910 972 2950 prout
1000 2903 1272 2940 determinatur
1300 2916 1322 2939 a

261 2954 499 3003 Philosopho
536 2955 575 2991 in
602 2955 689 2992 VIII
730 2963 766 2991 et
792 2955 831 2991 in
859 2956 909 2991 IX
938 2956 1058 2992 Ethic.
1098 2956 1147 2992 Et
1184 2956 1237 2992 sic
1275 2957 1322 2993 ad

261 3007 467 3045 amicitiam
505 3007 694 3057 pertinent
730 3007 820 3044 tria:
860 3008 1000 3045 scilicet
1036 3009 1321 3055 benevolentia,

262 3072 359 3109 quae
387 3060 449 3097 hic
478 3061 614 3098 dicitur
631 3067 644 3082 *⁴
670 3061 849 3111 affectus‚·
877 3068 914 3098 et
942 3062 1161 3106 concordia;
1195 3070 1231 3098 et
1258 3063 1323 3099 be-

262 3114 483 3162 neficentia,
513 3126 611 3163 quae
639 3114 700 3151 hic
726 3122 890 3151 vocatur
916 3115 1141 3151 humanitas.
1162 3135 1186 3142 -
1216 3115 1322 3152 Haec

313 3248 338 3282 ζ)
359 3256 391 3274 ea
408 3256 476 3281 quae
494 3252 566 3274 sunt.
579 3262 597 3268 -
614 3252 678 3274 sunt
696 3249 747 3281 (est
765 3249 785 3282 1)
804 3256 836 3274 ea
854 3257 922 3282 quae
939 3253 1002 3275 sunt
1021 3251 1056 3280 Ia,
1077 3254 1139 3276 sunt
1157 3258 1189 3275 ea
1202 3258 1270 3283 quae
1290 3251 1324 3282 1³5

262 3284 389 3310 dicuntur
406 3292 459 3309 om.
479 3284 542 3316 PpG
561 3289 586 3308 et
603 3291 628 3309 a.

314 3320 341 3352 η)
360 3320 539 3346 obscurum.-
556 3320 710 3353 obfuturum
730 3322 775 3346 sK.

314 3353 340 3388 θ)
359 3358 393 3380 et.
405 3368 426 3375 -
443 3358 492 3380 aut
509 3355 556 3380 Pa.

319 3391 338 3423 ι)
358 3390 462 3416 iudicis.
475 3404 494 3410 -
513 3390 606 3416 iudicii
623 3390 861 3423 ABCDEFGHpK.

315 3426 342 3458 κ)
356 3426 503 3458 pertinent.
516 3440 535 3445 -
554 3426 615 3451 Om.
635 3426 664 3451 P.
677 3439 696 3445 -
713 3427 779 3450 Ante
793 3426 882 3458 pietas
902 3426 946 3451 PG
965 3427 1063 3451 addunt
1081 3427 1188 3452 scilicet.

314 3459 343 3494 λ)
363 3461 427 3494 quia
445 3462 549 3487 habeat.
563 3475 581 3481 -
599 3462 645 3494 qui
663 3461 741 3486 habet
758 3461 813 3486 GL.

315 3496 345 3564 ‘23'
359 3504 459 3558 33:52¹..ss
470 3497 751 3558 P‘ZZZZZJ'PW
771 3497 818 3522 ¹'‘¹'

1375 318 1502 348 autem
1530 311 1678 348 Tullius
1706 310 1975 360 praetermisit,
2005 310 2094 359 quia
2121 322 2255 358 parum
2292 310 2432 346 habent

1375 364 1423 401 de
1452 364 1595 400 ratione
1624 364 1752 411 debiti,
1781 371 1823 400 ut
1851 365 1992 403 dictum
2021 371 2076 399 est
2094 362 2124 398 ⁹¹².

1427 418 1486 453 An
1500 429 1660 454 TERTmM
1675 428 1859 454 melerinum
1881 417 1986 465 quod
2006 416 2212 452 obedientia
2231 414 2432 451 includitur

1374 468 1413 505 in
1438 470 1685 515 observantia,
1705 481 1821 518 quam
1838 469 1985 506 Tullius
2004 468 2127 517 ponit:
2153 480 2242 505 nam
2266 468 2430 516 praecel-

1374 521 1535 558 lentibus
1550 520 1562 545 Ε
1581 523 1753 570 personis
1769 522 1928 559 debetur
1948 530 1984 558 et
1997 521 2208 559 reverentia
2224 520 2380 557 honoris
2397 527 2433 556 et

1375 573 1602 611 obedientia.
1622 597 1646 603 -
1660 575 1770 612 Fides
1790 582 1929 622 autem,
1945 587 2017 623 per
2037 586 2151 624 quam
2169 575 2267 618 fiunt
2283 574 2380 610 dicta
2399 573 2430 620 *,

1374 626 1575 663 includitur
1603 628 1641 664 in
1668 629 1833 673 veritate,
1862 636 2047 676 quantum
2075 628 2124 664 ad
2150 626 2432 664 observantiam

1373 679 1662 727 promissorum.
1692 681 1839 717 Veritas
1858 689 1985 717 autem
2013 681 2051 717 in
2069 681 2154 729 plus
2182 693 2221 717 se
2245 680 2371 727 habet,
2391 687 2433 716 ut

1373 731 1470 767 infra
1497 731 1517 753 ’¹‘
1544 733 1699 780 patebit.
1722 754 1746 760 -
1774 734 1982 782 Disciplina
2010 742 2138 770 autem
2167 746 2245 770 non
2274 733 2433 770 debetur

1374 795 1419 819 ex
1440 784 1568 820 debito
1597 786 1848 822 necessitatis:
1878 787 1965 835 quia
1993 786 2159 823 inferiori
2187 798 2265 823 non
2295 792 2349 822 est
2368 785 2432 822 ali-

1374 836 1459 884 quis
1496 837 1702 885 obligatus,
1744 838 1967 887 inquantum
2007 847 2062 875 est
2099 840 2252 876 inferior
2281 841 2433 887 (potest

1373 896 1503 926 tamen
1526 890 1661 939 aliquis
1690 891 1875 939 superiori
1895 898 1908 913 ⁰
1936 891 2092 939 obligari
2123 899 2165 928 ut
2192 891 2431 928 inferioribus

1373 942 1595 990 provideat:
1625 945 1836 980 secundum
1865 944 1955 981 illud
1975 945 2108 981 Matth.
2129 944 2267 981 xxiv*:
2295 944 2432 981 Fidelis

1373 1006 1504 1031 servus
1531 1001 1567 1032 et
1578 997 1759 1045 prudens,
1779 1008 1888 1044 quem
1917 998 2103 1033 constituit
2125 997 2297 1034 dominus
2319 1009 2432 1045 super

1363 1048 1559 1095 familiam
1579 1051 1716 1095 suam).
1747 1050 1795 1085 Et
1814 1050 1901 1086 ideo
1923 1061 1945 1085 a
1965 1050 2091 1086 Tullio
2111 1050 2428 1098 praetermittitur.

1374 1102 1504 1138 Potest
1522 1109 1651 1138 autern
1667 1102 1849 1139 contineri
1869 1103 1939 1139 sub
1959 1103 2201 1149 humanitate,
2218 1115 2332 1151 quam
2349 1104 2431 1139 Ma-

1374 1154 1526 1190 crobius
1545 1155 1653 1203 ponit
1669 1155 1700 1191 ³².
1722 1175 1745 1182 -
1771 1155 1950 1203 Aequitas
1972 1168 2066 1192 vero
2091 1156 2161 1192 sub
2186 1156 2362 1203 epieilceia
2378 1155 2430 1203 *⁹¹²⁷

1373 1207 1436 1244 vel
1463 1207 1640 1244 amicitia.

1426 1261 1485 1297 AD
1514 1272 1688 1302 QUARTUM
1717 1272 1902 1297 mcENDUM
1930 1260 2034 1310 quod
2072 1261 2110 1297 in
2137 1260 2199 1296 illa
2235 1271 2431 1296 enumera-

1372 1312 1475 1349 tione
1495 1322 1691 1361 ponuntur
1710 1314 1901 1361 quaedam
1920 1313 2143 1362 pertinentia
2163 1313 2211 1349 ad
2225 1325 2358 1350 veram
2377 1313 2430 1348 iu-

1374 1366 1512 1402 stitiam
1527 1372 1557 1403 '‘.
1587 1366 1649 1403 Ad
1667 1366 1933 1415 particularem
1954 1367 2123 1415 quidem,
2143 1367 2242 1403 hona
2265 1378 2431 1402 commu-

1374 1419 1482 1455 tatio:
1512 1419 1558 1456 de
1588 1431 1664 1467 qua
1693 1420 1782 1456 dicit
1809 1419 1912 1468 quod
1942 1427 1998 1456 est
2025 1420 2170 1456 habitus
2199 1420 2235 1456 in
2265 1431 2430 1455 commu-

1373 1472 1572 1508 tationibus
1599 1473 1862 1520 aequalitatem
1891 1473 2109 1509 custodiens.
2130 1493 2153 1499 -
2182 1472 2243 1509 Ad
2270 1473 2429 1519 legalem

1374 1532 1502 1561 autern
1531 1525 1728 1571 iustitiam,
1759 1532 1941 1573 quantum
1971 1526 2018 1562 ad
2053 1538 2098 1562 ea
2126 1537 2224 1573 quae
2258 1537 2431 1562 commu-

1374 1577 1471 1614 niter
1489 1585 1576 1614 sunt
1591 1578 1843 1624 observanda,
1859 1578 2014 1625 ponitur
2033 1578 2301 1627 legispositiva:
2319 1590 2428 1626 quae,

1373 1638 1415 1667 ut
1442 1630 1523 1679 ipse
1553 1630 1658 1678 dicit,
1688 1638 1742 1667 est
1768 1631 1921 1667 scientia
1956 1632 2288 1667 commutationum
2310 1631 2431 1679 politi-

1375 1695 1508 1720 carum
1537 1684 1588 1720 ad
1614 1684 1918 1720 communitatem
1937 1688 1950 1711 Ρ
1986 1684 2203 1720 relatarum.
2234 1684 2429 1730 Quantum

1374 1748 1467 1774 vero
1489 1734 1545 1773 ad*
1562 1749 1606 1773 ea
1626 1749 1722 1785 quae
1743 1737 1975 1785 quandoque
1999 1737 2268 1785 particulariter
2286 1737 2432 1784 agenda

1375 1798 1578 1827 occurrunt
1604 1797 1754 1838 praeter
1783 1801 2009 1826 communes
2043 1791 2163 1837 leges,
2192 1789 2344 1838 ponitur
2370 1802 2432 1826 eu-

1373 1855 1628 1893 gnomosyna,
1645 1843 1752 1892 quasi
1769 1844 1867 1879 bona
1885 1854 2037 1892 gnome,
2054 1855 2151 1891 quae
2173 1851 2228 1879 est
2241 1842 2280 1879 in
2297 1843 2432 1879 talibus

1375 1896 1568 1943 directiva,
1598 1904 1639 1932 ut
1666 1908 1781 1945 supra
1799 1896 1819 1917 ’¹‘
1846 1895 2018 1932 habitum
2049 1903 2104 1932 est
2132 1895 2170 1932 in
2198 1903 2356 1932 tractatu
2385 1896 2431 1933 de

1374 1949 1587 1998 prudentia.
1631 1949 1679 1986 Et
1707 1949 1792 1986 ideo
1826 1948 1915 1985 dicit
1941 1950 1987 1986 de
2018 1961 2063 1985 ea
2091 1949 2196 1996 quod
2221 1957 2275 1985 est
2301 1949 2431 1986 volun-

1374 2004 1472 2040 taria
1492 2003 1724 2050 iustificatio:
1753 2002 1841 2050 quia
1861 2001 2000 2038 scilicet
2028 2013 2073 2038 ex
2100 2001 2254 2050 proprio
2279 2002 2431 2039 arbitrio

1375 2056 1413 2093 id
1441 2056 1546 2104 quod
1566 2056 1706 2092 iustum
1737 2062 1792 2091 est
1815 2055 1933 2091 homo
1955 2054 2166 2091 secundum
2189 2067 2273 2091 eam
2294 2063 2430 2102 servat,

1375 2122 1454 2146 non
1481 2109 1692 2146 secundum
1712 2109 1836 2155 legem
1861 2107 2051 2156 scriptam.
2082 2107 2346 2144 Attribuuntur
2368 2120 2432 2145 au-

1374 2170 1451 2199 tem
1472 2163 1567 2199 haec
1587 2162 1664 2199 duo
1687 2161 1911 2210 prudentiae
1940 2160 2152 2197 secundum
2174 2161 2431 2208 directionem,

1375 2215 1536 2252 iustitiae
1555 2227 1650 2251 vero
1666 2219 1683 2235 ⁰
1702 2214 1914 2251 secundum
1936 2214 2210 2250 executionem.
2228 2235 2251 2242 -
2270 2215 2433 2251 Eusebia

1349 2288 1351 2299 v
1375 2280 1469 2306 vero
1499 2268 1634 2305 dicitur
1661 2267 1768 2316 quasi
1797 2268 1915 2304 bonus
1943 2267 2072 2303 cultus.
2109 2266 2220 2304 Unde
2249 2275 2304 2303 est
2331 2267 2434 2304 idem

1376 2321 1482 2369 quod
1510 2321 1657 2370 religio.
1688 2321 1779 2357 Ideo
1795 2326 1809 2341 τ
1836 2320 1883 2356 de
1905 2332 1948 2356 ea
1970 2319 2058 2356 dicit
2076 2320 2181 2367 quod
2202 2327 2257 2356 est
2280 2320 2433 2357 scientia

1376 2375 1451 2412 Dei
1456 2372 1673 2423 faniulatus
1693 2376 1744 2420 (et
1762 2373 1927 2421 loquitur
1942 2373 2154 2409 secundum
2174 2373 2336 2409 modum
2357 2385 2433 2422 quo

1378 2422 1554 2464 Socrat'es
1583 2427 1732 2463 dicebat
1759 2438 1887 2462 omnes
1910 2426 2064 2462 virtutes
2091 2438 2169 2462 esse
2195 2427 2366 2463 scientias
2386 2428 2433 2472 *).

1377 2482 1426 2517 Et
1445 2480 1493 2517 ad
1513 2480 1615 2517 idem
1635 2479 1827 2516 reducitur
1840 2479 2028 2525 sanctitas,
2045 2485 2086 2515 ut
2104 2486 2191 2527 post
2204 2478 2224 2500 ’¹‘
2244 2479 2398 2516 dicetur.
2410 2500 2433 2508 -

1375 2533 1616 2570 Eucharistia
1645 2540 1774 2569 autern
1813 2540 1867 2569 est
1895 2532 1996 2569 idem
2026 2533 2131 2580 quod
2159 2533 2257 2569 hona
2292 2534 2433 2582 gratia,

1377 2599 1494 2635 quam
1510 2586 1658 2623 Tullius
1677 2585 1784 2634 ponit
1798 2584 1833 2622 *ε
1855 2585 1949 2622 sicut
1970 2592 2005 2621 et
2024 2585 2301 2622 vindicativam.
2321 2607 2345 2613 -
2364 2588 2435 2622 Be-

1377 2640 1542 2689 nignitas
1575 2647 1703 2675 autern
1731 2638 1882 2675 videtur
1910 2650 1993 2675 esse
2027 2637 2129 2675 idem
2160 2651 2247 2675 cum
2285 2639 2433 2688 affectu,

1377 2705 1493 2741 quem
1522 2692 1631 2740 ponit
1650 2691 1871 2728 Macrobius
1890 2691 1921 2728 ²¹⁶.
1951 2691 2061 2728 Unde
2091 2698 2127 2728 et
2148 2691 2314 2729 Isidorus
2335 2692 2433 2739 dicit,

1376 2746 1414 2782 in
1439 2745 1535 2782 libro
1563 2744 1729 2793 Etymol.
1745 2744 1776 2792 ²²,
1806 2744 1911 2792 quod
1940 2744 2125 2793 benignus
2152 2750 2204 2781 est
2226 2745 2286 2780 vir
2307 2751 2436 2793 sponte

2460 366 2469 375 ¹
2483 365 2508 386 In
2524 371 2628 392 corpore.

2558 528 2570 559 Ε

2460 575 2569 606 {TullAe
2578 576 2669 604 Republ.

2460 602 2544 623 hb.1v.
2554 602 2645 624 -Cf.Au
2664 619 2669 624 .

2549 609 2668 677 zie-‘if’

2459 687 2510 707 cap.
2516 687 2541 707 υς
2548 671 2576 703 yde
2581 671 2668 707 Menai:

2459 713 2509 735 cap.
2520 714 2558 729 xx.

2459 739 2469 749 ⁸
2478 738 2525 765 Qu.
2539 744 2584 760 cix.

2458 952 2469 962 '⁴
2483 951 2551 972 Vers.
2565 957 2601 979 45.

2458 1157 2468 1166 ¹·
2482 1156 2517 1178 Cf.
2531 1162 2566 1177 res
2585 1171 2590 1176 .
2606 1155 2634 1177 ad
2648 1161 2669 1177 2.

2457 1183 2479 1194 ‘⁸
2493 1182 2521 1203 D.
2543 1188 2565 1230 Ξ,
2584 1198 2590 1203 .
2607 1193 2617 1198 -
2631 1182 2668 1203 Cf.

2457 1215 2518 1236 resp.
2533 1215 2545 1230 a
2575 1215 2595 1236 5.

2458 1901 2469 1911 ⁸
2481 1900 2528 1928 Qu.
2538 1906 2569 1926 ιι,
2580 1904 2623 1922 art.
2632 1908 2654 1926 4·

2559 2221 2573 2237 G

2559 2328 2574 2344 τ

2461 2429 2472 2439 ’
2482 2428 2518 2450 ef.
2531 2429 2629 2450 Aristot.
2640 2429 2671 2450 Ε-

2462 2455 2515 2477 thic.
2522 2455 2562 2477 lib.
2570 2455 2611 2479 Vl.
2619 2461 2646 2476 ca
2664 2471 2670 2477 .

2461 2488 2566 2510 x1n,n.5.
2576 2482 2616 2503 -S.
2624 2482 2645 2503 Τ
2664 2498 2669 2503 .

2462 2509 2515 2530 lect.
2533 2515 2565 2530 xi.

2462 2534 2530 2583 ὲΩιι.
2540 2541 2617 2561 Lxxxx,
2628 2538 2670 2556 art.

2461 2578 2520 2619 ⁸⁸cf.
2537 2601 2584 2623 arg.
2602 2603 2617 2618 1.

2462 2704 2472 2715 ⁸
2482 2703 2519 2726 Cf.
2533 2709 2594 2730 resp.
2608 2703 2635 2724 ad
2650 2709 2671 2724 2.

2462 2756 2536 2803 ’‘ELib.
2548 2755 2575 2781 Χ,
2588 2756 2617 2777 ad
2627 2756 2671 2777 litt.

1376 2799 1428 2835 ad
1454 2798 1761 2846 benefaciendum
1779 2803 1951 2845 paratus,
1972 2803 2008 2833 et
2024 2797 2141 2833 dulcis
2160 2798 2211 2834 ad
2234 2797 2432 2845 eloquium.
2483 2798 2489 2804 “

1377 2852 1426 2887 Et
1444 2851 1525 2899 ipse
1553 2850 1795 2887 Andronicus
1820 2849 1906 2887 dicit
1934 2849 2037 2898 quod
2066 2850 2276 2898 benignitas
2299 2857 2353 2886 est
2368 2852 2434 2887 ha-

1377 2904 1471 2940 bitus
1498 2903 1711 2940 voluntarie
1733 2903 1996 2950 benefactivus.
2014 2923 2037 2930 -
2057 2903 2280 2940 Liberalitas
2307 2911 2434 2940 autem

1376 2956 1527 2993 videtur
1555 2957 1603 2993 ad
1631 2955 1900 2992 humanitatem
1928 2955 2126 3003 pertinere.

1429 3011 1488 3046 An
1504 3020 1668 3051 Qum’rUM
1687 3020 1872 3045 D1CENDUM
1891 3008 1997 3056 quod
2012 3009 2188 3056 epieilceia
2209 3021 2287 3045 non
2302 3009 2433 3046 adiun-

1375 3062 1473 3110 gitur
1487 3062 1646 3098 iustitiae
1660 3061 1885 3110 particulari,
1904 3061 1969 3098 sed
1985 3061 2103 3108 legali.
2126 3062 2174 3098 Et
2187 3061 2337 3098 videtur
2353 3074 2433 3099 esse

1375 3115 1478 3152 idem
1508 3127 1596 3151 cum
1626 3127 1671 3150 ea
1698 3126 1797 3163 quae
1827 3114 1924 3151 dicta
1952 3121 2008 3151 est
2034 3126 2322 3163 eugnomosyna
2341 3115 2372 3152 ²¹⁶.

1432 3248 1456 3282 ξ)
1468 3250 1699 3282 praecellentibus.
1710 3262 1729 3269 -
1743 3249 2002 3281 praeca-cellentibus
2021 3249 2094 3273 ABF.

1433 3285 1458 3316 ο)
1477 3285 1619 3317 superiori.
1632 3299 1651 3304 -
1667 3285 1791 3317 superior
1810 3285 1901 3309 PHsK.

1431 3321 1460 3353 π)
1479 3328 1569 3346 veram
1584 3320 1749 3345 iustitiam.—
1763 3320 1893 3345 iustitiam
1908 3327 1997 3344 veram
2012 3319 2051 3344 ed.
2062 3326 2086 3348 a,
2096 3319 2289 3350 particularem
2305 3318 2434 3343 iustitiam

1377 3356 1509 3389 quaedam
1528 3359 1617 3381 autem
1637 3356 1674 3380 ad
1692 3356 1803 3389 legalem
1823 3355 1851 3379 P.

1431 3391 1455 3424 ρ)
1475 3391 1702 3417 communitatem.
1721 3404 1741 3411 -
1762 3390 2026 3416 communicationem
2053 3389 2178 3418 ABDEF,
2202 3388 2434 3414 commutationem

1378 3427 1526 3452 CGIKan.

1431 3462 1456 3494 σ)
1477 3469 1549 3487 vero.
1562 3476 1581 3480 -
1599 3469 1651 3487 non
1673 3462 1751 3493 Ppr
1771 3466 1796 3486 et
1813 3468 1839 3485 α.

1430 3497 1455 3530 τ)
1477 3498 1548 3523 Ideo.
1562 3511 1580 3516 —
1600 3498 1635 3521 Et
1654 3497 1713 3522 ideo
1732 3497 1818 3527 DLsx‚
1842 3496 1915 3520 Unde
1935 3495 1967 3521 G.

2462 3125 2472 3135 ⁸
2482 3124 2516 3146 Cf.
2532 3129 2594 3152 resp.
2609 3124 2636 3145 ad
2647 3131 2669 3150 4.
