2860 4244
134 1655 220 1704 §.ciffi

135 1820 143 1829 ⁸
158 1815 225 1837 Vers.
239 1822 260 1838 2.

134 1923 142 1932 ⁸
159 1921 226 1942 Vers.
241 1927 263 1949 9.

133 2239 141 2247 ⁸
148 2238 182 2258 De
189 2238 214 2259 In
218 2239 276 2259 vent.
284 2237 343 2258 Rhe-

132 2266 178 2285 tor.
193 2265 234 2286 lib.
250 2264 279 2290 11,
291 2270 341 2291 cup.

131 2297 181 2312 Lm.

135 2663 145 2673 ⁶
169 2662 226 2690 cap.
247 2668 297 2689 vn,
323 2668 345 2683 n.

137 2695 162 2715 11,
177 2695 206 2710 η.
226 2699 237 2704 -
255 2688 280 2710 S.
299 2688 344 2710 Th.

135 2716 186 2737 lect.
202 2721 233 2736 tx.

136 2742 183 2764 ‘Ca
202 2757 207 2762 .
221 2747 261 2768 vu,
275 2747 298 2763 n.
307 2741 345 2762 6.-

136 2769 160 2791 S.
176 2748 220 2790 fh.
236 2769 287 2790 lect.
307 2774 344 2788 xv.

137 3138 145 3147 ⁸
167 3137 214 3164 Qu.
237 3143 284 3163 xvi,
303 3140 345 3158 art.

150 3179 155 3187 ,
180 3169 205 3187 2:
230 3170 267 3191 qu.
291 3169 343 3189 xxi,

135 3193 177 3211 art.
192 3196 211 3211 2.

375 250 452 295 416

1075 247 1341 294 QUAESTIO
1372 247 1474 292 CIX,
1503 246 1799 284 ARTICULUS
1830 247 1842 282 l

885 427 1293 504 QUAESTIO
1333 427 2029 483 CENTESIMANONA

1220 547 1310 587 DE
1349 545 1708 586 VERITATE

1158 662 1191 687 IN
1221 662 1394 693 QUATUOR
1420 661 1623 686 ARTICULOS
1650 661 1766 687 DlVISA

458 770 566 795 ExNDE
611 757 933 795 considerandum
969 766 1024 794 est
1062 758 1108 794 de
1144 757 1303 794 veritate
1329 756 1365 804 ²¹²,
1401 756 1464 793 et'

138 816 198 838 ·cs.
215 822 253 844 ⁶1¹¹·
269 822 347 843 2¹¹¹¹1
377 768 556 850 Dvitiis
585 811 768 859 oppositis
787 810 817 847 ²⁸.

138 842 227 864 Introd.

139 870 146 878 ·
163 869 210 896 Qu,
226 874 262 890 cx.

375 863 485 900 Circa
513 864 712 901 veritatem
742 872 871 900 autem
901 872 1134 913 quaeruntur
1163 871 1336 912 quatuor.

428 917 577 954 Primo:
607 925 735 954 utrum
763 917 903 954 veritas
931 918 976 954 sit
1003 917 1132 954 virtus.

1545 756 1746 793 Secundo:
1775 764 1902 793 utrum
1931 756 1978 793 sit
2003 756 2123 794 virtus
2151 755 2337 805 specialis.

1543 835 1694 872 Tertio:
1724 842 1851 872 utrum
1880 835 1926 872 sit
1952 847 2040 884 pars
2068 835 2241 873 iustitiae.

1543 915 1712 962 Quarto:
1741 922 1870 951 utrum
1899 914 2019 962 magis
2049 914 2211 951 declinet
2239 914 2287 951 ad
2315 914 2442 951 minus
2462 919 2491 951 ².

1125 1025 1512 1068 ARTICULUS
1550 1024 1800 1067 PRIMUS

1142 1119 1298 1150 UTRUM
1321 1117 1507 1149 VER1TAs
1530 1117 1597 1148 sn*
1622 1117 1779 1148 vim-us

1312 1197 1345 1220 IV
1366 1195 1461 1224 Ethic„
1481 1196 1539 1220 lect.
1558 1203 1599 1220 xv.

407 1292 416 1314 ³

400 1310 460 1374 ‘⁷53¹‘
499 1320 559 1391 5530
583 1331 721 1367 veritas
749 1342 827 1367 non
853 1330 899 1367 sit
916 1330 1046 1367 virtus.
1077 1329 1206 1366 Prima
1236 1329 1338 1366 enim
1357 1328 1433 1366 vir-

388 1383 437 1442 ·251
526 1373 574 1424 ἢ·

430 1451 439 1461 κ
461 1414 526 1468 ζ’ξὲ)

470 1472 493 1483 ἡ
541 1428 681 1474 Χτίῒειε.
712 1437 812 1473 Cum
831 1436 942 1484 igitur
961 1436 1153 1472 obiectum
1181 1436 1227 1473 sit
1244 1435 1347 1484 prius
1367 1435 1433 1472 ha-

371 1487 451 1524 bitu
479 1495 515 1524 et
543 1497 640 1536 actu,
661 1489 810 1526 videtur
829 1489 933 1538 quod
952 1489 1092 1526 veritas
1121 1501 1198 1526 non
1228 1489 1273 1525 sit
1299 1489 1432 1535 virtus,

372 1541 438 1578 sed
468 1541 609 1588 aliquid
637 1543 741 1591 prius
768 1543 916 1579 virtute.

425 1606 460 1631 2.
491 1595 728 1642 PRAETEREA,
759 1596 854 1632 sicut
887 1595 1144 1643 Philosophus
1180 1594 1285 1641 dicit,
1315 1594 1353 1631 in
1383 1594 1434 1630 IV

221 1662 345 1683 ναμε-4.-
369 1647 490 1684 Ethic.
512 1648 544 1694 ²⁸¹,
576 1649 623 1686 ad
643 1649 841 1686 veritatem
871 1649 1031 1698 pertinet
1059 1648 1163 1697 quod
1183 1647 1318 1695 aliquis
1347 1659 1433 1684 con-

236 1683 286 1704 lect,
306 1689 344 1703 xv.

366 1701 520 1746 fiteatur
547 1702 739 1739 existentia
764 1703 865 1738 circa
892 1702 1064 1750 seipsum,
1085 1707 1120 1738 et
1145 1713 1263 1750 neque
1286 1701 1433 1737 maiora

371 1765 491 1801 neque
517 1755 678 1792 minora.
719 1756 796 1792 Sed
824 1755 898 1791 hoc
927 1767 1005 1791 non
1034 1766 1186 1802 semper
1223 1762 1277 1791 est
1304 1753 1433 1790 lauda-

372 1806 463 1843 bile:
494 1819 619 1856 neque
648 1808 686 1845 in
715 1808 836 1854 bonis,
866 1808 955 1856 quia
985 1807 1119 1844 dicitur
1145 1808 1257 1844 Prov.
1278 1807 1431 1843 xxvl1*:

371 1860 517 1896 Laudet
543 1866 577 1897 te
610 1861 770 1907 alienus,
799 1867 836 1897 et
863 1873 936 1897 non
974 1872 1015 1897 os
1051 1867 1155 1897 tuum
1166 1874 1179 1904 ,·
1216 1872 1286 1897 nec
1319 1860 1432 1897 etiam

370 1912 408 1949 in
438 1913 559 1960 malis,
581 1914 668 1962 quia
689 1922 818 1951 contra
839 1914 1027 1961 quosdam
1049 1914 1182 1951 dicitur
1202 1913 1320 1950 Isaiae
1341 1925 1377 1950 111
1395 1913 1432 1950 *t

369 1966 568 2003 Peccatum
604 1979 714 2004 suum
752 1968 861 2015 quasi
895 1968 1060 2004 Sodoma
1093 1966 1432 2015 praedicaverunt,

370 2030 438 2055 nec
455 2020 740 2057 absconderunt.
771 2021 872 2067 Ergo
893 2020 1032 2057 veritas
1061 2032 1139 2056 non
1168 2027 1223 2056 est
1246 2019 1378 2056 virtus.

425 2072 459 2108 3.
479 2073 712 2120 PRAETEREA‚
733 2073 859 2110 omnis
887 2073 1007 2110 virtus
1035 2080 1100 2109 aut
1124 2080 1179 2110 est
1205 2071 1432 2121 theologica,

369 2131 433 2161 aut
456 2124 724 2172 intellectualis,
746 2134 810 2163 aut
829 2127 993 2164 moralis.
1025 2126 1102 2163 Sed
1121 2125 1259 2163 veritas
1279 2137 1358 2163 non
1377 2132 1434 2163 est

369 2177 487 2215 virtus
505 2180 732 2228 theologica:
755 2179 842 2228 quia
862 2192 940 2216 non
960 2180 1074 2217 habet
1088 2180 1216 2216 Deum
1236 2191 1307 2228 pro
1326 2179 1432 2216 obie—

370 2238 442 2277 cto,
463 2233 531 2270 sed
551 2245 610 2270 res
629 2233 876 2281 temporales;
899 2232 987 2270 dicit
1007 2233 1108 2269 enirn
1125 2232 1273 2269 Tullius
1286 2231 1307 2254 ‘¹‘
1326 2232 1432 2281 quod

369 2284 506 2321 veritas
534 2291 587 2322 est
606 2298 679 2334 per
698 2298 811 2334 quam
836 2286 1031 2323 immutata
1060 2298 1104 2322 ea
1132 2297 1230 2333 quae
1255 2291 1342 2322 sunt
1367 2291 1434 2322 aut

358 2337 524 2384 fuerunt
540 2345 606 2375 aut
619 2340 760 2387 futura
787 2345 883 2385 sunt,
904 2340 1088 2376 dicuntur.
1120 2338 1298 2375 Similiter
1317 2338 1430 2375 etiam

371 2402 448 2426 non
490 2399 546 2427 est
580 2392 698 2428 virtus
736 2392 1012 2429 intellectualis:
1051 2393 1118 2428 sed
1155 2392 1242 2428 finis
1286 2403 1429 2428 earum.

371 2443 509 2490 Neque
540 2444 651 2481 etiam
682 2451 737 2481 est
762 2445 882 2481 virtus
911 2444 1081 2482 moralis:
1113 2444 1200 2493 quia
1234 2457 1312 2481 non
1342 2457 1430 2481 con—

371 2495 464 2532 sistit
491 2496 527 2532 in
556 2497 685 2534 medio
719 2497 814 2534 inter
848 2498 1084 2546 superfluum
1119 2505 1155 2533 et
1182 2497 1430 2543 diminutum;

371 2556 512 2596 quanto
542 2550 643 2586 enirn
664 2550 798 2598 aliquis
825 2550 909 2599 plus
939 2550 1027 2587 dicit
1049 2562 1198 2596 verum,
1218 2557 1323 2586 tanto
1351 2562 1430 2587 me—

371 2601 440 2638 lius
469 2610 534 2638 est.
565 2604 665 2650 Ergo
694 2603 831 2639 veritas
860 2616 938 2640 non
967 2611 1022 2640 est
1047 2603 1177 2639 virtus.

425 2655 499 2691 SED
528 2667 674 2692 CONTRA
701 2667 767 2693 EST
795 2657 899 2704 quod
928 2656 1197 2704 Philosophus,
1227 2655 1265 2691 in
1295 2656 1326 2691 II
1347 2654 1367 2676 ’¹‘
1396 2663 1431 2692 et

372 2708 422 2743 lV
440 2707 459 2729 '¹‘
478 2709 610 2755 Ethic„
631 2709 736 2757 ponit
755 2709 953 2746 veritatem
976 2709 1073 2746 inter
1095 2715 1238 2745 ceteras
1260 2708 1428 2745 virtutes.

424 2761 649 2798 RESPONDEO
686 2774 870 2799 DICENDUM
909 2762 1014 2811 quod
1050 2761 1190 2798 veritas
1232 2761 1431 2810 dupliciter

371 2813 488 2862 accipi
517 2822 651 2863 potest.
680 2815 767 2852 Uno
796 2815 928 2861 modo,
958 2814 1169 2851 seeundum
1200 2815 1305 2862 quod
1332 2814 1430 2851 veri-

371 2874 443 2903 tate
473 2867 613 2917 aliquid
641 2867 774 2904 dicitur
792 2880 935 2904 verum.
966 2868 1015 2904 Et
1038 2868 1091 2904 sic
1110 2867 1248 2904 veritas
1277 2880 1355 2904 non
1376 2875 1431 2904 est

370 2919 500 2965 virtus,
529 2921 595 2958 sed
624 2921 816 2957 obiectum
844 2922 906 2957 vel
934 2920 1020 2958 finis
1047 2921 1206 2958 virtutis.
1239 2920 1301 2957 Sic
1329 2921 1429 2957 enim

372 2981 526 3020 accepta
543 2973 681 3010 veritas
710 2986 787 3010 non
808 2982 864 3011 est
881 2974 1041 3019 habitus,
1063 2973 1167 3022 quod
1187 2972 1202 3003 β
1230 2981 1285 3010 est
1309 2985 1429 3021 genus

370 3025 526 3073 virtutis,
547 3026 615 3062 sed
635 3027 839 3074 aequalitas
863 3027 1053 3076 quaedam
1074 3027 1282 3063 intellectus
1301 3027 1363 3063 vel
1383 3027 1429 3063 si-

372 3078 434 3125 gni
453 3079 501 3115 ad
522 3091 601 3115 rem
621 3079 846 3116 intellectam
866 3087 902 3116 et
916 3084 932 3107 Υ
952 3079 1212 3127 significatam,
1231 3080 1295 3116 vel
1314 3079 1428 3117 etiam

371 3131 424 3167 rei
445 3133 492 3168 ad
512 3144 620 3168 suam
642 3133 823 3179 regulam,
839 3140 879 3168 ut
898 3132 935 3168 in
955 3132 1115 3169 Primo*
1129 3132 1300 3169 habiturn
1322 3140 1387 3169 est.
1404 3153 1428 3160 -

371 3184 456 3220 Alio
485 3185 604 3222 modo
632 3192 756 3232 potest
785 3184 857 3221 dici
875 3184 1015 3221 veritas
1044 3197 1119 3233 qua
1138 3184 1272 3233 aliquis
1290 3197 1429 3222 verum

371 3236 476 3274 dicit:
515 3237 726 3275 secundum
761 3237 864 3286 quod
902 3249 971 3285 per
1007 3249 1092 3273 eam
1126 3237 1260 3285 aliquis
1297 3236 1430 3274 dicitur

370 3300 500 3327 verax.
531 3291 579 3327 Et
605 3291 687 3327 talis
705 3290 855 3337 veritas,
876 3290 956 3326 sive
974 3289 1170 3336 veracitas,
1200 3302 1354 3326 necesse
1376 3297 1430 3327 est

375 3436 379 3440 Ι
424 3401 454 3441 α).
470 3401 506 3425 ad
519 3401 614 3427 minus.
625 3415 644 3420 -
663 3402 688 3426 in
703 3402 788 3426 maius
802 3405 849 3426 aut
862 3401 949 3426 minus
963 3401 995 3431 G,
1005 3402 1042 3426 ad
1056 3402 1142 3426 minus
1155 3409 1233 3434 quam
1247 3402 1283 3426 ad
1297 3402 1383 3427 maius
1396 3403 1426 3432 L,

371 3443 396 3460 m
418 3437 576 3503 rgnxog:-
594 3472 639 3503 qui
658 3471 748 3503 PLpC,
768 3472 828 3504 quia
847 3472 879 3496 D.

423 3506 450 3538 γ)
469 3509 502 3530 et.
516 3519 535 3525 -
552 3507 593 3531 vel
611 3506 713 3536 ACGH,
732 3514 784 3531 om.
804 3507 859 3537 BF;
881 3514 927 3539 pro
946 3508 1079 3539 regulam,
1096 3507 1215 3538 primam
1234 3507 1264 3537 B,
1278 3514 1424 3539 personam

372 3540 400 3569 E.
420 3544 544 3566 naturam
564 3542 601 3570 H,
621 3541 751 3566 rationem
771 3542 806 3572 G,
826 3549 880 3567 rem
900 3543 930 3567 L.

459 1296 466 1309 x
488 1295 545 1323 qm
585 1290 607 1314 D
635 1290 771 1315 PRIMUM
799 1290 852 1314 Sic
873 1288 1112 1314 PROCEDITUR.
1141 1276 1301 1313 Videtur
1328 1275 1435 1323 quod
1485 1274 1591 1324 quod
1620 1275 1665 1311 sit
1692 1275 1833 1312 virtus:
1864 1276 1955 1323 quia
1974 1277 2049 1313 hoc
2069 1275 2195 1324 ipsum
2215 1276 2322 1324 quod
2351 1285 2407 1314 est
2427 1277 2552 1315 dicere

1485 1340 1622 1364 verum
1652 1336 1708 1364 est
1745 1328 1870 1365 bOssUS
1904 1336 2028 1374 actus,
2058 1329 2177 1366 Virtus
2214 1337 2342 1366 antem
2373 1338 2428 1367 est
2455 1343 2554 1380 quae

583 1391 704 1420 tutum
735 1391 790 1420 est
817 1383 925 1429 fides,
948 1384 1055 1419 cuius
1076 1382 1269 1419 obiectum
1291 1390 1347 1418 est
1365 1394 1431 1418 ve·
1458 1408 1460 1418 l
1486 1382 1625 1418 bonum
1632 1381 1737 1429 facit
1749 1382 1957 1428 habentem,
1973 1387 2009 1418 et
2025 1393 2118 1430 opus
2137 1382 2215 1419 eius
2234 1383 2374 1420 bonum
2389 1384 2511 1421 reddit
2519 1383 2550 1421 ²⁸⁸.

1539 1436 1597 1471 AD
1618 1446 1756 1471 PRIMUM
1780 1446 1878 1472 ERGO
1903 1447 2088 1472 mCENDuM
2117 1435 2222 1484 quod
2250 1436 2345 1473 ratio
2373 1436 2436 1474 illa
2463 1449 2551 1486 pro-

1487 1487 1584 1524 cedit
1614 1487 1661 1524 de
1690 1488 1848 1524 veritate
1877 1488 2003 1536 primo
2032 1488 2151 1525 modo
2182 1488 2292 1526 dicta.

1538 1543 1597 1577 Au
1626 1552 1816 1578 SECUNDUM
1845 1553 2030 1579 D1CENDUM
2050 1543 2155 1590 quod
2184 1541 2358 1579 confiteri
2385 1542 2424 1580 id
2444 1542 2551 1592 quod

1487 1601 1542 1630 est
1570 1593 1668 1630 circa
1697 1594 1878 1642 seipsum,
1907 1594 2131 1643 inquantum
2160 1603 2216 1632 est
2244 1595 2432 1633 confessio
2455 1596 2551 1644 veri,

1488 1655 1542 1683 est
1571 1647 1717 1684 bonurn
1747 1659 1791 1683 ex
1819 1659 1969 1695 genere.
2007 1648 2084 1685 Sed
2113 1648 2187 1685 hoc
2216 1661 2294 1686 non
2331 1649 2471 1686 sufficit
2502 1649 2552 1686 ad

1485 1701 1560 1737 hoc
1589 1701 1692 1748 quod
1721 1700 1768 1736 sit
1795 1708 1900 1737 actus
1928 1700 2094 1738 virtutis:
2124 1702 2191 1739 sed
2210 1699 2224 1723 δ
2252 1703 2301 1740 ad
2320 1703 2396 1739 hoc
2424 1702 2552 1752 requi-

1487 1753 1578 1790 ritur
1597 1753 1701 1802 quod
1721 1753 1877 1790 ulterius
1897 1753 2030 1790 debitis
2048 1754 2338 1792 circumstantiis
2356 1755 2550 1803 vestiatur,

1486 1818 1584 1854 quae
1613 1806 1642 1842 si
1672 1818 1750 1843 non
1779 1806 2042 1853 observentur,
2072 1807 2142 1844 erit
2169 1815 2274 1845 actus
2301 1807 2472 1846 vitiosus.
2502 1809 2552 1846 Et

1486 1859 1700 1896 secundum
1728 1860 1818 1906 hoc,
1847 1859 2031 1897 vitiosum
2068 1868 2123 1897 est
2151 1861 2256 1909 quod
2288 1861 2440 1910 aliquis,
2469 1862 2551 1899 sine

1486 1912 1612 1949 debita
1641 1925 1766 1958 causa,
1792 1913 1921 1950 laudet
1939 1913 2108 1961 seipsum
2129 1913 2244 1951 etiam
2274 1915 2322 1952 de
2349 1927 2458 1952 vero.
2486 1914 2551 1952 Vi-

1485 1965 1624 2002 tiosum
1654 1965 1768 2002 etiam
1798 1974 1854 2002 est
1890 1966 1996 2013 quod
2032 1966 2166 2014 aliquis
2202 1975 2401 2016 peccatum
2438 1979 2552 2005 suum

1485 2018 1667 2068 publicet,
1697 2018 1806 2068 quasi
1835 2031 1875 2055 se
1904 2020 1951 2055 de
1989 2019 2064 2056 hoc
2101 2019 2311 2068 laudando,
2341 2021 2403 2058 vel
2432 2021 2550 2070 quali-

1485 2079 1708 2120 tercumque
1737 2071 1914 2109 inutiliter
1942 2072 2233 2111 manifestando.

1537 2126 1597 2162 AD
1616 2136 1776 2162 TERTlUM
1795 2137 1982 2162 DICENDUM
2010 2126 2115 2174 quod
2134 2125 2195 2163 ille
2223 2126 2289 2175 qui
2308 2126 2396 2164 dicit
2413 2138 2550 2165 verum

1484 2178 1627 2227 profert
1646 2178 1772 2227 aliqua
1800 2177 1906 2226 signa
1926 2179 2138 2216 conformia
2162 2179 2298 2216 rebus:
2328 2180 2467 2218 scilicet
2487 2181 2552 2218 vel

1483 2232 1616 2278 verba,
1636 2232 1698 2268 vel
1722 2231 1847 2280 aliqua
1866 2231 1963 2268 facta
1984 2231 2181 2280 exteriora,
2202 2240 2268 2270 aut
2287 2245 2551 2283 quascumque

1484 2297 1544 2322 res
1573 2285 1789 2321 exteriores.
1821 2284 1931 2321 Circa
1949 2285 2171 2323 huiusmodi
2194 2293 2322 2323 autem
2343 2299 2403 2323 res
2422 2291 2435 2308 ⁸
2463 2294 2552 2325 sunt

1484 2339 1587 2375 solae
1615 2337 1771 2374 virtutes
1800 2339 1986 2375 morales:
2017 2339 2065 2375 ad
2085 2343 2188 2387 ‘quas
2213 2339 2326 2376 etiam
2345 2352 2438 2376 usus
2465 2353 2550 2390 per-

1482 2391 1574 2428 tinet
1593 2391 1823 2427 exteriorum
1844 2391 2122 2438 membrorum,
2144 2392 2356 2429 secundum
2383 2394 2490 2441 quod
2507 2393 2552 2431 fit

1483 2456 1552 2493 per
1588 2443 1792 2492 imperium
1829 2444 2044 2481 voluntatis.
2082 2444 2192 2482 Unde
2225 2445 2364 2482 veritas
2395 2458 2475 2483 non
2496 2453 2552 2484 est

1483 2497 1602 2534 virtus
1621 2496 1834 2544 theologica
1853 2508 1977 2545 neque
1997 2496 2266 2544 intellectualis,
2288 2498 2355 2535 sed
2380 2499 2550 2537 moralis.

1538 2550 1605 2586 Est
1633 2557 1760 2586 autern
1797 2549 1834 2585 in
1864 2549 1991 2586 medio
2025 2550 2122 2586 inter
2158 2551 2396 2599 superfluum
2426 2559 2462 2589 et
2496 2552 2550 2590 di-

1483 2601 1671 2638 minutum
1691 2602 1909 2650 dupliciter:
1938 2615 2017 2640 uno
2038 2603 2195 2651 quidem
2224 2605 2356 2651 modo,
2379 2617 2422 2641 ex
2441 2613 2549 2654 parte

1484 2655 1639 2701 obiecti;
1669 2655 1742 2692 alio
1763 2655 1895 2702 modo,
1918 2667 1963 2692 ex
1990 2663 2097 2704 parte
2117 2664 2234 2694 actus.
2264 2658 2322 2694 Ex
2341 2665 2448 2706 parte
2467 2658 2551 2707 qui—

1484 2708 1573 2745 dem
1602 2708 1759 2755 obiecti,
1789 2708 1879 2757 quia
1916 2721 2052 2746 verum
2091 2710 2304 2747 secundum
2343 2723 2455 2748 suam
2490 2724 2547 2750 ra-

1482 2761 1628 2798 tionem
1657 2761 1836 2810 importat
1854 2762 2048 2809 quandam
2069 2762 2347 2811 aequalitatem.
2377 2766 2549 2814 Aequale

1483 2822 1611 2851 autem
1641 2822 1696 2850 est
1725 2813 1897 2851 medium
1925 2814 2021 2852 inter
2049 2815 2172 2852 maius
2202 2823 2238 2852 et
2266 2816 2405 2855 minus.
2435 2817 2548 2856 Unde

1484 2879 1529 2903 ex
1557 2867 1632 2903 hoc
1659 2867 1742 2916 ipso
1762 2867 1867 2915 quod
1896 2867 2030 2917 aliquis
2057 2881 2193 2906 verum
2214 2869 2302 2906 dicit
2330 2869 2378 2907 de
2407 2870 2546 2920 seipso,

1483 2920 1655 2957 medium
1687 2928 1790 2957 tenet
1826 2920 1922 2958 inter
1959 2933 2048 2958 eum
2086 2922 2151 2970 qui
2187 2922 2336 2959 maiora
2372 2923 2461 2960 dicit
2498 2924 2546 2962 de

1482 2973 1621 3022 seipso,
1651 2980 1688 3009 et
1715 2973 1811 3010 inter
1831 2985 1919 3010 eum
1939 2974 2004 3022 qui
2025 2974 2186 3012 minora.
2215 2996 2239 3003 -
2269 2976 2327 3013 Ex
2354 2984 2462 3025 parte
2482 2989 2547 3014 au-

1482 3034 1560 3063 tem
1589 3034 1694 3063 actus
1723 3026 1895 3064 medium
1925 3035 2038 3074 tenet,
2067 3027 2294 3076 inquantum
2321 3041 2460 3066 verum
2493 3030 2547 3068 di-

1483 3079 1531 3116 cit
1559 3079 1714 3126 quando
1745 3087 1911 3128 oportet,
1943 3088 1978 3117 et
2007 3081 2220 3118 secundum
2249 3081 2355 3130 quod
2383 3090 2544 3131 oportet.

1484 3132 1731 3180 Superfluum
1761 3140 1888 3169 autem
1924 3133 2104 3170 convenit
2136 3134 2188 3171 illi
2224 3134 2289 3184 qui
2326 3134 2546 3184 importune

1484 3197 1528 3221 ea
1563 3197 1662 3232 quae
1697 3197 1765 3222 sua
1806 3193 1893 3222 sunt
1934 3186 2169 3224 manifestat:
2210 3187 2380 3225 defectus
2417 3195 2545 3226 autem

1484 3237 1666 3285 competit
1698 3237 1747 3274 illi
1776 3238 1841 3286 qui
1879 3239 2059 3287 occultat,
2090 3240 2244 3288 quando
2274 3240 2514 3278 manifestare
2533 3239 2546 3265 t

1483 3297 1644 3338 oportet.

1533 3401 1558 3434 ὃ)
1577 3403 1631 3427 sed.
1643 3416 1662 3421 —
1679 3406 1706 3427 et
1724 3403 1884 3435 ABEFLpK,
1903 3403 1962 3428 ideo
1982 3404 2022 3429 ed.
2041 3412 2067 3429 a.

1534 3438 1557 3469 ε)
1577 3445 1627 3462 res.
1639 3452 1658 3456 —
1676 3438 1825 3463 exteriores
1843 3438 1939 3463 addunt
1957 3439 2008 3464 BF.

1533 3472 1558 3504 ζ)
1578 3473 1768 3506 manifestare..
1780 3487 1798 3492 -
1817 3474 1984 3507 manifestari
2002 3474 2066 3503 EIK,
2086 3474 2223 3508 manifeste
2242 3475 2313 3507 FpA.

2579 1386 2588 1395 ·
2602 1383 2701 1406 Λήιτος.
2713 1382 2789 1406 mic.

2579 1409 2619 1432 nb.
2637 1409 2670 1437 n,
2688 1415 2715 1432 e·
2733 1425 2740 1432 .

2578 1443 2636 1485 {¹0:1²
2645 1443 2694 1485 312·

2723 1415 2790 1459 affl:
