2814 4250
135 390 143 398 ¹⁵
163 389 202 409 Iob
228 395 278 417 cap.
305 396 327 410 ix

134 421 193 436 νει-5.
207 422 238 443 33.

125 1569 135 1580 ⁸
150 1569 215 1590 Vers.
232 1569 252 1592 8.

125 1674 135 1683 ⁸
150 1673 215 1695 Vers.
232 1680 247 1695 ι.

124 1942 133 1951 ·
148 1941 213 1962 Vers.
230 1942 261 1962 18.

123 2206 131 2216 “
151 2206 202 2226 Art.
220 2205 332 2232 praeced.⁵

123 2231 151 2252 ad
167 2237 182 2257 1,
197 2238 216 2259 3.

123 2414 132 2422 '¹
148 2413 175 2434 l).
191 2419 234 2440 552,
251 2413 300 2440 589.

380 254 430 290 26

1075 251 1340 298 QUAESTIO
1371 252 1458 298 Lx,
1487 252 1783 289 ARTicuLus
1814 253 1845 288 11

371 331 497 368 valeat
521 343 696 380 arguere,
717 337 751 367 et
768 342 910 379 ponere
939 342 1093 366 manum
1115 341 1223 365 suam
1246 329 1282 364 in
1304 330 1432 365 ambo·
1458 328 1460 380 j
1485 341 1624 376 perans
1653 337 1689 366 et
1717 330 1951 378 praecipiens
1985 330 2088 378 quod
2117 330 2255 367 iustum
2286 339 2360 367 est:
2390 331 2428 368 in
2457 333 2546 369 sub-

372 438 419 472 ad
452 436 628 472 iustitiam
665 435 861 484 quamad
895 435 1060 482 aliquam
1096 434 1207 470 aliam
1238 433 1428 470 virtutem.

338 407 342 415 ¹
372 386 439 420 bus
458 384 487 420 ²³².
519 385 566 420 Et
587 392 741 432 propter
760 385 832 419 hoc
854 383 1034 419 iudicium
1055 381 1253 429 specialius
1272 381 1433 429 pertinet
1457 381 1459 440 J
1487 381 1569 418 ditis
1598 389 1725 418 autem
1756 390 1811 419 est
1838 391 2020 431 tanquam
2046 382 2164 419 virtus
2189 383 2384 420 executiva
2413 391 2449 420 et
2477 384 2546 421 mi-

1485 433 1656 478 nistrans.
1686 435 1742 484 'Et
1769 435 1855 472 ideo
1885 435 2082 481 iudicium,
2113 435 2217 482 quod
2246 435 2424 484 importat
2453 437 2545 474 defi-

423 490 481 525 An
504 500 674 530 QUARTUM
695 500 877 525 DICENDUM
907 488 1010 534 quod
1035 486 1172 523 iustitia
1194 486 1231 523 in
1259 485 1430 534 principe
1483 486 1809 534 uitionemuiu‘sti,
1839 488 2000 536 pertinet
2035 487 2083 524 ad
2119 487 2296 540 iustitiam
2333 489 2543 526 secundum

370 541 523 588 quidem
553 549 608 577 est
636 541 729 577 sicut
757 540 873 576 virtus
903 539 1205 585 architectonica,
1233 538 1340 587 quasi
1359 538 1429 575 im·
1455 557 1458 587 l
1485 539 1590 586 quod
1619 547 1673 576 est
1699 540 1950 588 principaliori
1975 540 2093 577 modo
2122 540 2160 577 in
2189 540 2437 588 praesidente.

1534 627 1588 635 W

1063 681 1454 724 ARTICULUS
1493 681 1849 723 SECUNDUS

1117 774 1272 804 UTRUM
1297 773 1363 804 srr
1388 773 1570 803 LICITUM
1595 772 1818 808 IUDICARE,

469 855 537 879 Part.
557 854 596 884 111,
616 861 661 885 qu.
680 860 728 883 ux,
749 858 794 877 art.
819 859 845 882 1;
867 853 943 877 Cont.
964 853 1088 886 Impugn.
1107 852 1204 885 Relig„
1224 859 1280 884 cap.
1298 858 1354 881 ως
1373 851 1417 876 Ad
1435 851 1522 881 Rom„
1542 858 1597 883 cap.
1616 858 1643 882 11,
1664 851 1720 875 lect.
1741 858 1762 881 13
1783 858 1838 883 cap.
1856 858 1910 882 nv,
1930 851 1988 876 lect.
2006 859 2028 882 ¹3
2048 852 2057 877 1
2075 852 2112 876 ad
2133 853 2204 880 Cor„
2223 860 2278 886 cap.
2297 860 2330 882 w,
2349 853 2407 877 lect.
2426 860 2444 877 1.
2498 871 2504 877 .

417 977 425 985 ι
450 953 457 967 ,
481 969 497 983 w
511 961 526 972 f
576 945 598 970 D
614 944 804 970 SECUNDUM
818 944 871 969 sm
891 943 1131 969 PROCEmTUR.
1148 932 1307 969 Videtur
1322 931 1427 981 quod

432 984 439 993 ⁶
503 979 553 1037 '5³3
578 999 655 1022 non
684 986 730 1022 sit
757 985 898 1021 licitum
928 985 1105 1022 iudicare.
1136 986 1227 1021 Non
1249 985 1350 1022 enim
1372 985 1425 1021 in-

381 1041 385 1048 '
412 1038 494 1084 '5⁷‘
533 1039 714 1089 fligitur
742 1050 868 1087 poena
896 1037 965 1074 nisi
994 1050 1064 1086 pro
1093 1038 1230 1074 illicito.
1267 1038 1343 1075 Sed
1371 1037 1425 1073 iu-

420 1067 517 1128 57³3
531 1084 788 1128 &dicantibus
807 1091 978 1127 imminet
999 1097 1015 1112 ²
1043 1103 1180 1139 poena,
1202 1102 1319 1139 quam
1348 1103 1427 1127 non

364 1145 571 1181 iudicantes
602 1144 804 1191 effugiunt:
835 1144 1045 1180 secundum
1065 1144 1155 1180 illud
1175 1144 1308 1180 Matth.
1324 1142 1425 1179 V11²¹‘:

363 1198 492 1235 Nolite
507 1198 685 1243 iudicare,
703 1203 744 1233 ut
760 1208 834 1233 non
849 1195 863 1225 β
883 1197 1107 1233 indicemini.
1138 1197 1240 1244 Ergo
1260 1195 1426 1232 iudicare

365 1258 420 1287 est
447 1250 627 1287 illicitum.

419 1315 453 1340 2.
483 1304 716 1349 PRAETEREA,
745 1303 857 1338 Rom.
874 1313 932 1338 x1v
953 1301 972 1322 '¹‘
1002 1301 1153 1338 dicitur:
1187 1302 1242 1337 Tu
1272 1301 1353 1348 quis
1374 1312 1424 1345 es,

363 1357 429 1404 qui
445 1357 588 1392 iudicas
606 1356 771 1392 alienum
789 1353 974 1391 servum?
1001 1355 1078 1390 Suo
1097 1354 1248 1390 domino
1267 1358 1340 1390 stat
1360 1358 1428 1390 aut

363 1409 471 1445 cadit.
507 1408 697 1445 Dominus
725 1415 853 1443 autem
884 1406 1058 1443 omnium
1086 1407 1192 1443 Deus
1221 1413 1286 1442 est.
1323 1406 1423 1452 Ergo

363 1461 454 1498 nulli
481 1460 628 1497 homini
656 1459 741 1496 licet
769 1459 948 1496 iudicare.

417 1515 450 1550 3.
482 1515 721 1559 PRAETEREA‚
751 1513 874 1549 nullus
899 1513 1019 1549 homo
1048 1518 1104 1548 est
1135 1511 1216 1549 sine
1243 1518 1422 1558 peccato:

363 1566 572 1603 secundum
593 1565 683 1602 illud
705 1567 718 1601 Ι
736 1566 839 1602 Ioan.
856 1577 865 1601 1
880 1564 916 1601 *ε
946 1565 988 1601 Si
1004 1564 1212 1600 dixerimus
1231 1564 1319 1611 quia
1337 1575 1425 1612 pec-

362 1625 487 1657 catum
507 1631 582 1656 non
605 1619 797 1663 hahemus,
809 1618 981 1666 nosipsos
998 1617 1219 1654 seducimus.
1241 1617 1319 1653 Sed
1337 1629 1424 1665 pec-

363 1673 461 1710 canti
479 1684 558 1708 non
577 1671 661 1708 licet
678 1671 863 1708 iudicare:
885 1670 1098 1707 secundum
1118 1669 1210 1706 illud
1228 1671 1341 1706 Rom.
1354 1682 1377 1706 11
1391 1669 1423 1706 *ε

361 1724 633 1762 Inexcusabilis
660 1736 718 1769 es,
747 1736 769 1760 o
797 1725 911 1760 homo
939 1723 1060 1759 omnis
1096 1723 1162 1770 qui
1188 1723 1351 1759 iudicas.-
1385 1723 1422 1759 in

362 1790 435 1827 quo
470 1778 569 1814 enim
602 1777 762 1814 alterum
797 1777 957 1821 iudicas,
987 1776 1143 1823 teipsum
1176 1775 1425 1819 condemnas;

362 1832 492 1868 eadem
520 1831 618 1867 enim
648 1830 732 1879 'agis
760 1841 856 1877 quae
884 1829 1037 1865 iudicas.
1068 1829 1169 1875 Ergo
1190 1828 1281 1864 nulli
1301 1835 1357 1864 est
1384 1827 1424 1864 li-

363 1884 479 1921 citum
509 1883 687 1919 iudicare.

417 1938 490 1974 SED
519 1947 666 1973 CONTRA
693 1946 759 1971 Es‘r
791 1935 895 1982 quod
929 1933 1064 1970 dicitur
1091 1934 1201 1970 Deut.
1221 1933 1332 1970 xvt*:
1361 1934 1425 1969 Iu-

362 1991 460 2027 dices
496 1995 531 2025 et
566 1988 769 2037 magistros
803 1987 1000 2038 constitues
1032 1986 1069 2023 in
1105 1986 1277 2023 omnibus
1305 1986 1425 2034 portis

362 2044 443 2088 tuis,
473 2048 513 2078 ut
539 2042 700 2078 iudicent
718 2039 903 2088 populum
931 2039 1026 2076 iusto
1054 2039 1201 2076 iudicio.

414 2097 639 2132 REsPONDEo
668 2104 853 2130 DICENDUM
886 2091 991 2141 quod
1024 2091 1206 2128 iudicium
1237 2091 1424 2129 intantum

362 2156 416 2186 est
449 2148 591 2184 licitum
625 2147 852 2194 inquantum
886 2152 941 2181 est
973 2144 1132 2182 iustitiae
1165 2151 1281 2182 actus.
1321 2140 1453 2182 Sicut*

361 2209 488 2238 autern
517 2213 561 2237 ex
589 2199 788 2248 praedictis
807 2198 827 2220 ’¹‘
854 2205 976 2246 patet,
1007 2197 1056 2234 ad
1090 2198 1164 2234 hoc
1197 2197 1303 2245 quod
1330 2197 1429 2236 iudi-

362 2255 463 2291 cium
493 2254 539 2290 sit
570 2261 675 2290 actus
702 2251 863 2288 iustitiae
896 2250 967 2288 tria
1000 2251 1261 2299 requiruntur:
1300 2250 1424 2298 primo

361 2307 529 2356 quidem,
559 2314 600 2343 ut
626 2304 808 2354 procedat
836 2316 880 2340 ex
899 2303 1140 2341 inclinatione
1160 2303 1338 2348 iustitiae;
1368 2315 1425 2341 se-

362 2360 508 2406 cundo,
539 2359 644 2406 quod
676 2357 858 2406 procedat
887 2369 931 2394 ex
960 2356 1181 2394 auctoritate
1208 2356 1426 2404 praesiden-

361 2414 406 2450 tis
424 2413 465 2456 *ς
498 2413 628 2457 tertio,
659 2411 764 2459 quod
796 2410 1009 2458 proferatur
1041 2409 1253 2446 secundum
1282 2417 1424 2446 rectam

362 2466 546 2503 rationem
567 2463 801 2514 prudentiae.
832 2463 1118 2511 Quodcumque
1138 2470 1264 2499 autem
1284 2463 1425 2499 horum

362 2519 531 2564 defuerit,
553 2525 609 2554 est
632 2516 812 2554 iudicium
827 2521 843 2544 Υ
871 2516 1052 2552 vitiosum
1073 2522 1109 2552 et
1128 2515 1309 2552 illicitum.
1338 2515 1425 2553 Uno

362 2571 517 2621 quidem
552 2570 691 2616 modo,
722 2569 875 2617 quando
911 2576 965 2605 est
998 2576 1129 2605 contra
1161 2567 1424 2606 rectitudinem

362 2625 541 2662 iustitiae:
573 2631 608 2660 et
640 2623 693 2660 sic
726 2622 860 2659 dicitur
891 2621 1073 2658 iudicium
1108 2633 1330 2669 perversum
1363 2622 1426 2658 vel

363 2678 551 2714 iniustum.
585 2676 672 2713 Alio
708 2675 847 2720 modo,
878 2674 1032 2722 quando
1067 2675 1187 2710 homo
1216 2674 1356 2712 iudicat
1388 2674 1427 2710 in

362 2730 420 2767 his
447 2731 486 2767 in
514 2729 651 2778 quibus
681 2741 758 2768 non
780 2729 896 2764 habet
923 2727 1199 2764 auctoritatem:
1230 2735 1265 2764 et
1293 2727 1345 2764 sic
1373 2726 1428 2764 di—

363 2783 457 2820 citur
485 2782 666 2820 iudicium
696 2786 928 2829 usurpatum.
959 2780 1090 2816 Tertio
1110 2780 1242 2826 modo,
1273 2779 1428 2828 quando

416 2909 443 2942 α)
464 2909 590 2933 imminet.
602 2922 621 2927 —
634 2908 825 2940 praeimminet
845 2908 956 2940 ABpKrr,
972 2907 1124 2940 praeminet
1141 2907 1228 2932 EFIL.

417 2943 443 2977 β)
463 2947 493 2969 ut
511 2951 572 2969 non.
586 2958 605 2962 —
624 2951 656 2968 ne
675 2943 704 2968 P.

1039 3022 1370 3054 Commentario.
1393 3006 1644 3053 Oardi'nans
1666 3019 1867 3053 Caietam

368 3113 415 3174 In
428 3101 560 3132 articulo
576 3101 716 3131 secundo
733 3101 927 3140 quaestionis
941 3101 1161 3140 sexagesimae,
1175 3100 1294 3131 omisso
1311 3100 1426 3140 primo,
1450 3099 1453 3150 l

396 3146 531 3176 dubium
545 3146 578 3175 in
594 3144 801 3184 responsione
824 3145 863 3174 ad
887 3145 1015 3175 tertium
1031 3144 1176 3180 occurrit,
1199 3145 1238 3174 ad
1261 3144 1428 3175 hominem

366 3197 396 3220 et
419 3189 609 3230 simpliciter,
635 3199 674 3219 an
698 3188 791 3219 iudex
814 3188 846 3218 in
870 3195 998 3229 peccato
1022 3188 1158 3224 mortali,
1179 3188 1272 3218 etiam
1289 3187 1425 3224 occulto,

367 3234 556 3264 constitutus
581 3239 687 3273 peccet
709 3232 852 3263 iudicans
876 3232 966 3262 alios.
995 3231 1036 3262 Et
1059 3238 1105 3262 est
1132 3231 1211 3262 ratio
1236 3231 1322 3261 dubii
1353 3231 1427 3272 quia

365 3279 487 3308 Auctor
510 3277 549 3310 in,
564 3277 606 3308 IV
623 3277 722 3314 Sem„
733 3276 809 3307 dist.
826 3286 886 3312 xix,
902 3286 955 3316 qu.
973 3274 1083 3312 1r,'art.
1104 3285 1119 3305 2
1136 3275 1163 3311 *‚
1185 3281 1270 3306 tenet
1293 3274 1428 3305 affirma-

366 3322 463 3353 tivam
487 3329 608 3362 partem
630 3321 661 3351 in
686 3321 825 3360 praelato
841 3320 1061 3351 ecclesiastico.
1086 3320 1127 3350 Et
1145 3319 1225 3350 ratio
1241 3319 1307 3350 eius
1322 3318 1366 3349 ibi
1382 3325 1430 3349 est

367 3366 442 3406 quia
467 3366 595 3405 indigne
623 3365 722 3396 utitur
749 3364 855 3396 officio
882 3364 1093 3406 praelationis.
1121 3380 1142 3386 —
1170 3364 1211 3394 Et
1237 3363 1362 3394 additur
1388 3364 1426 3395 ab

1451 1309 1453 1344 ξ
1478 1312 1550 1336 nus
1580 1299 1678 1346 dicit,
1707 1300 1746 1336 in
1775 1300 1872 1336 libro
1901 1300 1947 1336 de
1971 1301 2092 1336 Serm.
2112 1301 2225 1336 Dom.
2247 1301 2284 1337 in
2303 1300 2439 1337 Monte
2457 1300 2487 1337 *.
2517 1322 2542 1328 -
2570 1310 2580 1320 ·

1450 2081 1452 2117 ἶ
1480 2092 1528 2128 Et
1564 2091 1768 2140 praecipue
1797 2098 1853 2127 est
1888 2091 1963 2127 hoc
1987 2090 2271 2138 intelli-gendum
2295 2090 2457 2139 quando
2482 2090 2550 2130 iun*

1451 940 1453 978 ;
1479 932 1585 968 deest
1613 930 1797 968 certitudo
1826 931 1991 978 rationis,
2020 938 2112 980 puta
2140 943 2227 968 cum
2256 932 2389 981 aliquis
2419 932 2465 969 de
2485 933 2543 969 his

1478 984 1617 1020 iudicat
1637 996 1734 1032 quae
1755 991 1840 1020 sunt
1870 983 1985 1020 dubia
2009 985 2071 1020 vel
2100 985 2247 1021 occulta
2270 997 2339 1033 per
2357 982 2370 1006 ⁶
2399 985 2542 1034 aliquas
2667 993 2682 1019 ὃ

1478 1037 1588 1073 leves
1612 1037 1868 1073 coniecturas:
1909 1044 1944 1072 et
1973 1036 2025 1072 sic
2058 1036 2192 1073 dicitur
2220 1036 2401 1074 iudicium
2427 1039 2543 1086 suspi-

1479 1090 1622 1126 ciosum
1650 1090 1712 1126 vel
1741 1090 1997 1126 temerarium.

1532 1144 1591 1178 An
1625 1154 1762 1179 Palmum
1794 1154 1893 1179 ERGO
1926 1153 2110 1179 DICENDUM
2139 1142 2245 1190 quod
2273 1141 2464 1178 Dominus
2492 1142 2544 1179 ibi

1477 1194 1655 1243 prohibet
1683 1194 1865 1231 iudicium
1897 1194 2162 1242 temerarium,
2192 1195 2296 1243 quod
2326 1202 2382 1231 est
2413 1195 2461 1231 de
2489 1194 2544 1232 in-

1477 1247 1645 1284 tentione
1674 1247 1799 1284 cordis
1826 1248 1888 1283 vel
1917 1247 1964 1284 de
1994 1247 2075 1284 aliis
2103 1247 2270 1284 incertis:
2300 1255 2340 1284 ut
2367 1248 2544 1295 Augusti-

1477 1353 1547 1389 Vel
1579 1352 1758 1400 prohibet
1789 1352 1840 1389 ibi
1872 1352 2055 1389 iudicium
2088 1352 2135 1390 de
2165 1354 2278 1390 rebus
2307 1352 2465 1401 divinis,
2494 1355 2542 1396 de

1478 1405 1626 1453 quibus,
1656 1416 1745 1442 cum
1773 1404 1847 1441 sint
1874 1417 1988 1452 supra
2015 1417 2098 1450 nos,
2128 1417 2206 1442 non
2235 1406 2421 1445 debemus
2448 1404 2543 1450 iudi*

1478 1470 1576 1503 care,
1607 1457 1674 1494 sed
1702 1457 1921 1505 simpliciter
1949 1469 1995 1494 ea
2023 1457 2197 1495 credere:
2229 1465 2271 1495 ut
2295 1454 2545 1506 Hilarius‘dig-
2582 1484 2585 1486 -

1478 1510 1538 1557 cit,
1557 1522 1670 1559 super
1687 1511 1825 1548 Matth.
1845 1509 1866 1532 ⁸⁸
1883 1530 1908 1538 -
1927 1510 1997 1547 Vel
2025 1510 2204 1558 prohibet
2227 1505 2412 1549 iudicium
2439 1511 2547 1559 quod
2571 1523 2582 1533 ⁴

1477 1575 1556 1600 non
1585 1564 1629 1600 sit
1657 1575 1703 1600 ex
1731 1563 2019 1609 benevolentia,
2049 1563 2117 1600 sed
2145 1575 2191 1600 ex
2219 1563 2338 1600 animi
2365 1564 2545 1601 amaritia*

1478 1616 1584 1653 dine:
1613 1624 1655 1653 ut
1683 1616 1982 1664 Chrysostomus
2009 1615 2100 1653 dicit
2116 1615 2148 1653 ²¹⁸.
2484 1628 2549 1654 214]
2570 1617 2768 1666 Lffmh'ffl

1529 1671 1589 1706 AD
1609 1681 1799 1706 SECUNDUM
1818 1680 2003 1707 mcENDuM
2032 1669 2136 1718 quod
2164 1668 2278 1705 iudex
2307 1669 2549 1708 constituitur,

1476 1729 1519 1758 ut
1546 1721 1715 1759 minister
1733 1721 1818 1759 Dei.
1847 1721 1959 1758 Unde
1979 1721 2115 1759 dicitur
2132 1722 2243 1759 Deut.
2259 1734 2270 1759 1
2289 1721 2324 1758 *ε
2357 1722 2468 1764 Quod
2489 1722 2550 1761 iuss
2570 1735 2581 1746 ·

1476 1780 1573 1811 stum
1593 1780 1647 1810 est
1664 1774 1840 1818 iudicate;
1870 1782 1905 1810 et
1924 1782 2058 1822 postea
2077 1774 2204 1812 subdit
2222 1774 2260 1810 *z
2285 1775 2383 1816 Quia
2400 1775 2477 1812 Dei
2489 1781 2549 1814 est
2571 1785 2594 1802 ’2

1477 1827 1668 1864 iudicium.
2408 1841 2409 1845 ¹
2478 1847 2493 1851 ·<
2556 1839 2559 1842 ’

1530 1881 1590 1917 AD
1608 1891 1769 1916 TERTiuM
1789 1890 1972 1916 mcENDun
2002 1879 2106 1926 quod
2134 1879 2184 1917 illi
2209 1879 2274 1927 qui
2293 1885 2380 1916 sunt
2405 1879 2446 1916 in
2463 1885 2549 1929 gma

1478 1933 1587 1970 vibus
1606 1932 1772 1980 peccatis
1791 1943 1870 1969 non
1890 1932 2030 1968 debent
2048 1931 2215 1969 iudicare
2235 1944 2302 1969 eos
2316 1931 2392 1980 Jqui-
2405 1932 2567 1972 sunt-ifi1

1479 1986 1625 2023 eisdem
1647 1984 1814 2033 peccatis
1832 1985 1894 2022 vel
1922 1985 2156 2022 minoribus:
2183 1991 2226 2023 ut
2245 1984 2551 2032 Chrysosto'mu'n

1480 2038 1568 2091 dicit
1589 2039 1622 2085 *‚
1647 2050 1762 2086 super
1788 2037 1880 2076 illud
1906 2038 2040 2075 Matth.
2060 2050 2109 2075 vn
2129 2037 2181 2084 *ἦ
2210 2037 2340 2075 Nolite
2366 2037 2550 2077 iudicare„
2571 2041 2581 2052 ⁸
2595 2041 2620 2064 Η
2697 2041 2782 2068 ¹¹¹V¹

2571 2074 2596 2107 ἐ
2609 2067 2676 2118 θ’...
2689 2082 2708 2117 ·,.

1478 2151 1635 2192 peccata
1654 2151 1742 2180 sunt
1760 2143 1929 2192 publica:
1951 2143 2040 2191 quia
2062 2155 2107 2180 ex
2125 2143 2200 2180 hoc
2219 2151 2421 2190 generatur
2433 2148 2549 2184 scanz

1481 2197 1610 2237 dalum
1639 2197 1678 2234 in
1706 2196 1885 2234 cordibus
1913 2196 2088 2234 aliorum.
2124 2196 2163 2233 Si
2191 2203 2320 2235 autem
2350 2207 2430 2233 non
2457 2204 2546 2236 sunt

1479 2249 1644 2298 publica,
1673 2249 1742 2287 sed
1770 2249 1932 2295 occulta,
1963 2256 1999 2285 et
2027 2248 2230 2288 necessitas
2254 2248 2450 2287 'iudicandi
2468 2248 2549 2289 :ime

1478 2303 1621 2342 mineat
1634 2309 1808 2351 :propter
1840 2302 2011 2340 officium
2024 2330 2034 2349 ,
2063 2308 2187 2350 potest
2218 2313 2308 2339 cum
2332 2301 2551 2351 humilitate,

1479 2363 1522 2393 et
1542 2355 1761 2393 timorevel
1781 2366 1937 2402 arguere
1956 2355 2019 2393 vel
2038 2353 2205 2394 iudicem
2224 2353 2398 2393 *.'⁴Unde
2415 2356 2550 2403 Augu«.
2573 2363 2584 2373 ·

1480 2409 1599 2446 stinus
1627 2408 1728 2454 dicit,
1757 2409 1794 2445 in
1824 2408 1917 2445 libro
1945 2408 1991 2444 de
2009 2408 2130 2445 Serm.
2149 2408 2264 2445 Dom.
2290 2407 2329 2444 in
2354 2407 2549 2453 Monteffffa

1480 2463 1522 2499 Si
1547 2462 1799 2498 invenerimus
1827 2473 1894 2497 nos
1923 2461 1959 2497 in
1979 2460 2110 2498 eodem
2128 2460 2216 2497 vitio
2235 2471 2325 2506 esse,
2354 2460 2561 2510 congemis

1476 2526 1638 2560 scamus,
1657 2520 1694 2550 et
1715 2514 1767 2551 ad
1787 2513 1934 2562 pariter
1953 2513 2166 2551 conandum
2187 2513 2395 2550 invitemus.
2415 2532 2440 2541 -
2461 2513 2546 2551 Nec

1478 2575 1607 2605 tamen
1636 2575 1790 2615 propter
1808 2567 1882 2603 hoc
1910 2566 2031 2603 homo
2051 2565 2104 2603 sic
2124 2565 2294 2614 seipsum
2315 2565 2551 2605 condemnat

1478 2628 1520 2657 ut
1547 2632 1694 2658 novum
1717 2618 2045 2656 condemnationis
2066 2618 2244 2656 meritum
2265 2618 2336 2656 sibi
2355 2617 2552 2667 acquirat&

1480 2673 1548 2710 sed
1576 2673 1676 2722 quia,
1709 2672 1972 2710 condemnans
2000 2671 2130 2718 alium,
2160 2671 2324 2709 ostendit
2352 2683 2392 2708 se
2421 2671 2553 2709 similiv-

1479 2734 1536 2763 ter
1560 2725 1891 2763 condemnabilem
1912 2737 2006 2772 esse,
2036 2731 2191 2773 propter
2214 2724 2317 2761 idern
2345 2730 2545 2773 peccatum

1479 2779 1543 2816 vel
1571 2778 1706 2816 simile.

2724 2368 2783 2391 ‘⁴⁶5-

2631 2429 2640 2437 .
2667 2389 2782 2444 ,ὧι

2439 2848 2443 2851 ’
2493 2848 2499 2866 ἰ
2510 2858 2512 2861 -
2524 2846 2551 2868 ,Kx

1524 2905 1560 2939 ’γ)
1580 2908 1621 2931 est
1638 2904 1774 2930 iudicium.
1789 2918 1805 2924 -·
1825 2905 1951 2930 iudicium
1969 2902 2022 2930 erit
2040 2904 2093 2929 ΡΙ).
2115 2902 2117 2904 ’
2163 2902 2165 2905 ’
2428 2910 2430 2912 ’
2491 2889 2493 2891 .

1534 2940 1558 2975 δ)
1574 2948 1666 2974 peru-
1679 2943 1795 2974 propter
1811 2940 1882 2965 PDa.
1903 2954 1907 2959 ›
2185 2942 2188 2959 ῖ
2340 2956 2341 2961 ,
2377 2959 2379 2963 ,
2439 2951 2441 2956 κ
2468 2959 2481 2970 ¹.
2504 2941 2550 2974 Tm

2122 2995 2124 2997 ’
2429 3006 2450 3010 ”
2475 3003 2549 3026 :wc

2456 3061 2470 3066 ·*
2491 3045 2549 3080 ‘Nil-1

1479 3099 1617 3130 iudicare
1641 3109 1716 3130 cum
1738 3098 1926 3134 humilitate,
1943 3098 2062 3138 absque
2080 3097 2326 3138 quodwincurrat
2349 3096 2551 3132 novn'maedffi

1480 3143 1653 3217 ξηὲρῐὶοιὲίε
1675 3152 1812 3178 causam,
1836 3142 1983 3183 quamvis
2005 3151 2038 3172 se
2061 3141 2275 3172 damnabilem
2299 3139 2550 3185 ostendatque}

1480 3197 1512 3217 1u
1537 3197 1607 3217 ican
1631 3196 1662 3217 o.
2547 3214 2550 3216 .

1535 3230 1572 3261 11.
1598 3230 1648 3261 Ad
1670 3229 1805 3260 dubium
1822 3229 1885 3259 hoc
1901 3227 2084 3268 simpliciter
2099 3228 2272 3262 dicendum
2286 3234 2332 3259 est
2347 3216 2547 3271 quodliuc'le'ss‘

1480 3283 1535 3304 seu
1559 3273 1716 3314 praelatus
1739 3272 1908 3313 spiritualis
1932 3280 2023 3304 utens
2046 3272 2151 3303 officio
2168 3283 2227 3303 suo
2250 3272 2284 3303 in
2304 3265 2460 3317 'his-''qiffle'
2476 3270 2543 3302 non

1481 3318 1600 3348 ordinis
1621 3318 1675 3348 sed
1698 3317 1922 3348 iurisdictionis
1938 3323 2021 3354 sunt,
2042 3317 2187 3358 quamvis
2202 3317 2242 3347 sit
2259 3316 2293 3347 in
2312 3319 2440 3356 petato
2457 3324 2545 3346 mor-

1479 3362 1544 3398 tali,
1568 3365 1633 3393 non
1657 3368 1775 3402 peceat,
1799 3362 1910 3392 saltem
1934 3361 2116 3398 mortaliter,
2139 3371 2197 3401 per
2212 3371 2245 3392 se
2264 3360 2438 3402 toquendo.
2462 3358 2542 3391 Dico

367 3410 434 3440 aliis
458 3409 517 3439 alia
541 3410 635 3440 ratio:
668 3409 742 3449 quia
770 3409 887 3439 scilicet
915 3416 961 3439 est
988 3417 1160 3447 suspensus
1188 3407 1296 3448 quoad
1319 3417 1367 3443 se,
1392 3414 1428 3438 ut
1452 3402 1454 3450 ξ
1481 3413 1588 3436 autem
1606 3415 1669 3446 per
1683 3415 1717 3436 se
1740 3406 1906 3446 loquendo,
1932 3406 1970 3435 ad
1987 3405 2171 3436 evitandum
2193 3403 2226 3435 id
2249 3404 2338 3444 quod
2354 3409 2400 3434 est
2422 3413 2478 3444 per
2493 3413 2542 3434 ac-

367 3454 499 3484 habetur
522 3463 557 3483 ex
583 3463 648 3493 cap.
669 3454 734 3489 ult.‚
761 3454 864 3489 Extra,
888 3453 927 3483 de
955 3453 1060 3492 Temp.
1081 3451 1193 3482 Ordin.

1452 3457 1454 3480 l
1481 3450 1602 3481 cidens:
1627 3456 1704 3490 puta
1725 3449 1956 3481 deformitatem
1973 3449 2120 3486 scandali,
2137 3449 2163 3479 si
2187 3454 2351 3489 peccatum
2371 3454 2418 3478 est
2440 3447 2542 3477 mani-

423 3498 457 3528 In
485 3497 546 3528 hoc
574 3505 680 3528 autem
702 3498 775 3527 loco
799 3499 920 3528 Auctor
947 3496 1125 3528 indistincte
1156 3496 1194 3526 de
1222 3495 1325 3526 iudice
1352 3495 1428 3526 dicit
1452 3484 1454 3524 i
1480 3494 1607 3525 festum.
1631 3495 1786 3524 Probatur
1801 3501 1907 3524 autem
1931 3494 2019 3535 quod
2042 3493 2176 3524 dicimus
2191 3502 2228 3529 ex
2244 3501 2283 3523 eo
2305 3491 2542 3532 quodmacula

367 3542 455 3582 quod
479 3541 504 3571 si
527 3549 655 3581 propter
675 3540 816 3571 officium
839 3548 962 3571 tenetur
985 3536 1121 3571 iudicare
1144 3546 1298 3580 peccator,
1323 3546 1428 3580 potest
1452 3525 1454 3570 i

1480 3538 1598 3579 peccati
1622 3538 1763 3569 mortalis
1792 3548 1857 3569 non
1881 3537 2087 3569 contrariatur
2106 3535 2286 3567 netimdini
2312 3535 2479 3576 requisitae
2502 3535 2542 3565 ad
