2860 4244
108 668 201 690 'Mattln
210 674 261 695 cap.
270 674 316 694 xiv,

108 701 167 716 vers.
182 701 203 722 7.

206 732 221 754 ⁷l

107 883 118 894 ⁸
131 882 187 909 Cap.
202 889 222 903 ι..

105 2335 213 2357 'Ariston
222 2334 316 2363 Physic-

105 2362 145 2384 lib.
167 2362 196 2388 11,
218 2367 244 2383 ca
264 2377 268 2382 .
294 2367 316 2388 v,

106 2394 170 2410 num.
182 2394 204 2416 9.
216 2400 227 2404 -
257 2404 262 2410 .
271 2387 317 2409 Th.

107 2415 159 2438 lect.
175 2421 207 2437 ix.

108 2443 117 2453 ⁸
132 2441 166 2463 Cf.
182 2447 247 2463 num.
262 2447 297 2462 ιιι.

349 272 423 308 280

346 357 474 386 tamen
502 355 634 397 peccat
662 347 915 383 iuramentum
944 343 1150 388 servando,
1188 341 1254 378 sed
1283 340 1403 377 multo

347 403 482 438 melius
510 401 596 438 facit
624 400 653 436 si
683 412 760 436 non
790 404 924 435 servet.

399 455 483 491 Alio
504 454 622 490 modo
638 452 757 499 vergit
776 451 813 487 in
834 448 1059 486 deteriorem
1082 446 1220 483 exitum
1249 452 1405 494 propter

346 507 486 555 aliquid
514 506 618 554 quod
647 506 693 541 de
713 516 817 540 novo
839 507 1044 538 emerserat
1063 498 1086 546 ζ,
1117 499 1222 547 quod
1250 499 1318 535 fuit
1337 498 1404 534 im-

344 559 678 608 praemeditatum:
706 557 800 593 sicut
818 562 920 603 patet
939 554 976 590 in
991 553 1205 589 iuramento
1226 552 1403 599 Herodis,

345 613 410 661 qui
438 611 574 648 iuravit
600 611 748 659 puellae
773 607 919 645 saltanti
943 619 982 643 se
1008 607 1186 643 daturum
1210 605 1315 654 quod
1339 617 1404 654 pe-

345 666 448 702 tisset
466 664 496 701 *.
536 665 622 700 Hoc
657 662 757 698 enim
794 661 1052 698 iuramentum
1089 666 1238 708 poterat
1273 670 1355 695 esse
1384 670 1405 694 a

344 717 528 766 principio
557 722 575 743 η
604 715 767 761 licitum,
797 714 983 750 intellecta
1012 712 1138 750 debita
1175 711 1403 758 conditione,

346 770 484 807 scilicet
507 769 537 805 si
555 776 699 817 peteret
718 767 823 815 quod
844 767 934 803 dare
954 765 1120 803 deceret:
1148 764 1215 802 sed
1235 764 1405 813 impletio

345 821 544 860 iuramenti
572 821 639 858 fuit
660 820 795 857 illicita.
825 819 937 857 Unde
960 818 1188 855 Ambrosius
1209 818 1307 864 dicit,
1333 817 1371 854 in
1391 818 1402 853 l

345 877 390 912 de
421 875 562 923 Officiis
580 874 619 910 *z
661 875 730 911 Est
764 879 895 910 contra
928 872 1096 921 officium
1134 882 1404 919 nonnunquam

339 929 568 978 promissum
595 927 740 964 solvere
766 931 1066 963 sacramentum:
1098 924 1193 962 sicut
1218 924 1405 969 Herodes,

344 983 408 1030 qui
436 993 563 1018 necem
582 981 738 1018 Ioannis
759 977 996 1028 praestavit⁰
1026 991 1074 1016 ne
1086 978 1316 1027 promissum
1344 989 1405 1013 ne-

343 1041 465 1085 garet.

397 1089 456 1124 An
475 1099 635 1124 TERTIUM
662 1098 845 1123 DlCENDuM
870 1085 974 1134 quod
1004 1084 1042 1121 in
1062 1084 1275 1121 iuramento
1302 1083 1406 1131 quod

345 1140 429 1190 quis
458 1148 610 1178 coactus
639 1139 736 1186 facit,
767 1139 906 1188 duplex
926 1146 981 1174 est
1000 1137 1191 1185 obligatio.
1221 1137 1307 1173 Una
1326 1135 1407 1183 qui-

346 1194 434 1231 dem
463 1206 539 1242 qua
565 1193 751 1241 obligatur
778 1191 925 1229 homini
954 1190 1014 1227 cui
1043 1189 1184 1239 aliquid
1211 1188 1405 1237 promittit.

345 1248 394 1284 Et
413 1247 493 1284 talis
514 1246 692 1294 obligatio
713 1245 851 1282 tollitur
870 1256 939 1293 per
959 1243 1213 1280 coactionem:
1239 1241 1329 1289 quia
1347 1241 1406 1277 ille

345 1300 410 1349 qui
428 1300 509 1338 vim
529 1299 650 1337 intulit
669 1301 742 1336 hoc
767 1305 943 1343 meretur,
965 1304 1006 1333 ut
1025 1295 1058 1332 ei
1077 1294 1308 1344 promissum
1330 1306 1408 1330 non

346 1361 528 1390 servetur.

398 1406 482 1443 Alia
501 1413 629 1442 autem
650 1412 706 1441 est
726 1402 902 1451 obligatio
921 1414 997 1450 qua
1016 1401 1100 1450 quis
1118 1402 1202 1437 Deo
1224 1399 1409 1447 obligatur

345 1467 386 1495 ut
405 1459 560 1507 impleat
579 1457 683 1505 quod
703 1469 772 1505 per
791 1468 936 1493 nomen
952 1455 1032 1492 eius
1047 1453 1231 1503 promisit.
1260 1454 1308 1490 Et
1327 1452 1408 1490 talis

345 1512 523 1559 obligatio
558 1523 636 1548 non
664 1510 804 1546 tollitur
831 1509 869 1546 in
898 1509 980 1546 foro
1011 1507 1282 1545 conscientiae:
1322 1506 1409 1554 quia

345 1565 464 1613 magis
485 1565 599 1601 debet
627 1564 813 1600 damnum
841 1562 1051 1611 temporale
1080 1560 1262 1598 sustinere
1292 1571 1408 1608 quam

346 1619 601 1655 iuramentum
621 1617 778 1654 violare.
808 1617 938 1653 Potest
956 1623 1085 1653 tamen
1107 1621 1276 1662 repetere
1297 1613 1333 1649 in
1356 1612 1410 1649 iu-

398 1748 423 1780 ζ)
443 1751 598 1773 emerserat.
609 1760 628 1766 —
646 1747 753 1772 emersit
771 1747 841 1777 DsK,
860 1746 999 1771 emerserit
1018 1746 1061 1770 sC.

398 1785 424 1816 η)
439 1784 586 1816 principio.
598 1797 617 1802 -
630 1783 755 1815 principe
774 1782 878 1807 PADsC
898 1787 924 1806 et
941 1789 967 1806 a.

398 1817 423 1852 Θ)
443 1819 551 1844 Ioannis
565 1818 753 1851 praestavit.-
772 1818 868 1843 Ioanni
881 1815 979 1850 pravit
997 1817 1028 1846 D,
1049 1817 1143 1841 Ioanni
1157 1816 1311 1849 praestavit
1329 1816 1346 1844 1,
1367 1815 1408 1839 10-

345 1855 423 1880 annis
438 1854 578 1886 praestitit
597 1854 698 1886 aliquae
717 1853 851 1878 editiones.

969 263 1235 312 QUAESTIO
1265 262 1482 309 LXXXIX,
1511 261 1807 298 ARTICULUS
1837 261 1905 297 Vll

1459 339 1558 376 dicio
1588 339 1694 387 quod
1722 339 1846 386 solvit,
1875 340 1936 376 vel
1972 339 2141 387 praelato
2172 338 2413 386 denuntiare,
2443 351 2522 375 non

1459 392 1632 428 obstante
1663 392 1719 428 si'‘
1749 391 1978 429 contrarium
2008 390 2164 427 iuravit:
2204 391 2292 440 quia
2323 392 2396 428 tale
2425 391 2523 428 iura-

1458 451 1629 481 mentum
1645 452 1818 493 vergeret
1836 445 1873 481 in
1889 443 2116 481 deteriorem
2137 443 2290 491 exitum,
2309 451 2407 480 esset
2421 444 2523 481 enim

1459 505 1590 534 contra
1610 497 1787 535 iustitiam
1808 497 2014 546 publicam.
2035 518 2059 524 -
2088 496 2256 533 Romani
2276 504 2402 533 autem
2422 498 2522 534 Pon-

1458 550 1579 587 tifices
1598 551 1646 587 ab
1666 550 1885 587 huiusmodi
1913 549 2134 587 iuramentis
2152 549 2330 586 homines
2350 550 2524 587 absolve-

1459 611 1546 640 runt
1571 615 1649 640 non
1678 604 1784 652 quasi
1805 603 2052 641 decernentes
2071 602 2292 640 huiusmodi
2311 602 2524 640 iuramenta

1459 669 1538 693 non
1566 668 1648 693 esse
1669 656 1902 704 obligatoria,
1924 658 1991 694 sed
2011 655 2119 705 quasi
2138 655 2358 693 huiusmodi
2382 655 2524 703 obliga—

1459 710 1580 746 tiones
1609 722 1655 746 ex
1683 709 1780 746 iusta
1810 722 1924 747 causa
1953 710 2174 746 relaxantes.

1512 765 1570 799 AD
1600 774 1773 805 QUARTUM
1810 774 1995 799 Dicannuu
2024 762 2139 811 quod>
2167 762 2322 811 quando
2357 773 2436 798 non
2470 768 2526 798 est

1461 816 1596 853 eadem
1625 815 1781 852 iurantis
1809 815 1966 853 intentio
1997 823 2034 852 et
2061 815 2142 852 eius
2171 815 2231 852 cui
2259 815 2367 861 iurat,
2397 815 2427 852 si
2449 814 2525 850 hoc

1459 868 1637 918 provenit
1656 880 1701 905 ex
1722 869 1811 905 dolo
1840 868 2008 915 iurantis,
2029 868 2143 905 debet
2168 868 2424 906 iuramentum
2449 879 2526 904 ser-

1459 922 1542 959 vari
1570 923 1782 959 secundum
1811 933 1947 958 sanum
1976 921 2209 958 intellectum
2238 921 2318 959 eius
2338 921 2399 958 cui
2426 921 2524 958 iura-

1460 983 1632 1012 mentum
1661 982 1884 1023 praestatur.
1914 974 2026 1012 Unde
2056 973 2223 1011 Isidorus
2249 974 2336 1011 dicit
2353 974 2390 1011 *z
2423 974 2524 1016 Qua-

1460 1040 1620 1077 cumque
1656 1034 1738 1065 arte
1764 1029 1967 1065 verborum
1995 1027 2077 1076 quis
2105 1027 2219 1073 iuret,
2248 1028 2352 1064 Deus
2385 1033 2522 1073 tamen,

1461 1083 1527 1131 qui
1552 1082 1799 1118 conscientiae
1827 1081 1924 1118 testis
1951 1086 2024 1126 est,
2054 1081 2104 1116 ita
2132 1081 2204 1116 hoc
2221 1085 2238 1101 ‘2
2265 1079 2402 1128 accipit
2431 1080 2527 1116 sicut

1461 1135 1522 1172 ille
1547 1136 1610 1172 cui
1627 1135 1776 1172 iuratur
1798 1134 1978 1184 intelligit.
2009 1134 2058 1170 Et
2078 1134 2183 1181 quod
2209 1133 2285 1170 hoc
2303 1132 2527 1180 intelligatur

1462 1188 1510 1225 de
1530 1188 1666 1225 doloso
1691 1188 1917 1234 iuramento,
1938 1195 2041 1236 patet
2058 1198 2128 1235 per
2146 1186 2184 1224 id
2205 1187 2310 1235 quod
2335 1185 2524 1223 subditur:

1461 1241 1670 1289 Dupliciter
1692 1253 1778 1278 reus
1786 1242 1839 1288 fit
1851 1242 1921 1290 qui
1937 1246 1973 1278 et
1990 1252 2126 1277 nomen
2146 1240 2221 1277 Dei
2239 1240 2276 1277 in
2297 1251 2440 1276 vanum
2467 1250 2526 1276 as-

1460 1294 1584 1339 sumit,
1614 1299 1650 1330 et
1668 1294 1892 1342 proximum
1921 1294 2006 1331 delo
2035 1294 2143 1342 capit.

1517 1346 1556 1383 Si
1576 1353 1705 1383 autern
1725 1346 1851 1383 iurans
1878 1347 2010 1384 dolum
2030 1359 2109 1383 non
2129 1345 2319 1393 adhibeat,
2340 1345 2527 1393 obligatur

1462 1399 1673 1437 secundum
1707 1399 1956 1436 intentionem
1985 1399 2151 1436 iurantis.
2181 1399 2292 1436 Unde
2321 1398 2527 1447 Gregorius

1463 1452 1562 1499 dicit,
1584 1453 1708 1490 XXVI
1728 1453 1871 1490 Moral.
1888 1452 1924 1490 *z
1943 1453 2155 1490 Humanae
2172 1463 2284 1489 aures
2303 1451 2393 1489 talia
2410 1453 2527 1490 verba

1462 1511 1591 1543 nostra
1620 1506 1786 1544 iudicant
1812 1506 1939 1555 qualia
1955 1506 2061 1554 foris
2087 1511 2244 1542 sonant.-
2280 1505 2408 1542 divina
2436 1516 2526 1542 vero

1463 1559 1600 1596 iudicia
1629 1559 1718 1596 talia
1735 1560 1841 1608 foris
1868 1560 2027 1596 audiunt
2043 1559 2171 1608 qualia
2200 1570 2250 1595 ex
2275 1558 2414 1595 intimis
2435 1570 2528 1607 pro-

1466 1613 1650 1650 feruntur.

1517 1744 1536 1776 t)
1555 1744 1617 1769 si.-
1635 1743 1706 1776 quod
1724 1743 1777 1774 PD,
1796 1743 1845 1768 hoc
1863 1742 1934 1775 quod
1953 1743 1972 1767 1.

1515 1781 1542 1812 x)
1562 1780 1619 1805 hoc.
1632 1793 1652 1798 -
1669 1779 1731 1804 Om.
1751 1779 1797 1803 Pa.
1810 1792 1829 1797 -
1848 1778 1892 1803 ille
1910 1786 1964 1804 om.
1985 1778 2013 1803 Ρ.

1017 1932 1353 1966 Commentario.
1375 1932 1628 1967 Cardinalis
1651 1931 1855 1965 Caietam

349 2035 395 2098 IN
415 2024 546 2055 articulo
562 2024 698 2064 septimo
722 2023 861 2053 eiusdem
879 2022 1198 2062 octogesimaenonae
1212 2022 1406 2062 quaestionis
1460 2021 1604 2062 spicitur:
1629 2021 1759 2062 quando
1777 2029 1851 2050 vero
1868 2026 1903 2050 ut
1919 2026 2024 2050 totum
2045 2019 2212 2060 quoddam
2235 2019 2413 2050 secundum
2428 2029 2461 2050 se
2477 2029 2529 2050 su-

376 2069 441 2099 duo
465 2075 636 2099 occurrunt
659 2067 754 2098 dubia
778 2066 974 2107 quotidiana.
1007 2066 1152 2097 Primum
1176 2073 1236 2102 est,
1261 2076 1301 2096 an
1324 2066 1405 2097 iura—

344 2120 490 2143 mentum
513 2112 757 2152 promissorium
777 2112 815 2141 de
831 2110 970 2141 minimis
985 2111 1025 2141 sit
1040 2110 1276 2151 obligatorium.
1302 2111 1343 2141 Et
1361 2117 1407 2141 est

344 2157 422 2188 ratio
447 2157 535 2187 dubii
558 2157 633 2197 quia
657 2163 770 2187 votum
789 2157 828 2186 de
849 2155 984 2185 minimo
1004 2155 1091 2186 bono
1111 2154 1408 2195 supererogationis,

343 2208 421 2242 puta
451 2201 574 2232 dicendi
605 2201 682 2231 haec
705 2201 817 2236 verba,
841 2200 908 2231 Ave
931 2200 1061 2237 Maria,
1095 2206 1141 2230 est
1170 2199 1406 2240 obligatorium.

343 2247 443 2286 Ergo,
468 2245 536 2286 pari
559 2245 696 2281 ratione,
721 2245 945 2275 iuramentum.
969 2261 990 2266 —
1020 2244 1054 2274 ln
1083 2244 1272 2284 oppositum
1301 2250 1407 2274 autern

344 2297 391 2321 est
413 2290 487 2331 quia
510 2290 542 2319 in
567 2289 656 2320 omni
679 2299 792 2329 genere
816 2289 973 2320 modicum
991 2298 1056 2328 pro
1076 2288 1174 2319 nihilo
1196 2293 1367 2329 reputatur
1381 2287 1407 2318 *.

399 2333 581 2365 Secundum
598 2333 732 2364 dubium
747 2333 764 2352 *
783 2340 838 2370 est,
856 2343 896 2363 an
913 2332 1059 2363 homines
1083 2342 1115 2363 se
1132 2332 1267 2364 invicem
1283 2342 1409 2373 praeve-

346 2378 466 2409 nientes
489 2379 622 2414 honore,
646 2378 785 2408 iurantes
809 2387 841 2407 se
865 2387 930 2407 non
954 2387 1174 2417 praecessuros
1195 2377 1226 2407 in
1243 2377 1327 2408 exitu
1351 2377 1408 2406 do-

346 2433 433 2459 muS,
458 2423 498 2452 ad
521 2423 582 2452 hoc
605 2429 640 2452 ut
663 2422 713 2452 ille
737 2422 814 2452 alter
837 2422 1002 2462 praecedat
1025 2421 1057 2451 in
1082 2421 1182 2458 exitu,
1207 2428 1243 2452 ut
1266 2421 1409 2462 quotidie

345 2466 390 2503 fit,
407 2473 572 2498 teneantur
586 2476 706 2496 servare
721 2467 797 2496 haec
812 2465 997 2496 iuramenta.
1022 2466 1062 2496 Et
1074 2473 1120 2496 est
1137 2465 1215 2496 ratio
1233 2465 1319 2496 dubii
1336 2465 1410 2506 quia

346 2518 482 2551 possunt
504 2511 618 2541 servari
642 2511 760 2551 absque
785 2510 846 2540 hoc
870 2510 958 2551 quod
981 2516 1110 2549 vergant
1138 2510 1170 2540 in
1195 2510 1337 2550 peiorem
1361 2519 1410 2540 ex-

347 2556 438 2586 itum.
462 2573 482 2577 —
508 2555 542 2584 ln
567 2554 755 2595 oppositum
778 2561 824 2584 est
847 2554 921 2595 quia
944 2553 1003 2584 ista
1031 2554 1206 2584 iuramenta
1238 2564 1303 2584 non
1329 2553 1410 2584 fiunt

348 2610 422 2630 cum
445 2599 498 2629 tali
515 2598 735 2629 immobilitate
752 2598 850 2628 animi
869 2605 905 2628 ut
918 2597 1015 2628 velint
1031 2598 1170 2638 omnino
1182 2598 1258 2628 haec
1275 2606 1410 2628 servate:

347 2651 383 2674 ut
406 2650 491 2683 patet
514 2653 551 2673 ex
573 2643 635 2673 hoc
658 2643 746 2683 quod
770 2642 876 2673 statim
899 2642 1019 2672 faciunt
1042 2642 1240 2682 oppositum.

403 2688 439 2718 ΙΙ.
463 2688 514 2718 Ad
538 2687 679 2727 primum
702 2687 837 2717 dubium
861 2686 974 2717 dicitur
997 2687 1086 2726 quod
1110 2686 1222 2726 procul
1241 2686 1338 2716 dubio
1362 2687 1411 2716 iu-

348 2740 526 2763 ramentum
546 2731 791 2772 promissorium
810 2731 848 2761 de
864 2741 1071 2771 quocumque
1087 2731 1222 2761 minimo
1239 2740 1335 2770 opere
1351 2730 1411 2760 vir-

347 2777 422 2808 tutis
446 2783 492 2807 est
514 2776 758 2815 obligatorium:
789 2776 845 2806 sed
872 2785 911 2806 an
936 2775 1054 2815 obliget
1077 2775 1116 2805 ad
1139 2775 1272 2806 mortale
1296 2774 1322 2804 si
1345 2784 1411 2805 non

347 2828 500 2857 servetur,
524 2830 590 2850 non
614 2830 844 2861 usquequaque
868 2826 967 2859 patet,
993 2826 1122 2860 propter
1145 2819 1281 2850 rationes
1304 2819 1412 2849 allatas

347 2865 517 2896 hincinde.
538 2864 740 2902 Quibusdam
754 2873 893 2904 namque
908 2863 1032 2894 videtur
1051 2864 1140 2904 quod
1159 2863 1334 2903 periurium
1354 2863 1411 2894 hu-

347 2909 486 2940 iusmodi
510 2909 549 2939 sit
570 2908 701 2944 veniale,
726 2915 855 2949 propter
877 2908 994 2938 dictam
1009 2908 1176 2945 rationem,
1200 2907 1275 2949 quia
1296 2907 1413 2938 scilicet

348 2953 513 2984 modicum
535 2963 594 2993 pro
618 2953 718 2983 nihilo
742 2959 920 2993 reputatur:
952 2959 1000 2989 ut,
1022 2953 1047 2983 si
1072 2959 1171 2983 mater
1193 2962 1276 2993 quae
1299 2952 1413 2983 iuravit

348 2998 508 3028 verberare
531 2997 643 3033 filium,
660 3005 715 3028 aut
739 2998 811 3028 dare
834 3005 981 3037 pomum,
1001 3004 1032 3028 et
1055 2997 1250 3033 huiusmodi,
1268 3006 1335 3027 non
1350 3006 1412 3027 ser-

348 3042 441 3078 vavit,
458 3041 618 3072 venialiter
634 3048 758 3072 tantum
774 3051 918 3082 peccasse
935 3041 1058 3072 dicitur.
1073 3060 1093 3064 —
1108 3042 1149 3072 Et
1165 3040 1308 3072 firmatur
1322 3041 1411 3077 ratio,

349 3086 424 3127 quia
446 3085 590 3116 videmus
614 3085 647 3114 in
669 3093 911 3126 praeceptorum
930 3086 1150 3116 observatione
1173 3085 1217 3116 sic
1234 3095 1300 3116 esse
1324 3085 1411 3126 quod

349 3129 552 3169 transgressio
568 3129 600 3159 in
616 3129 756 3159 minimis
780 3140 846 3160 non
862 3136 908 3160 est
931 3130 1081 3166 mortalis,
1102 3136 1138 3160 ut
1161 3136 1246 3170 patet
1268 3129 1301 3159 in
1324 3139 1411 3169 prae-

351 3174 448 3215 ceptis
462 3173 598 3204 iustitiae
621 3174 660 3203 de
675 3183 740 3204 non
757 3173 929 3204 auferendo
954 3180 984 3204 et
1007 3174 1045 3203 de
1069 3184 1135 3204 non
1152 3173 1322 3205 detinendo
1339 3173 1412 3204 alie-

350 3228 429 3249 num
452 3218 552 3249 invito
571 3217 721 3248 domino:
746 3224 868 3248 constat
891 3217 976 3247 enim
999 3218 1088 3258 quod
1112 3218 1244 3248 minima
1267 3217 1412 3248 auferens

350 3269 405 3294 aut
423 3263 565 3293 detinens
581 3272 647 3292 non
664 3262 723 3292 nisi
738 3261 899 3293 venialiter
922 3268 1040 3301 peccat,
1058 3269 1186 3301 propter
1201 3260 1413 3302 imperfectio-

351 3317 425 3338 nem
440 3313 537 3343 actus,
553 3306 699 3347 quamvis
722 3305 844 3338 furtum
867 3312 898 3336 et
920 3305 1058 3336 detentio
1074 3305 1166 3336 alieni
1186 3305 1225 3336 sit
1247 3312 1412 3346 peccatum

352 3351 482 3382 mortale
507 3361 543 3382 ex
566 3361 625 3381 suo
649 3360 771 3390 genere,
796 3350 877 3381 sicut
900 3349 1084 3390 periurium.

407 3395 467 3426 Sed
496 3396 521 3425 si
551 3395 770 3435 perspicaciter
798 3395 996 3430 intueamur,
1022 3393 1183 3435 apparebit
1213 3394 1302 3433 quod
1331 3393 1412 3423 male

352 3439 525 3480 applicatur
549 3439 610 3469 hoc
631 3439 824 3480 principium
843 3439 883 3469 ad
907 3437 1119 3479 propositum.
1145 3437 1310 3468 Modicum
1325 3447 1412 3468 nam-

352 3493 424 3524 que,
442 3483 505 3514 sive
528 3494 656 3523 parurn,
682 3483 808 3514 relative
828 3493 903 3514 cum
922 3482 1043 3513 dicatur
1066 3483 1105 3512 ad
1129 3481 1247 3522 aliquid
1270 3488 1411 3522 respectu

353 3527 441 3558 cuius
466 3534 511 3558 est
534 3528 698 3558 modicum
722 3534 776 3558 aut
799 3537 921 3567 parum,
947 3534 1022 3558 tunc
1046 3537 1103 3566 pro
1121 3526 1220 3556 nihilo
1245 3526 1351 3556 haberi
1367 3525 1411 3556 in-

352 3571 558 3611 telligendum
574 3579 620 3602 est
643 3572 772 3612 quando
796 3579 831 3602 ut
854 3582 925 3611 pars
949 3579 1002 3602 aut
1026 3570 1115 3611 quasi
1135 3580 1206 3611 pars
1225 3570 1351 3601 alterius
1367 3580 1411 3600 re-

1460 2066 1568 2102 mitur,
1592 2073 1668 2096 tunc
1687 2075 1753 2095 non
1770 2064 1898 2100 modici,
1923 2063 1978 2094 sed
2002 2064 2100 2094 totius
2123 2063 2218 2094 habet
2240 2062 2408 2094 rationem.
2433 2059 2530 2095 Verbi

1461 2110 1573 2150 gratia,
1597 2117 1692 2140 vovet
1715 2109 1786 2150 quis
1811 2108 1911 2139 dicere
1936 2108 1986 2138 die
2009 2107 2182 2139 Dominico
2206 2107 2407 2148 psalterium:
2431 2108 2457 2138 si
2481 2107 2529 2138 di-

1462 2155 1563 2185 cendo
1587 2154 1831 2185 omittitunum
1854 2162 1991 2189 versum,
2016 2162 2082 2183 non
2099 2158 2146 2183 est
2161 2162 2233 2183 reus
2256 2151 2344 2183 fracti
2360 2151 2438 2189 voti,
2455 2152 2530 2193 quia

1462 2199 1627 2229 modicum
1651 2208 1710 2238 pro
1730 2197 1829 2228 nihilo
1849 2203 2021 2237 reputatur.
2046 2199 2089 2228 At
2105 2196 2130 2227 si
2145 2196 2252 2227 solum
2266 2196 2406 2227 vovisset
2428 2196 2531 2228 dicere

1462 2253 1566 2274 unum
1585 2252 1724 2279 versum,
1749 2250 1779 2273 et
1795 2241 1953 2273 omisisset
1968 2241 2070 2278 illum,
2096 2248 2176 2272 esset
2199 2241 2312 2282 procul
2335 2240 2435 2272 dubio
2457 2251 2530 2273 reus

1462 2288 1551 2319 fracti
1566 2287 1643 2318 voti.
1668 2286 1729 2318 Ubi
1745 2286 1909 2317 manifeste
1932 2285 2020 2316 vides
2036 2285 2225 2327 quodunus
2240 2285 2413 2316 versiculus
2429 2285 2531 2327 diver-

1462 2332 1586 2363 simode
1611 2332 1724 2362 cadens
1741 2331 1799 2362 sub
1816 2337 1984 2371 praecepto
2007 2330 2115 2361 divino
2135 2330 2174 2360 de
2189 2329 2349 2361 servandis
2364 2330 2457 2366 votis,
2474 2329 2531 2361 sci-

1462 2377 1534 2408 licet
1553 2383 1588 2407 ut
1611 2386 1682 2416 pars
1702 2375 1828 2406 modica
1845 2382 1876 2406 et
1898 2375 2063 2416 quoddam
2082 2381 2198 2411 totum,
2215 2373 2426 2405 diversimode
2447 2373 2531 2406 cadit

1463 2421 1522 2452 sub
1538 2420 1748 2461 obligatione:
1774 2429 1848 2450 nam
1865 2419 1904 2449 ad
1924 2419 2015 2450 illum
2031 2429 2159 2449 versum
2175 2426 2210 2449 ut
2225 2419 2386 2450 modicam
2409 2425 2532 2459 partem

1463 2476 1529 2496 non
1545 2465 1703 2505 obligatur
1727 2464 1786 2494 nisi
1801 2465 1860 2494 sub
1877 2470 2006 2503 peccato
2022 2463 2146 2500 veniali,
2171 2469 2301 2503 propter
2317 2462 2531 2503 imperfectio-

1463 2520 1539 2540 nem
1562 2516 1666 2545 actus,
1690 2509 1765 2549 quia
1789 2508 1952 2538 modicum
1978 2517 2035 2548 pro
2059 2507 2160 2538 nihilo
2185 2514 2364 2548 reputatur;
2389 2507 2428 2537 ad
2453 2517 2530 2538 eun-

1465 2554 1537 2584 dern
1553 2563 1628 2584 vero
1644 2563 1772 2583 versum
1795 2559 1831 2582 ut
1853 2559 1958 2582 toturn
1982 2551 2140 2592 obligatur
2158 2552 2216 2582 sub
2240 2557 2370 2592 peccato
2394 2550 2531 2588 mortali,

1464 2598 1558 2628 habet
1581 2597 1666 2627 enim
1690 2596 1845 2627 rationem
1869 2595 1997 2636 perfecti
2021 2602 2118 2627 actus.

1519 2642 1642 2682 Inspice
1665 2641 1760 2680 igitur
1784 2640 2037 2671 convenientiam
2061 2648 2091 2671 et
2115 2639 2321 2670 differentiam
2345 2645 2531 2680 praecepto-

1465 2696 1537 2716 rum
1561 2685 1753 2716 naturalium
1777 2691 1807 2715 et
1831 2685 2014 2715 divinorum
2043 2694 2118 2715 cum
2148 2684 2322 2724 praeceptis
2353 2683 2448 2714 etiam
2477 2693 2532 2714 na-

1464 2738 1553 2762 turae
1576 2737 1607 2761 et
1629 2730 1687 2760 Dei
1712 2730 1751 2760 de
1766 2729 1849 2760 votis
1873 2735 1904 2760 et
1926 2728 2112 2760 iuramentis
2135 2728 2306 2759 servandis.
2331 2727 2533 2759 Convenien-

1465 2775 1543 2806 tiam
1565 2774 1712 2816 quidem,
1737 2774 1769 2804 in
1794 2774 1855 2804 hoc
1882 2774 1972 2815 quod
1996 2773 2022 2803 si
2047 2780 2118 2803 vota
2141 2772 2218 2804 fiant
2246 2773 2285 2803 de
2308 2772 2417 2814 aliquo
2444 2779 2532 2809 toto,

1465 2819 1546 2850 sicut
1575 2825 1741 2859 praecepta
1772 2818 1886 2849 dantur
1918 2817 1956 2848 de
1985 2817 2152 2858 generibus
2183 2817 2274 2858 quasi
2305 2817 2343 2847 de
2373 2816 2533 2858 aliquibus

1465 2863 1558 2900 totis,
1584 2869 1660 2903 puta
1692 2863 1730 2893 de
1759 2873 1825 2892 non
1854 2861 2027 2892 auferendo
2052 2861 2192 2892 alienum
2223 2859 2299 2904 (hoc
2329 2860 2415 2892 enim
2444 2861 2533 2902 quod

1466 2907 1538 2938 dico
1561 2908 1720 2944 alienum,
1750 2906 1844 2937 habet
1874 2907 2029 2937 rationem
2060 2905 2227 2937 cuiusdam
2256 2903 2386 2948 totius),
2410 2912 2534 2937 constat

1464 2952 1554 2993 quod
1577 2959 1787 2991 transgressor
1809 2950 1907 2982 totius
1931 2957 2039 2991 peccat
2063 2950 2246 2987 mortaliter,
2271 2957 2303 2981 et
2324 2956 2535 2990 transgressor

1465 2996 1498 3027 in
1522 3003 1610 3036 parte
1633 2995 1759 3026 modica
1782 3003 1891 3036 peccat
1912 2994 2083 3026 venialiter.
2110 2995 2151 3025 Et
2173 2994 2253 3025 ratio
2275 2994 2340 3025 iam
2364 2994 2446 3025 dicta
2469 3000 2532 3026 est:

1466 3040 1542 3082 quia
1558 3040 1761 3081 transgressio
1778 3040 1876 3070 totius
1892 3039 1987 3071 habet
2002 3039 2157 3070 rationem
2172 3045 2261 3070 actus
2277 3038 2421 3080 perfecti;
2438 3045 2535 3070 trans-

1466 3085 1585 3126 gressio
1609 3095 1684 3115 vero
1708 3084 1859 3114 minimae
1886 3084 1981 3124 partis
2011 3083 2106 3114 habet
2128 3083 2285 3114 rationem
2308 3089 2396 3114 actus
2418 3082 2534 3123 imper-

1466 3129 1548 3161 fecti.
1578 3129 1645 3160 Nec
1674 3128 1767 3160 refert
1795 3129 1902 3170 quoad
1931 3128 2011 3159 hanc
2034 3127 2272 3159 convenientiae
2295 3127 2468 3163 rationem,
2493 3136 2533 3157 an

1466 3173 1624 3214 quantitas
1647 3172 1732 3203 illius
1754 3173 1853 3204 totius
1877 3172 1917 3203 sit
1939 3183 2035 3213 parva
2058 3172 2108 3203 vel
2131 3181 2246 3213 magna
2266 3171 2299 3202 in
2316 3180 2365 3203 se:
2390 3170 2533 3202 formalis

1467 3227 1605 3258 namque
1628 3217 1707 3247 ratio
1732 3217 1875 3248 consistit
1896 3216 1929 3247 in
1952 3216 2014 3247 hoc
2037 3217 2127 3258 quod
2146 3216 2186 3247 sit
2207 3215 2412 3256 transgressio
2434 3214 2533 3246 totius

1467 3262 1526 3292 sub
1550 3268 1718 3301 praecepto
1737 3261 1886 3292 cadentis.
1910 3278 1930 3283 -
1953 3260 2170 3292 Differentiam
2185 3266 2303 3297 autem,
2317 3260 2351 3290 in
2366 3259 2429 3290 hoc
2443 3259 2533 3300 quod

1466 3312 1632 3346 praecepta
1655 3311 1784 3336 naturae
1808 3311 1839 3336 et
1861 3305 1921 3336 Dei
1945 3315 1981 3336 ex
2000 3315 2033 3336 se
2056 3315 2123 3336 non
2142 3311 2217 3336 sunt
2239 3303 2447 3335 determinata
2462 3302 2534 3333 uni-

1466 3349 1625 3380 versaliter
1647 3349 1687 3379 ad
1710 3349 1858 3380 minimas
1882 3359 1939 3386 res,
1964 3349 2018 3380 sed
2042 3350 2081 3380 ad
2105 3359 2218 3389 genera
2241 3355 2363 3379 rerum:
2388 3354 2424 3378 ut
2446 3353 2535 3387 patet

1467 3393 1670 3424 discurrendo
1695 3403 1750 3433 per
1762 3400 1940 3434 ,praecepta
1961 3393 2103 3430 caritatis,
2121 3391 2289 3433 religionis,
2304 3391 2449 3427 iustitiae,
2468 3391 2532 3421 for-

1465 3438 1618 3474 titudinis,
1643 3437 1878 3478 temperantiae.
1903 3437 1943 3468 Et
1966 3445 2132 3478 propterea
2146 3437 2180 3468 in
2196 3436 2241 3468 eis
2255 3435 2422 3467 modicum
2437 3435 2471 3465 in
2488 3445 2533 3471 se,

1467 3482 1563 3513 etiam
1587 3482 1612 3512 si
1636 3492 1781 3512 seorsum
1803 3481 1873 3518 fiat,
1899 3492 1957 3522 pro
1982 3482 2082 3513 nihilo
2111 3487 2289 3522 reputatur:
2323 3486 2359 3510 ut
2386 3486 2472 3520 patet
2495 3480 2534 3510 de

1466 3526 1638 3566 accipiente
1662 3526 1802 3566 alienum
1825 3536 1971 3566 pomum.
1995 3526 2057 3557 Sed
2080 3531 2246 3566 praecepta
2268 3524 2307 3555 de
2324 3523 2407 3555 votis
2430 3531 2461 3555 et
2484 3524 2532 3554 iu-

1466 3571 1614 3601 ramentis
1639 3570 1814 3607 servandis,
1840 3571 1914 3611 quia
1938 3581 1956 3600 a
1980 3570 2072 3601 nobis
2095 3576 2172 3600 voto
2196 3569 2245 3599 vel
2268 3568 2448 3599 iuramento
2480 3569 2534 3598 de-

2552 978 2763 1036 asama-⁸32

2552 1032 2592 1054 ἰὼ.
2599 1031 2629 1059 11,
2640 1037 2762 1059 cummi.

2555 1456 2563 1464 '
2578 1454 2636 1483 cup.
2659 1459 2701 1476 vu.
