2860 4244
0 1296 21 1396 «ez-¹:
0 1253 6 1270 ²
0 1159 7 1200 ‘⁶0

0 1876 14 1939 ‘rev
0 1659 17 1864 ,axv-*Qum
0 1617 18 1655 ’ἴθ’
5 1575 9 1578 ”
7 1534 10 1539 ·
7 1505 10 1508 ·

10 2379 42 2416 ·.¹

119 1801 131 1812 ⁶
143 1800 240 1824 Afism.
251 1801 330 1824 aare.

119 1826 160 1849 lib.
178 1827 208 1854 u.
270 1843 278 1851 .
297 1834 330 1855 vr,

119 1859 178 1902 ltu}
187 1860 237 1903 ἤ·
268 1854 330 1877 ·“’·

117 2228 129 2238 ’
144 2227 209 2250 Vm.
221 2234 244 2257 3.

118 2439 128 2450 ·
151 2439 165 2452 ⁸
176 2438 232 2467 ΠΜ,
240 2445 280 2468 qu.
289 2445 327 2466 u,

117 2470 158 2488 nrt.
173 2472 196 2492 ⁴·

117 2707 127 2716 ·
140 2705 238 2729 aristot.
249 2705 326 2728 Ethic.

115 2732 327 2781 ll?·⁶‘.'¹’.‘²¹.·÷¹lt

116 2786 168 2823 leet.
183 2791 206 2807 x.

116 2812 218 2864 ...⁶1:¹32
228 2817 263 2861 ’ἐξ
271 2818 326 2860 ’τὲῑ

116 2865 166 2887 lect.
181 2870 212 2886 rx.

214 2972 229 3006 β

118 3029 127 3037 ·
140 3027 176 3050 Cf.
191 3029 236 3051 loc.
251 3028 289 3050 cit.
303 3029 326 3050 ln

116 3060 164 3082 arg.
179 3061 195 3076 1.
326 3064 333 3070 =

116 3236 126 3245 ·
140 3235 196 3263 cap.
211 3241 247 3258 m.

1058 247 1325 293 QUAESTIO
1356 247 1459 295 CIX,

1489 249 1785 286 ARTICULUS
1816 250 1847 285 Il
2466 263 2492 298 4
2501 264 2513 287 1
2521 264 2543 299 7

1032 351 1364 385 Commentario.
1386 352 1637 386 Garamans
1658 353 1859 386 Caietam

397 439 417 459 u
440 429 573 461 articulo
596 430 702 471 primo
716 430 912 471 quaestionis
927 429 1230 467 centesimaenonae,
1247 431 1280 461 in
1297 441 1426 471 respon-

370 441 487 505 Isione
510 475 552 505 ad
565 474 703 510 tertium,
720 474 855 505 dubium
872 474 1008 506 occurrit
1022 474 1103 505 circa
1125 474 1179 506 illa
1194 475 1301 505 verba:
1329 475 1426 507 Circa
1455 505 1456 514 ,

365 518 547 550 huiusmodi
568 528 622 549 res
643 523 719 549 sunt
740 520 830 549 solae
853 520 986 550 virtutes
1008 519 1158 550 morales.
1185 518 1318 550 Videtur
1341 520 1427 550 enim
1454 521 1456 547 i

366 562 455 604 quod
478 563 540 594 hoc
563 560 684 593 falsum'
703 563 752 593 sit.
781 563 866 593 Nam
889 563 970 593 circa
993 562 1081 602 signa
1112 573 1234 599 rerum,
1259 570 1294 594 ut
1316 565 1425 600 verba,
1454 592 1456 607 :

365 606 446 638 facta
475 614 507 637 et
533 617 581 637 res
611 613 713 643 extra,
738 613 813 637 sunt
837 606 933 637 etiam
961 606 1092 638 virtutes
1121 607 1363 638 intellectuales:
1392 615 1428 639 ut

365 651 494 682 scientia
517 657 548 681 et
569 660 629 681 ars.
652 651 726 680 Non
742 660 817 691 ergo
840 657 916 681 sunt
937 650 1024 681 solae
1042 650 1172 682 virtutes
1196 652 1332 682 morales
1348 652 1427 683 circa

365 695 451 726 haec.

419 739 453 770 Si
475 739 598 769 dicatur
620 738 710 779 quod
724 738 873 769 Auctoris
896 739 991 769 verba
1013 749 1085 770 cum
1107 749 1215 780 grano
1237 741 1316 770 salis
1334 739 1427 770 intel·
1453 771 1455 782 1

363 782 520 822 liguntur:
544 782 690 812 videlicet
707 783 797 823 quod
812 782 893 813 circa
908 783 986 813 haec
1002 793 1068 814 non
1085 784 1239 820 absolute,
1256 784 1311 814 sed
1327 794 1426 825 quan-

364 833 433 857 tum
453 826 492 856 ad
516 836 628 862 usum,
653 833 727 857 sunt
757 827 842 857 solae
865 827 996 858 virtutes
1027 828 1177 864 morales,
1202 827 1277 868 quia
1304 828 1351 858 uti
1381 834 1428 858 est
1452 843 1454 859 ι

363 877 451 901 actus
467 870 656 901 voluntatis:
681 888 702 893 -
726 878 845 907 contra,
862 874 984 902 Auctor
999 881 1036 902 ex
1052 878 1163 902 natura
1183 871 1295 902 talium
1319 881 1426 902 rerum
1452 899 1454 910 ,

362 915 478 954 probat
491 914 655 946 veritatem
670 924 752 955 quae
768 922 814 946 est
837 915 917 946 circa
932 925 984 946 eas
1004 925 1070 946 esse
1086 915 1236 947 virtutem
1255 916 1424 951 moralem,
1452 911 1453 956 l

363 965 399 989 ut
422 965 507 998 patet
536 959 569 989 in
596 959 714 995 littera;
739 966 769 990 et
793 969 858 990 non
882 969 919 990 ex
942 969 981 990 eo
1001 960 1090 1000 quod
1114 960 1160 990 uti
1183 966 1230 990 est
1253 966 1341 990 actus
1368 970 1424 990 vo-

362 1003 501 1034 luntatis.
526 1003 611 1043 Ergo
635 1003 674 1034 de
697 1004 790 1034 rebus
813 1004 890 1044 ipsis
913 1004 1090 1035 secundum
1114 1013 1146 1034 se
1168 1003 1323 1044 loquitur.

418 1047 456 1077 Il.
481 1047 532 1078 Ad
558 1047 620 1078 hoc
644 1047 758 1079 dicitur
785 1048 874 1088 quod
896 1050 1019 1079 Auctor
1048 1047 1161 1088 procul
1186 1047 1284 1077 dubio
1313 1057 1349 1077 ex
1373 1057 1425 1077 na·
1451 1065 1452 1088 l

1455 438 1457 451 l
1481 437 1557 463 sunt
1567 432 1593 468 *‚
1611 433 1724 472 probat
1739 433 1902 464 veritatem
1920 443 1986 464 esse
2002 433 2152 464 virtutem
2168 435 2333 466 moralem.
2361 436 2402 466 Et
2420 436 2544 467 merito.

1480 476 1564 513 Quia
1588 486 1625 506 ex
1649 476 1779 507 materia
1795 487 1851 508 seu
1876 477 2002 508 obiecto
2019 479 2182 517 pensanda
2205 485 2251 510 est
2274 486 2386 510 natura
2408 480 2544 511 habitus.

1482 520 1577 559 Signa
1606 527 1713 551 autern
1743 531 1826 561 quae
1853 521 1926 562 quis
1954 522 2075 562 profert
2106 523 2185 553 dum
2215 533 2327 554 verum
2357 524 2446 560 dicit,
2473 532 2547 555 suut

1482 564 1611 594 materia
1635 564 1714 595 circa
1737 575 1836 606 quam
1851 572 1992 596 versatur
2014 566 2144 597 veritas:
2175 567 2241 598 sive
2264 568 2326 598 sint
2347 568 2452 605 verba,
2468 569 2546 599 dum

1454 642 1455 656 χ
1481 607 1661 648 loquimur;
1686 608 1751 638 sive
1774 608 1871 646 facta,
1897 610 1975 640 dum
1999 617 2079 641 nutu
2103 618 2158 641 aut
2185 618 2275 651 gestu
2306 612 2415 653 aliquo
2446 613 2546 653 expri-

1454 659 1455 665 ’
1481 652 1600 682 mimus
1623 659 1765 683 mentem
1788 660 1946 689 nostram;
1971 654 2035 684 sive
2060 654 2124 685 sint
2137 665 2186 685 res
2209 663 2303 692 extra,
2321 663 2356 687 ut
2379 656 2415 693 si,
2431 657 2464 687 in
2488 658 2546 687 ob-

1481 695 1604 726 sidione
1621 696 1728 735 positi,
1744 697 1816 736 igne
1840 707 1972 728 accenso
1996 698 2210 738 significamus
2226 700 2274 730 his
2290 700 2346 741 qui
2372 707 2456 731 extra
2472 709 2547 732 sunt

1479 740 1688 779 indigentiam
1711 747 1863 777 nostram,
1881 748 1912 772 et
1934 742 2132 773 huiusmodi.
2157 743 2312 781 Quamvis
2336 745 2422 775 enim
2445 746 2484 776 de
2500 756 2546 776 ra-

1453 785 1455 807 ?
1480 783 1567 814 tione
1590 784 1708 814 horum
1731 785 1876 815 absolute
1901 796 1966 816 non
1991 786 2031 817 sit
2053 786 2173 827 aliquid
2196 789 2281 819 unde
2305 789 2413 829 potius
2432 790 2546 820 morali

1479 837 1578 868 quam
1601 828 1727 858 alterius
1751 829 1870 859 ordinis
1888 829 1996 861 virtuti
2019 831 2208 868 subdantur,
2234 833 2271 863 de
2295 833 2416 863 ratione
2439 841 2543 864 tamen

1479 872 1656 902 eorundem
1680 879 1837 913 quatenus
1861 873 1950 913 signa
1973 884 2086 905 eorum
2109 886 2191 915 quae
2215 876 2247 906 in
2270 877 2363 907 nobis
2386 885 2474 913 sunt,
2500 885 2546 908 est

1479 915 1608 946 materia
1632 916 1778 952 moralis,
1803 917 1958 957 quoniam
1978 925 2053 949 sunt
2075 919 2163 959 signa
2185 921 2374 951 voluntaria.
2407 922 2449 952 Et
2472 932 2545 961 pro-

1452 961 1453 967 *
1477 966 1584 1000 pterea
1608 960 1688 990 circa
1711 960 1781 1000 ipsa
1798 968 1833 991 ut
1849 961 1892 991 sic
1917 962 2002 992 solae
2018 963 2149 994 virtutes
2166 965 2302 995 morales
2318 972 2407 996 sunt:
2432 976 2544 1006 quam-

1477 1014 1525 1033 ws
1542 1003 1622 1034 circa
1645 1004 1714 1044 ipsa
1741 1005 1919 1035 secundum
1951 1006 2027 1036 alias
2057 1008 2194 1038 rationes
2217 1009 2341 1048 possint
2369 1019 2434 1040 esse
2466 1010 2544 1040 aliae

1477 1047 1617 1078 virtutes.
1642 1048 1667 1078 F
1669 1048 1830 1079 ormaliter
1853 1059 1927 1089 ergo
1944 1050 2108 1091 loquendo
2132 1053 2170 1082 de
2190 1052 2267 1089 istis,
2284 1060 2440 1093 quatenus
2457 1054 2545 1095 signa

362 1098 432 1122 tura
456 1091 577 1128 talium,
596 1098 674 1132 puta
692 1093 878 1127 verborum,
902 1091 1060 1122 factorum
1076 1099 1106 1122 et
1121 1101 1228 1122 rerum
1243 1098 1338 1128 extra,
1358 1101 1424 1121 non
1450 1110 1451 1115 ,

362 1135 523 1172 absolute,
548 1136 604 1166 sed
631 1142 788 1176 quatenus
811 1137 907 1176 signa
929 1141 1005 1166 sunt
1030 1145 1140 1166 eorum
1164 1145 1247 1176 quae
1271 1137 1302 1166 in
1335 1135 1425 1166 nobis
1450 1151 1451 1161 κ

1123 1288 1442 1331 ARTICULUS

1478 1099 1553 1122 sunt
1576 1102 1688 1122 eorum
1711 1102 1793 1133 quae
1816 1094 1903 1133 apud
1926 1103 1985 1124 nos
2009 1102 2093 1130 sunt,
2117 1096 2238 1136 optime
2262 1099 2384 1128 Auctor
2407 1098 2492 1134 dixit,
2515 1105 2546 1129 et

1477 1136 1607 1166 deduxit
1630 1136 1800 1168 intentum.

1481 1288 1783 1332 SECUNDUS

1015 1380 1172 1411 UTRUM
1195 1380 1379 1412 VERITAS
1403 1381 1470 1412 SIT
1493 1381 1709 1412 SPECIALIS
1734 1382 1891 1414 VIRTUS

979 1459 1013 1483 {V
1032 1459 1115 1489 Sent„
1135 1460 1194 1485 dist.
1212 1468 1262 1490 xvr,
1282 1468 1326 1493 qu.
1344 1468 1379 1490 xv,
1398 1466 1447 1486 art.

396 1556 454 1585 Ἣ
477 1560 532 1586 «Μ
571 1551 594 1575 n
608 1550 798 1576 SECUNDUM
812 1550 865 1575 sm
880 1550 1120 1576 PROCEDl'rUR.
1141 1540 1302 1576 Videtur
1316 1541 1421 1588 quod
1448 1550 1449 1602 l

391 1573 545 1644 ςξῗῇ
569 1592 708 1629 veritas
736 1604 815 1629 non
843 1592 889 1628 sit
916 1591 1088 1640 specialis
1112 1592 1243 1630 virtus.
1273 1593 1418 1630 Verum

379 1632 672 1693 '1‘92'3emm
700 1652 737 1681 et
763 1646 911 1682 bonum
931 1653 1218 1683 convertuntur.
1247 1645 1326 1683 Sed
1351 1647 1419 1683 bo·
1447 1603 1449 1689 l

444 1694 453 1701 ’
543 1717 562 1735 <-
571 1697 666 1734 nitas
685 1710 764 1735 non
785 1705 840 1735 est
858 1698 1030 1747 specialis
1048 1698 1183 1736 virtus:
1204 1699 1420 1748 quinimmo
1447 1724 1449 1749 Ι

359 1751 484 1787 omnis
510 1749 632 1788 virtus
659 1758 716 1788 est
743 1751 908 1798 bonitas,
939 1752 1027 1799 quia
1062 1752 1202 1794 bonum
1218 1753 1322 1800 facit
1355 1753 1421 1789 ha·
1448 1752 1449 1760 ¹

357 1804 502 1840 bentem
520 1802 551 1841 ²¹⁸.
581 1804 684 1852 Ergo
711 1804 851 1841 veritas
886 1817 966 1841 non
994 1812 1050 1842 est
1083 1805 1256 1854 specialis
1291 1806 1419 1842 virtus.
1448 1814 1449 1842 1

412 1868 447 1893 2.
467 1857 701 1904 PRAETEREA,
722 1857 975 1894 manifestatio
997 1858 1077 1895 eius
1096 1859 1202 1907 quod
1221 1858 1270 1896 ad
1293 1859 1420 1908 ipsum

356 1909 556 1946 hominem
573 1910 744 1959 pertinet,
767 1918 823 1947 est
842 1918 947 1948 actus
965 1911 1133 1948 veritatis
1154 1911 1201 1949 de
1222 1924 1298 1960 qua
1318 1924 1420 1949 nunc

356 1963 560 2012 loquimur.
596 1963 673 2000 Sed
700 1964 776 2000 hoc
803 1963 965 2013 pertinet
997 1964 1046 2002 ad
1070 1965 1279 2013 quamlibet
1303 1965 1419 2003 virtu-

357 2022 451 2052 tem:
481 2015 640 2065 quilibet
673 2017 773 2054 enim
799 2017 948 2059 virtutis
975 2017 1127 2055 habitus
1161 2018 1422 2056 manifestatur

355 2080 427 2117 per
450 2068 650 2118 proprium
679 2077 818 2107 actum.
853 2070 955 2118 Ergo
983 2071 1121 2108 veritas
1150 2083 1228 2108 non
1257 2079 1314 2108 est
1337 2085 1421 2121 spe-

357 2121 459 2159 cialis
486 2122 615 2159 virtus.

410 2175 445 2212 3.
466 2176 699 2222 Palmensis,
729 2176 868 2213 veritas
894 2176 993 2213 vitae
1021 2176 1157 2214 dicitur
1183 2190 1260 2226 qua
1279 2178 1415 2226 aliquis

355 2235 456 2264 recte
483 2228 598 2265 vivit:
629 2229 676 2266 de
705 2241 782 2277 qua
810 2228 946 2266 dicitur
974 2229 1091 2267 Isaiae
1112 2242 1246 2267 xxxvm
1265 2230 1305 2268 *τ
1334 2232 1420 2268 Me-

355 2286 492 2327 mento,
521 2293 672 2329 quaeso,
701 2282 889 2330 quomodo
916 2283 1191 2320 ambulaverim
1227 2295 1359 2321 coram
1387 2291 1421 2322 te
1446 2317 1448 2322 Α

355 2334 393 2370 in
420 2335 576 2371 veritate
603 2340 641 2371 et
664 2335 701 2371 in
722 2336 835 2372 corde
846 2336 1028 2383 perfecto.
1059 2337 1136 2374 Sed
1156 2337 1325 2385 qualibet
1342 2337 1420 2375 vir·
1446 2339 1448 2349 ⁴

1471 1469 1491 1491 ι,
1511 1461 1562 1493 qu*
1582 1468 1612 1492 23
1632 1462 1666 1486 IV
1686 1461 1782 1491 Ethic„
1802 1463 1861 1487 lect.
1879 1470 1922 1488 κν.

1476 1548 1565 1577 nato
1595 1541 1741 1578 ordine.
1781 1542 1848 1578 Est
1883 1550 2011 1579 autem
2041 1543 2214 1592 specialis
2251 1545 2408 1593 quidam
2445 1548 2541 1584 ordo

1476 1594 1689 1631 secundum
1719 1595 1825 1642 quod
1855 1596 2039 1633 exteriora
2069 1604 2197 1634 nostra
2216 1599 2279 1634 vel
2298 1599 2418 1635 verba
2437 1597 2450 1621 δ
2478 1601 2541 1636 vel

1475 1646 1575 1683 facta
1602 1646 1730 1684 debite
1766 1647 1989 1685 ordinantur
2017 1649 2065 1686 ad
2094 1650 2236 1699 aliquid
2264 1651 2359 1688 sicut
2391 1652 2540 1700 signum

1476 1701 1522 1737 ad
1553 1700 1753 1748 signatum.
1783 1701 1833 1737 Et
1851 1701 1900 1738 ad
1919 1703 1994 1738 hoc
2021 1703 2217 1750 perficitur
2240 1704 2360 1741 homo
2379 1717 2449 1754 per
2466 1706 2541 1743 vir-

1475 1760 1595 1789 tutem
1615 1753 1792 1791 veritatis.
1813 1754 1925 1791 Unde
1945 1755 2189 1793 manifestum
2210 1764 2265 1794 est
2284 1758 2389 1805 quod
2403 1760 2543 1796 veritas

1477 1813 1532 1842 est
1559 1806 1733 1855 specialis
1761 1807 1893 1844 virtus.

1528 1861 1587 1896 AD
1616 1871 1754 1897 pannum
1777 1872 1876 1898 ERGO
1905 1872 2091 1899 DmENDUM
2115 1863 2222 1911 quod
2240 1875 2378 1900 verum
2408 1872 2445 1900 et
2472 1865 2541 1901 bo-

1448 1908 1449 1915 ’
1475 1923 1569 1949 num
1599 1912 1771 1949 subiecto
1801 1913 1959 1961 quidem
1989 1922 2281 1953 convertuntur:
2312 1916 2401 1965 quia
2425 1929 2541 1954 omne

1474 1977 1612 2002 verum
1641 1973 1698 2003 est
1726 1966 1886 2014 bonurn,
1916 1975 1952 2004 et
1980 1979 2096 2005 omne
2130 1969 2278 2006 bonum
2308 1977 2364 2007 est
2389 1982 2539 2008 verum.

1476 2018 1554 2055 Sed
1582 2019 1810 2061 secundumv
1828 2020 2037 2068 rationem,
2066 2021 2231 2059 invicem
2267 2035 2308 2059 se
2338 2024 2541 2061 excedunt:

1448 2085 1449 2091 ¹
1475 2071 1571 2108 sicut
1607 2072 1817 2109 intellectus
1858 2081 1893 2110 et
1929 2075 2107 2111 voluntas
2143 2075 2310 2114 invicem
2347 2088 2387 2113 se
2423 2077 2542 2114 inclu-

1475 2125 1570 2162 dunt
1588 2130 1621 2171 ⁵3
1651 2138 1741 2162 narn
1769 2126 1980 2164 intellectus
2012 2127 2180 2177 intelligit
2215 2130 2475 2178 voluntatem,
2507 2138 2543 2167 et

1474 2179 1592 2215 multa
1620 2178 1704 2226 alia,
1727 2186 1764 2215 et
1786 2180 1964 2217 voluntas
1992 2182 2135 2230 appetit
2164 2194 2208 2219 ea
2228 2194 2327 2230 quae
2351 2182 2543 2231 pertinent

1475 2233 1523 2269 ad
1551 2231 1795 2279 i‘ntellectum,
1825 2240 1862 2269 et
1890 2234 2008 2271 multa
2037 2234 2120 2271 alia.
2159 2235 2270 2272 Unde
2297 2248 2453 2282 verum,
2484 2249 2541 2273 se-

1475 2284 1645 2322 cundum
1674 2285 1860 2322 rationem
1889 2286 2104 2336 propriam,
2135 2300 2210 2336 qua
2230 2287 2243 2313 t
2270 2297 2326 2325 est
2359 2289 2541 2338 perfectio

1474 2337 1695 2385 intellectus,
1726 2346 1781 2375 est
1809 2339 2008 2387 quoddam
2036 2341 2263 2389 particulare
2295 2342 2456 2388 bonum,
2486 2343 2542 2379 in-

353 2393 433 2423 tute
461 2395 561 2424 recte
588 2387 746 2425 vivitur:
774 2396 816 2425 ut
843 2396 947 2437 patet
960 2401 1028 2438 per
1057 2389 1319 2427 definitionem
1347 2391 1421 2428 vir·
1446 2377 1449 2403 ¹
1474 2398 1660 2439 quantum
1699 2399 1754 2428 est
1790 2392 1994 2441 appetibile
2036 2394 2247 2442 quoddam.
2286 2395 2335 2431 Et
2371 2395 2542 2432 similiter

353 2439 441 2477 tutis
461 2453 576 2490 supra
594 2440 615 2462 ’¹‘
637 2441 800 2489 positam
822 2446 850 2478 α.
882 2442 984 2489 Ergo
1003 2442 1142 2480 veritas
1162 2455 1241 2480 non
1261 2451 1316 2480 est
1335 2457 1419 2494 spe·
1446 2440 1448 2500 l
1474 2445 1632 2491 bonum,
1653 2445 1865 2481 secundum
1893 2447 2092 2495 propriam
2112 2447 2314 2495 rationem,
2342 2457 2457 2496 prout
2486 2456 2541 2485 est

354 2492 456 2530 cialis
483 2495 615 2531 virtus.
1446 2501 1447 2543 ξ
1473 2497 1560 2534 finis
1589 2497 1788 2546 appetitus,
1819 2506 1876 2535 est
1903 2499 2102 2548 quoddam
2130 2513 2282 2548 verum,
2312 2501 2539 2550 inquantum

406 2558 444 2593 4.
472 2547 712 2594 PRAETEREA,
742 2547 881 2585 veritas
909 2548 1060 2586 videtur
1087 2548 1190 2586 idem
1221 2561 1303 2586 esse
1332 2549 1419 2587 sim·
1446 2572 1447 2604 ἶ
1473 2558 1530 2587 est
1558 2549 1756 2599 quoddam
1785 2550 2027 2600 intelligibile.
2059 2553 2160 2600 Quia
2190 2566 2278 2601 ergo
2297 2554 2417 2591 virtus
2438 2560 2456 2582 η
2485 2554 2539 2591 in-

353 2598 533 2647 plicitati:
558 2600 646 2649 quia
673 2600 823 2650 utrique
862 2601 1069 2652 opponitur
1101 2601 1301 2639 simulatio.
1341 2603 1420 2640 Sed
1445 2606 1448 2661 J
1474 2603 1589 2640 cludit
1616 2603 1804 2641 rationem
1842 2605 2036 2653 bonitatis,
2065 2614 2193 2655 potest
2221 2619 2303 2643 esse
2338 2608 2443 2655 quod
2472 2620 2538 2645 ve-

354 2651 572 2700 simplicitas
600 2665 679 2690 non
707 2661 765 2691 est
781 2655 953 2704 specialis
976 2655 1111 2692 virtus:
1141 2655 1228 2704 quia
1241 2656 1347 2703 facit
1364 2656 1419 2693 in-
1445 2686 1447 2689 .
1472 2656 1562 2694 ritas
1590 2656 1637 2693 sit
1664 2657 1836 2706 specialis
1859 2657 1991 2705 virtus,
2012 2658 2108 2696 sicut
2125 2671 2262 2696 verum
2292 2668 2348 2697 est
2375 2661 2538 2709 speciale

354 2705 552 2742 tentionem
579 2712 720 2743 rectam
738 2706 770 2754 ⁸,
800 2708 906 2756 quod
926 2707 1127 2756 requiritur
1154 2709 1193 2746 in
1217 2708 1325 2746 omni
1343 2709 1418 2746 vir·
1445 2692 1447 2738 l

353 2764 444 2795 tute.
474 2758 576 2806 Ergo
605 2758 719 2795 etiam
736 2760 876 2798 veritas
903 2773 984 2798 non
1012 2768 1069 2797 est
1095 2761 1267 2809 specialis
1285 2762 1416 2800 virtus.
1444 2747 1447 2848 i

1445 2849 1446 2864 l

408 2811 483 2848 SED
503 2822 651 2848 coum
678 2823 744 2848 EST
772 2813 861 2860 quia
889 2814 927 2851 in
956 2815 988 2850 II
1016 2814 1137 2850 Ethic.
1159 2815 1179 2836 *
1208 2826 1418 2852 connume-

354 2871 456 2901 ratur
483 2863 563 2901 aliis
589 2864 803 2902 virtutibus.

407 2918 633 2954 REsponnso
661 2929 845 2956 morannum
873 2919 978 2967 quod
998 2919 1046 2956 ad
1067 2918 1253 2957 rationem
1271 2919 1417 2957 virtutis
1444 2914 1445 2954 ἒ

353 2969 547 3007 humanae
575 2969 590 3000 β
617 2970 780 3020 pertinet
816 2972 920 3020 quod
959 2983 1052 3021 opus
1083 2973 1244 3009 hominis
1275 2974 1415 3010 bonum

353 3023 486 3060 reddat
495 3022 527 3060 ²¹².
554 3023 665 3061 Unde
685 3024 751 3061 ubi
771 3024 811 3061 in
830 3032 916 3062 actu
934 3024 1100 3062 hominis
1119 3025 1312 3062 invenitur
1330 3038 1415 3075 spe·
1442 3029 1444 3075 J

353 3076 456 3113 cialis
476 3076 570 3113 ratio
590 3077 779 3124 bonitatis,
800 3089 956 3115 necesse
981 3085 1037 3115 est
1055 3078 1160 3127 quod
1179 3078 1231 3115 ad
1246 3079 1322 3115 hoc
1341 3078 1415 3116 dis-
1442 3099 1443 3103 =

350 3136 516 3178 ponatur
534 3130 654 3167 homo
683 3142 752 3178 per
772 3128 976 3180 specialem
1003 3131 1194 3169 virtutem.
1225 3131 1325 3168 Cum
1346 3145 1413 3169 au-

351 3190 430 3219 tem
456 3183 620 3230 bonum,
646 3183 858 3221 secundum
886 3184 1155 3232 Augustinum,
1177 3184 1215 3221 in
1244 3185 1339 3222 libro
1368 3186 1414 3222 de

351 3236 505 3272 Natura
532 3236 634 3273 Boni
649 3235 681 3283 ²¹¹,
712 3237 892 3274 consistat
909 3242 925 3265 Υ
953 3237 992 3274 in
1011 3237 1157 3284 ordine,
1178 3250 1334 3275 necesse
1358 3246 1414 3275 est
1440 3235 1441 3260 ³

352 3288 556 3338 specialem
585 3289 770 3326 rationem
799 3289 892 3327 boni
920 3290 1151 3328 considerari
1174 3302 1219 3327 ex
1238 3291 1414 3328 determi-

405 3403 432 3434 α)
451 3409 534 3434 supra
547 3402 674 3434 positam.
687 3416 707 3421 -
724 3403 888 3435 suppositam
907 3403 1005 3428 ABDF.

406 3436 432 3469 β)
451 3437 592 3463 humanae.
603 3451 622 3457 -
638 3438 750 3462 huntam*
767 3438 820 3467 BF.
837 3439 957 3464 maxime
974 3440 1007 3464 A.

404 3506 429 3539 ὃ)
449 3511 542 3533 nostra
560 3509 601 3533 vel
619 3509 707 3533 verba.
721 3523 738 3527 -
756 3508 874 3533 membra
893 3509 934 3533 vel
952 3509 1031 3534 verba
1049 3510 1100 3542 BF,
1120 3510 1237 3535 membra
1257 3511 1288 3535 D.

407 3543 429 3575 ε)
449 3543 595 3568 includunt.
608 3557 625 3563 —-
643 3544 778 3569 excedunt
797 3544 826 3568 P.

404 3473 432 3505 γ)
450 3473 587 3499 consistat.
599 3487 618 3492 -
635 3473 756 3498 consistit
774 3473 825 3498 BF.
1439 3448 1442 3506 l

1438 3525 1442 3557 l

494 3597 603 3622 Summis.
621 3598 722 3622 Τηεοι.
743 3598 774 3622 D.
792 3597 907 3622 'snorum
921 3597 952 3622 Τ.
967 3598 1008 3622 VI.

1473 2709 1634 2747 bonum.
1672 2711 1765 2747 Non
1793 2717 1922 2748 autem
1956 2719 2084 2760 potest
2110 2724 2192 2749 esse
2221 2714 2326 2761 quod
2354 2713 2505 2750 bonitas
2524 2711 2538 2734 ⁰

1473 2762 1520 2799 sit
1545 2763 1718 2811 specialis
1745 2763 1885 2800 virtus:
1916 2776 2005 2801 cum
2034 2765 2155 2812 magis
2184 2766 2396 2802 secundum
2426 2766 2537 2803 ratio-

1473 2827 1562 2852 nem
1590 2815 1636 2852 sit
1663 2827 1781 2863 genus
1809 2815 1968 2853 virtutis.

1444 2888 1446 2910 ι
1524 2870 1585 2905 AD
1613 2880 1804 2906 SECUNDUM
1833 2881 2017 2907 memnon
2040 2870 2144 2918 quod
2173 2870 2324 2907 habitus
2352 2871 2536 2908 virtutum

1473 2929 1509 2958 et
1534 2921 1717 2958 viti0rum
1753 2922 1961 2959 sortiuntur
1992 2923 2161 2971 speciem
2191 2935 2235 2959 ex
2264 2936 2311 2960 eo
2346 2925 2452 2973 quod
2481 2932 2538 2961 est

1443 2967 1445 3004 ἕ
1470 2987 1540 3022 per
1568 2987 1608 3011 se
1637 2975 1846 3011 intentum:
1875 2971 1955 3012 non
1974 2983 2103 3012 autem
2133 2976 2181 3012 ab
2203 2988 2249 3013 eo
2270 2978 2374 3025 quod
2394 2985 2450 3014 est
2468 2990 2537 3026 per

1471 3027 1647 3064 accidens
1685 3034 1721 3063 et
1756 3035 1908 3076 praeter
1943 3027 2207 3066 intentionem.
2246 3030 2363 3077 Quod
2405 3038 2534 3070 autem

1470 3079 1602 3128 aliquis
1625 3079 1840 3117 manifestat
1859 3087 1867 3102 ¹
1895 3081 2000 3129 quod
2021 3081 2120 3119 circa
2139 3081 2266 3130 ipsum
2287 3090 2353 3130 est,
2374 3084 2537 3132 pertinet

1468 3132 1626 3182 quidem
1654 3133 1702 3170 ad
1730 3133 1911 3171 virtutem
1939 3134 2107 3172 veritatis
2136 3135 2232 3172 sicut
2249 3148 2318 3184 per
2346 3149 2386 3173 se
2414 3137 2534 3174 inten-

1468 3193 1568 3223 tum:
1599 3185 1648 3223 ad
1676 3186 1768 3223 alias
1792 3194 1922 3224 autem
1941 3187 2100 3225 virtutes
2127 3196 2253 3237 potest
2270 3189 2459 3237 pertinere
2489 3202 2534 3226 ex

1467 3239 1715 3288 consequenti
1732 3269 1741 3287 ,
1782 3248 1934 3288 praeter
1976 3241 2227 3290 principalem
2269 3242 2531 3279 intentionem.

1465 3292 1589 3329 Fortis
1619 3292 1721 3329 enirn
1750 3292 1909 3331 intendit
1937 3294 2080 3330 fortiter
2107 3306 2238 3342 agere:
2269 3295 2374 3343 quod
2403 3303 2532 3332 autem

1519 3406 1545 3438 ζ)
1565 3413 1626 3439 qua.
1639 3420 1660 3426 —
1677 3414 1745 3439 quae
1763 3407 1864 3432 PADG.

1520 3442 1547 3473 η)
1566 3441 1661 3467 virtus.
1674 3455 1693 3462 -
1711 3442 1812 3468 veritas
1830 3442 1881 3467 BF.

1520 3475 1544 3509 θ)
1563 3477 1675 3502 bonitas.
1688 3491 1708 3496 —
1726 3477 1826 3502 veritas
1846 3477 1874 3508 C,
1894 3478 1990 3502 bonum
2009 3478 2026 3508 Ι,
2046 3478 2149 3503 bonitas
2168 3479 2282 3504 hominis
2302 3480 2330 3505 Ρ.

1521 3512 1539 3544 ι)
1559 3513 1723 3545 manifestat.
1735 3526 1753 3531 —
1771 3513 1923 3545 manifestet
1942 3513 1970 3538 Ρ.

2355 3602 2386 3627 53

2574 439 2582 448 ⁸
2591 437 2627 468 βξ.
2635 437 2732 460 Ariston
2741 438 2784 459 Pe-

2573 464 2783 512 1r1¹h2²msli³iiiiit¹>s

2573 517 2591 543 1,
2605 517 2656 539 lect.
2673 523 2698 538 n.
