2860 4244
180 1580 189 1589 ''
198 1579 220 1599 1²²
230 1578 285 1605 11⁵0,
294 1585 332 1606 qu.
341 1584 390 1606 cut,

182 1611 206 1627 af

207 1609 224 1626 t.
238 1612 258 1633 3.

180 1680 190 1689 '⁸
206 1679 272 1700 Vers.
289 1685 319 1706 14.

181 1733 191 1743 ⁸
205 1732 271 1754 Vei-s.
287 1738 316 1760 ¹5-

357 2648 394 2664 α.
424 2633 590 2669 cundum
619 2631 710 2668 illud
747 2633 942 2669 decretum
978 2633 1113 2669 Sextae
1150 2632 1294 2680 Synodi
1322 2631 1342 2653 ⁹⁸
1376 2631 1482 2679 quod

385 2966 396 2993 .;
429 2951 556 2988 Omnis
595 2951 828 2988 Christianus
859 2956 1040 2999 procuret
1075 2951 1126 2987 ad
1156 2951 1356 2987 missarum
1391 2949 1484 2986 sole-

383 3009 396 3024 ι’
424 3005 527 3040 mnia
556 3003 698 3052 aliquid
724 3005 806 3040 Deo
835 3003 984 3053 offerre.

429 239 503 264 220

1079 227 1345 272 QUAESTIO
1376 226 1583 273 LXXXVI,
1611 227 1906 265 ARTICULUS
1937 229 1949 264 l

884 450 1294 527 QUAESTIO
1333 450 2137 508 OCTOGESIMASEXTA

1016 569 1100 609 DE
1133 569 1583 611 OBLATIONIBUS
1617 571 1695 611 ET
1727 571 2004 612 PRIMITHS

1203 685 1237 710 IN
1267 685 1442 716 QUATUOR
1468 685 1671 711 ARTICULOS
1698 685 1814 711 DIVISA

422 791 612 872 Damna
647 778 967 816 considerandum
1005 786 1060 815 est
1088 778 1135 815 de
1163 778 1423 816 oblationibus
1451 787 1487 816 et

505 832 676 881 primitiis
695 832 725 868 ³¹⁶.

474 938 625 975 Primo:
660 946 786 974 utrum
815 938 963 985 aliquae
993 937 1206 974 oblationes
1240 938 1314 974 sint
1342 938 1389 974 de
1418 950 1483 975 ne-

528 991 698 1028 cessitate
726 990 929 1039 praecepti.

421 887 470 922 Et
498 885 596 922 circa
622 886 696 922 hoc
725 893 958 932 quaeruntur
987 892 1162 933 quatuor.
1510 785 1514 956 i

1597 779 1793 816 Secundo:
1824 779 1962 827 quibus
1990 780 2200 818 oblationes
2229 781 2450 818 debeantur.

1594 831 1746 868 Tertio:
1776 832 1824 868 de
1853 832 1992 880 quibus
2021 834 2134 870 rebus
2161 833 2244 870 fieri
2262 832 2446 871 debeant.

1595 885 1756 931 Quarto:
1796 885 2007 933 specialiter
2044 886 2090 922 de
2128 885 2381 923 oblationibus
2417 887 2596 935 primitia-
2648 928 2653 932 ⁴

1646 950 1744 984 rum,
1774 945 1901 974 utrum
1932 939 1979 975 ad
2009 950 2071 974 eas
2100 938 2275 975 homines
2304 951 2348 975 ex
2375 940 2596 977 necessitate

1644 998 1853 1027 teneantur.

1228 1119 1545 1162 ARTICULUS
1577 1119 1781 1161 PRIMUS

657 1221 810 1252 UTRUM
835 1221 1027 1251 HOMINES
1052 1221 1322 1251 TENEANTUR
1344 1221 1402 1251 AD
1427 1220 1700 1251 OBLATIONES
1722 1209 1783 1250 EX'
1801 1220 2094 1252 NECESSITATE
2118 1220 2355 1252 PRAECEPTI

630 1319 653 1345 D
683 1319 820 1343 PRIMUM
849 1318 902 1343 sm
926 1318 1167 1343 PROCEDITUR.
1197 1306 1357 1343 Videtur
1375 1307 1481 1354 quod

630 1359 806 1396 homines
843 1371 921 1395 non
955 1367 1154 1396 teneantur
1182 1359 1231 1396 ad
1270 1359 1481 1395 oblationes

456 1332 497 1363 (δῖ
504 1323 512 1337 l
538 1328 610 1377 fleg(

443 1370 446 1383 ι
469 1366 489 1378 ’⁸
548 1347 609 1400 {gas

451 1392 456 1402 Κ

454 1406 477 1459 ,λ’
514 1386 676 1456 ,fiw‘ss'ex
696 1412 918 1448 necessitate
938 1412 1143 1460 praecepti.
1174 1412 1265 1448 Non
1291 1412 1392 1449 enim
1412 1413 1481 1449 ho·
1507 1427 1508 1461 ξ

587 1455 753 1501 &mines
788 1473 963 1513 tempore
991 1465 1192 1513 Evangelii
1228 1473 1404 1502 tenentur
1432 1466 1480 1502 ad

420 1518 661 1555 observanda
682 1518 974 1555 caeremonialia
991 1526 1196 1567 praecepta
1214 1519 1352 1556 veteris
1376 1518 1479 1566 legis,
1507 1539 1508 1552 ι

419 1579 460 1607 ut
487 1583 601 1619 supra
628 1571 648 1592 ’¹‘
674 1571 847 1608 habitum
878 1579 943 1608 est.
984 1572 1062 1608 Sed
1091 1571 1303 1608 oblationes
1341 1572 1479 1608 offerre
1506 1590 1508 1612 ξ

419 1625 572 1673 ponitur
600 1624 696 1660 inter
716 1624 1009 1662 caeremonialia
1037 1633 1240 1673 praecepta
1264 1625 1402 1662 veteris
1430 1625 1480 1661 le-
1506 1624 1508 1630 '

420 1678 490 1726 gis:
514 1677 647 1714 dicitur
667 1677 766 1714 enim
785 1679 908 1715 Exod.
930 1677 1067 1715 xx111²³⁶:
1101 1678 1236 1715 Tribus
1254 1678 1395 1715 vicibus
1409 1690 1481 1726 per
1506 1699 1507 1725 1

418 1730 588 1780 singulos
606 1743 726 1767 annos
745 1731 839 1767 mihi
853 1732 957 1778 festa
977 1731 1219 1777 celebrabitis,
1250 1739 1286 1768 et
1313 1731 1480 1779 postea*
1506 1750 1507 1778 ;

421 1784 612 1820 subditur:
652 1784 743 1820 Non
772 1784 970 1832 apparebis
1007 1785 1044 1820 in
1074 1790 1270 1832 conspectu
1303 1796 1386 1820 meo
1415 1796 1480 1821 va-
1506 1783 1507 1809 l

420 1849 522 1873 cuus.
553 1837 654 1884 Ergo
675 1838 723 1873 ad
754 1837 965 1874 oblationes
985 1849 1062 1874 non
1091 1844 1266 1874 tenentur
1285 1849 1386 1874 nunc
1411 1838 1479 1874 ho-

420 1890 542 1927 mines
572 1901 615 1926 ex
645 1890 866 1927 necessitate
894 1890 1098 1939 praecepti.

475 1955 509 1979 2.
531 1943 772 1989 PRAETEREA,
803 1943 1034 1990 oblationes,
1065 1950 1269 1991 antequam
1298 1943 1412 1990 fiant,
1442 1942 1480 1980 in
1506 1951 1507 1989 j

420 1997 614 2032 voluntate
634 1996 799 2032 hominis
821 1996 1050 2033 consistunt:
1080 2004 1121 2032 ut
1147 1995 1299 2033 videtur
1317 2007 1387 2044 per
1405 1996 1479 2033 hoc

419 2049 525 2097 quod
553 2049 743 2085 Dominus
764 2049 862 2096 dicit,
885 2050 1018 2086 Matth.
1039 2061 1063 2085 v
1081 2049 1112 2096 ³⁸,
1143 2050 1185 2085 Si
1206 2048 1320 2098 offers
1343 2061 1480 2086 munus

420 2108 524 2138 tuum
552 2102 603 2138 ad
628 2102 768 2148 altare,
799 2102 906 2150 quasi
944 2103 1019 2139 hoc
1047 2102 1198 2139 arbitrio
1237 2101 1478 2139 offerentium

421 2155 661 2202 relinquatur.
690 2155 900 2203 Postquam
928 2164 1054 2192 autem
1080 2155 1290 2192 oblationes
1316 2162 1404 2192 sunt
1428 2155 1479 2192 fa-

421 2215 515 2255 ctae,
537 2220 614 2244 non
643 2215 754 2245 restat
774 2209 880 2245 locus
906 2209 1036 2246 iterato
1063 2221 1126 2245 eas
1150 2208 1347 2246 offerendi.
1378 2209 1479 2257 Ergo

420 2261 523 2298 nullo
552 2261 671 2298 modo
707 2261 841 2310 aliquis
879 2274 923 2298 ex
951 2262 1173 2299 necessitate
1208 2262 1399 2310 praecepti
1432 2262 1481 2299 ad

421 2314 633 2351 oblationes
660 2322 819 2351 tenetur.

477 2368 510 2404 3.
532 2368 764 2415 PRAETEREA,
795 2367 1027 2416 quicumque
1057 2367 1197 2416 aliquid
1225 2374 1373 2404 tenetur
1398 2367 1482 2404 red-

423 2420 512 2457 dere
542 2420 746 2466 Ecclesiae,
768 2421 798 2456 si
827 2433 904 2457 non
925 2421 1069 2465 reddat,
1090 2428 1214 2469 potest
1242 2420 1289 2458 ad
1316 2420 1355 2457 id
1376 2432 1481 2457 com-

422 2473 509 2521 pelli
545 2485 613 2521 per
650 2474 944 2510 subtractionem
982 2473 1321 2510 ecclesiasticorum
1359 2485 1481 2509 sacra-

423 2533 653 2562 mentorum.
686 2527 762 2563 Sed
790 2526 957 2563 illicitum
986 2526 1138 2563 videtur
1165 2526 1222 2563 his
1251 2526 1316 2574 qui
1344 2526 1481 2562 offerre

423 2579 612 2616 noluerint
644 2579 894 2616 ecclesiastica
923 2587 1159 2616 sacramenta
1188 2579 1395 2626 denegare:
1426 2591 1481 2614 se-

422 2685 583 2722 habetur
604 2686 630 2731 Ι,
653 2697 742 2732 qn.1
765 2685 800 2722 *ι
830 2683 970 2722 Nullus
995 2685 1060 2733 qui
1076 2697 1225 2722 sacram
1251 2685 1482 2721 communio-

424 2750 508 2775 nem
536 2739 733 2787 dispensat,
753 2750 777 2774 a
791 2738 1018 2786 percipiente
1044 2739 1211 2787 gratiam
1239 2738 1382 2786 aliquid
1403 2738 1482 2774 exi-

421 2797 509 2841 gat:
537 2792 570 2828 si
596 2803 686 2828 vero
715 2792 894 2841 exegerit,
924 2791 1142 2839 deponatur.
1187 2792 1288 2838 Ergo
1323 2803 1402 2827 non
1429 2798 1482 2827 te-

423 2851 560 2881 nentur
588 2844 764 2882 homines
801 2856 846 2881 ex
880 2844 1101 2881 necessitate
1129 2849 1146 2865 α
1175 2843 1222 2880 ad
1259 2843 1481 2880 oblationes.
1509 2844 1511 2892 ξ

478 2899 550 2934 SED
593 2909 739 2934 CONTRA
780 2909 846 2934 Esr
879 2897 984 2945 quod
1022 2897 1228 2945 Gregorius
1260 2897 1280 2918 ’¹‘
1310 2896 1397 2933 dicit
1419 2896 1482 2933 ³⁸³⁸:
1510 2919 1511 2924 =

478 3058 702 3093 RESPONDEO
731 3068 916 3093 D1CENDUM
945 3055 1062 3104 quod,
1089 3056 1183 3092 sicut
1212 3055 1353 3092 dictum
1384 3062 1439 3092 est
1452 3055 1483 3102 ²⁸,
1510 3059 1513 3079 ¹

424 3121 568 3146 nomen
604 3109 804 3146 oblationis
840 3121 1046 3145 commune
1078 3116 1132 3145 est
1169 3109 1215 3145 ad
1253 3120 1389 3145 omnes
1427 3120 1485 3145 res

425 3174 523 3212 quae
552 3162 590 3198 in
619 3163 760 3199 cultum
788 3161 860 3198 Dei
891 3161 1124 3198 exhibentur.
1156 3162 1209 3197 Ita
1238 3161 1343 3210 quod
1372 3161 1402 3197 si
1422 3160 1486 3197 ali·
1512 3167 1513 3188 ³

424 3215 515 3264 quid
545 3215 765 3252 exhibeatur
792 3216 830 3251 in
855 3215 997 3251 cultum
1028 3214 1198 3251 divinum
1229 3214 1336 3262 quasi
1364 3213 1401 3250 in
1421 3213 1485 3250 ali·
1512 3210 1514 3237 ?

425 3269 530 3316 quod
560 3281 711 3305 sacrum
740 3267 845 3316 quod
873 3267 961 3304 inde
990 3267 1072 3304 fieri
1101 3266 1239 3303 debeat
1260 3278 1486 3303 consumen-
1512 3272 1514 3313 ζ

426 3322 518 3358 dum
539 3319 564 3368 β,
596 3329 631 3358 et
651 3321 792 3358 oblatio
814 3328 870 3357 est
890 3327 926 3357 et
945 3319 1196 3356 sacrificium:
1225 3319 1326 3356 unde
1354 3318 1487 3356 dicitur
1512 3315 1515 3361 l

478 3438 504 3469 α)
525 3437 685 3462 necessitate.
699 3450 718 3456 -
735 3436 829 3461 salutis
849 3436 945 3461 addunt
963 3435 1009 3460 Pa.

1507 1342 1509 1357 Ι
1534 1306 1659 1343 Exod.
1680 1318 1765 1343 xxm
1782 1306 1821 1342 *ε
1855 1305 1998 1356 Offeres
2025 1313 2142 1344 totum
2169 1308 2324 1344 arietem
2343 1308 2380 1344 in
2404 1309 2596 1346 incensum

1507 1393 1509 1398 ,
1534 1371 1649 1407 super
1676 1359 1817 1396 altare:
1852 1359 1990 1396 oblatio
2018 1365 2072 1396 est
2101 1361 2279 1406 Domino,
2304 1361 2398 1397 odor
2423 1362 2596 1398 suavissi-

1536 1424 1621 1449 mus
1650 1412 1823 1449 victimae
1849 1413 1943 1457 Dei;
1972 1420 2008 1449 et
2035 1413 2152 1450 Levit.
2174 1424 2196 1449 11
2223 1412 2244 1434 '¹‘
2273 1413 2427 1450 dicitur:
2455 1415 2596 1452 Anima
2622 1423 2634 1435 ⁴

1535 1477 1623 1502 cum
1643 1469 1659 1493 Υ
1687 1465 1860 1502 obtulerit
1886 1466 2110 1502 oblationem
2137 1466 2316 1513 sacrificii
2341 1466 2519 1513 Domino,
2548 1467 2596 1504 si-

1536 1518 1628 1555 mila
1657 1519 1728 1555 erit
1753 1519 1831 1555 eius
1859 1519 2009 1555 oblatio.
2040 1518 2079 1555 Si
2107 1530 2202 1555 vero
2232 1518 2285 1555 sic
2314 1519 2534 1556 exhibeatur
2556 1527 2598 1558 ut

1537 1571 1725 1619 integrum
1754 1579 1918 1617 maneat,
1949 1571 2079 1608 divino
2109 1571 2222 1608 cultui
2251 1572 2513 1620 deputandum
2534 1573 2596 1610 vel

1535 1624 1575 1661 in
1602 1637 1694 1661 usus
1722 1624 1983 1661 ministrorum
2018 1624 2328 1672 expendendum,
2359 1625 2428 1662 erit
2454 1625 2596 1663 oblatio

1535 1685 1571 1714 et
1602 1690 1681 1714 non
1709 1677 1949 1714 sacrificium.

1587 1730 1819 1767 Huiusmodi
1849 1742 1937 1778 ergo
1968 1730 2188 1767 oblationes.
2207 1730 2254 1767 de
2274 1730 2332 1767 sui
2361 1730 2505 1768 ratione
2529 1731 2595 1768 ha-

1534 1784 1624 1820 bent
1643 1784 1748 1831 quod
1767 1783 1980 1820 voluntarie
2009 1783 2232 1820 offerantur:
2263 1783 2475 1820 secundum
2505 1783 2595 1822 illud

1506 1843 1507 1891 ᾗ
1532 1837 1657 1873 Exod.
1677 1847 1749 1872 xxv
1769 1837 1809 1873 *z
1838 1837 1898 1872 Ab
1926 1836 2077 1872 homine
2095 1837 2161 1884 qui
2178 1836 2289 1886 offert
2311 1837 2512 1883 ultroneus,
2532 1849 2594 1874 ac·
2621 1849 2633 1861 ·

1534 1889 1672 1938 cipietis
1691 1901 1766 1926 eas.
1796 1890 1927 1925 Potest
1946 1896 2075 1925 tamen
2095 1889 2312 1937 contingere
2336 1890 2441 1936 quod
2462 1890 2595 1939 aliquis

1534 1943 1583 1980 ad
1602 1942 1812 1979 oblationes
1831 1949 2004 1978 teneatur
2022 1942 2258 1992 quadruplici
2279 1942 2435 1979 ratione.
2464 1942 2594 1980 Primo

1505 2038 1507 2042 Α
1534 1995 1702 2044 quidem,
1733 2007 1777 2032 ex
1805 1995 2047 2043 praecedenti
2080 1995 2354 2032 conventione:
2384 1995 2479 2033 sicut
2507 2007 2595 2033 cum

1505 2083 1507 2099 ἦ
1533 2049 1644 2085 alicui
1663 2048 1883 2085 conceditur
1898 2048 2031 2097 aliquis
2051 2048 2191 2085 fundus
2207 2047 2411 2096 Ecclesiae,
2427 2044 2468 2085 ut
2487 2048 2596 2086 certis

1506 2127 1507 2132 ,
1533 2101 1767 2150 temporibus
1788 2108 1906 2138 certas
1922 2101 2134 2137 oblationes
2163 2100 2284 2138 faciat.
2323 2101 2439 2148 Quod
2466 2108 2596 2139 tamen

1532 2156 1648 2193 habet
1675 2154 1860 2191 rationem
1891 2166 2038 2191 census.
2054 2174 2078 2182 -
2100 2154 2292 2201 Secundo,
2312 2162 2468 2204 propter
2487 2166 2595 2203 prae-

1534 2208 1732 2245 cedentem
1753 2207 2039 2256 deputationem
2060 2207 2141 2244 sive
2160 2206 2470 2255 promissionem:
2501 2204 2596 2245 sicut

1534 2273 1623 2298 cum
1652 2260 1784 2310 aliquis
1810 2260 1921 2297 offert
1949 2260 2197 2297 donationem
2216 2258 2230 2282 ⁶
2266 2259 2362 2297 inter
2388 2261 2514 2308 vivos,
2532 2261 2596 2298 vel

1536 2326 1624 2351 cum
1661 2313 1834 2362 relinquit
1865 2314 1903 2350 in
1939 2320 2165 2350 testamento
2204 2313 2395 2350 Ecclesiae
2429 2313 2595 2362 aliquam

1536 2379 1629 2415 rem,
1659 2366 1842 2404 mobilem
1862 2367 1924 2403 vel
1953 2366 2205 2413 immobilem,
2226 2366 2264 2402 in
2298 2373 2495 2415 posterum
2523 2366 2596 2403 sol-

1534 2420 1717 2458 vendam.
1734 2440 1758 2448 —
1778 2419 1908 2456 Tertio
1930 2420 2062 2466 modo,
2078 2426 2233 2468 propter
2253 2419 2445 2456 Ecclesiae
2465 2431 2595 2456 neces-

1535 2473 1704 2510 sitatem:
1742 2481 1833 2521 puta
1862 2472 1892 2508 si
1921 2471 2080 2508 ministri
2100 2471 2293 2508 Ecclesiae
2313 2484 2390 2508 non
2413 2472 2597 2509 haberent

1534 2526 1636 2562 unde
1652 2532 1960 2562 sustentarentur.
1977 2545 2001 2552 -
2022 2525 2169 2571 Quarto
2189 2524 2321 2572 modo,
2336 2532 2492 2574 propter
2507 2537 2597 2562 con-

1536 2578 1794 2615 suetudinem:
1824 2585 1998 2614 tenentur
2035 2577 2139 2614 enim
2167 2577 2301 2614 fideles
2338 2577 2375 2614 in
2409 2577 2596 2626 aliquibus

1536 2631 1836 2668 solemnitatibus
1865 2630 2082 2679 ad-aliquas
2111 2630 2321 2667 oblationes
2343 2638 2554 2668 consuetas.
2570 2650 2595 2660 ·-

1536 2685 1687 2721 Tamen
1716 2684 1753 2720 in
1789 2684 1845 2720 his
1883 2684 2033 2720 duobus
2067 2683 2208 2720 ultimis
2246 2683 2395 2720 casibus
2428 2690 2598 2721 remanet

1543 2737 1683 2774 oblatio
1721 2737 2012 2786 quodammodo
2047 2735 2277 2774 voluntaria:
2307 2736 2446 2773 scilicet
2478 2748 2598 2785 quan-

1535 2798 1616 2827 tum
1647 2790 1695 2827 ad
1723 2789 1971 2838 quantitatem
1990 2790 2052 2826 vel
2080 2789 2247 2838 speciem
2277 2789 2328 2826 rei
2359 2789 2519 2827 oblatae.

1590 2845 1650 2880 An
1678 2854 1817 2880 prunum
1845 2853 1943 2879 ERGO
1972 2853 2156 2879 DICENDUM
2184 2842 2289 2891 quod
2317 2842 2356 2879 in
2380 2853 2483 2879 nova
2514 2842 2596 2891 lege

1538 2896 1715 2933 homines
1743 2908 1822 2932 non
1840 2902 2015 2932 tenentur
2034 2895 2083 2932 ad
2110 2895 2343 2932 oblationem
2362 2899 2375 2916 ⁸
2404 2896 2517 2932 causa
2535 2907 2596 2932 so-

1539 2949 1774 2986 lemnitatum
1804 2949 2001 2996 legalium,
2039 2955 2080 2985 ut
2107 2947 2145 2984 in
2172 2948 2309 2985 Exodo
2338 2948 2491 2985 dicitur:
2529 2948 2597 2986 sed

1511 3015 1512 3025 ¹
1540 3015 1585 3039 ex
1614 3001 1842 3051 quibusdam
1871 3001 1951 3038 aliis
1981 3001 2114 3048 causis,
2143 3008 2185 3038 ut
2213 3001 2368 3038 dictumx
2385 3008 2441 3038 est
2458 3000 2488 3038 *.

1592 3057 1650 3092 AD
1679 3066 1868 3092 SECUNDUM
1896 3065 2080 3092 DICENDUM
2108 3054 2214 3103 quod
2233 3054 2282 3091 ad
2311 3053 2522 3091 oblationes
2545 3053 2597 3090 fa-

1540 3107 1693 3144 ciendas
1721 3114 1896 3144 tenentur
1924 3107 2038 3155 aliqui
2067 3114 2103 3143 et
2130 3113 2333 3155 antequam
2362 3107 2473 3154 fiant,
2503 3106 2598 3144 sicut

1539 3161 1577 3197 in
1595 3160 1720 3209 primo
1742 3168 1778 3196 et
1796 3159 1904 3196 tertio
1926 3168 1962 3196 et
1980 3167 2116 3207 quarto
2136 3160 2271 3196 modo:
2303 3167 2340 3196 et
2363 3159 2475 3197 etiam
2494 3166 2597 3208 post-

1540 3225 1657 3262 quam
1678 3225 1742 3249 eas
1762 3212 1917 3249 fecerint
1939 3225 2008 3261 per
2027 3212 2312 3261 deputationem
2332 3212 2412 3250 sive
2435 3212 2598 3262 promis-

1541 3266 1710 3311 sionem;
1739 3273 1914 3302 tenentur
1933 3265 2034 3302 enim
2058 3266 2205 3302 realiter
2224 3266 2399 3302 exhibere
2419 3264 2523 3314 quod
2543 3272 2598 3302 est

1541 3318 1732 3355 Ecclesiae
1761 3330 1830 3367 per
1857 3319 2019 3355 modum
2049 3318 2303 3367 deputationis
2331 3318 2514 3355 oblatum.

1595 3435 1622 3467 γ)
1640 3434 1738 3459 Anima
1750 3441 1819 3459 cum.
1832 3447 1850 3454 -
1863 3434 2011 3459 animatum
2026 3433 2215 3467 ABEFLszC
2228 3438 2254 3459 et
2271 3441 2298 3459 x.
2311 3447 2330 3453 -
2346 3433 2397 3458 Pro
2414 3432 2510 3463 simila,
2520 3433 2601 3460 simul

479 3472 503 3505 β)
523 3472 738 3498 consumendum.
750 3486 768 3490 -
786 3471 975 3497 consulendum
995 3470 1191 3503 BCFHLszA
1209 3475 1234 3494 et
1253 3477 1278 3498 K,
1299 3470 1487 3496 consulendum
1543 3470 1596 3501 ΡΙ),
1615 3469 1712 3494 similia
1731 3469 1789 3502 IpC,
1809 3469 1926 3494 similata
1944 3469 1974 3494 L.

425 3511 465 3533 est
483 3509 521 3541 pA
543 3512 567 3532 et
585 3515 610 3536 a,
629 3507 835 3532 convertendum
854 3507 871 3537 Ι,
891 3506 1098 3532 consumendum
1118 3509 1158 3531 est
1176 3505 1204 3530 Ρ.

1596 3503 1620 3537 δ)
1640 3504 1819 3529 donationem.
1832 3518 1851 3523 -
1869 3505 2012 3529 donatione
2031 3504 2072 3529 PF
2073 3505 2123 3530 Ka.

1597 3540 1619 3572 ε)
1638 3540 1804 3565 oblationem.
1816 3553 1834 3560 -
1852 3540 1999 3565 oblationes
2017 3539 2110 3565 PDLa.

2623 1319 2634 1329 ⁸
2648 1317 2715 1342 voa-u.
2730 1319 2762 1341 18.

2647 1423 2748 1446 ven-1.

2645 1848 2714 1872 Vei-n.
2728 1854 2749 1871 2.

2631 2993 2802 3022 *hcorpore-
