2860 4244
870 240 1136 287 QUAESTIO
1166 241 1412 287 Lxxxvni,
1441 241 1737 278 ARTICULUS
1768 242 1819 278 lx

258 319 312 349 sed
336 324 441 359 potest
464 327 500 349 ea
524 326 720 350 commutare
743 319 776 349 in
799 319 1029 359 persona'Dei.
1061 319 1101 349 Et
1124 320 1318 360 quandoque

257 369 332 393 sunt
354 363 434 393 adeo
458 362 626 394 indiscreta
653 370 688 394 ut
711 370 882 394 mereretur
905 362 1011 403 puniri
1035 373 1171 398 vovens,
1196 373 1254 403 pro
1278 373 1317 394 eo

257 407 346 448 quod
373 413 461 437 tanto
484 417 517 437 se
541 407 671 448 exponit
696 407 838 447 periculo
866 407 1016 447 peccandi
1040 407 1222 438 mortaliter.
1252 409 1318 438 Nec

257 452 393 487 Auctor,
418 460 476 482 nec
499 451 567 482 iura
589 452 630 481 de
652 451 837 482 huiusmodi
859 451 942 482 votis
963 451 1155 492 loquuntur,
1181 461 1255 482 cum
1279 452 1317 482 de

256 494 339 525 votis
362 494 584 535 religiosorum
607 496 798 536 loquuntur:
823 495 898 536 quia
921 505 987 525 non
1004 502 1078 525 sunt
1101 496 1139 525 de
1162 496 1249 526 bono
1266 506 1318 526 su-

257 539 514 579 pererogationis.

283 977 316 991 >
342 979 350 1000 2
389 953 653 1031 w'nnoNuu
678 970 733 996 stc
761 968 1000 995 moenum-un.
1028 957 1187 994 Videtur
1215 956 1318 1005 quod

325 1010 331 1017 “
417 1011 577 1060 pueri
603 1023 683 1049 non
710 1011 856 1060 possint
882 1018 974 1047 voto
1008 1022 1048 1046 se
1077 1009 1244 1056 obligare
1270 1009 1319 1046 ad

415 1055 429 1074 ‘
452 1062 668 1113 religionis·
679 1063 908 1124 ingressum.
939 1063 1039 1098 Cum
1059 1061 1162 1098 enim
1182 1061 1231 1098 ad
1250 1073 1318 1098 vo-

314 1093 409 1145 4¹³⁶.
426 1110 457 1152 ’ἱ
468 1119 553 1156 tum'
580 1117 795 1178 requiratur
821 1115 939 1152 animi
973 1114 1211 1161 deliberatio,
1241 1127 1319 1151 non

258 1168 310 1222 co
306 1162 439 1221 111Ρθ111
451 1172 596 1210 vovere
615 1169 686 1207 nisi
700 1169 770 1210 illis
786 1168 851 1217 qui
865 1168 1007 1205 habent
1020 1180 1134 1205 usum
1151 1165 1317 1205 rationis.

255 1181 346 1267 Sed
363 1221 438 1259 hoc
466 1222 630 1261 deficit
619 1235 673 1261 111
686 1222 830 1271 pueris,
860 1221 955 1258 sicut
984 1229 1020 1258 et
1043 1221 1082 1258 in
1105 1221 1319 1258 amentibus

255 1275 319 1311 :zei
352 1275 521 1312 furiosis.
559 1276 664 1314 Sicut
693 1287 782 1323 ergo
811 1282 980 1313 amentes
1018 1282 1054 1312 et
1082 1274 1213 1311 furiosi
1241 1286 1319 1312 non

257 1335 427 1376 possunt
434 1338 478 1365 se
501 1329 553 1365 ad
572 1328 713 1377 aliquid
730 1335 824 1365 voto
853 1328 1099 1376 adstringere,
1129 1328 1180 1364 ita
1205 1328 1318 1364 etiam

255 1381 349 1422 fflst:
352 1381 484 1440 ueri,
512 1389 562 1419 ut
575 1382 746 1429 videtur,
775 1387 936 1452 possunt
964 1393 1003 1417 se
1031 1388 1124 1417 voto
1154 1380 1319 1428 obligare

118 1497 136 1515 '⁸
254 1478 361 1532 7730'2*
361 1476 602 1535 PRAErEREA,
621 1476 713 1526 illud
732 1487 837 1535 quod
854 1494 925 1529 rite
944 1493 1071 1535 potest
1092 1487 1140 1524 ab
1160 1486 1286 1535 aliquo
1303 1491 1320 1508 α

256 1538 371 1586 fieri,
402 1552 483 1578 non
517 1548 642 1590 potest
687 1541 735 1577 ab
782 1539 880 1577 alio·
891 1539 1034 1576 irritari.
1073 1538 1149 1576 Sed
1184 1547 1319 1576 votum

257 1592 446 1649 religionis
463 1603 503 1630 a
523 1605 645 1642 puero
670 1594 734 1630 vel
761 1592 887 1641 puella
915 1592 1055 1629 factum
1085 1599 1173 1628 ante
1200 1604 1321 1629 annos

341 1639 466 1683 ertati's
484 1649 619 1695 potest
636 1659 658 1683 a
676 1645 896 1696 parentibus
924 1645 1108 1692 revocari,
1137 1646 1199 1682 vel
1224 1658 1245 1682 a
1263 1653 1320 1682 tu-

252 1645 362 1758 &aa
390 1702 442 1737 ut
457 1695 617 1753 habetur
631 1698 737 1746 XX,
776 1710 839 1747 qu.
861 1709 896 1745 11,
926 1710 1008 1747 cap.
1038 1697 1178 1735 Puella.
1217 1699 1320 1746 Ergo

39 1801 41 1808 A
253 1743 419 1798 unietur
427 1753 531 1801 quod
559 1751 655 1801 puer
672 1728 737 1790 vel'
762 1750 914 1800 puella,
926 1759 1012 1788 ante
1032 1751 1321 1800 quatuordecim

28 1821 29 1824 =
84 1817 120 1839 ..a
142 1818 223 1839 ma·
257 1813 412 1851 nanos,
411 1816 501 1842 non
528 1805 647 1854 posit
674 1805 742 1843 rite
769 1816 926 1842 vovere.

56 1867 67 1876 ⁴
87 1843 223 1893 {⁸5¹⁹ss
252 1858 352 1895 mss&
358 1859 614 1906 Pnaamnm,
609 1858 838 1906 religionem
858 1857 1082 1894 intrantibus
1098 1869 1222 1894 annus
1234 1870 1322 1906 pro-

27 1956 30 1957 ⁷
217 1910 422 1949 ‘nationis
440 1888 670 1959 conceditur,
692 1911 905 1948 secundum
933 1911 1102 1959 regulam
1132 1911 1231 1947 beati
1251 1911 1322 1947 Be-

35 1964 232 2017 “wora
251 1956 436 2027 dedica
463 1971 500 2004 et
528 1941 741 2005 secundum
762 1971 941 2001 statutum
969 1963 1178 2001 Innocentii
1197 1964 1249 2000 IV
1262 1963 1320 2011 *ἦ

38 2018 42 2053 ’.
77 2029 123 2069 jv
122 2019 232 2075 ἍΡῙῗξο·
249 2012 308 2063 ,gd
314 2012 398 2061 hoc
412 2011 519 2066 quod
536 2015 711 2067 probatio
727 2017 995 2065 obligationem
1010 2017 1091 2053 voti
1105 2017 1320 2065 praecedat.

225 2070 384 2119 :Emo-
382 2071 557 2108 :illicitum
571 2071 728 2108 videtur
747 2083 830 2108 esse
849 2070 955 2119 quod
978 2070 1088 2118 pueri
1116 2078 1211 2106 voto
1230 2070 1322 2106 obli-

251 2127 406 2171 gantur
403 2124 463 2161 ad
486 2124 709 2172 religionem
738 2131 826 2160 ante
844 2123 1080 2172 probationis
1099 2135 1256 2160 annum.

313 2177 389 2215 SED
406 2188 564 2227 coum,
584 2177 675 2214 illud
695 2177 802 2226 quod
821 2189 900 2213 non
919 2183 976 2213 est
993 2176 1062 2212 rite
1081 2176 1222 2213 factum
1243 2189 1321 2213 non

260 2233 327 2282 est
340 2221 525 2281 validum,
551 2230 663 2269 etiarn
691 2230 721 2267 si
741 2242 763 2270 a
782 2228 884 2266 nullo
906 2236 1116 2266 revocetur.
1156 2229 1234 2266 Sed
1253 2242 1322 2266 vo-

120 2288 135 2327 β
250 2290 342 2328 mm
352 2272 530 2331 puellae,
546 2283 660 2320 etiam
680 2280 696 2313 β
724 2291 810 2320 ante
832 2295 960 2320 annos
987 2281 1195 2330 pubertatis
1212 2282 1322 2319 emis-

248 2344 369 2383 sum,
397 2335 569 2373 validum
598 2344 654 2374 est
685 2335 716 2373 si
745 2335 840 2373 infra
874 2347 1020 2373 annum
1054 2348 1077 2372 a
1103 2335 1322 2383 parentibus

248 2396 338 2426 mon
358 2397 579 2426 revocetur:
606 2397 648 2426 ut
665 2389 921 2435 habeturXX,
938 2400 1002 2436 qu.
1022 2400 1057 2434 11,
1079 2400 1161 2436 cap.
1178 2388 1320 2425 Puella.

117 2450 134 2476 τ
248 2441 371 2501 >Ergo
383 2441 479 2478 licite
506 2449 541 2478 et
559 2442 626 2479 rite
644 2449 805 2491 possunt
827 2441 936 2490 pueri
954 2448 1047 2478 voto
1063 2446 1079 2469 Υ
1098 2441 1253 2489 obligari
1274 2441 1322 2478 ad

259 2491 494 2549 religionem,
525 2495 638 2539 etiam
667 2502 752 2545 ante
782 2506 903 2532 annos
931 2494 1150 2545 pubertatis.

251 2571 298 2591 ....
267 2538 538 2594 ΒὲεΡοΝῠΕο
564 2560 750 2586 ῡιεΕΝουΜ
769 2547 886 2596 quod,
908 2547 1003 2584 sicut
1026 2559 1072 2583 ex
1089 2546 1323 2596 praedictis*

252 2584 374 2650 patet,
403 2601 543 2649 duplex
571 2609 626 2638 est
652 2609 806 2638 votum:
835 2600 975 2638 scilicet
1003 2600 1173 2648 simplex,
1205 2607 1240 2636 et
1263 2612 1323 2636 so-

254 2653 416 2705 lemne„
437 2655 485 2690 Et
511 2654 601 2702 quia
629 2653 849 2691 solemnitas
875 2653 957 2691 voti
985 2654 1023 2689 in
1053 2654 1219 2702 quadam
1249 2652 1323 2702 spi-

261 2706 383 2743 rituali
411 2707 677 2744 benedictione
707 2714 743 2743 et
771 2706 1055 2743 consecratione
1085 2706 1263 2752 consistit,
1283 2713 1325 2742 ut

263 2759 404 2796 dictum
434 2767 489 2796 est
506 2759 537 2806 ³¹²,
567 2772 666 2808 quae
694 2760 737 2796 fit
754 2772 824 2808 per
842 2759 1092 2796 ministerium
1114 2759 1323 2803 Ecclesiae;

262 2812 350 2850 ideo
371 2812 631 2849 solemnizatio
648 2812 728 2849 voti
747 2813 817 2849 sub
835 2812 1116 2860 dispensatione
1131 2811 1324 2848 Ecclesiae

264 2918 531 2956 deliberatione
560 2918 688 2965 animi,
710 2929 787 2965 qua
806 2917 890 2965 quis
911 2930 950 2954 se
971 2917 1136 2965 obligare
1156 2916 1325 2953 intendit.

264 2971 381 3018 Quod
420 2978 547 3008 autem
584 2971 666 3008 talis
700 2970 878 3018 obligatio
916 2970 1034 3006 robur
1062 2981 1139 3006 non
1174 2970 1324 3017 habeat,

264 3024 461 3073 dupliciter
489 3031 613 3073 potest
642 3024 870 3071 contingere.
900 3024 986 3060 Uno
1012 3023 1166 3071 quidem
1194 3023 1326 3070 modo,

265 3085 420 3126 propter
440 3077 630 3114 defectum
659 3076 832 3145 rationis:
862 3076 957 3115 sicut
983 3083 1085 3125 patet
1112 3076 1151 3112 in
1178 3075 1328 3112 furiosis

272 3180 273 3183 Ἴ
301 3191 344 3224 α)
363 3191 397 3216 ab
416 3191 547 3223 aliqum.—
559 3187 657 3223 ababuc
674 3190 730 3215 alto
749 3190 815 3215 H.-
829 3189 881 3216 Pro
898 3190 961 3220 alio,
976 3190 1066 3223 aliquo
1085 3190 1218 3223 PDHLpC
1237 3195 1262 3215 et
1279 3197 1325 3215 xa.

251 3239 263 3243 -
278 3225 344 3259 β)
363 3227 486 3252 etiam.—
503 3226 568 3251 Om-
576 3225 740 3251 PCDGffla.

280 3263 343 3296 γ)
363 3265 463 3288 vota-
482 3262 543 3288 Om,
561 3260 592 3299 Ρ.

53 3438 189 3464 ”mm-'⁸²‘
224 3474 226 3477 ,
257 3415 438 3478 {notanda
455 3453 539 3482 sunt,
555 3445 671 3486 primo,
689 3444 762 3481 tria;
788 3445 900 3475 deinde
920 3443 1019 3476 dubia
1042 3452 1116 3476 sunt
1131 3444 1318 3475 movenda*

1366 2336 1482 2384 quod
1506 2335 1656 2383 respicit
1683 2335 1719 2372 id
1749 2334 1854 2383 quod
1872 2334 1911 2371 in
1930 2333 2099 2383 pluribus
2128 2333 2273 2371 accidit.
2294 2355 2318 2362 -
2346 2334 2438 2369 Post

263 2865 373 2903 cadit.
401 2866 545 2902 Votum
571 2873 698 2902 autem
728 2865 888 2913 simplex
909 2865 1118 2902 efficaciam
1145 2865 1262 2901 habet
1281 2876 1334 2902 ex.

2352 240 2421 276 261

1425 321 1476 350 Ad
1498 320 1626 351 tertium
1650 320 1780 350 demum
1804 319 1939 350 dubium
1968 319 2081 349 dicitur
2103 319 2193 359 quod
2214 325 2289 349 vota
2314 319 2352 349 de
2380 318 2428 349 his

1370 374 1452 404 quae
1473 364 1643 394 necessaria
1663 371 1737 394 sunt
1759 364 1799 394 ad
1822 364 1965 399 salutem,
1990 373 2007 393 a
2026 372 2232 404 quocumque
2255 361 2340 398 fiant,
2357 373 2428 393 vera

1370 414 1444 438 vota
1466 415 1540 439 sunt
1556 415 1586 438 et
1598 407 1707 438 firma:
1732 408 1886 448 quoniam
1908 407 1941 437 in
1963 407 2012 437 his
2030 407 2137 438 nullus
2152 406 2291 447 praelato
2310 407 2428 437 subest.

1369 452 1435 482 Nec
1458 451 1601 491 oportuit
1623 452 1700 482 haec
1724 452 1840 492 excipi:
1865 451 1949 492 quia,
1975 458 2010 482 ut
2032 451 2152 482 dictum
2173 457 2220 482 est
2234 451 2260 487 *,
2285 461 2351 480 non
2374 451 2428 481 ha-

1370 495 1445 525 bent
1473 496 1636 535 propriam
1657 495 1723 526 voti
1746 496 1928 532 materiam,
1953 495 2074 526 ratione
2103 495 2192 526 cuius
2223 494 2339 525 subditi
2363 505 2429 525 non

1371 546 1506 578 possunt
1527 549 1642 570 vovere
1665 540 1732 570 sine
1754 540 1918 570 voluntate
1941 539 2122 580 superioris·

2456 456 2468 468 ⁸
2481 457 2531 478 Art.
2551 462 2574 479 2.
2596 457 2667 478 Corn-

2457 487 2527 504 mem.
2547 488 2610 504 num.
2626 489 2650 504 11.

384 722 386 724 ,
440 728 441 731 Ρ
530 731 534 737 .
596 720 598 726 ,
815 725 817 727 ,
1053 673 1371 716 ARTICULUS
1406 673 1606 714 NONUS

0 742 6 800 l
119 814 123 818 ι
442 767 444 769 ’
484 759 486 761 ’
535 768 537 771 ’
556 765 712 797 UTRUM
735 738 862 796 pum
886 765 1063 797 PossmT
1086 765 1209 796 voro
1233 765 1282 796 sn
1306 764 1522 796 OBLIGARE
1546 765 1603 794 AD
1628 765 1869 796 RELIGlONlS
1893 765 2133 796 INGRESSUM

381 844 455 875 lust-a,
475 851 519 876 qu.
538 851 650 873 mxxxix,
669 849 715 868 art.
737 843 766 873 5;
786 844 819 868 lv
838 843 920 873 Sent„
940 843 998 868 dist.
1016 850 1117 872 xxxvm.
1135 851 1180 876 qu.
1197 850 1216 874 1,
1235 847 1280 868 art.
1304 850 1325 871 1,
1343 841 1393 901 qg*
1414 841 1443 870 3;
1465 842 1566 867 Contra
1589 843 1735 868 retrahent.
1754 843 1824 868 hom.
1841 844 1875 868 ab
1894 843 2006 876 ingress.
2023 844 2118 877 Relig„
2138 852 2194 877 cap.
2212 852 2245 874 n,
2263 851 2313 874 1113

451 898 454 899 .
1200 885 1256 910 cap.
1275 885 1327 906 xm,
1347 885 1361 902 a
1397 884 1413 910 9
1432 885 1492 910 sqq.

1374 962 1411 992 et
1438 955 1665 1001 amentibus,
1695 956 1760 1004 qui
1789 969 1829 993 se
1851 964 1945 993 voto
1973 969 2051 993 non
2078 965 2237 1005 possunt
2264 958 2430 1005 obligare

1374 1009 1423 1045 ad
1451 1008 1604 1057 aliquid,
1635 1008 1727 1045 dum
1757 1016 1842 1050 sunt
1870 1009 1908 1046 in
1936 1009 2031 1047 furia
2052 1011 2113 1046 vel
2142 1010 2317 1047 amentia.
2345 1010 2430 1047 Alio

1374 1061 1514 1108 modo,
1543 1061 1632 1110 quia
1659 1061 1718 1097 ille
1748 1062 1811 1110 qui
1838 1069 1954 1098 vovet
1990 1069 2046 1098 est
2073 1062 2223 1099 alterius
2257 1063 2431 1111 potestati

1374 1114 1576 1162 subiectus,
1596 1122 1638 1151 ut
1657 1126 1770 1163 supra
1790 1116 1810 1136 ‘¹‘
1833 1115 1975 1151 dictum
1996 1122 2061 1151 est.
2091 1115 2140 1151 Et
2158 1115 2227 1152 ista
2247 1117 2323 1152 duo
2343 1128 2432 1153 con-

1375 1175 1528 1205 currunt
1554 1167 1594 1204 in
1616 1167 1742 1216 pueris
1771 1175 1857 1204 ante
1887 1179 2007 1204 annos
2034 1167 2260 1216 pubertatis:
2290 1169 2377 1217 quia
2397 1176 2432 1205 et

1373 1220 1565 1270 patiuntur
1602 1220 1756 1257 rationis
1785 1221 1995 1268 defectum,
2029 1228 2071 1257 ut
2107 1220 2144 1258 in
2176 1221 2367 1269 pluribus;
2398 1229 2433 1257 et

1374 1281 1461 1310 sunt
1488 1273 1706 1311 naturaliter
1725 1275 1795 1310 sub
1817 1286 1906 1310 cura
1926 1282 2140 1322 parentum,
2159 1275 2222 1311 vel
2250 1281 2430 1320 tutorum,

1374 1327 1439 1374 qui
1464 1335 1551 1363 sunt
1577 1327 1630 1363 eis
1649 1327 1734 1363 loco
1754 1335 1968 1375 parentum.
1999 1327 2048 1363 Et
2072 1327 2159 1364 ideo
2180 1339 2315 1363 eorum
2341 1334 2432 1363 vota

1374 1391 1420 1416 ex
1449 1380 1589 1429 duplici
1617 1392 1731 1416 causa
1759 1381 1875 1416 robur
1902 1392 1979 1417 non
2006 1380 2160 1418 habent.
2190 1402 2214 1408 -
2243 1379 2434 1428 Contingit

1372 1440 1515 1480 tamen,
1544 1440 1700 1482 propter
1727 1441 1883 1470 naturae
1912 1433 2217 1482 dispositionem,
2247 1445 2346 1481 quae
2380 1435 2431 1469 le-

1374 1485 1482 1534 gibus
1518 1487 1696 1523 humanis
1732 1498 1811 1523 non
1839 1486 2022 1532 subditur,
2052 1486 2090 1523 in
2119 1486 2319 1536 aliquibus,
2348 1486 2433 1523 licet

1374 1538 1517 1587 paucis,
1547 1539 1746 1575 accelerari
1775 1539 1928 1576 rationis
1955 1551 2080 1586 usum,
2110 1539 2175 1587 qui
2203 1540 2252 1576 ob
2281 1540 2356 1576 hoc
2379 1539 2432 1576 di-

1375 1599 1511 1628 cuntur
1537 1592 1615 1628 doli
1640 1603 1807 1639 capaces.
1842 1593 1925 1628 Nec
1953 1599 2082 1628 tamen
2110 1601 2265 1641 propter
2291 1593 2366 1628 hoc
2394 1592 2431 1628 in

1376 1644 1501 1693 aliquo
1524 1644 1737 1681 eximuntur
1755 1657 1778 1681 a
1797 1657 1887 1681 cura
1914 1652 2126 1693 parentum,
2148 1657 2245 1694 quae
2267 1645 2434 1681 subiacet

1375 1698 1447 1746 legi
1474 1698 1666 1734 humanae
1696 1697 1908 1747 respicienti
1937 1697 1985 1734 ad
2009 1697 2047 1734 id
2070 1698 2175 1745 quod
2203 1698 2433 1746 frequentius

1376 1750 1520 1788 accidit.

1430 1804 1498 1840 Est
1535 1815 1624 1851 ergo
1652 1803 1857 1840 dicendum
1885 1803 1990 1852 quod
2023 1803 2052 1840 si
2079 1815 2175 1852 puer
2202 1804 2264 1840 vel
2296 1803 2433 1852 puella,

1377 1864 1463 1894 ante
1503 1856 1710 1906 pubertatis
1747 1869 1887 1903 annOS,
1925 1858 2097 1893 nondum
2138 1857 2277 1893 habeat
2321 1869 2434 1893 usum

1376 1910 1552 1957 rationis,
1582 1910 1684 1946 nullo
1713 1910 1832 1946 modo
1868 1917 1992 1958 potest
2019 1922 2059 1946 se
2088 1909 2137 1946 ad
2174 1909 2314 1958 aliquid
2341 1917 2433 1946 voto

1377 1963 1555 2011 obligare.
1586 1962 1626 2000 Si
1643 1966 1738 2000 ver'o
1758 1970 1844 1999 ante
1864 1974 1985 1999 annos
2013 1962 2219 2011 pubertatis
2247 1962 2403 2010 attigerit
2421 1960 2434 1984 ⁶
2560 1964 2574 1988 δ

1375 2029 1489 2053 usum
1522 2015 1688 2062 rationis,
1718 2023 1842 2064 potest
1869 2016 2040 2064 quidem,
2066 2023 2252 2064 quantum
2284 2015 2323 2052 in
2351 2016 2433 2064 ipso

1378 2077 1451 2116 est,
1481 2081 1521 2106 se
1551 2069 1737 2116 obligare,
1771 2069 1838 2106 sed
1865 2076 1999 2106 votum
2038 2069 2117 2105 eius
2146 2076 2269 2118 potest
2305 2068 2435 2105 irritari

1376 2135 1445 2182 per
1463 2130 1648 2171 parenteS,
1670 2134 1834 2170 quorum
1863 2134 1974 2159 curae
2003 2130 2174 2159 remanet
2202 2121 2327 2158 adhuc
2348 2122 2435 2158 sub-

1375 2176 1504 2212 iectus.
1549 2176 1914 2224 Quantumcumque
1949 2183 2078 2212 tamen
2114 2175 2159 2212 sit
2191 2174 2267 2212 doli
2306 2184 2434 2223 capax,

1377 2236 1462 2266 ante
1491 2241 1613 2265 annos
1649 2228 1856 2278 pubertatis
1893 2241 1971 2265 non
2008 2235 2132 2277 potest
2159 2227 2314 2276 obligari
2341 2235 2434 2264 voto

1377 2281 1537 2319 solemni
1565 2281 1771 2330 religionis,
1799 2289 1955 2330 propter
1983 2281 2177 2318 Ecclesiae
2206 2288 2385 2318 statutum
2402 2280 2434 2327 ³¹⁸,

2460 1126 2468 1135 ·
2484 1127 2534 1147 Art.
2549 1126 2655 1152 praeced.

2464 2285 2546 2313 ’Cara
2557 2285 2579 2306 Is
2589 2285 2636 2312 qui
2646 2285 2675 2306 de

2465 2311 2523 2339 Reg.
2548 2313 2573 2332 et
2589 2291 2673 2341 ξηαπς-

2465 2340 2527 2359 eunt.
2537 2338 2570 2359 ad
2584 2337 2674 2363 Re1„in

2465 2365 2565 2395 Sext-0.-
2577 2364 2612 2386 Cf.
2630 2354 2676 2385 l’oc.

2466 2391 2503 2413 cit.
2519 2391 2541 2412 in
2557 2397 2604 2418 arg.
2619 2397 2639 2412 2.

1377 2400 1507 2424 annos⁴
1541 2392 1667 2424 autem
1705 2387 1931 2436 pubertatis,
1961 2395 2122 2436 possunt
2157 2387 2234 2424 iam
2272 2399 2312 2423 se
2344 2394 2436 2423 voto

1377 2441 1566 2488 religionis
1594 2446 1606 2462 Ε
1635 2440 1822 2488 obligare,
1859 2441 1921 2476 vel
1960 2439 2119 2488 simplici
2154 2441 2217 2477 vel
2255 2439 2436 2486 solemni,
2567 2455 2576 2470 ε

1378 2495 1523 2542 absque
1552 2494 1746 2536 voluntate
1773 2502 1987 2543 parentum.

1430 2549 1488 2584 An
1518 2559 1655 2584 PR1MUM
1683 2559 1781 2584 ERGO
1801 2558 1986 2584 DICENDUM
2013 2546 2119 2594 quod
2147 2546 2240 2583 ratio
2269 2546 2329 2582 illa
2351 2558 2438 2594 pro-

1378 2600 1478 2637 cedit
1516 2600 1563 2637 de
1603 2600 1730 2648 pueris
1765 2600 1828 2649 qui
1873 2601 2046 2636 nondum
2088 2601 2286 2647 attigerunt
2326 2611 2438 2635 usum

1378 2653 1547 2690 rationis:
1586 2665 1750 2701 quorum
1778 2660 1870 2690 vota
1898 2661 1985 2690 sunt
2013 2652 2197 2699 invalida,
2226 2660 2267 2688 ut
2296 2651 2436 2688 dictum

1379 2714 1435 2742 est
1452 2705 1483 2742 ⁸⁸.

1431 2760 1490 2795 AD
1519 2770 1708 2795 SECUNDUM
1741 2770 1924 2795 morannum
1952 2757 2058 2806 quod
2085 2765 2175 2794 vota
2212 2769 2346 2793 eorum
2376 2756 2438 2804 qui

1379 2819 1464 2848 sunt
1483 2811 1520 2847 in
1540 2818 1723 2859 potestate
1745 2811 1904 2847 aliorum
1932 2812 2072 2847 habent
2092 2810 2348 2847 conditionem
2369 2809 2437 2845 irn-

1378 2864 1566 2919 plicitanr,
1596 2863 1735 2909 scilicet
1770 2864 1800 2900 si
1828 2876 1906 2900 non
1934 2871 2158 2900 revocentur
2190 2876 2213 2899 a
2241 2862 2437 2911 superiori,

1381 2929 1426 2953 ex
1442 2929 1518 2965 qua
1536 2914 1633 2953 licita
1653 2916 1872 2963 redduntur,
1895 2923 1930 2953 et
1948 2916 2074 2954 valida
2092 2916 2122 2952 si
2144 2916 2307 2953 conditio
2329 2923 2438 2962 extat,

1380 2977 1422 3006 ut
1450 2969 1591 3006 dictum
1622 2976 1677 3005 est
1694 2969 1725 3006 ²⁸.

1435 3025 1494 3062 AD
1521 3034 1681 3060 TERTIUM
1709 3034 1893 3059 DICENDUM
1921 3022 2026 3070 quod
2055 3022 2149 3058 ratio
2184 3021 2244 3058 illa
2271 3021 2442 3070 procedit

1383 3075 1430 3112 de
1459 3083 1551 3112 voto
1580 3075 1740 3112 solemni
1768 3075 1874 3124 quod
1902 3075 1944 3112 fit
1971 3087 2039 3124 per
2066 3074 2356 3123 professionem.

2465 2705 2474 2713 ⁴
2490 2703 2514 2724 In
2530 2709 2634 2730 corpore.

2469 2966 2544 2987 Art.
2578 2965 2679 2992 praeced.

2468 2992 2496 3013 ad
2512 2998 2527 3018 ι,
2543 2999 2564 3017 4.

1434 3189 1458 3221 ὃ)
1478 3189 1610 3223 attigerit.
1623 3203 1642 3209 —
1659 3189 1802 3223 attingerit
1819 3189 1957 3222 BEFpAC,
1976 3189 2090 3222 attingit
2109 3189 2252 3218 PDGHLa,
2271 3188 2403 3222 contingit
2416 3196 2443 3213 κ.

1433 3225 1455 3257 ε)
1477 3225 1622 3258 religionis.
1635 3239 1652 3244 —
1671 3225 1796 3258 religioni
1812 3225 1974 3257 BCDEFpK,
1993 3224 2065 3258 relig
2083 3232 2112 3249 K.

930 3330 1261 3363 Commentaria
1285 3329 1534 3363 cardinalis
1557 3329 1755 3362 Caietam

254 3398 262 3401 ”
296 3413 316 3433 n
333 3401 467 3436 articulo
486 3411 573 3432 nono
591 3401 735 3431 eiusdem
754 3401 1097 3446 octogesimaeoctavae
1123 3401 1327 3442 quaestionis,
1352 3400 1357 3475 ¹,
1382 3411 1419 3431 ex
1443 3400 1667 3431 deliberatione
1691 3400 1788 3430 animi
1812 3406 1873 3436 est,
1898 3409 1961 3440 qua
1984 3399 2055 3439 quis
2077 3398 2211 3430 intendit
2235 3408 2267 3429 se
2291 3399 2443 3439 obligare,

1383 3445 1473 3485 quod
1499 3445 1715 3485 promittendo
1740 3445 1808 3474 Deo
1832 3443 1885 3480 fit,
1911 3450 1945 3474 ut
1976 3443 2096 3473 dictum
2121 3450 2167 3473 est
2181 3442 2207 3473 *.
2239 3443 2314 3473 Voti
2338 3449 2578 3474 autem·A1-t.1.

263 3491 349 3522 Nom
380 3500 455 3531 ergo
480 3491 602 3531 primo,
626 3489 831 3519 differentiam
855 3489 985 3529 originis
999 3496 1151 3540 ‘respectu
1176 3488 1331 3519 efficaciae
1384 3489 1536 3519 solemnis
1552 3489 1689 3519 efficacia
1704 3488 1804 3518 oritur
1826 3498 1863 3518 ex
1890 3493 2006 3518 statuto
2023 3487 2195 3518 Ecclesiae:
2228 3487 2292 3517 sive
2308 3487 2369 3518 hoc
2391 3487 2445 3518 fiat

258 3535 307 3567 ,in
321 3542 398 3566 voto
422 3535 570 3575 simplici,
593 3534 644 3564 vel
666 3533 812 3564 solemni.
828 3533 920 3563 Nam
941 3533 1009 3564 voti
1029 3533 1180 3573 simplicis
1196 3533 1332 3564 efficacia
1386 3533 1488 3563 media
1506 3533 1741 3563 consecratione
1765 3539 1819 3562 aut
1842 3531 2072 3568 benedictione,
2090 3538 2125 3562 ut
2147 3531 2185 3562 de
2200 3531 2283 3562 facto
2299 3530 2364 3562 fieri
2380 3534 2444 3562 Au-
