2860 4244
967 225 1233 271 QUAESTIO
1264 226 1383 273 va,

290 304 394 341 tiam.
430 305 567 341 Nullus
596 311 724 341 autem
752 304 846 340 iuste
875 303 982 352 punit
1010 303 1174 350 aliquem
1209 304 1279 340 nisi
1308 304 1351 341 sit
1376 305 1378 318 ³

291 357 371 394 eius
399 356 528 394 ditioni
556 362 572 384 Υ
609 357 812 394 subiectus.
852 357 901 393 Et
928 356 1015 393 ideo
1047 357 1252 393 verberare
1289 358 1352 394 ali-
1375 359 1379 410 l

290 422 408 459 quem
436 422 514 448 non
543 409 626 446 licet
654 409 723 446 nisi
750 409 905 446 habenti
931 415 1158 457 potestatem
1183 409 1350 457 aliquam
1376 451 1377 455 Ἰ

290 474 406 511 super
432 462 538 499 illurn
566 462 631 510 qui
656 463 880 499 verberatur
898 459 923 497 δ.
953 461 1001 497 Et
1020 461 1109 509 quia
1136 462 1236 498 filius
1264 463 1352 499 sub·
1376 470 1378 512 ᾗ

290 515 390 553 ditur
415 515 593 564 potestati
620 515 746 564 patris,
767 522 804 551 et
829 525 963 551 servus
990 514 1165 562 potestati
1193 514 1349 562 domini,

288 567 386 607 licite
419 575 545 616 potest
572 568 776 605 verberare
810 574 917 615 pater
943 566 1065 603 filiurn
1103 574 1138 603 et
1173 567 1351 604 dominus
1376 586 1378 622 ς

289 632 458 667 servum,
488 631 603 658 causa
630 619 873 656 correctionis
902 626 939 655 et
967 618 1198 667 disciplinae.

342 675 400 710 Αι)
419 684 558 710 munim
575 684 675 709 ERGO
694 683 881 709 montinum
899 672 1018 719 quod,
1039 683 1128 708 cum
1148 672 1202 709 ira
1222 672 1268 709 sit
1286 684 1352 720 ap·

287 725 427 775 petitus
438 725 642 772 vindictae,
662 725 868 774 praecipue
883 725 1091 761 concitatur
1109 725 1163 762 ira
1180 737 1268 761 cum
1288 724 1352 761 ali·
1376 723 1379 776 f

289 778 372 829 quis
396 789 435 814 se
456 785 605 826 reputat
632 778 778 815 laesum
807 777 960 815 iniuste:
989 785 1031 814 ut
1047 784 1151 826 patet
1178 789 1247 826 per
1264 777 1352 814 Phi·
1377 780 1378 786 ’

255 849 262 856 ·
288 831 508 880 Iosophum,
537 829 577 867 in
605 830 638 867 II
665 831 775 868 Rhet.
795 830 815 852 ’¹‘
850 830 900 868 Et
931 830 1019 868 ideo
1047 842 1117 879 per
1143 830 1219 866 hoc
1246 827 1352 878 quod
1377 791 1379 880 i

287 883 460 933 patribus
486 883 720 920 interdicitur
744 896 794 921 ne
818 883 918 920 filios
936 884 984 920 ad
1003 882 1240 920 iracundiam
1265 894 1351 930 pro·
1377 883 1379 931 ξ

287 944 439 983 vocent,
460 948 539 973 non
558 936 780 985 prohibetur
794 935 886 985 quin
902 936 1004 973 filios
1017 935 1222 972 verberent
1237 946 1352 971 causa
1377 935 1380 1000 1

289 989 526 1039 disciplinae:
556 990 624 1027 sed
653 989 758 1038 quod
786 999 865 1025 non
893 987 1146 1027 immoderate
1167 999 1233 1023 eos
1259 986 1352 1023 affli-

287 1049 377 1091 gant
403 1041 642 1080 verberibus.
661 1063 685 1070 -
715 1041 832 1088 Quod
851 1052 946 1078 vero
974 1039 1164 1077 inducitur
1187 1039 1352 1076 dominis
1377 1003 1379 1086 i

288 1095 612 1144 quodsemittant
629 1099 642 1116 ⁸
669 1093 806 1141 minas,
825 1101 951 1142 potest
971 1092 1165 1142 dupliciter
1187 1091 1352 1140 intelligi.

287 1149 375 1186 Uno
403 1148 536 1194 modo,
555 1155 598 1184 ut
615 1147 774 1184 remisse
793 1146 907 1183 minis
934 1153 1106 1182 utantur:
1136 1145 1242 1194 quod
1267 1157 1352 1194 per-

286 1201 379 1238 tinet
397 1201 447 1237 ad
466 1199 772 1237 moderationem
793 1198 1024 1247 disciplinae.
1053 1198 1139 1235 Alio
1160 1199 1291 1246 modo,
1312 1206 1357 1243 ut
1377 1241 1380 1247 ἱ

287 1253 421 1301 aliquis
441 1265 519 1289 non
540 1264 691 1301 semper
710 1252 865 1300 impleat
880 1251 986 1299 quod
1007 1251 1262 1288 comminatus
1281 1259 1350 1288 est:
1378 1282 1379 1285 ,

268 1364 492 1399 ὴ,χ)74ἰεέοπῒ.
509 1364 528 1383 ἑ
546 1364 658 1389 dictioni
682 1364 779 1396 ELpC,
804 1364 984 1389 iurisdictioni
1007 1365 1134 1389 PDGst
1153 1370 1179 1389 et
1196 1372 1227 1395 a,
1248 1365 1354 1390 dationi

287 1400 337 1434 px,
355 1399 527 1425 damn-nom·
545 1400 590 1431 ΒΚ,
610 1399 747 1424 dilectioni
765 1407 809 1431 px.
1378 1365 1383 1430 Ι

1413 225 1710 263 ARTICULUS
1739 226 1787 263 111
2416 227 2437 262 8
2448 237 2460 262 ι

1405 305 1508 353 quod
1545 304 1705 352 pertinet
1733 304 1782 341 ad
1810 305 1885 340 hoc
1913 304 2018 352 quod
2056 303 2236 340 iudicium
2275 316 2351 352 quo
2381 304 2465 351 quis

1405 357 1661 394 comminatus
1687 364 1743 394 est
1770 369 1949 405 poenam,
1980 357 2210 405 quandoque
2238 369 2307 405 per
2335 357 2467 393 remis-

1405 410 1520 446 sionis
1549 410 1849 446 misericordiam
1877 417 2120 459 temperetur.

1456 464 1514 498 AD
1548 473 1739 500 SECUNDUM
1776 473 1960 500 DICENDUM
1997 462 2103 511 quod
2139 461 2264 498 maior
2298 469 2467 510 potestas

1404 514 1592 552 maiorem
1621 516 1735 552 debet
1761 515 1903 552 habere
1932 515 2183 552 coactionem.
2215 514 2318 551 Sicut
2338 522 2466 552 autem

1405 565 1534 604 civitas
1564 575 1620 604 est
1645 568 1814 615 perfecta
1843 567 2108 615 communitas,
2138 567 2188 604 ita
2213 567 2391 616 princeps
2418 567 2467 603 ci-

1376 629 1378 652 }
1403 619 1528 656 vitatis
1556 620 1672 656 habet
1698 621 1906 668 perfectam
1933 628 2160 669 potestatem
2181 620 2400 657 coercendi:
2431 628 2468 656 et

1404 672 1491 709 ideo
1520 679 1645 719 potest
1663 672 1832 720 infligere
1861 685 2006 721 poenas
2034 673 2307 721 irreparabiles,
2328 673 2467 710 scilicet

1405 723 1605 761 occisionis
1633 726 1694 762 vel
1727 725 1984 763 mutilationis.
2028 727 2139 763 Pater
2166 733 2293 763 autem
2330 733 2366 763 et
2398 726 2467 763 do-

1404 776 1550 822 minus,
1580 777 1645 825 qui
1672 786 1853 825 praesunt
1885 778 2048 815 familiae
2077 779 2327 826 domesticae,
2367 791 2466 827 quae

1405 836 1462 866 est
1490 829 1712 877 imperfecta
1731 826 2007 878 communitas,
2036 832 2178 868 habent
2204 832 2466 880 imperfectam

1404 889 1634 930 potestatem
1653 883 1853 925 coercendi
1882 885 2094 921 secundum
2122 885 2285 921 leviores
2306 897 2465 933 poenas,

1405 946 1503 984 quae
1531 946 1611 971 non
1640 934 1804 972 inferunt
1831 936 2072 984 irreparabile
2102 945 2388 974 nocumentum.
2418 939 2467 974 Et

1405 987 1627 1024 huiusmodi
1656 995 1711 1024 est
1737 989 1963 1025 verberatio.

1457 1041 1516 1077 AD
1545 1052 1705 1078 TERTIUM
1737 1053 1921 1078 mcENDuM
1950 1042 2055 1090 quod
2087 1041 2269 1078 exhibere
2305 1041 2466 1090 discipli-

1405 1105 1496 1130 nam
1523 1093 1667 1130 volenti
1704 1094 1856 1131 cuilibet
1882 1094 1979 1131 licet.
2023 1095 2100 1132 Sed
2129 1094 2364 1142 disciplinam
2400 1107 2467 1131 no-

1405 1146 1494 1183 lenti
1524 1146 1704 1183 adhibere
1734 1155 1790 1183 est
1825 1147 1950 1184 solum
1989 1146 2069 1183 eius
2098 1147 2158 1183 cui
2193 1147 2344 1184 alterius
2377 1159 2468 1184 cura

1406 1199 1663 1236 committitur.
1695 1200 1744 1236 Et
1772 1200 1820 1237 ad
1849 1201 1923 1237 hoc
1951 1200 2112 1248 pertinet
2141 1200 2304 1248 aliquem
2333 1201 2467 1237 verbe·
2511 1218 2514 1221 ·

1407 1251 1511 1289 ribus
1539 1252 1733 1300 castigare.

1460 1365 1484 1397 ὂ)
1504 1365 1668 1390 verberatur.
1686 1379 1705 1384 —
1722 1365 1793 1390 licite
1811 1365 1880 1390 addit
1899 1365 1928 1390 P.

1460 1403 1482 1433 ι)
1502 1401 1649 1425 remittant.
1665 1414 1685 1420 -
1702 1401 1740 1426 eis
1758 1401 1829 1426 addit
1846 1408 1891 1433 px,
1911 1401 1994 1426 servis
2014 1401 2111 1426 addunt
2129 1402 2175 1426 Pa.

1090 1527 1409 1569 ARTICULUS
1439 1528 1668 1569 TERTIUS

296 1643 341 1659 ί
382 1644 398 1649 .,
812 1619 968 1650 UT-RUM
991 1619 1151 1650 LICEAT
1174 1619 1372 1657 ALIQUEM
1397 1619 1605 1651 HOM1NEM
1629 1619 1937 1651 INCARCERARE

438 1805 472 1839 x<
489 1789 522 1820 ,ρ
542 1788 703 1815 TERTIUM
726 1788 779 1814 stc
802 1787 1044 1820 Paocam‘rua.
1068 1776 1229 1814 Videtur
1247 1776 1353 1825 quod

430 1836 469 1891 ’.9
498 1842 580 1875 non
611 1829 722 1867 liceat
749 1829 918 1877 aliquem
955 1829 1154 1868 hominem
1187 1829 1352 1867 incarce-

445 1887 466 1923 ‘f
499 1894 596 1920 rare.
624 1884 743 1926 Actus
772 1882 875 1920 enim
903 1890 961 1920 est
988 1883 1112 1930 malus
1141 1895 1187 1920 ex
1214 1895 1353 1930 genere

435 1948 441 1961 ›
475 1956 486 1970 ς
500 1936 564 1985 qui
601 1935 700 1974 cadit
736 1948 852 1985 supra
887 1935 1098 1974 indebitam
1133 1935 1350 1984 materiam,

495 1988 516 2011 ’¹‘
543 1988 687 2033 dictum
717 1996 784 2025 est.
823 1989 913 2033 Sed,
933 1990 1077 2036 homo,
1105 1989 1252 2026 habens
1287 2002 1352 2026 na-

283 2042 444 2088 ntalem
481 2041 622 2080 arbitrii
649 2042 883 2088 libertatem,
913 2050 970 2079 est
997 2042 1166 2080 indebita
1193 2042 1353 2080 materia

282 2094 602 2143 incarcerationis,
626 2107 726 2145 quae
753 2094 913 2133 libertati
936 2104 1134 2144 repugnat.
1163 2096 1266 2144 Ergo
1287 2096 1353 2134 illi·

284 2148 401 2193 eitum
431 2155 488 2184 est
514 2148 679 2197 aliquem
707 2148 956 2186 incarcerare.
983 2184 994 2192 ,

308 2231 313 2241 ἰ
338 2213 375 2240 2.
395 2201 640 2249 plumam,
670 2201 843 2239 humana
879 2190 1017 2238 iustiti'a
1050 2201 1211 2249 regulari
1238 2201 1354 2239 debet

285 2266 332 2292 ex
368 2253 510 2293 divina.
555 2255 631 2293 Sed
670 2254 767 2291 sicut
795 2253 931 2291 dicitur
955 2255 1072 2292 Eccli.
1101 2266 1151 2292 xv
1170 2255 1210 2292 *z
1248 2255 1353 2292 Deus

284 2307 435 2356 reliquit
459 2308 651 2345 hominem
679 2307 862 2344 ismanu
890 2308 1037 2344 consilii
1060 2308 1130 2344 sui.
1164 2309 1268 2355 Ergo
1295 2307 1352 2345 vi-

285 2360 395 2401 detur
421 2360 528 2409 quod
557 2373 636 2398 non
673 2367 729 2397 est
765 2360 900 2408 aliquis
929 2360 1164 2398 coercendus
1191 2360 1352 2398 vinculis

283 2413 347 2459 {el
375 2425 538 2453 carcere.

295 2467 375 2506 3
397 2467 631 2514 Pinnem,
661 2466 787 2504 nullus
816 2473 872 2503 est
900 2466 1138 2504 cohibendus
1158 2472 1175 2488 α
1203 2466 1275 2504 nisi
1303 2467 1351 2503 ab

285 2531 402 2569 opere
431 2520 554 2556 malo:
592 2532 614 2556 a
642 2531 719 2568 quo
749 2518 907 2568 quilibet
942 2519 1039 2556 licite
1076 2527 1202 2568 potest
1237 2519 1353 2557 alium

283 2572 482 2622 impedire.
521 2572 562 2609 Si
591 2584 682 2620 ergo
710 2572 947 2610 incarcerare
983 2572 1152 2622 aliquem
1187 2580 1286 2610 esset
1313 2572 1353 2609 li-

285 2626 401 2670 citum
431 2625 480 2663 ad
507 2626 583 2663 hoc
610 2625 717 2675 quod
745 2625 987 2666 cohiberetur
1007 2638 1030 2664 a
1057 2627 1172 2673 malo,
1203 2625 1355 2663 cuilibet

286 2686 385 2723 esset
420 2679 564 2717 licitum
602 2679 769 2728 aliquem
806 2678 1054 2716 incarcerare.
1097 2679 1215 2726 Quod
1250 2686 1354 2728 patet
1379 2715 1381 2719 ,

286 2744 376 2771 esse-
398 2732 547 2769 falsum.
578 2733 682 2780 Ergo
711 2740 749 2769 et
775 2732 957 2780 primum.

341 2785 416 2821 SED
436 2796 583 2825 CONTRA
602 2796 670 2822 EST
688 2785 795 2833 quod
819 2785 1034 2822 Levit.xxiv
1049 2785 1069 2807 ²⁶
1088 2785 1222 2833 legitur
1235 2797 1354 2834 quen·
1379 2784 1382 2830 ᾗ

286 2838 376 2875 dam
396 2837 557 2875 missum
578 2837 694 2875 fuisse
712 2838 752 2875 in
765 2850 959 2876 carcerem
978 2845 1135 2887 propter
1151 2845 1353 2887 peccatum

286 2890 562 2939 blasphemiae.

341 2944 569 2981 Responnzo
611 2953 798 2981 montinum
834 2943 940 2992 quod
977 2942 1016 2980 in
1053 2942 1164 2980 bonis
1201 2942 1353 2991 coporis

285 2996 356 3038 tria
383 3008 452 3046 per
478 2996 654 3037 ordinem
687 2995 988 3033 considerantur.
1023 2995 1155 3033 Primo
1182 2995 1352 3044 quidem,

286 3049 478 3097 integritas
496 3049 707 3098 corporalis
726 3049 975 3087 substantiae:
1003 3048 1064 3086 cui
1084 3049 1354 3087 detrimentum

287 3102 443 3153 affertur
460 3114 530 3151 per
548 3102 784 3141 occisionem
802 3102 866 3140 vel
889 3101 1181 3140 mutilationem.
1210 3103 1355 3140 Secun-
1380 3119 1381 3157 ζ

287 3155 351 3203 do,
373 3155 571 3194 delectatio
585 3156 649 3195 vel
668 3156 776 3204 quies
796 3167 948 3193 sensus:
960 3155 1030 3193 >cui
1049 3155 1256 3204 opponitur
1268 3167 1355 3193 ver-
1380 3162 1381 3181 l

287 3209 453 3256 beratio,
489 3209 551 3246 vel
589 3209 772 3258 quidlibet
808 3221 966 3246 sensum
1003 3209 1134 3249 dolore
1169 3209 1351 3247 afficiens.

990 3286 1189 3294 *ψῃ
1194 3288 1301 3293 .-—‘.—-

341 3321 371 3354 οι)
388 3321 557 3348 cohibendus.
567 3334 587 3341 -
602 3322 764 3347 coercendus
783 3322 926 3348 PDFGHa.
988 3339 1001 3351 ,ι
1026 3352 1039 3355 Α
1377 3322 1380 3387 ῐ

343 3355 368 3390 β)
388 3355 474 3382 homo.
487 3370 507 3376 —
524 3356 626 3381 homini
643 3357 671 3388 P,
691 3364 745 3382 om.
763 3356 795 3382 D.

341 3392 369 3426 γ)
384 3395 505 3424 peccata.
517 3406 536 3411 -
549 3395 690 3424 peccatum
709 3392 756 3416 Pa.

431 3445 541 3471 Summa
559 3445 661 3471 Timor..
681 3445 712 3470 D.
727 3445 842 3472 Tuon„
860 3445 892 3471 T.
910 3445 955 3475 vl.

189 1693 215 1740 ‘u'
232 1724 259 1738 m
296 1696 366 1717 ³³¹⁸*
899 1721 902 1724 .
1196 1697 1271 1727 Infra,
1291 1705 1335 1730 qu.
1355 1705 1424 1727 cvm,
1444 1703 1490 1722 art.
1512 1697 1537 1723 3.

1406 1776 1557 1823 Tertio,
1587 1785 1715 1814 motus
1743 1784 1780 1813 et
1806 1789 1898 1814 usus
1932 1778 2219 1814 membrorum:
2257 1778 2322 1826 qui
2349 1777 2469 1827 impe-

1406 1829 1505 1867 ditur
1540 1841 1610 1878 per
1630 1830 1865 1878 ,ligationem
1903 1831 1966 1868 vel
2003 1830 2363 1878 incarcerationem,
2401 1843 2470 1868 seu

1405 1894 1692 1931 quamcumque
1721 1883 1991 1921 detentionem.
2030 1885 2079 1920 Et
2111 1883 2199 1920 ideo
2234 1884 2469 1921 incarcerare

1405 1936 1585 1984 aliquem,
1604 1937 1667 1973 vel
1686 1936 2012 1984 qualitercumque
2027 1937 2206 1984 detinere,
2225 1945 2282 1974 est
2299 1937 2469 1975 illicitum

1405 1989 1475 2026 nisi
1502 1990 1570 2026 fiat
1596 1990 1809 2027 secundum
1829 1990 2004 2027 ordinem
2033 1990 2204 2037 iustitiae,
2225 1998 2290 2027 aut
2314 1990 2354 2027 in
2378 2003 2470 2039 poe—

1406 2054 1497 2079 nam
1526 2049 1591 2079 aut
1617 2043 1667 2080 ad
1694 2044 1881 2080 cautelam
1911 2043 2069 2080 alicuius
2096 2043 2186 2080 mali
2214 2043 2368 2080 vitandi.

1459 2096 1516 2132 AD
1537 2107 1674 2132 1>R1M1JM
1694 2107 1792 2133 ERGO
1812 2107 2000 2134 DICENDUM
2019 2097 2125 2144 quod
2152 2097 2272 2134 homo
2293 2096 2356 2144 qui
2375 2096 2468 2132 abu-

1405 2147 1493 2184 titur
1518 2155 1704 2197 potestate
1739 2149 1810 2186 sibi
1839 2150 1937 2195 data,
1966 2158 2133 2186 meretur
2162 2161 2247 2185 eam
2281 2149 2465 2186 amittere.

1406 2201 1456 2237 Et
1482 2201 1571 2239 ideo
1597 2200 1753 2239 homo-¹⁵
1780 2202 1845 2250 qui
1873 2202 2069 2250 peccando
2094 2203 2235 2239 abusus
2265 2209 2321 2239 est
2348 2202 2467 2238 libero

1404 2266 1478 2291 usu
1505 2266 1663 2294 suorum
1692 2256 1972 2302 membrorum,
2003 2255 2237 2293 conveniens
2265 2263 2321 2292 est
2349 2255 2468 2291 incar-

1406 2307 1607 2350 cerationis
1633 2308 1803 2345 materia.
2261 2332 2267 2335 ,

1457 2361 1518 2397 An
1536 2372 1728 2397 SECUNDUM
1752 2372 1936 2398 Diei-:unum
1964 2360 2070 2409 quod
2094 2361 2201 2397 Deus
2221 2359 2468 2409 quandoque,

1406 2414 1619 2451 secundum
1657 2413 1831 2451 ordinem
1870 2424 1960 2450 suae
1995 2413 2222 2462 sapientiae,
2250 2420 2470 2462 peccatores

1407 2466 1560 2503 cohibet
1587 2478 1635 2503 ne
1657 2466 1804 2515 possint
1830 2473 1987 2515 peccata
2006 2472 2021 2495 Υ
2048 2467 2226 2515 implere:
2256 2466 2469 2504 secundum

1406 2519 1497 2556 illud
1525 2520 1595 2557 Iob
1613 2531 1637 2555 v
1655 2519 1693 2556 *z
1734 2520 1808 2562 Qui
1833 2520 1985 2568 dissipat
2011 2520 2256 2570 cogitationes
2282 2519 2469 2568 maligno·
2496 2531 2506 2542 ·
2542 2537 2579 2552 es
2603 2537 2610 2552 1

1406 2584 1506 2618 rum,
1535 2585 1582 2610 ne
1595 2573 1740 2620 possint
1767 2573 1922 2621 implere
1947 2584 2085 2610 manus
2111 2585 2244 2610 eorum
2264 2573 2365 2621 quod
2389 2583 2471 2608 coe-

1401 2632 1551 2674 perant.
1581 2626 1824 2675 Quandoque
1843 2638 1938 2663 vero
1968 2638 2034 2663 eos
2061 2626 2243 2675 permittit
2269 2625 2373 2674 quod
2402 2637 2470 2662 vo-

1406 2680 1488 2716 lunt
1513 2677 1526 2700 ⁶
1555 2691 1678 2726 agere.
1722 2680 1771 2716 Et
1807 2678 1976 2717 similiter
2013 2680 2225 2717 secundum
2261 2679 2470 2716 humanam

1379 2726 1381 2778 ᾖ
1407 2731 1586 2769 iustitiam
1614 2744 1694 2770 non
1721 2744 1791 2781 pro
1816 2732 1984 2779 qualibet
2013 2733 2123 2781 culpa
2149 2731 2327 2768 homines
2350 2731 2471 2767 incar-

1407 2792 1596 2831 cerantur,
1625 2785 1694 2822 sed
1721 2797 1791 2834 pro
1820 2785 2018 2832 aliquibus.

1418 2876 1421 2877 γ
1460 2839 1520 2875 An
1542 2849 1702 2876 TER-rium
1729 2849 1913 2875 montinum
1941 2838 2046 2886 quod
2075 2837 2242 2874 detinere
2268 2835 2469 2872 hominem

1380 2896 1381 2915 ἱ
1407 2890 1458 2928 ad
1483 2891 1621 2927 horam
1650 2891 1698 2927 ab
1727 2890 1854 2938 aliquo
1883 2902 2000 2938 opere
2027 2889 2154 2926 illicito
2182 2889 2308 2926 statim
2335 2898 2469 2937 perpe-

1407 2943 1556 2990 trando,
1578 2942 1729 2980 cuilibet
1747 2943 1847 2979 licet:
1869 2943 1963 2979 sicut
1983 2954 2071 2979 cum
2092 2942 2225 2991 aliquis
2246 2941 2386 2979 detinet
2404 2940 2470 2979 ali-
2530 2943 2532 2945 ’

1407 3008 1526 3045 quem
1554 3007 1602 3032 ne
1628 3007 1668 3033 se
1688 2995 1919 3044 praecipitet,
1938 2996 2002 3033 vel
2030 3007 2078 3032 ne
2097 2995 2215 3032 alium
2243 2995 2363 3032 feriat.
2393 2993 2469 3030 Sed

1407 3049 1626 3098 simpliciter
1653 3049 1819 3098 aliquem
1848 3049 2040 3086 includere
2068 3049 2131 3086 vel
2158 3048 2272 3096 ligare
2300 3048 2350 3085 ad
2380 3059 2470 3084 eum

1409 3102 1534 3139 solum
1547 3102 1710 3151 pertinet
1722 3102 1788 3151 qui
1803 3103 1918 3140 habet
1933 3102 2135 3151 disponere
2150 3100 2412 3139 universaliter
2421 3100 2470 3137 de

1407 3155 1553 3193 actibus
1581 3163 1618 3193 et
1645 3155 1723 3193 vita
1751 3155 1922 3193 alterius:
1953 3155 2042 3205 quia
2069 3167 2138 3204 per
2164 3155 2240 3191 hoc
2265 3153 2470 3202 impeditur

1380 3205 1382 3247 Ξ
1407 3221 1486 3246 non
1514 3209 1640 3246 solum
1666 3221 1689 3246 a
1708 3208 1817 3246 malis
1836 3214 1861 3256 ⁸,
1890 3209 1958 3246 sed
1987 3208 2100 3246 etiam
2121 3221 2143 3244 a
2162 3207 2272 3244 bonis
2301 3206 2468 3254 agendis.

1458 3322 1483 3355 ὅ)
1501 3323 1605 3348 volunt.
1617 3335 1638 3342 -
1653 3323 1795 3350 voluerunt
1814 3322 1875 3353 Hlx,
1895 3322 1980 3347 »oluit
1997 3321 2027 3351 Ε,
2047 3320 2179 3346 voluer-int
2197 3320 2275 3346 PDG.

1459 3358 1480 3391 ε)
1500 3358 1588 3383 malis.
1601 3373 1619 3377 —
1631 3358 1768 3392 faciendis
1788 3358 1884 3382 addunt
1903 3357 1949 3382 Pa.
