2860 4244
219 745 229 755 ⁸
243 746 293 766 Art.
313 745 341 770 8,
357 743 429 764 Com-

219 774 290 792 ment.
305 776 368 791 num.
384 775 414 790 lv.

455 237 529 273 270

454 313 537 335 casu
561 304 710 333 Praesens
733 311 836 332 sermo
857 308 903 331 est
925 301 963 330 de
979 299 1165 329 inhibitione
1188 298 1345 328 absolute:
1369 296 1504 327 obiectio

454 354 559 377 autem
582 346 724 387 loquitur
739 346 776 376 de
799 344 985 375 inhibitione
1005 344 1036 372 in
1054 352 1137 377 casu,
1163 348 1193 372 et
1215 341 1287 371 ideo
1311 350 1376 371 non
1394 341 1507 370 obstat.

455 391 588 421 Constat
610 399 747 430 namque
770 389 858 429 quod
880 388 965 427 Papa
987 396 1052 416 non
1077 392 1181 425 potest
1202 385 1342 415 inhibere
1365 384 1508 414 absolute

454 444 493 464 ne
515 433 569 464 fiat
592 433 745 474 professio
768 431 941 471 religionis,
965 430 1026 460 hoc
1049 429 1134 459 enim
1158 435 1238 458 esset
1260 428 1375 458 directe
1400 428 1433 458 in
1457 428 1508 457 de-

454 478 658 508 structionem
685 475 857 510 Ecclesiae,
882 484 946 504 non
970 473 1002 503 in
1025 472 1292 503 aedificationem:
1316 472 1388 502 licet
1410 472 1510 512 possit
1534 469 1536 494 ῑ

454 522 592 551 inhibere
614 520 738 554 talibus,
758 518 874 549 scilicet
896 517 1010 557 pueriS,
1035 523 1066 546 et
1085 516 1226 546 similiter
1244 515 1338 547 alicui
1361 526 1397 547 ex
1417 525 1510 546 causa

455 564 639 600 rationabili,
664 563 753 604 quod
776 571 841 591 non
865 560 1058 601 profiteatur,
1083 567 1113 590 et
1136 560 1331 590 huiusmodi.

510 609 560 638 Ad
583 607 753 637 secundam
772 605 884 635 dicitur
899 605 987 645 quod
1003 604 1078 644 quia
1093 603 1179 634 aliud
1198 611 1244 635 est
1261 603 1351 644 loqui
1371 603 1408 633 de
1424 613 1510 644 prae-

454 652 528 687 lato,
553 657 583 681 et
599 651 683 680 aliud
700 650 738 679 de
755 649 901 684 domino;
926 648 998 678 ideo
1018 647 1072 677 ubi
1095 647 1172 678 haec
1188 648 1253 678 duo
1273 648 1511 687 coniunguntur

454 695 487 725 in
510 694 628 725 unitate
652 702 803 734 personae
826 702 880 722 seu
901 691 1006 727 officii,
1024 698 1059 723 ut
1075 691 1228 731 contingit
1251 691 1284 722 in
1303 691 1448 731 praelatis
1465 700 1510 720 re-

454 738 640 778 ligiosorum
670 736 777 777 quoad
799 742 888 771 vota,
913 742 948 766 ut
970 741 1056 775 patet
1084 745 1121 765 ex
1144 735 1307 766 antedictis
1321 735 1354 772 *‚
1387 741 1512 775 oportet

456 782 645 820 distinguere
661 781 699 810 de
715 780 853 820 praelato
873 779 1063 819 inquantum
1086 779 1253 819 praelatus,
1273 786 1303 810 et
1321 779 1512 820 inquantum

456 825 604 855 dominus
620 825 670 854 vel
686 823 775 865 quasi
791 823 955 859 dominus;
980 829 1010 853 et
1030 822 1131 853 dicere
1147 823 1236 864 quod
1252 823 1331 854 ratio
1346 823 1404 854 ista
1420 823 1512 853 habet

455 869 561 899 locum
585 869 618 898 in
638 867 776 908 praelato
800 867 989 907 inquantum
1013 867 1179 906 praelatus,
1202 874 1233 897 et
1256 877 1321 897 non
1345 867 1378 896 in
1402 876 1441 897 eo
1465 866 1511 896 in-

455 919 610 953 quantum
634 911 793 942 dominus.
827 911 959 951 Propter
977 911 1066 951 quod
1088 910 1122 940 in
1144 910 1244 941 littera
1267 910 1396 941 dicitur:
1431 910 1511 940 Cum

450 961 592 996 potestas
609 956 751 996 praelati
772 955 960 995 spiritualis,
980 956 1035 994 qui
1053 963 1115 984 non
1134 954 1292 992 dominus,
1312 954 1368 985 sed
1385 954 1510 994 dispen-

454 1005 553 1037 sator,
567 1007 624 1030 etc.
642 999 810 1029 Prohibere
826 1008 900 1038 ergo
917 1005 947 1029 et
964 998 1082 1029 irritare
1097 1005 1202 1038 potest
1217 998 1373 1038 praelatus
1391 998 1514 1037 religio-

456 1053 565 1074 sorum
587 1050 662 1074 vota
680 1050 832 1083 tanquam
855 1043 1004 1073 dominus
1020 1042 1071 1072 vel
1086 1042 1175 1083 quasi
1200 1042 1348 1072 dominus
1371 1042 1514 1072 subdito-

456 1097 527 1118 rum
552 1087 726 1119 secundum
750 1087 904 1126 regulam,
931 1094 961 1117 et
985 1096 1049 1116 non
1071 1093 1224 1126 tanquam
1247 1086 1414 1126 praelatuS.
1438 1086 1514 1116 Non

457 1132 499 1162 sic
520 1137 627 1162 autem
650 1137 754 1171 potest
769 1130 829 1160 dici
853 1131 891 1160 de
908 1130 975 1160 aliis
996 1129 1140 1170 praelatis
1163 1129 1335 1160 Ecclesiae:
1360 1129 1514 1170 quoniam

457 1185 521 1205 non
545 1181 619 1205 sunt
639 1174 698 1204 nisi
714 1173 843 1214 praelati
866 1174 898 1203 in
921 1174 1059 1213 populis.
1090 1173 1182 1204 Unde
1205 1173 1283 1203 nihil
1306 1183 1342 1203 ex
1366 1173 1427 1204 hoc
1450 1173 1514 1203 adi-

457 1219 553 1249 mitur
571 1218 724 1249 efficaciae
748 1218 877 1248 rationis
896 1218 934 1247 de
955 1216 1084 1257 praelati
1109 1223 1263 1256 potestate
1287 1216 1514 1247 concludentis.

511 1263 562 1292 Ad
585 1262 707 1292 tertiam
731 1261 941 1292 obiectionem
965 1260 1078 1291 dicitur
1096 1260 1184 1300 quod
1207 1260 1347 1290 inhibere
1372 1260 1516 1290 absolute

456 1313 531 1336 vota
553 1313 599 1336 est
621 1306 760 1336 inhibere
784 1314 849 1335 non
873 1311 979 1335 actum
1001 1314 1103 1334 unum
1130 1303 1225 1334 unius
1243 1303 1376 1339 virtutis,
1400 1303 1517 1335 scilicet

456 1358 584 1379 vovere:
610 1350 664 1379 sed
687 1355 733 1379 est
755 1348 895 1378 inhibere
910 1354 998 1378 actus
1021 1347 1338 1387 supererogationum
1368 1347 1516 1378 omnium

456 1393 620 1429 virtutum,
636 1392 790 1433 quoniam
803 1391 908 1422 omnis
925 1398 1012 1422 actus
1027 1391 1315 1432 supererogationis
1331 1397 1377 1422 est
1388 1392 1517 1422 materia

455 1436 531 1467 voti.
546 1454 568 1459 —
583 1436 624 1467 Et
646 1437 672 1466 si
694 1437 826 1466 instetur
848 1436 937 1476 quod
959 1435 1099 1466 inhibere
1121 1442 1195 1466 vota
1219 1445 1285 1465 non
1309 1442 1356 1466 est
1377 1435 1517 1466 inhibere

456 1486 543 1510 actus
558 1480 614 1520 qui
630 1487 703 1510 sunt
718 1479 866 1510 materiae
879 1486 1040 1515 votorum,
1053 1480 1108 1510 sed
1127 1486 1173 1510 est
1191 1479 1331 1509 inhibere
1345 1479 1472 1510 vincula
1488 1487 1518 1511 et

457 1525 664 1564 obligationes
687 1524 726 1554 ad
741 1523 829 1563 ipsos
845 1530 948 1554 actus:
973 1533 1010 1553 ac
1031 1533 1088 1563 per
1107 1524 1178 1560 hoc,
1196 1533 1262 1553 non
1286 1530 1332 1553 est
1355 1523 1414 1553 nisi
1437 1523 1517 1554 inhi-

457 1569 528 1599 bere
550 1578 653 1599 unum
676 1574 799 1603 actum,
824 1567 942 1597 scilicet
963 1577 1088 1603 vovere,
1113 1568 1208 1598 unius
1231 1566 1368 1603 virtutis,
1401 1567 1519 1598 scilicet

458 1612 631 1653 religionis:
655 1629 676 1635 -—
699 1611 958 1651 respondendum
975 1618 1021 1642 est
1036 1612 1125 1652 quod
1148 1611 1221 1642 licet
1243 1611 1346 1651 prima
1362 1610 1439 1641 facie
1462 1622 1516 1651 ap-

458 1663 564 1697 pareat
580 1657 668 1696 quod
691 1655 830 1686 inhibere
846 1661 921 1685 vota
937 1655 976 1685 sit
990 1654 1130 1685 inhibere
1150 1664 1253 1685 unum
1269 1662 1385 1691 actum,
1403 1655 1519 1686 scilicet

457 1710 582 1737 vovere,
599 1699 745 1734 totaliter,
763 1699 842 1729 alios
858 1705 966 1729 autem
984 1706 1071 1730 actus
1094 1709 1159 1729 non
1175 1698 1322 1735 totaliter,
1340 1699 1394 1728 sed
1409 1700 1517 1739 quoad

458 1744 631 1775 libertatem
644 1750 674 1774 et
685 1743 875 1779 firmitatem,
889 1743 964 1783 quia
977 1743 1129 1773 inhibitus
1144 1753 1162 1773 a
1173 1749 1250 1773 voto
1267 1749 1372 1782 potest
1387 1743 1518 1783 quidem

459 1795 546 1819 actus
561 1788 684 1818 virtutis
707 1787 816 1823 facere,
834 1787 888 1817 sed
911 1796 976 1816 non
999 1787 1105 1823 libere,
1123 1786 1198 1827 quia
1221 1796 1286 1816 non
1305 1793 1350 1816 est
1367 1786 1518 1817 dominus

459 1833 509 1863 sui
524 1833 631 1872 quoad
646 1832 700 1861 illa
719 1840 815 1871 opera
839 1829 927 1872 (nam
946 1830 971 1860 si
990 1830 1141 1861 dominus
1160 1837 1250 1866 esset,
1267 1837 1375 1870 posset
1397 1830 1450 1861 illa
1465 1832 1518 1861 ab-

459 1876 562 1906 solute
578 1873 785 1917 promittere),
803 1884 859 1904 nec
874 1874 998 1904 firmare
1015 1885 1047 1904 se
1063 1881 1177 1914 potest,
1193 1875 1269 1914 quia
1286 1874 1439 1905 inhibitus
1455 1882 1517 1905 est:

459 1920 484 1950 si
500 1927 605 1950 tamen
618 1919 703 1949 radix
718 1918 880 1959 potestatis
892 1918 1054 1948 inhibendi
1070 1917 1280 1958 perspicacius
1293 1918 1517 1955 consideretur,

459 1964 622 2004 apparebit
644 1963 732 2003 quod
756 1972 820 1992 non
845 1962 950 1992 solum
974 1969 1080 2002 potest
1101 1962 1242 1993 inhibere
1265 1968 1371 1992 actum
1394 1962 1451 2003 qui
1473 1969 1519 1993 est

458 2017 582 2044 vovere,
607 2007 660 2037 sed
684 2013 771 2037 actus
794 2005 850 2046 qui
873 2012 947 2036 sunt
970 2006 1100 2036 materia
1117 2006 1193 2036 voti.
1216 2006 1300 2036 Nam
1322 2005 1395 2036 ideo
1412 2013 1519 2046 posset

458 2052 598 2082 inhibere
622 2050 849 2091 obligationem
873 2050 912 2080 ad
934 2049 1006 2080 illos
1030 2057 1127 2086 actus,
1151 2049 1226 2090 quia
1249 2056 1357 2089 posset
1378 2050 1519 2081 inhibere

460 2102 547 2126 actus
570 2095 641 2125 illos
664 2094 740 2130 fieri,
765 2094 894 2134 quando
918 2093 976 2124 sibi
1000 2093 1152 2134 placuerit
1175 2093 1222 2124 uti
1245 2093 1313 2123 iure
1337 2102 1414 2124 suo:
1439 2094 1519 2125 sicut

460 2146 544 2180 patet
567 2139 605 2169 de
628 2138 696 2169 viro
724 2145 866 2178 respectu
898 2138 1021 2174 uxoris,
1046 2145 1077 2169 et
1098 2144 1186 2178 patre
1215 2144 1359 2177 respectu
1383 2138 1517 2178 puellae.

459 2184 554 2214 Infert
575 2183 670 2223 igitur
697 2181 817 2222 optime
838 2181 917 2212 ratio
941 2182 1061 2212 litterae
1085 2182 1175 2222 quod
1198 2181 1326 2221 praelati
1355 2191 1422 2212 non
1445 2191 1519 2222 pos-

461 2234 534 2259 sunt
560 2227 700 2257 inhibere
723 2232 798 2256 vota
821 2226 896 2266 quia
923 2236 989 2256 non
1012 2233 1148 2266 possunt
1176 2225 1317 2256 inhibere
1341 2235 1438 2266 opera
1458 2226 1518 2256 vir-

460 2278 576 2307 tutum,
596 2280 678 2311 quae
693 2275 767 2300 sunt
781 2269 911 2300 materia
925 2269 1001 2301 voti.
1022 2270 1082 2300 Iste
1102 2269 1187 2300 enim
1202 2269 1367 2300 manifeste
1386 2276 1433 2300 est
1448 2280 1520 2310 pro-

461 2325 565 2346 cessus
588 2315 716 2351 litterae,
737 2314 774 2344 ab
791 2314 940 2354 operibus
955 2314 1109 2344 virtutum
1131 2323 1197 2343 non
1213 2314 1253 2343 ad
1269 2323 1371 2344 unum
1395 2320 1520 2344 tantum

461 2369 544 2399 opus
566 2358 698 2394 virtutis,
722 2357 776 2387 sed
800 2358 839 2388 ad
863 2358 971 2388 omnia
998 2367 1095 2398 opera
1118 2357 1415 2397 supererogationiS,
1438 2368 1520 2399 quae

462 2402 591 2433 materia
613 2409 686 2432 sunt
710 2401 789 2436 voti,
813 2402 902 2442 quod
925 2408 971 2432 est
994 2402 1088 2432 etiam
1111 2411 1194 2441 opus
1221 2402 1518 2442 supererogationis

461 2448 502 2477 Et
525 2453 690 2487 propterea
713 2446 745 2475 in
768 2445 869 2476 littera
893 2445 1092 2476 concluditur
1107 2445 1258 2475 dicendo:
1282 2445 1326 2475 Et
1341 2445 1410 2476 ideo
1430 2446 1520 2477 abso-

406 2518 409 2520 ,
461 2493 528 2522 lute
545 2495 651 2530 potest
672 2490 764 2520 homo
785 2499 898 2520 vovere
921 2499 969 2526 ea,
995 2489 1112 2520 scilicet
1126 2489 1250 2519 virtutis
1273 2498 1383 2528 opera;
1408 2497 1438 2520 et
1453 2500 1520 2520 non

226 2624 234 2633 ⁸
248 2622 318 2644 Num.
333 2629 353 2643 v.

462 2541 586 2566 tantum
619 2533 888 2569 conditionaliter,
913 2540 949 2563 ut
972 2533 1108 2573 religiosi
1132 2539 1162 2563 et
1185 2533 1236 2562 alii
1265 2533 1382 2563 subditi
1405 2536 1520 2564 vov'ere

462 2584 606 2619 possunt.
908 2595 910 2598 >

506 2622 575 2653 Vll.
593 2622 642 2652 Ad
659 2622 814 2651 secundae
830 2620 1023 2661 quaestionis
1038 2620 1056 2639 *
1079 2620 1277 2656 evidentiam,
1294 2620 1458 2651 sciendum
1475 2628 1522 2652 est

462 2666 551 2707 quod
565 2665 622 2696 ista
635 2666 777 2705 quaestio
790 2671 836 2695 est
848 2671 976 2704 propter
988 2664 1218 2704 plenitudinem
1231 2665 1394 2704 potestatis
1407 2665 1520 2706 Papae.

462 2711 503 2741 Et
526 2715 630 2750 potest
651 2710 684 2739 in
708 2709 827 2749 duplici
850 2718 943 2738 sensu
968 2708 1098 2738 tractari.
1129 2708 1252 2746 Primo,
1278 2715 1313 2738 ut
1335 2708 1466 2739 refertur
1488 2709 1520 2739 in

461 2754 577 2784 littera:
603 2752 719 2783 scilicet
742 2753 817 2794 quia
839 2752 946 2782 omnia
965 2759 1040 2783 vota
1063 2751 1319 2783 Christianorum
1342 2760 1416 2783 sunt
1442 2753 1523 2784 sicut

461 2804 535 2827 vota
551 2797 673 2837 puellae
688 2797 721 2827 in
737 2797 846 2832 domo,
863 2802 894 2826 et
909 2795 1055 2835 religiosi,
1072 2802 1146 2832 etc.;
1170 2796 1259 2836 quod
1275 2796 1392 2827 scilicet
1405 2796 1522 2828 habent

462 2841 677 2872 conditionem
704 2840 905 2881 implicitam,
930 2839 955 2869 si
979 2840 1063 2880 Papa
1088 2849 1153 2870 non
1177 2840 1378 2871 contradicat.
1411 2841 1452 2871 Et
1474 2851 1520 2871 se-

462 2885 604 2915 cundum
620 2885 705 2915 hunc
720 2894 848 2915 sensum
864 2884 991 2914 nullum
1005 2890 1119 2914 votum
1136 2891 1216 2914 esset
1230 2884 1373 2915 absolute
1391 2883 1520 2915 firmum

463 2936 493 2959 et
507 2935 621 2965 ratum,
638 2929 693 2959 sed
707 2928 872 2969 quodlibet
888 2935 995 2967 posset
1009 2928 1119 2958 irritari
1135 2937 1191 2968 per
1205 2929 1334 2968 Papam.
1355 2928 1396 2959 Et
1412 2935 1521 2959 contra

463 2973 547 3002 hunc
571 2981 699 3002 sensum
728 2975 849 3003 Auctor
871 2972 903 3001 in
927 2971 1028 3002 littera
1059 2971 1215 3012 procedit,
1239 2979 1270 3003 et
1293 2973 1406 3012 probat
1431 2973 1520 3013 quod

462 3015 584 3046 virtutis
601 3026 697 3056 opera
711 3023 845 3056 possunt
860 3016 1004 3046 absolute
1018 3015 1125 3046 voveri
1142 3026 1159 3046 a
1175 3016 1318 3055 personis
1334 3017 1382 3047 sui
1400 3016 1486 3048 iuris.
1499 3034 1520 3040 -

463 3060 620 3096 Secundo,
644 3066 680 3089 ut
702 3065 865 3089 teneamus
887 3066 962 3089 vota
983 3069 1190 3099 personarum
1215 3060 1263 3090 sui
1286 3060 1363 3090 iuris
1386 3070 1453 3091 esse
1468 3061 1520 3090 ab·

464 3103 567 3133 solute
590 3103 680 3133 firma
704 3109 734 3133 et
756 3110 834 3133 rata:
860 3110 890 3133 et
912 3109 1018 3133 tamen
1041 3103 1126 3143 Papa
1148 3104 1248 3143 possit
1269 3103 1366 3134 libere
1386 3104 1521 3134 relaxare

463 3147 572 3177 omnia
587 3154 671 3183 vota,
689 3147 727 3177 de
742 3146 938 3187 plenitudine
961 3146 1133 3186 potestatis.
1159 3148 1199 3177 Et
1221 3147 1306 3177 hunc
1327 3157 1455 3178 sensum
1471 3147 1521 3178 lit-

463 3198 528 3221 tera
560 3201 626 3221 non
653 3190 764 3230 tetigit.
803 3191 844 3221 Et
874 3196 1016 3230 oportet,
1047 3197 1083 3220 ut
1106 3190 1248 3221 doctrina
1279 3191 1437 3231 completa
1463 3191 1519 3227 sit,

463 3241 636 3275 utrumque
659 3241 798 3266 tractare.
834 3234 875 3264 Et
897 3234 1052 3274 quoniam
1074 3240 1187 3264 votum
1210 3241 1257 3264 est
1279 3234 1436 3274 quaedam
1459 3234 1520 3264 sin-

463 3278 577 3318 gularis
599 3279 649 3309 lex
671 3278 789 3309 habens
805 3278 870 3308 vim
886 3277 1098 3317 obligativam,
1123 3284 1152 3308 et
1171 3278 1327 3318 quaedam
1351 3277 1520 3318 promissio

464 3323 532 3352 Deo
557 3322 646 3359 facta,
668 3329 699 3353 et
714 3332 769 3363 per
785 3322 919 3352 modurn
935 3321 1011 3361 legis
1028 3327 1058 3351 et
1073 3331 1128 3361 per
1143 3321 1279 3351 modum
1301 3321 1521 3361 promissionis

464 3366 719 3406 perspiciendum
743 3373 798 3397 est.

519 3410 554 3440 In
573 3417 649 3441 voto
673 3411 767 3450 igitur
790 3416 845 3446 est,
869 3409 984 3450 primo,
1004 3409 1072 3449 ipsa
1091 3408 1223 3439 essentia
1238 3408 1304 3439 voti
1323 3408 1441 3439 habens
1456 3409 1522 3439 vim

465 3454 684 3494 obligativam:
709 3461 739 3485 et
761 3453 868 3495 quoad
890 3453 951 3483 hoc
974 3453 1164 3483 assimilatur
1186 3452 1256 3492 legi.
1280 3453 1346 3488 Est,
1366 3453 1520 3488 ,secundm

465 3498 593 3528 materia
615 3498 698 3534 voti,
722 3508 803 3538 quae
827 3504 873 3528 est
896 3504 983 3527 actus
1007 3496 1146 3527 virtutis:
1167 3497 1208 3527 'et
1230 3497 1338 3537 quoad
1365 3496 1427 3526 hoc
1450 3496 1523 3526 assi-

465 3541 592 3572 milatur
606 3541 676 3582 legi,
690 3542 779 3572 cuius
796 3541 925 3571 materia
941 3541 1035 3571 etiam
1054 3548 1141 3572 actus
1154 3540 1276 3571 virtutis
1289 3547 1348 3576 est;
1368 3540 1521 3580 quoniam

1034 220 1293 272 QUAESTIQ
1323 219 1572 265 LXXXVIII,
1601 219 1895 256 ARTICULUS
1925 219 1992 254 XIl

1559 297 1635 337 legis
1652 304 1698 328 est
1720 297 1823 327 bonos
1840 297 1949 332 facere,
1965 295 2063 325 virtus
2087 301 2194 325 autem
2218 301 2264 325 est
2286 304 2368 334 quae
2382 295 2497 326 bonum
2515 294 2618 325 reddit

1560 341 1722 371 habentem
1743 340 1771 370 *.
1806 340 1877 376 Est,
1902 339 2011 374 tertio,
2042 337 2219 368 observatio
2242 338 2325 374 voti,
2349 347 2432 378 quae
2459 338 2492 369 in
2515 337 2656 369 debita

1561 384 1744 414 executione
1759 383 1916 414 consistit:
1941 390 1972 413 et
1994 382 2026 412 in
2049 382 2111 412 hoc
2127 381 2221 411 etiam
2239 381 2429 412 assimilatur
2443 381 2515 421 legi,
2538 391 2618 432 quo-

1534 461 1535 468 ,
1562 428 1647 457 niam
1663 427 1730 457 eius
1745 427 1922 457 observatio
1946 427 1978 456 in
1996 426 2099 456 debita
2114 435 2245 465 quoque
2263 425 2449 456 executione
2467 425 2619 456 consistit.

1562 472 1618 501 Est
1637 477 1678 508 et,
1694 478 1816 511 quarto,
1841 471 1920 501 ratio
1941 480 1997 500 seu
2013 470 2129 500 modus
2145 468 2374 508 promissionis,
2391 468 2548 509 quomam
2565 479 2622 509 per

1563 515 1698 545 modum
1714 514 1932 555 promissionis
1948 515 2017 544 Deo
2033 520 2156 544 tenetur
2174 512 2230 553 qui
2246 512 2348 543 vovit:
2373 518 2403 543 et
2425 513 2458 542 in
2477 512 2540 544 hoc
2555 522 2622 544 non

1562 558 1632 598 legi,
1649 558 1704 588 sed
1723 557 1986 598 promissionibus
2001 557 2089 587 factis
2108 556 2292 587 hominibus
2311 555 2511 587 assimilatur.
2532 556 2621 593 Quo-

1564 602 1644 632 circa
1667 608 1793 642 oportet
1807 602 1915 642 aliquo
1938 602 2056 632 horum
2079 607 2217 642 quatuor
2232 600 2405 631 modorum
2427 599 2566 631 invenire
2583 600 2623 631 vin

1564 646 1694 676 homine
1717 645 1893 685 potentiam
1915 645 2098 676 irritativam
2121 651 2175 675 aut
2197 644 2398 675 relaxativam
2416 650 2568 675 votorum·
2583 644 2624 677 ad

1563 690 1704 726 libitum,
1729 689 1754 719 si
1779 690 1813 719 in
1837 689 1968 719 homine
1992 695 2048 719 est.
2087 688 2167 719 Sunt
2192 695 2300 719 autem
2322 687 2411 718 modi
2434 687 2485 718 isti
2505 693 2560 718 aut
2586 697 2624 718 ex

1564 740 1651 774 parte
1681 733 1924 769 observationis,
1949 739 2004 763 aut
2026 742 2064 763 ex
2086 738 2174 772 parte
2204 731 2368 768 materiae,
2393 738 2448 763 aut
2476 741 2514 762 ex
2537 738 2624 772 parte

1565 777 1732 814 essentiae,
1755 784 1812 807 aut
1833 786 1871 806 ex
1893 782 1982 816 parte
2011 776 2078 807 eius
2108 776 2168 806 cui.
2182 775 2263 807 facta
2290 782 2337 806 est
2364 775 2545 815 promissio.
2583 775 2625 806 Et

1565 828 1601 852 ut
1623 821 1737 851 melius
1761 820 1868 851 omnia
1883 819 2106 860 percipiantur,
2121 819 2303 860 singillatim
2325 818 2450 859 singula
2465 819 2626 850 tractanda

1537 888 1540 897 .
1566 872 1648 901 sunt,
1674 865 1783 895 ordine
1807 873 1873 904 quo
1897 870 2062 894 numerata
2083 869 2167 894 sunt.

1617 910 1664 939 Ex
1686 915 1774 949 parte
1796 907 1954 948 siquidem
1978 906 2215 943 observationis,
2231 907 2312 938 clare
2335 912 2420 947 patet
2446 907 2536 947 quod
2558 916 2625 937 non

1567 960 1612 984 est
1634 953 1666 983 in
1697 958 1851 993 potestate
1882 951 2023 982 hominis
2051 951 2201 987 relaxare,
2226 961 2292 981 non
2320 950 2428 982 solum
2456 956 2546 987 vota,
2570 950 2627 980 sed

1567 1007 1625 1027 nec
1648 997 1743 1028 etiarn
1772 997 1821 1026 ius
1844 995 2034 1036 positivum:
2067 994 2222 1035 quoniam
2250 994 2392 1034 implicat
2413 994 2479 1025 duo
2503 1001 2626 1025 contra-

1567 1041 1697 1071 dictoria
1719 1040 1809 1081 quod
1830 1047 1944 1071 votum
1967 1046 1998 1070 et
2019 1039 2069 1069 ius
2092 1045 2152 1069 stet
2174 1038 2207 1069 in
2230 1048 2291 1068 suo
2313 1038 2428 1069 robore
2457 1037 2554 1069 etiam
2579 1047 2626 1067 re-

1567 1091 1677 1125 spectu
1699 1084 1804 1120 istius,
1830 1091 1860 1114 et
1882 1083 1972 1124 quod
1993 1083 2050 1114 iste
2081 1092 2147 1113 non
2170 1088 2313 1113 teneatur
2335 1082 2501 1116 observare
2519 1082 2628 1132 ‘legem
2650 1095 2654 1099 -

1568 1138 1623 1159 seu
1638 1135 1760 1159 votum.
1786 1128 1878 1159 Unde
1893 1127 1965 1158 licet
1987 1127 2072 1166 Papa
2088 1126 2190 1166 possit
2209 1126 2319 1157 tollere
2338 1125 2442 1166 legem
2457 1124 2628 1165 positivam

1567 1172 1704 1203 totaliter
1714 1172 1766 1202 vel
1778 1171 1885 1212 quoad
1900 1171 1997 1202 istum
2013 1170 2188 1206 hominem,
2205 1179 2270 1200 non
2286 1176 2392 1210 potest
2405 1176 2513 1202 tamen
2526 1168 2630 1203 facere

1568 1216 1657 1256 quod
1680 1216 1729 1246 lex
1752 1221 1811 1245 stet
1839 1215 1934 1247 etiam
1965 1221 2107 1254 respectu
2131 1214 2237 1250 istius,
2261 1223 2363 1250 nunc,
2387 1219 2463 1249 etc..
2485 1219 2518 1245 et
2539 1213 2629 1253 quod

1567 1260 1625 1290 iste
1648 1269 1715 1289 non
1744 1265 1886 1289 teneatur
1908 1258 1996 1288 illam
2020 1259 2200 1289 observare:
2232 1257 2403 1298 quoniam,
2427 1263 2527 1289 stante
2548 1257 2628 1296 lege,

1569 1302 1719 1343 obligatio
1743 1303 1782 1332 ad
1806 1302 2039 1332 observandum
2062 1309 2108 1333 est
2130 1302 2169 1332 de
2183 1302 2252 1332 iure
2275 1308 2415 1338 naturae,
2437 1307 2469 1333 et
2490 1309 2629 1340 1101190-
2664 1316 2687 1327 «ι-

1569 1346 1672 1377 sitivo.
1708 1346 1750 1376 Et
1778 1352 1946 1386 propterea
1975 1345 2188 1376 communiter
2209 1345 2341 1382 dicitur,
2365 1351 2396 1376 et
2422 1345 2517 1380 bene,
2541 1344 2630 1385 quod
2674 1341 2689 1353 ³²
2719 1340 2800 1375 xlma
2820 1341 2829 1353 ¹

2716 1374 2721 1379 .
2734 1367 2766 1385 μ’.
2802 1370 2807 1378 a
2814 1367 2826 1379 n

1568 1391 1664 1431 Papa,
1681 1390 1810 1431 quando
1827 1389 1986 1429 dispensat
2008 1389 2041 1419 in
2064 1395 2152 1425 voto,
2177 1396 2243 1419 non
2263 1388 2422 1429 dispensat
2442 1388 2477 1419 in
2498 1387 2631 1424 inradi-¹

1568 1434 1643 1465 vino
1663 1441 1718 1465 aut
1739 1441 1877 1469 naturae,
1893 1432 1969 1473 quia
1984 1442 2051 1464 non
2065 1432 2224 1472 dispensat
2241 1432 2275 1463 in
2293 1431 2512 1465 observatione
2531 1437 2632 1468 staats

1568 1485 1662 1509 voto:
1686 1477 1864 1508 observatio
1888 1477 1973 1507 enim
1997 1477 2036 1507 de
2059 1476 2166 1507 divino
2191 1482 2221 1507 et
2245 1482 2374 1507 naturae
2395 1475 2463 1511 iure
2481 1482 2545 1511 est.
2613 1486 2630 1515 ᾖ

1624 1523 1671 1552 Ex
1689 1528 1778 1562 parte
1791 1531 1867 1552 vero
1887 1521 2043 1556 materiae,
2059 1521 2139 1551 clare
2156 1526 2241 1560 patet
2255 1530 2292 1550 ex
2307 1519 2495 1559 supradietis
2506 1519 2524 1538 *
2542 1520 2631 1560 quod

1570 1566 1703 1607 quilibet
1730 1565 1879 1595 dominus
1910 1572 1964 1596 aut
1987 1564 2078 1605 quasi
2105 1564 2255 1594 dominus
2285 1570 2390 1603 potest
2417 1563 2536 1594 irritare
2557 1569 2633 1601 vom

1570 1610 1771 1641 subditorum
1786 1609 1818 1639 in
1835 1609 1883 1639 his
1900 1609 1933 1639 in
1945 1609 2061 1649 quibus
2077 1608 2296 1639 subiiciuntur.
2312 1607 2396 1638 Hinc
2411 1607 2496 1638 enirn
2510 1607 2632 1645 dictum

1570 1654 1720 1695 estquod
1743 1660 1830 1693 pater
1846 1653 1980 1693 puellae,
1996 1652 2043 1683 vir
2058 1652 2174 1688 uxoris,
2192 1651 2341 1682 dominus
2364 1651 2454 1687 servi,
2474 1650 2646 1692 praeturas

1569 1698 1618 1728 sui
1635 1697 1773 1737 religiosi
1793 1703 1868 1727 vota
1890 1697 2009 1727 irritare
2023 1703 2144 1736 potest:
2168 1696 2249 1726 sicut
2271 1695 2487 1727 universaliter
2501 1695 2634 1746 quilibet

1570 1748 1674 1782 potest
1698 1741 1736 1772 de
1758 1750 1791 1771 re
1814 1751 1872 1771 sua
1893 1740 2011 1771 irritare
2027 1739 2270 1780 dispositionem
2292 1740 2330 1770 ab
2346 1739 2409 1770 alio
2433 1739 2550 1771 factam
2556 1739 2633 1787 siyp

1570 1796 1629 1816 suo
1654 1794 1822 1816 consensu.
1851 1784 1893 1815 Et
1915 1784 2069 1824 quoniam
2096 1785 2201 1824 Papae
2223 1783 2394 1815 Christiani
2417 1783 2526 1823 quoad
2547 1783 2633 1823 ¹³9⁹&

1570 1829 1756 1870 temporalia
1780 1835 1810 1859 et
1825 1828 1931 1878 quoad
1955 1827 2156 1867 operationes
2179 1827 2360 1867 personales
2378 1837 2444 1862 non
2461 1826 2633 1866 subiiciat&

1570 1881 1621 1904 tur
1644 1873 1798 1908 absolute,
1822 1872 1904 1903 sicut
1926 1871 2064 1911 religiosi
2087 1871 2267 1902 subduntur
2282 1870 2428 1911 praelatis
2451 1870 2517 1902 suis
2540 1869 2634 1913 (inter

1571 1927 1653 1958 quos
1677 1916 1798 1957 primus
1822 1923 1868 1947 est
1889 1913 2000 1957 Papa),
2024 1925 2082 1946 nec
2097 1915 2178 1946 sicut
2200 1914 2281 1945 servi
2300 1914 2448 1952 dominis,
2472 1924 2532 1949 nec
2553 1914 2635 1953 dem

1571 1961 1678 2002 puella
1700 1960 1790 2000 patri,
1814 1970 1872 1990 nec
1895 1959 1976 1990 sicut
2000 1969 2079 1990 uxor
2093 1959 2172 1995 viro,
2196 1959 2305 1999 quoad
2327 1968 2365 1989 ea
2387 1958 2420 1990 in
2440 1957 2560 1999 quibus
2578 1968 2635 1999 uage

1571 2005 1713 2036 turaliter
1736 2004 1916 2036 subduntur
1939 2003 2105 2043 praedicti.
2135 2003 2290 2043 quoniam
2313 2002 2422 2034 nullus
2447 2002 2575 2041 horum
2584 2009 2636 2042 egr

1572 2049 1722 2080 dominus
1746 2058 1858 2079 eorum
1880 2047 1913 2078 in
1918 2047 2047 2098 ‘quibus
2070 2047 2157 2078 alteri
2181 2046 2344 2083 subditur;
2367 2045 2503 2087 quilibet
2526 2053 2634 2086 autem

1572 2093 1770 2125 Christianus
1794 2092 1843 2122 sui
1866 2091 1943 2122 iuris
1963 2098 2009 2122 est
2032 2091 2182 2122 dominus
2212 2097 2243 2122 et
2266 2090 2482 2130 personalium
2504 2100 2635 2129 suarum

1571 2137 1796 2178 operationum
1820 2143 1850 2166 et
1868 2145 1975 2166 rerum
1998 2145 2139 2171 suarum,
2163 2134 2189 2166 si
2207 2135 2302 2166 habet
2324 2135 2409 2166 bona
2430 2133 2553 2175 aliqua:
2564 2141 2636 2174 ῃ-,βε

1572 2188 1739 2222 propterea
1762 2190 1799 2210 ex
1821 2179 1883 2210 isto
1900 2179 2001 2219 capite
2016 2179 2102 2219 Papa
2118 2189 2184 2210 non
2200 2185 2306 2219 potest
2318 2177 2441 2211 irritare
2452 2185 2527 2211 vota
2542 2177 2636 2223 Cha·-

1573 2226 1749 2256 stianorum
1771 2230 1925 2264 tanquam
1948 2223 2029 2254 facta
2045 2223 2083 2254 de
2099 2233 2169 2260 su0,
2193 2223 2256 2254 hoc
2279 2229 2326 2254 est
2347 2222 2461 2263 Papae,
2481 2216 2635 2262 sicut-d&

1574 2270 1680 2300 minus
1709 2274 1854 2308 respectu
1885 2267 1980 2304 servi,
2006 2273 2037 2298 et
2067 2267 2224 2308 praelatus
2254 2273 2398 2308 respectu
2427 2265 2595 2307 religiosi„
2602 2273 2637 2306 et

1573 2321 1661 2354 pater
1683 2318 1827 2352 respectu
1851 2310 1942 2348 filiae,
1967 2317 1998 2342 et
2020 2311 2068 2341 vir
2083 2317 2227 2351 respectu
2251 2310 2357 2342 uxoris
2379 2309 2488 2347 irritat,
2507 2310 2636 2361 quiffide

1573 2368 1633 2388 suo
1657 2363 1731 2387 sunt
1754 2356 1834 2387 facta
1857 2362 1940 2386 vota.
1965 2355 2007 2386 Et
2029 2362 2196 2405 propterea
2219 2354 2332 2395 opinio
2353 2353 2546 2386 confutata
2536 2364 2572 2392 111
2585 2354 2636 2387 lit-

1573 2409 1639 2433 tera
1667 2401 1756 2441 quod
1779 2406 1854 2430 vota
1885 2398 2140 2430 Christianorum
2169 2398 2231 2430 sint
2254 2398 2496 2435 conditionalia,
2515 2397 2638 2438 seilicet

1574 2446 1600 2476 si
1623 2446 1707 2485 Papa
1739 2454 1806 2474 non
1832 2443 2040 2479 contradicat,
2065 2442 2146 2474 sicut
2169 2442 2324 2483 contingit
2352 2442 2385 2473 in
2408 2441 2490 2473 votis
2511 2442 2637 2483 religio·

1574 2499 1684 2520 sorum
1701 2495 1731 2518 et
1746 2488 1883 2518 aliorum
1902 2486 2114 2523 subditorum,
2131 2493 2178 2518 est
2192 2485 2373 2517 falsissima:
2397 2485 2552 2526 quoniam
2569 2496 2637 2521 non

1575 2539 1622 2564 est
1644 2531 1795 2563 dominus
1818 2530 1966 2561 materiae
1989 2531 2085 2570 Papa.
2115 2531 2182 2561 Nec
2211 2530 2332 2560 mireris
2354 2530 2444 2570 quod
2474 2530 2638 2569 materiam

1574 2576 1641 2612 voti
1664 2575 1833 2606 dixerimus
1847 2574 1865 2594 *
1888 2581 1975 2605 actus
1998 2574 2131 2611 virtutis,
2155 2581 2186 2605 et
2212 2574 2312 2604 modo
2341 2574 2571 2605 descendamus
2596 2574 2674 2607 nd

1574 2620 1774 2661 operationes
1797 2618 1979 2659 personales
2001 2625 2032 2649 et
2048 2618 2239 2658 temporales
2254 2628 2303 2648 res
2318 2627 2397 2659 quas
2420 2617 2638 2659 possidemus:

1574 2664 1728 2705 quoniam
1751 2663 1838 2699 haec,
1861 2662 1979 2693 scilicet
1994 2662 2194 2702 operationes
2218 2662 2398 2702 personales
2415 2669 2446 2692 et
2461 2662 2547 2695 bona
2559 2669 2639 2703 tera»-

1575 2708 1705 2749 poralia,
1730 2714 1804 2738 sunt
1836 2706 1965 2736 materia
1988 2713 2118 2737 actuum
2145 2706 2310 2743 virtutum,
2334 2706 2390 2747 qui
2413 2713 2488 2737 sunt
2508 2706 2640 2746 mntem

1574 2753 1651 2789 voti,
1676 2751 1756 2782 sicut
1778 2751 1881 2781 linum
1905 2757 1951 2781 est
1974 2749 2103 2780 materia
2126 2749 2185 2787 fili,
2210 2751 2299 2791 quod
2322 2757 2368 2782 est
2391 2749 2521 2782 materia
2543 2750 2638 2790 telm,

1575 2806 1687 2827 omnes
1703 2795 1789 2826 enim
1812 2801 1901 2825 actus
1914 2794 2038 2825 virtutis
2062 2794 2262 2834 operationes
2278 2801 2352 2825 sunt
2371 2794 2554 2834 personales
2569 2804 2638 2834 ma-

1574 2839 1731 2875 terialiter,
1756 2847 1787 2870 et
1809 2838 1902 2869 multi
1925 2848 2039 2869 eorum
2057 2848 2105 2868 res
2129 2838 2321 2878 temporales
2343 2844 2520 2875 assumunt,
2544 2845 2582 2873 ut
2602 2831 2639 2877 li-

1575 2884 1729 2919 beralitas,
1753 2883 1969 2933 eleemosyna,
1993 2881 2234 2922 magnificentia,
2265 2889 2324 2914 etc.
2336 2899 2358 2906 -—
2379 2882 2428 2913 Ex
2446 2882 2509 2913 hac
2532 2889 2639 2915 tamen

1573 2935 1671 2968 parte,
1695 2927 1812 2958 scilicet
1827 2926 1975 2957 materiae
1990 2926 2066 2963 voti,
2091 2926 2358 2957 commutationes
2373 2933 2524 2957 votorum
2546 2925 2638 2963 fiunt,

1575 2979 1611 3003 ut
1633 2978 1720 3012 patet
1742 2981 1779 3001 ex
1794 2970 1884 3002 dictis
1899 2970 1930 3000 *ε
1956 2977 1987 3001 et
2001 2970 2254 3010 dispensationes
2275 2970 2370 3001 etiarn
2392 2969 2484 3007 fiunt,
2507 2970 2638 3012 quando

1573 3016 1692 3047 scilicet
1726 3014 1857 3045 materia
1886 3014 1952 3045 voti
1987 3021 2034 3045 est
2063 3014 2249 3054 impeditiva
2282 3013 2411 3046 maioris
2441 3013 2530 3051 boni,
2554 3020 2594 3046 ut
2610 3014 2639 3048 si

1574 3059 1767 3091 continentia
1791 3058 1881 3090 istius
1903 3058 2056 3098 impediat
2078 3068 2190 3109 pacem
2213 3057 2466 3090 Christianitatis.
2494 3058 2639 3098 Potum

1575 3104 1661 3134 enirn
1691 3113 1709 3134 a
1737 3102 1864 3134 Christo
1894 3102 1967 3133 data
1995 3101 2141 3142 praelatis
2170 3102 2204 3132 in
2233 3100 2486 3133 aedificationem
2515 3111 2568 3133 ex-
2574 3095 2639 3142 11912

1574 3154 1661 3188 parte
1685 3153 1863 3177 commutat
1885 3153 1916 3177 et
1935 3146 2105 3187 dispensat.

1628 3191 1676 3221 Ex
1695 3197 1781 3230 parte
1804 3197 1911 3220 autem
1934 3189 2085 3220 essentiae
2100 3190 2176 3227 voti,
2200 3196 2287 3231 patet
2309 3189 2398 3230 quod
2421 3198 2501 3220 non
2506 3172 2554 3220 est
2569 3168 2637 3223 iiii-

1573 3233 1668 3265 tabile
1697 3240 1752 3264 aut
1774 3233 1938 3264 relaxabile
1966 3243 2005 3264 ex
2029 3233 2200 3264 differentia
2230 3234 2311 3265 inter
2333 3240 2447 3265 votum
2476 3239 2508 3265 et
2533 3227 2638 3273 legem

1573 3277 1754 3317 positivam.
1779 3278 1843 3308 Lex
1866 3287 2005 3317 namque
2028 3277 2164 3317 positiva
2187 3284 2233 3308 est
2255 3277 2289 3308 in
2310 3283 2464 3318 potestate
2485 3275 2637 3317 principis

1575 3322 1615 3352 ad
1628 3321 1766 3359 libitum,
1779 3321 1822 3351 ita
1834 3321 1923 3361 quod
1939 3327 2043 3361 potest
2058 3321 2161 3362 ipsam
2177 3321 2287 3352 tollere
2298 3321 2427 3362 quando
2443 3319 2502 3351 sibi
2518 3319 2635 3360 placet:

1574 3364 1746 3405 nullusque
1769 3364 1908 3404 amplius
1923 3364 2080 3404 obligatur
2102 3365 2156 3395 illa
2179 3365 2296 3401 ablata,
2321 3363 2477 3405 quoniam
2498 3363 2546 3394 vis
2560 3364 2638 3396 obli»

1573 3409 1676 3449 gativa
1698 3408 1775 3448 legis
1798 3408 1839 3438 ad
1860 3408 1962 3448 ipsam
1984 3408 2062 3448 legis
2085 3409 2254 3440 essentiam
2276 3414 2518 3448 spectat,.quae
2541 3407 2638 3440 subii-

1575 3452 1655 3483 citur
1678 3451 1827 3491 principis
1843 3452 1999 3491 potestati.
2025 3452 2169 3483 Essentia
2192 3459 2300 3484 autem
2313 3451 2390 3488 voti,
2415 3461 2489 3482 cum
2509 3451 2549 3482 sit
2563 3461 2637 3492 pro-

1574 3496 1684 3527 missio
1709 3495 1789 3526 facta
1811 3495 1966 3535 superiori
1982 3506 2081 3536 quam
2097 3496 2136 3527 sit
2150 3495 2307 3536 princeps,
2328 3495 2366 3526 de
2389 3494 2475 3526 illius
2492 3495 2635 3532 consilio,

1575 3540 1651 3580 quia
1674 3546 1720 3570 est
1743 3539 1911 3579 promissio
1936 3539 2015 3570 facta
2038 3540 2109 3570 Deo
2133 3546 2164 3570 et
2182 3539 2326 3570 consulta
2341 3549 2359 3569 a
2373 3539 2454 3575 Deo,
2479 3549 2545 3571 non
2561 3540 2636 3570 sub-

2671 335 2767 358 Aristot.
2780 335 2855 359 Etnic.

2647 362 2686 384 li.b
2703 362 2736 388 11,
2751 367 2777 383 ea

2647 394 2704 436 1ζοῖ
2714 395 2764 436 312*

2659 1503 2782 1548 dms,

2726 1312 2811 1328 ,DS-03⁷
2823 1315 2829 1323 ⁸

2779 368 2856 410 Etru.

2797 1521 2860 1543 Oom·

2659 1551 2731 1570 ment·
2745 1553 2808 1570 num.
2823 1553 2854 1570 lv.

2665 2575 2753 2624 aa·

2666 2977 2676 2987 ·
2689 2975 2760 2998 Num.
2775 2982 2801 2999 n.

2777 2575 2860 2599 rawed.
