2860 4244
0 225 1 228 „
0 63 11 207 ⁴W⁷=fff

24 1419 27 1426 ¹
80 1422 85 1425 >
112 1394 233 1441 “iffa-¹

77 3448 122 3472 Π.
137 3449 188 3472 lect.
202 3456 228 3478 u,

218 881 230 885 ·
255 871 484 902 haereticorum
501 870 527 907 *‚
545 877 575 902 et
590 871 669 902 aliae
685 872 908 912 sortilegorum
922 872 966 908 **,
983 880 1019 903 ut
1037 879 1132 912 patet.
1149 873 1222 902 Non
1242 882 1316 912 ergo

110 1108 119 1120 ι
142 1107 170 1119 ι
253 1091 412 1122 versaliter
435 1091 652 1123 invocationes
674 1092 879 1127 daemonum,
896 1090 1062 1130 dupliciter
1085 1090 1218 1120 exerceri
1241 1099 1315 1130 pos-

216 1282 219 1284 ·
252 1272 342 1303 sunt,
367 1267 577 1299 materialiter·
593 1275 700 1298 tamen
727 1267 767 1296 ad
791 1267 914 1297 cultum
937 1276 1049 1296 eorum
1073 1273 1224 1306 spectant.
1255 1266 1316 1296 De-

23 1371 73 1397 a
95 1369 141 1401 ,ευ
157 1368 206 1393 A»)
228 1371 230 1374 ·
247 1354 446 1389 nectanimo
454 1355 646 1388 ‘detrahendi
662 1362 693 1386 et
708 1355 774 1385 sine
791 1355 898 1390 animo
919 1355 1112 1391 detrahendi,
1130 1361 1161 1384 et
1175 1354 1316 1394 primum

199 1472 201 1475 Α
228 1475 232 1479 ,
251 1439 415 1479 tei'ia'liter;
436 1440 490 1474 'ita
512 1444 671 1475 invocatio
696 1444 892 1474 daemonum
921 1442 1088 1483 dupliciter
1110 1441 1176 1472 fieri
1199 1449 1314 1482 potest.

195 1481 202 1518 ,⁶
222 1510 233 1517 .,
251 1484 375 1523 Primo,
399 1487 507 1518 animo
531 1487 685 1519 efficiendi
707 1487 739 1517 id
763 1487 802 1517 ad
826 1486 914 1528 quod
938 1487 1132 1516 daemonum
1155 1485 1315 1516 invocatio
1341 1493 1342 1500 ¹

252 1531 425 1562 ordinatur.
446 1532 487 1562 Et
498 1533 542 1563 sic
555 1532 591 1563 fit
605 1532 787 1562 formaliter.
807 1531 848 1561 Et
859 1537 978 1571 spectat
993 1531 1032 1560 ad
1049 1530 1170 1560 cultum
1187 1530 1315 1559 daemo-
1340 1540 1342 1544 ’

230 1899 232 1901 ’
251 1884 298 1917 ad:
313 1883 511 1924 religionem,
535 1891 572 1916 ut
594 1884 792 1924 praedictum
815 1890 862 1913 est
876 1883 902 1914 *.

226 1930 231 1933 ’
267 1920 286 1930 ”
306 1925 381 1966 Alio
409 1929 509 1967 modo
536 1935 643 1969 potest
669 1927 736 1958 fieri
763 1927 978 1958 materialiter:
1010 1933 1046 1957 ut
1069 1926 1186 1957 scilicet
1213 1927 1313 1957 homo

228 1985 233 1991 ·
251 1967 374 2013 separet
396 1973 435 2002 ab
459 1982 555 2013 opere
578 1972 724 2003 animum
746 1971 880 2002 faciendi
902 1971 935 2001 id
958 1971 997 2000 ad
1021 1971 1109 2011 quod
1129 1980 1212 2010 opus
1231 1970 1315 2001 ordi·
1340 1986 1342 2001 :

232 2019 234 2021 ’
251 2018 360 2052 natum
382 2016 445 2047 hoc
462 2023 517 2053 est,
534 2016 623 2058 quod
639 2016 720 2047 nolit
740 2015 892 2046 subiicere
911 2025 944 2045 se
960 2015 1119 2051 daemoni,
1137 2015 1190 2044 sed
1208 2015 1314 2045 solum

207 2221 209 2225 .
251 2191 350 2234 oper'a
370 2192 430 2223 ista
452 2192 581 2233 materia
605 2199 679 2223 sunt
708 2190 940 2232 superstitionis
968 2198 999 2221 et
1025 2191 1144 2226 cultus,
1169 2190 1314 2231 quamvis

200 2405 203 2412 Ι
251 2368 426 2406 formaliter
443 2379 517 2402 cum
535 2369 758 2404 daemonibus,
782 2378 817 2398 ac
841 2377 897 2408 per
913 2367 974 2398 hoc
998 2377 1071 2398 curn
1095 2367 1239 2398 hostibus
1255 2367 1314 2398 Dei

940 223 1205 270 QUAESTIO
1236 225 1356 272 XCV,

314 301 362 332 Ex
385 311 424 332 eo
439 311 514 332 vero
538 302 626 342 quod
650 302 763 342 aliquis
779 308 883 342 potest
905 302 1051 332 invocare
1074 302 1263 333 daemonem
1285 311 1320 334 ut

259 345 384 376 socium
407 352 462 376 aut
485 345 623 376 amicum
647 346 764 386 absque
788 346 878 376 omni
901 345 1071 382 oblatione,
1095 347 1266 377 reverentia
1289 355 1319 378 et

260 389 465 426 caeremonia,
478 397 607 430 apparet
622 390 710 430 quod
726 389 946 431 inquisitiones
961 389 1146 420 huiusmodi
1163 390 1228 420 fieri
1246 402 1317 432 pos-

259 432 321 464 sint
343 433 462 474 absque
479 433 701 474 superstitione
717 441 747 464 et
763 434 866 464 cultu:
891 433 1047 474 quidquid
1068 434 1108 464 sit
1131 435 1169 464 de
1189 435 1250 464 alio
1266 445 1317 475 ge-

258 487 331 507 nere
354 477 482 517 peccati.
499 495 521 500 —
544 477 586 508 Et
608 477 821 509 confirmatur.
847 478 932 515 Quia
946 476 971 507 si
995 477 1146 508 divinatio
1163 485 1193 508 et
1212 479 1319 509 huius·
1342 483 1344 514 ξ

258 520 347 551 modi
362 521 578 552 invocationes
601 527 704 551 essent
732 521 917 552 necessario-
930 530 1004 551 cum
1031 522 1118 551 cultu
1143 522 1316 559 daemonis,
1342 557 1344 566 y

257 571 440 606 sequeretur
455 565 544 605 quod
563 572 666 595 essent
681 565 845 595 manifeste
861 571 949 596 actus
960 564 1150 596 infidelitatis
1167 574 1316 605 protesta-
1342 567 1344 584 ἶ

257 608 327 639 tivi:
353 619 388 640 ac
405 619 463 649 per
483 608 555 644 hoc,
587 607 735 640 facientes
764 609 841 639 haec
869 609 1062 640 incurrerent
1092 619 1210 649 poenas
1240 620 1316 650 apo-

257 655 408 684 statatum
424 662 479 683 seu
496 651 737 683 haereticorum.
762 653 848 683 Haec
872 659 978 683 autern
995 660 1116 684 constat
1139 663 1205 683 esse
1225 654 1316 684 falsa:
1342 674 1343 681 κ

258 702 294 726 ut
316 703 403 736 patet
423 695 463 727 de
484 695 631 733 Haeret„
649 705 717 736 cap.
733 697 921 734 Accusatus,
939 696 971 726 in
990 696 1094 733 Sexto,
1111 697 1176 733 ubi,
1200 707 1240 727 ne
1264 707 1316 727 ne-

256 740 382 779 gotium
403 739 476 770 fidei
505 739 714 779 impediatur,
739 740 851 770 dicitur
875 741 965 780 quod
985 741 1187 781 inquisitores
1209 741 1316 771 haere-

257 793 328 814 sum
344 793 411 814 non
426 793 459 814 se
473 783 648 823 impediant
671 784 709 814 de
727 784 974 816 divinationibus
997 792 1028 815 et
1048 785 1230 824 sortilegiis,
1255 786 1318 815 nisi

255 828 412 858 haeresim
435 828 563 867 sapiant
587 828 766 869 manifeste.
790 829 831 859 Et
853 829 931 859 aliae
952 835 1025 859 sunt
1047 829 1079 859 in
1103 828 1171 859 iure
1194 838 1316 868 poenae

255 915 439 946 huiusmodi
457 915 665 946 divinationes
681 923 711 946 et
726 916 942 946 invocationes
963 923 1036 946 sunt
1052 915 1226 946 necessario
1242 926 1316 946 curn

255 959 343 989 cultu
367 959 572 989 daemonum.

310 1003 349 1033 V.
374 1003 424 1033 Ad
447 1004 509 1034 hoc
533 1002 646 1034 dicitur
669 1004 758 1044 quod
782 1013 878 1043 opera
901 1003 1134 1033 divinationum
1157 1009 1188 1032 et
1211 1003 1317 1032 obser-

253 1047 420 1079 vationum
443 1046 540 1090 (quae
561 1048 594 1079 in
610 1048 796 1088 quaestione
811 1047 955 1087 sequenti
973 1044 1168 1087 tractantur),
1194 1053 1224 1076 et
1247 1046 1316 1076 uni·
1341 1059 1342 1075 l

254 1142 338 1172 sunt,
355 1135 471 1170 scilicet
494 1135 669 1167 formaliter
691 1141 723 1166 et
745 1134 959 1165 materialiter:
985 1141 1016 1165 et
1038 1135 1127 1174 quod
1150 1134 1175 1164 si
1199 1133 1316 1164 forma·
1341 1151 1342 1169 2

251 1178 323 1209 liter
337 1177 423 1215 fiant,
437 1175 476 1209 ad
488 1179 746 1221 superstitionem
760 1185 791 1209 et
807 1179 929 1209 cultum
945 1179 1140 1208 daemonum
1157 1185 1314 1218 spectant;

253 1223 279 1253 si
297 1224 410 1253 ‘autem
434 1223 646 1259 materialiter,
671 1230 755 1253 extra
779 1222 975 1253 daemonum
998 1222 1120 1252 cultum
1144 1222 1317 1252 formaliter

252 1310 412 1344 dotantur
424 1311 572 1351 singula..
582 1312 671 1344 Sicut
692 1311 844 1341 detractio
861 1310 1028 1350 dupliciter
1045 1310 1111 1341 fieri
1127 1317 1241 1350 potest,
1259 1310 1315 1340 sci-
1340 1310 1342 1350 f

251 1404 372 1442 spectat
387 1399 427 1429 ad
446 1396 606 1432 detrahere
623 1399 804 1436 formaliter,
821 1399 997 1429 secundum
1014 1399 1053 1429 ad
1074 1398 1234 1428 detrahere
1249 1408 1316 1428 ma·
1340 1423 1342 1449 ἐ

251 1584 335 1609 num
345 1581 377 1607 et
391 1576 663 1616 superstitionem:
681 1583 717 1606 ut
731 1581 817 1615 patet
833 1585 869 1605 ex
884 1574 1069 1605 auctoritate
1084 1574 1265 1614 Augustini,
1282 1574 1315 1604 in
1341 1610 1342 1618 ἵ

251 1618 440 1660 IlvdeDoct.
459 1620 575 1652 Christ.
592 1620 619 1657 *,
636 1619 762 1655 diffuse;
785 1625 867 1661 etex
884 1621 1022 1650 Auctore
1038 1618 1071 1648 in
1088 1618 1149 1648 hoc
1165 1624 1313 1654 tractatu;
1340 1623 1342 1659 j

305 1671 343 1694 ex
365 1663 496 1696 ratione.
528 1664 610 1702 Quia
633 1663 710 1695 haec
733 1663 932 1699 ordinantur,
957 1670 988 1692 et
1011 1672 1047 1692 ex
1069 1672 1127 1692 sua
1150 1668 1261 1692 natura
1285 1668 1316 1692 et
1340 1668 1342 1683 ¹

251 1669 468 1744 ffiuaemone,
492 1708 549 1749 qui
576 1708 654 1739 haec
676 1707 829 1742 instituit,
855 1707 895 1736 ad
918 1706 1148 1736 subiectionem
1177 1706 1315 1736 hominis
1340 1725 1342 1740 z

250 1748 398 1791 respectu·
418 1750 623 1782 daemonum.
654 1751 852 1782 Huiusmodi
875 1758 983 1781 autem
1007 1750 1170 1786 subiectio,
1195 1750 1315 1780 ratione
1341 1777 1342 1790 3

250 1795 449 1829 essoellentiae
473 1796 596 1827 divinae
619 1795 779 1826 affectatae
803 1802 834 1825 et
851 1795 988 1825 intentae
1003 1805 1021 1824 a
1041 1794 1259 1831 daemonibus,
1275 1795 1315 1824 ad
1341 1794 1342 1803 ¹

250 1839 508 1880 superstitionem
531 1847 668 1880 spectat,
694 1839 775 1870 sicut
803 1839 956 1870 subiectio
985 1839 1123 1869 hominis
1147 1839 1187 1868 ad
1209 1839 1315 1869 Deum

249 2067 404 2102 tanquam
427 2070 446 2091 a
468 2061 584 2091 sciente
606 2061 656 2091 vel
679 2065 809 2100 potente
837 2059 956 2100 aliquid
986 2059 1142 2095 adiuvari,
1167 2059 1248 2089 sicut
1275 2060 1313 2089 ab

250 2103 498 2143 alterohomine
513 2105 694 2146 requireret,
715 2104 834 2144 absque
851 2104 915 2134 ulla
931 2103 1112 2139 reverentia,
1129 2110 1186 2133 etc.
1212 2104 1252 2133 Et
1270 2103 1314 2133 sic
1340 2119 1341 2135 l

251 2148 305 2187 agi,
319 2148 578 2188 superstitionem
609 2157 639 2180 et
670 2149 790 2181 cultum
821 2147 1021 2178 materialiter
1048 2153 1204 2187 spectant:
1239 2147 1314 2187 quia

250 2235 418 2275 n'o‘ujfiant
439 2237 494 2267 tali
517 2237 636 2268 animo.
667 2237 733 2267 Nec
757 2243 863 2267 tamen
891 2242 1059 2276 propterea
1082 2235 1224 2265 evaditur
1242 2245 1315 2275 pec-

252 2282 358 2311 catum
373 2281 522 2311 mortale:
547 2280 622 2322 quia
638 2290 735 2321 opera
750 2280 818 2316 ista,
836 2279 931 2310 etiam
947 2279 1155 2315 materialiter,
1171 2286 1314 2318 spectant

250 2325 291 2355 ad
312 2325 497 2356 societatem
513 2325 718 2360 daemonum,
739 2331 770 2355 et
793 2324 990 2354 constituunt
1004 2323 1116 2354 initam
1132 2323 1314 2354 societatem
1340 2346 1341 2350 ,

251 2413 450 2458 etpropriiS.
474 2413 764 2452 Constat‘namque
787 2413 876 2452 quod
893 2413 1024 2442 societas
1041 2422 1115 2442 cum
1132 2412 1232 2447 hoste,
1249 2411 1315 2441 sive

251 2447 472 2495 consummata
502 2457 566 2487 sive
589 2457 666 2488 inita
685 2457 791 2487 solum
814 2456 862 2492 sit,
887 2456 1064 2496 perniciosa
1080 2463 1135 2492 est,
1161 2463 1191 2485 et
1213 2456 1315 2486 laesae
1340 2483 1341 2486 ,

251 2499 421 2533 maiestatis
440 2509 508 2531 rea:
531 2508 562 2531 et
585 2511 658 2531 curn
682 2500 735 2531 tali
760 2501 859 2535 hoste,
884 2500 1000 2531 scilicet
1023 2501 1189 2535 daemone,
1206 2506 1315 2530 contra

250 2544 434 2576 fidelitatem
457 2554 555 2585 quam
578 2545 647 2575 Deo
673 2545 824 2575 debemus
849 2550 910 2579 est,
937 2551 967 2574 et
994 2551 1103 2574 contra
1125 2553 1186 2574 nos
1209 2544 1313 2583 ipsos,

252 2589 328 2630 quia
352 2589 457 2620 dolosi
472 2596 547 2619 sunt
569 2599 704 2630 semper,
730 2589 843 2629 ubique
865 2594 896 2618 et
915 2589 946 2618 in
967 2588 1122 2618 omnibus.
1146 2589 1315 2628 Propterea

1386 226 1682 263 ARTICULUS
1710 226 1745 262 V

1372 304 1579 343 Augustinus,
1604 304 1658 334 ubi
1675 314 1769 344 supra
1784 304 1810 341 *,
1837 304 1910 335 dicit
1929 304 2010 335 hanc
2028 306 2201 336 amicitiam
2221 305 2378 346 infidelem
2399 311 2430 337 et

1371 347 1524 378 dolosam.
1558 348 1599 378 Et
1621 348 1734 388 procul
1757 348 1855 379 dubio
1879 349 1918 379 ad
1941 349 2131 389 apostasiam
2162 359 2180 379 a
2202 349 2271 380 Deo
2295 349 2430 389 pertinet

2352 228 2427 275 319

1343 403 1345 436 Ξ
1372 391 1448 422 haec
1471 391 1612 422 societas.
1635 392 1676 422 Et
1699 391 1724 422 si
1746 393 1792 422 vis
1816 392 2007 433 perpendere
2030 393 2215 433 gravitatem
2238 392 2333 424 huius
2356 404 2427 433 pec-

1343 437 1344 474 }
1372 435 1447 471 cati,
1473 436 1591 476 respice
1619 436 1707 476 quod
1738 436 1818 466 sicut
1841 437 1879 466 ad
1903 436 2029 467 initium
2054 437 2194 467 caelestis
2223 436 2375 468 felicitatis
2399 444 2429 468 et

1370 478 1486 517 patriae
1517 486 1636 519 spectat
1663 480 1859 510 conversatio
1889 480 1920 510 in
1953 480 2010 510 hac
2032 480 2095 511 vita
2123 491 2197 511 curn
2225 480 2342 520 angelis
2375 489 2428 512 aut

1370 522 1483 552 sanctis
1500 523 1728 563 ,apparentibus
1752 524 1945 564 quandoque
1969 524 2076 560 nobis,
2100 524 2143 555 ita
2166 525 2206 555 ad
2228 524 2354 555 initium
2377 536 2428 556 ae-

1370 572 1475 596 ternae
1497 566 1707 597 damnationis
1731 574 1761 598 et
1782 567 1942 598 infernalis
1965 568 2134 598 habitaculi
2157 575 2277 609 spectat
2295 569 2428 600 societas

1370 619 1444 640 cum
1468 609 1688 641 daemonibus.
1721 611 1762 642 Et
1791 618 1956 651 propterea
1979 612 2011 642 in
2036 622 2071 642 ea
2099 619 2145 643 est
2173 613 2323 653 iniquitas
2353 623 2427 644 con-

1370 660 1537 683 summata.

1425 696 1516 727 Unde
1539 703 1640 736 patet,
1665 698 1753 737 quod
1770 704 1902 739 utraque
1925 709 1996 739 pars
2016 700 2209 740 quaestionis
2224 711 2296 731 vera
2320 701 2426 742 aliquo

1369 741 1468 770 modo
1491 747 1555 771 est:
1587 741 1731 772 absolute
1760 749 1865 772 tamen
1889 749 1919 773 et
1944 743 2127 783 simplicitet
2145 754 2256 775 verum
2271 752 2317 775 est
2339 745 2427 786 quod

1369 790 1443 814 sunt
1465 784 1701 824 superstitiones
1725 792 1754 815 et
1777 786 1880 816 cultus
1904 787 2108 818 daemonum.

1423 828 1476 858 vl.
1501 829 1633 868 Propter
1651 829 1748 868 quod,
1766 830 1867 868 prima
1883 830 1962 860 ratio
1983 831 2070 862 dubii
2085 832 2103 851 *
2123 833 2314 862 concedatur
2338 832 2427 873 quod

1369 871 1530 902 concludit
1545 882 1656 902 verum
1672 872 1867 912 simpliciter:
1892 874 1966 914 quia
1989 882 2114 914 oportet
2137 877 2226 916 quod
2243 876 2302 907 ista
2323 876 2427 916 impli-

1369 922 1440 945 cent
1463 915 1582 945 cultum
1609 916 1804 946 daemonum
1828 916 1999 948 formaliter
2021 919 2070 948 vel
2094 920 2302 951 materialiter.

1421 959 1549 989 Rationi
1573 966 1679 989 autem
1702 960 1734 989 in
1752 961 1938 1000 oppositum
1962 962 2026 992 duo
2051 963 2182 994 dicenda
2201 971 2284 995 sunt.
2308 963 2426 1000 Primo,

1369 1003 1457 1042 quod
1488 1013 1524 1033 ex
1553 1003 1752 1033 distinctione
1783 1004 1885 1044 posita
1911 1005 1944 1034 in
1973 1006 2026 1035 illa
2054 1006 2198 1037 decretali
2227 1008 2260 1038 in
2287 1007 2427 1038 favorem

1370 1046 1452 1083 fidei,
1477 1057 1544 1076 non
1567 1047 1639 1087 plus
1655 1047 1788 1078 habetur
1811 1058 1908 1088 quam
1931 1050 2019 1089 quod
2042 1052 2198 1090 quaedam
2221 1052 2428 1082 divinationes

1369 1100 1434 1120 non
1450 1091 1566 1121 habent
1581 1091 1704 1122 cultum
1720 1092 1916 1122 daemonum
1932 1093 2144 1125 manifestum.
2163 1096 2234 1126 Hoc
2250 1096 2335 1126 enim
2352 1106 2427 1126 con-

1369 1141 1461 1165 sonat
1490 1134 1579 1166 dictis
1610 1142 1738 1175 propter
1764 1135 1836 1165 illos
1866 1136 1920 1176 qui
1951 1137 2027 1167 haec
2059 1146 2200 1169 exercent
2229 1139 2429 1170 materialiter

1341 1176 1342 1181 ¹
1369 1186 1502 1209 tantum.
1526 1196 1547 1202 -
1571 1178 1718 1209 Secundo
1743 1180 1847 1220 quod,
1872 1179 2036 1211 referendo
2060 1182 2154 1212 etiam
2183 1183 2370 1214 decretalem
2392 1183 2427 1213 il-

1367 1223 1432 1252 lam
1455 1223 1495 1252 ad
1518 1222 1726 1253 divinationes
1741 1231 1772 1254 et
1787 1223 1944 1263 sortilegia
1963 1224 2144 1263 formaliter,
2169 1226 2427 1267 distinguendum

1369 1274 1415 1297 est
1437 1267 1475 1296 de
1497 1267 1583 1297 cultu
1607 1268 1813 1298 daemonum.
1837 1268 1961 1299 Scilicet
1984 1269 2108 1306 directe,
2133 1277 2168 1300 ut
2191 1278 2265 1301 sunt
2287 1281 2323 1301 ea
2346 1281 2428 1312 quae

1368 1311 1401 1341 in
1424 1311 1629 1342 reverentiam
1646 1312 1842 1343 daemonum
1856 1312 2057 1344 ordinantur:
2081 1314 2182 1354 qualis
2202 1322 2248 1345 est
2269 1315 2302 1345 in
2317 1316 2428 1346 adora-

1367 1355 1517 1390 tionibus,
1541 1355 1764 1393 oblationibus,
1789 1363 1820 1386 et
1842 1356 2038 1393 huiusmodi,
2063 1368 2145 1398 quae
2169 1359 2208 1388 ad
2230 1358 2427 1390 idololatriae

1369 1399 1506 1439 speciem
1529 1406 1679 1438 spectant.
1704 1400 1744 1430 Et
1766 1400 1844 1430 haec
1867 1401 1994 1440 sapiunt
2016 1401 2170 1433 haeresim
2193 1402 2368 1440 manifeste,
2393 1410 2428 1434 ut

1368 1449 1453 1482 patet
1475 1453 1512 1473 ex
1535 1443 1698 1482 praedictis
1714 1443 1744 1473 *ε
1770 1451 1800 1474 et
1822 1444 1978 1475 inducunt
2000 1456 2112 1476 omnes
2135 1457 2254 1487 poenas
2269 1454 2426 1487 apostata-

1368 1496 1439 1516 rum
1463 1493 1494 1517 et
1515 1486 1756 1517 haereticorum.
1781 1487 1840 1518 Vel
1862 1488 2027 1519 indirecte:
2058 1497 2094 1520 ut
2116 1497 2191 1521 sunt
2213 1501 2248 1520 ea
2272 1501 2353 1531 quae
2377 1501 2426 1522 or—

1369 1531 1516 1560 dinantur
1539 1531 1579 1560 ad
1602 1538 1746 1561 nostrum
1763 1531 1839 1561 scire
1858 1532 1908 1562 vel
1931 1534 2053 1572 operari
2077 1544 2133 1574 per
2147 1535 2327 1571 daemones,
2343 1545 2426 1575 quae

1368 1575 1407 1604 ad
1432 1575 1509 1604 duas
1533 1574 1660 1604 ultimas
1683 1575 1800 1614 species
1818 1577 2048 1615 superstitionis
2072 1578 2191 1609 dictum
2211 1585 2257 1609 est
2279 1579 2312 1609 in
2335 1586 2391 1610 art.
2407 1589 2425 1609 2

1368 1628 1422 1659 qu.
1438 1629 1500 1649 xcu
1523 1626 1672 1660 spectare,
1697 1626 1728 1649 et
1749 1619 1781 1649 in
1805 1619 1863 1650 hac
1878 1627 1908 1650 et
1929 1622 2071 1661 sequenti
2089 1623 2272 1662 quaestione
2295 1629 2427 1653 tractan-

1368 1670 1429 1694 tur,
1452 1663 1538 1693 Haec
1562 1663 1647 1693 enirn
1670 1673 1736 1693 non
1752 1663 1879 1703 sapiunt
1897 1664 2052 1695 haeresim
2067 1666 2239 1698 manifeste.
2264 1667 2427 1704 Quoniam

1368 1707 1491 1737 cultum
1515 1706 1660 1736 exhibent
1685 1708 1833 1738 daemoni
1857 1717 1895 1737 eo
1919 1709 2018 1739 modo
2051 1719 2116 1750 quo
2139 1710 2172 1740 in
2195 1710 2345 1750 religione
2362 1711 2426 1741 cul-

1367 1757 1436 1781 tum
1461 1750 1607 1781 exhibent
1630 1751 1699 1781 Deo
1722 1751 1859 1782 iurantes
1883 1762 1938 1792 per
1960 1752 2082 1792 ipsum,
2107 1763 2165 1793 pro
2191 1761 2312 1794 quanto
2336 1755 2427 1785 invo-

1369 1801 1441 1825 cant
1463 1795 1654 1825 daemonem
1677 1795 1717 1825 ad
1733 1805 1790 1825 sua
1806 1797 1992 1833 commoda;
2017 1807 2082 1827 non
2102 1804 2208 1828 tamen
2230 1805 2354 1829 tanturn
2370 1798 2428 1829 ho-

1369 1846 1484 1870 norant
1506 1839 1706 1875 daemonem,
1723 1849 1782 1879 pro
1805 1847 1926 1880 quanto
1950 1851 2016 1871 non
2039 1848 2252 1881 protestantur
2273 1852 2330 1882 per
2351 1843 2428 1873 haec

1368 1893 1442 1914 eum
1466 1893 1533 1914 esse
1555 1884 1661 1914 Deum
1684 1890 1739 1914 aut
1761 1883 1958 1915 infallibilem
1976 1886 2147 1922 veritatem,
2171 1893 2203 1916 et
2225 1886 2426 1917 huiusmodi:

1369 1927 1428 1958 nisi
1452 1928 1618 1958 consulant
1640 1927 1747 1967 ipsum
1775 1935 1924 1969 tanquam
1950 1929 2100 1960 scientem
2124 1937 2179 1960 aut
2206 1937 2368 1970 potentem
2392 1941 2428 1961 o-

1368 1971 1467 2007 mnia;
1492 1971 1554 2002 hoc
1570 1971 1655 2002 enim
1671 1971 1834 2003 manifeste
1851 1979 1972 2012 saperet
1990 1973 2152 2005 haeresim.
2174 1991 2195 1997 -
2218 1974 2259 2004 Et
2277 1985 2333 2015 per
2350 1975 2427 2006 haec

1367 2022 1452 2056 patet
1475 2016 1640 2056 responsio
1663 2017 1702 2046 ad
1726 2015 2010 2048 confirmationem.

1423 2060 1510 2090 Haec
1533 2067 1640 2091 autem
1663 2060 1769 2100 accipe
1793 2061 1874 2091 dicta
1897 2061 2082 2101 theologice.
2107 2062 2271 2099 Quoniam
2292 2072 2358 2092 non
2374 2073 2426 2093 me

1366 2104 1518 2143 impedio,
1543 2114 1583 2134 an
1606 2104 1682 2134 iuris
1703 2104 1838 2136 intentio
1862 2105 1901 2135 sit
1923 2107 2011 2146 quod
2035 2112 2144 2136 contra
2162 2106 2328 2144 sortilegos
2351 2117 2426 2137 cum

1366 2147 1478 2178 iniuria
1495 2155 1775 2185 sacramentorum,
1788 2156 1855 2185 etc„
1868 2149 2070 2190 inquisitores
2086 2151 2266 2190 procedant.
2283 2150 2427 2182 Gaudeat

1366 2202 1577 2233 unaquaeque
1600 2192 1727 2223 scientia
1750 2192 1814 2223 suis
1827 2193 1991 2224 terminis.

1421 2236 1489 2266 V11.
1513 2237 1548 2266 In
1565 2237 1771 2276 responsione
1786 2237 1825 2267 ad
1842 2237 2027 2273 secundum,
2044 2237 2168 2268 adverte
2185 2237 2273 2278 quod
2291 2237 2427 2268 istorum

1367 2281 1506 2310 duorum
1530 2281 1703 2320 modorum
1728 2281 1851 2311 dicendi
1875 2291 1956 2322 quos
1979 2291 2015 2312 ex
2030 2281 2210 2320 Augustino
2240 2284 2361 2312 Auctor
2383 2282 2426 2312 af-

1367 2324 1434 2360 fert,
1459 2332 1570 2355 neuter
1591 2325 1716 2356 videtur
1738 2332 1850 2362 certus,
1875 2332 1906 2356 et
1928 2332 2060 2366 uterque
2083 2325 2177 2356 habet
2199 2335 2258 2366 pro
2284 2336 2316 2356 se
2339 2326 2426 2356 favo-

1367 2378 1444 2399 rem.
1469 2369 1568 2405 Quod
1591 2369 1676 2399 enim
1699 2379 1770 2400 vere
1787 2369 1881 2400 fuerit
1903 2369 2008 2400 anima
2023 2369 2189 2407 Samuelis,
2212 2370 2312 2401 Eccli.
2327 2370 2427 2400 wa*

1367 2412 1496 2448 dicitur,
1521 2412 1575 2443 ubi
1598 2413 1754 2443 habentur
1781 2413 1857 2444 haec
1880 2415 1974 2444 verba
1997 2413 2035 2443 de
2058 2413 2222 2444 Samuele:
2252 2415 2328 2445 Post
2349 2415 2427 2445 haec

1367 2457 1527 2494 dormivit,
1552 2462 1582 2487 et
1605 2462 1714 2487 notum
1727 2456 1815 2498 fecit
1837 2458 1925 2498 regi,
1950 2463 1980 2488 et
2002 2457 2136 2488 ostendit
2155 2458 2203 2488 illi
2214 2458 2319 2498 finem
2344 2459 2427 2489 vitae

1366 2510 1455 2531 suae.
1481 2500 1579 2537 Quod
1594 2511 1669 2531 vero
1686 2500 1779 2531 fuerit
1802 2501 1938 2531 daemon
1957 2501 1989 2531 in
2006 2501 2109 2531 forma
2124 2501 2289 2538 Samuelis,
2309 2502 2342 2532 in
2361 2502 2424 2532 De-

1369 2544 1468 2580 cretis,
1493 2545 1610 2580 XXVI,
1635 2555 1688 2585 qu.
1705 2555 1735 2581 v,
1761 2555 1828 2585 cap.
1852 2546 1921 2575 Nec
1943 2546 2077 2583 mirum,
2098 2546 2240 2581 habetur,
2257 2556 2294 2576 ex
2316 2548 2426 2586 Augu-

1367 2588 1462 2624 stino,
1485 2589 1525 2619 de
1543 2588 1610 2619 Civ.
1627 2589 1690 2619 Dei
1703 2589 1730 2620 *.
1754 2589 1818 2619 Sub
1842 2589 1944 2620 iudice
1967 2589 2062 2629 igitur
2083 2590 2124 2620 Iis
2145 2595 2192 2620 est
2205 2589 2248 2620 **.

1038 2766 1355 2808 ARTicutus
1386 2743 1642 2816 QUINTUS

733 2866 888 2897 UTRUM
911 2865 1136 2896 DIVINATIO
1161 2824 1278 2903 QiJAE
1302 2866 1373 2896 FIT
1397 2866 1478 2896 PER
1502 2867 1642 2897 ASTRA
1667 2866 1732 2897 SIT
1756 2867 1942 2898 ILLICITA

435 2955 458 2980 1·
477 2954 534 2986 11⁸⁸,
553 2962 597 2988 qu.
615 2962 648 2984 ix,
668 2959 716 2979 art.
736 2953 759 2984 5,
779 2955 810 2980 ad
831 2953 861 2985 35
881 2954 901 2978 11
921 2954 1004 2983 Sciit„
1025 2954 1083 2978 dist.
1101 2962 1142 2984 xv,
1162 2962 1207 2986 qu.
1225 2961 1242 2983 1,
1261 2959 1308 2979 art.
1330 2954 1352 2985 3,

1373 2955 1404 2979 ad
1422 2962 1454 2986 4;
1473 2940 1510 2980 111⁷
1526 2955 1601 2980 Gont.
1624 2956 1711 2984 Gent„
1731 2963 1788 2988 cap.
1805 2963 1878 2986 cuv3
1900 2956 1940 2981 De
1958 2955 2066 2984 Sor-tib„
2086 2964 2142 2988 cap.
2161 2963 2195 2987 xv,
2215 2964 2243 2987 v,

981 2989 1020 3014 De
1039 2989 1122 3014 ludio.
1141 2990 1262 3019 Astron-,5
1279 2990 1324 3014 Aa
1345 2990 1443 3019 Galat„
1463 2997 1519 3022 cap.
1538 2997 1572 3020 rv,
1592 2990 1649 3014 lect.
1667 2997 1702 3014 1v.

299 3097 350 3134 ‘⁶⁵⁵⁵
374 3100 442 3136 sa<
466 3090 488 3115 n
508 3077 743 3120 Qumru'Msrc
771 3089 1011 3115 moeson-ua.
1031 3078 1191 3115 Videtur
1210 3078 1314 3127 quod
1339 3078 1342 3124 l

287 3120 648 3191 &Adivinatio
677 3142 775 3179 quae
802 3131 846 3167 fit
872 3143 942 3180 per
969 3138 1067 3168 astra
1096 3143 1174 3167 non
1203 3131 1248 3168 sit
1275 3131 1314 3167 il·
1340 3138 1342 3178 ζ

274 3188 321 3262 ‘'X—
343 3229 399 3262 53¹
423 3228 568 3274 tione
604 3249 804 3273 causarum
840 3237 1104 3285 praenuntiare
1138 3236 1313 3273 effectus:
1339 3234 1342 3254 ¹

255 3287 350 3326 sicut
375 3289 512 3327 medici
533 3302 577 3326 ex
605 3289 849 3338 dispositione
869 3289 1109 3337 aegritudinis
1128 3301 1316 3338 praenun-
1341 3291 1343 3327 l

255 3340 348 3378 tiant
374 3351 551 3380 mortem.
582 3342 660 3379 Sed
689 3354 851 3390 corpora
879 3342 1052 3379 caelestia
1088 3349 1175 3379 sunt
1203 3355 1316 3379 causa
1341 3334 1343 3381 ἶ

257 3405 391 3432 eorum
421 3407 518 3443 quae
546 3395 643 3432 fiunt
669 3395 707 3432 in
735 3395 810 3431 hoc
838 3395 1002 3432 mundo:
1031 3403 1072 3432 ut
1092 3395 1204 3432 etiam
1224 3395 1315 3432 Dio·
1341 3382 1343 3465 ἢ

256 3447 386 3495 nysius
406 3447 505 3495 dicit,
526 3460 562 3485 tv
581 3461 663 3497 cap.
684 3448 730 3485 de
748 3448 835 3484 Div.
855 3447 973 3485 Nom.
992 3447 1012 3469 *
1040 3449 1142 3496 Ergo
1172 3448 1316 3485 divina-

255 3500 307 3536 tio
337 3512 435 3548 quae
464 3502 507 3538 fit
534 3513 603 3550 per
630 3508 728 3538 astra
756 3512 836 3537 non
864 3507 919 3537 est
946 3500 1081 3537 illicita.
1341 3469 1345 3540 i

1423 3090 1457 3115 2.
1479 3079 1711 3126 PRAETEREA,
1738 3077 1892 3115 scientia
1919 3079 2088 3116 humana
2117 3091 2161 3115 ex
2191 3079 2426 3128 experimen-

1368 3130 1413 3168 tis
1442 3131 1626 3179 originem
1646 3131 1787 3168 sumit:
1820 3139 1862 3168 ut
1897 3139 2000 3180 patet
2026 3144 2094 3181 per
2129 3132 2425 3181 Philosophum,

413 3188 435 3229 (ρ
466 3184 575 3221 licita.
605 3182 766 3220 Licitum
797 3183 898 3220 enim
934 3191 990 3220 est
1019 3196 1064 3220 ex
1101 3183 1315 3220 considera·
1340 3180 1342 3231 ξ
1370 3183 1407 3220 in
1443 3183 1628 3233 principio
1654 3185 1869 3233 Metaphys.
1889 3184 1910 3206 '¹‘
1938 3185 2014 3222 Sed
2038 3187 2107 3233 per
2135 3185 2252 3221 multa
2285 3185 2427 3234 experi-

1370 3245 1498 3274 menta
1517 3237 1630 3286 aliqui
1650 3245 1918 3286 compererunt
1947 3250 1991 3274 ex
2011 3237 2310 3275 consideratione
2330 3237 2426 3275 side-

1371 3302 1455 3326 rum
1492 3290 1616 3338 aliqua
1653 3290 1777 3327 futura
1812 3302 1925 3339 posse
1962 3290 2171 3338 praenosci.
2209 3291 2310 3338 Ergo
2348 3303 2426 3328 non

1368 3343 1518 3380 videtur
1546 3355 1628 3379 esse
1656 3343 1822 3379 illicitum
1850 3343 1912 3379 tali
1939 3343 2169 3379 divinatione
2196 3343 2261 3379 uti.

1426 3397 1459 3432 3.
1481 3397 1713 3442 PRAETEREA,
1738 3395 1915 3432 divinatio
1944 3395 2076 3432 dicitur
2104 3407 2185 3432 esse
2221 3395 2344 3433 illicita
2371 3395 2425 3433 in-

1371 3456 1556 3496 quantum
1586 3448 1753 3485 innititur
1778 3455 1891 3497 pacto
1919 3460 2007 3485 cum
2041 3448 2293 3486 daemonibus
2321 3448 2424 3486 inito.

1373 3501 1449 3538 Sed
1469 3502 1543 3538 hoc
1562 3513 1641 3538 non
1668 3502 1710 3538 fit
1729 3501 1766 3537 in
1796 3500 2024 3538 divinatione
2044 3513 2143 3550 quae
2167 3502 2210 3538 fit
2227 3514 2296 3551 per
2315 3510 2424 3549 astra,

2454 311 2465 322 ’
2481 310 2538 338 Cap.
2552 317 2618 332 xxm.

2455 841 2466 851 ⁸
2478 839 2548 862 Num.
2564 846 2596 862 ιν.

2453 1451 2464 1462 ¹0
2477 1450 2536 1472 lbid.

2452 2374 2462 2383 ⁸
2477 2373 2542 2395 Vera.
2558 2379 2590 2401 ²3·

2453 2460 2463 2470 ι
2473 2459 2663 2512 Ιὲἲνέιᾶὗῗειῃὲἑ

2479 2518 2580 2543 agor-um
2589 2512 2663 2534 Prae-

2452 2540 2560 2587 3¹5me
2570 2564 2600 2586 de
2606 2565 2663 2586 Arte

2451 2592 2525 2618 Poet„
2539 2597 2597 2613 vers.
2613 2591 2648 2619 78.

2454 3194 2463 3203 ⁸
2479 3193 2530 3215 Lib.
2545 3195 2566 3221 Ι,
2582 3199 2631 3221 cap.
2647 3200 2663 3220 t,

2454 3225 2519 3242 num.
2529 3227 2551 3246 4.
2560 3231 2570 3236 -
2585 3219 2610 3242 S.
2618 3220 2664 3241 Th.

2453 3246 2506 3267 lect.
2521 3252 2538 3267 ι.
