2860 4238
167 336 176 345 ⁸
191 335 258 356 Vers.
274 341 293 362 ¹5
309 341 377 362 sqq.-

168 362 202 382 Cf.
222 363 226 381 Ι
246 362 309 387 σωκ,
326 367 376 388 cap.

166 394 212 411 xvi.
229 394 288 408 vers.
304 393 323 415 5.

261 415 278 439 λ

164 1130 173 1138 ·
188 1129 254 1155 Resp.
270 1128 297 1149 ad
311 1134 331 1156 3.

164 1173 173 1182 ⁸
188 1173 240 1193 Post
256 1178 295 1200 qu.
306 1177 370 1198 extu,

164 1202 204 1219 art.
219 1204 238 1219 2.

162 2176 170 2185 ⁸
183 2169 221 2195 Ps.
238 2181 258 2199 v,
274 2180 332 2196 vers.
348 2180 370 2201 7.

160 2281 170 2290 ⁸
185 2279 250 2300 Vers.
266 2285 291 2301 ιι.

163 2649 170 2655 ·
186 2647 263 2668 Exod.
273 2653 298 2668 ca
316 2662 322 2669 .
332 2653 362 2668 xx

163 2680 222 2695 vers.
243 2674 277 2699 16;
292 2654 362 2695 lilanh

163 2706 212 2727 cap.
222 2706 267 2727 xix,
275 2706 332 2721 vers.
340 2700 371 2721 18.

163 2809 173 2817 ⁸
188 2807 243 2834 Cap.
258 2814 335 2829 xxxvi.

165 3335 174 3343 ⁸
203 3333 304 3359 Μῦν-αλ,
333 3333 372 3356 lib.

165 3359 248 3385 XVIII,
269 3366 319 3387 cap.
339 3366 372 3385 ιιι,

165 3387 192 3407 al.
209 3393 244 3410 ιν,
258 3386 281 3408 in
293 3389 336 3408 vet.
348 3393 373 3408 ιι.

406 254 482 300 426
1095 249 1360 296 QUAESTlo
1396 249 1480 295 cx,

405 331 641 379 promiserat,
662 338 702 366 ut
730 330 862 366 dicitur
891 331 920 365 ΙΙ
948 330 1032 365 Cor.
1056 340 1065 364 1
1085 327 1123 363 *ε
1154 335 1189 363 et
1216 328 1290 363 hoc
1309 335 1463 375 propter
1488 331 1489 336 ’

1487 380 1489 426 ;
1517 379 1707 427 Scriptura
1735 380 1995 416 inveniuntur:
2026 379 2125 428 quia⁷
2146 379 2240 415 sicut
2269 380 2500 427 Augustinus
2521 381 2574 417 di-

1487 444 1488 447 *
1516 432 1574 476 cit,
1605 433 1642 468 in
1671 432 1765 469 libro
1794 438 1925 468 contra
1958 433 2204 479 Mendacium
2223 431 2254 476 ³¹⁶,
2276 433 2454 480 quidquid
2468 435 2576 482 figu-

1487 495 1488 522 3
1514 490 1595 521 rate
1611 486 1663 532 fit
1689 491 1755 521 aut
1781 486 1934 530 dicitur,
1964 497 2038 521 non
2074 491 2127 521 est
2158 485 2406 522 mendacium.
2447 485 2575 522 Omnis

405 384 677 432 impedimenta
706 395 802 430 quae
832 388 1128 430 supervenerant
1147 379 1171 416 λ.

457 439 515 473 Αι)
535 448 675 473 sex-rum
702 447 883 471 meantium
906 434 1013 482 quod
1044 433 1213 481 operatio
1244 433 1369 479 aliqua
1393 443 1460 480 po-

404 497 474 525 test
503 488 727 525 considerari
749 487 965 535 dupliciter:
994 498 1071 522 uno
1096 485 1226 530 modo,
1249 485 1457 521 secundum

404 542 582 590 seipsam;
604 541 675 577 alio
700 541 831 586 modo,
862 552 905 575 ex
934 546 1038 587 parte
1068 539 1270 586 operantis.
1302 539 1459 574 Menda-

404 594 502 630 cium
521 594 629 641 igitur
649 594 819 629 iocosum
846 605 890 628 ex
919 592 1000 640 ipso
1029 603 1166 638 genere
1192 591 1318 638 operis
1347 591 1460 626 habet
1486 599 1487 624 ξ

403 647 585 683 rationem
614 646 775 690 fallendi,
797 645 973 693 quamvis
1003 656 1047 680 ex
1068 643 1275 680 intentione
1304 643 1460 680 dicentis

403 712 479 736 non
518 699 661 735 dicatur
688 698 736 734 ad
765 699 991 743 fallendum,
1023 709 1092 733 nec
1127 697 1226 732 fallat
1262 709 1307 732 ex
1339 697 1457 732 modo
1485 700 1486 714 ³

402 752 559 789 dicendi.
589 752 671 787 Nec
701 759 756 787 est
780 751 900 787 simile
930 751 976 786 de
1004 749 1258 798 hyperbolicis
1286 757 1350 785 aut
1378 749 1458 796 qui-

455 882 483 914 λ)
503 885 718 914 supervenerant.
736 895 755 900 -
773 883 982 912 supervenerunt
1001 881 1047 905 Pa.

1510 249 1805 286 ARTICULUS
1835 249 1885 285 lV

1517 327 1754 375 buscumque
1774 327 1980 374 figurativis
2008 326 2274 373 locutionibus,
2294 339 2392 375 quae
2411 327 2449 364 in
2469 339 2575 364 sacra

1514 538 1612 573 enim
1633 538 1835 574 enuntiatio
1855 539 1906 574 ad
1928 538 1967 574 id
1983 539 2084 586 quod
2101 538 2269 574 enuntiat
2285 538 2483 585 referenda
2502 544 2574 575 est:

1513 602 1624 626 omne
1648 596 1771 627 autem
1789 592 1964 640 figurate
1990 596 2057 627 aut
2071 592 2223 638 factum
2247 596 2315 626 aut
2339 591 2477 627 dictum
2505 592 2576 627 hoc

1513 643 1680 679 enuntiat
1706 644 1807 691 quod
1831 644 2023 692 significat
2048 644 2100 680 eis
2127 644 2259 691 quihus
2293 644 2573 692 intelligendum

1507 696 1697 743 prolatum
1727 701 1790 732 est.

1071 958 1402 991 Commentaria
1425 958 1673 991 cardinalis
1696 958 1896 991 Caietam

429 1051 449 1070 N
473 1040 603 1071 articulo
626 1039 717 1070 tertio
741 1039 882 1070 eiusdem
913 1038 1106 1079 quaestionis
1131 1046 1205 1069 nota
1229 1039 1305 1069 duo,
1334 1038 1455 1075 Primo,
1481 1038 1482 1065 ἶ

403 1054 669 1124 Iresponsionem
694 1084 732 1114 ad
757 1083 915 1123 quintum,
939 1084 971 1113 in
995 1093 1059 1123 qua
1081 1085 1202 1114 Auctor
1226 1082 1371 1113 meminit
1394 1082 1457 1112 vir·
1481 1088 1483 1112 ζ

399 1130 473 1160 tutis
497 1128 570 1158 fidei
589 1138 686 1168 quam
708 1128 816 1158 reduci
832 1128 870 1157 ad
890 1128 1039 1158 virtutem
1062 1127 1199 1157 veritatis
1221 1127 1254 1157 in
1277 1137 1331 1167 qu.
1347 1137 1426 1156 Lxxx
1441 1126 1458 1145 *
1482 1153 1483 1161 Χ

399 1174 526 1204 dixerat.
552 1173 612 1203 Sed
635 1172 666 1202 in
691 1171 753 1202 fine
775 1172 870 1202 huius
901 1179 1048 1202 tractatus
1070 1170 1098 1206 ἦ,
1127 1171 1244 1201 scilicet
1268 1171 1305 1200 de
1329 1170 1457 1200 veritate
1482 1171 1483 1199 Ξ

399 1226 429 1249 et
451 1217 535 1247 illius
559 1216 723 1256 oppositis,
749 1226 807 1245 nos
832 1215 972 1246 dicemus
996 1215 1084 1255 quod
1102 1215 1190 1245 Deus
1213 1214 1308 1244 dabit.

454 1261 610 1297 Secundo,
635 1260 667 1290 in
691 1259 896 1299 responsione
920 1259 959 1289 ad
983 1266 1117 1295 sextum,
1141 1259 1229 1298 quod
1254 1257 1457 1288 mendacium
1482 1263 1483 1275 ¹

397 1307 543 1336 iocosum
560 1311 664 1344 potest
680 1303 845 1343 dupliciter
869 1303 967 1333 sumi:
994 1302 1109 1332 scilicet
1133 1302 1314 1338 formaliter,
1339 1309 1369 1332 et
1392 1311 1458 1331 ma·
1482 1329 1483 1344 Χ

397 1349 553 1380 terialiter.
579 1349 619 1378 Et
634 1354 764 1378 vocatur
780 1347 812 1377 in
829 1346 995 1387 proposito
1010 1346 1219 1382 materialiter,
1237 1346 1366 1386 quando
1391 1352 1458 1375 tota
1482 1359 1484 1386 Χ

397 1394 517 1424 locutio
542 1399 665 1423 tenetur
681 1391 894 1422 materialiter:
921 1391 1001 1421 sicut
1017 1401 1090 1421 cum
1110 1390 1224 1430 aliquis
1240 1397 1343 1420 narrat
1360 1399 1458 1420 unam
1483 1402 1484 1431 3

398 1438 554 1473 fabellam,
573 1436 714 1476 aperiens
731 1446 762 1465 se
781 1445 902 1465 narrare
919 1435 1077 1465 fabellam.
1097 1435 1138 1465 Et
1153 1434 1197 1465 sic
1214 1434 1319 1464 dicens
1335 1433 1458 1464 infinita
1483 1436 1484 1464 l

398 1481 560 1512 mendacia
571 1480 678 1511 iocosa
691 1479 723 1509 in
739 1480 829 1510 nullo
846 1486 964 1519 peccat,
978 1479 1003 1509 si
1019 1489 1112 1509 causa
1129 1478 1314 1515 delectandi,
1328 1478 1457 1519 quando
1483 1474 1485 1517 ζ

398 1532 523 1566 oportet
547 1532 576 1555 et
598 1524 651 1554 ubi
683 1530 817 1563 oportet,
839 1531 907 1559 etc.,
925 1523 1008 1554 dicit.
1035 1522 1199 1560 Quoniam
1224 1523 1285 1553 hoc
1307 1522 1396 1563 quod
1413 1528 1459 1552 est
1483 1523 1485 1543 ἓ

397 1570 513 1600 falsum
528 1569 628 1599 dicere
648 1578 721 1598 curn
737 1568 911 1599 intentione
932 1567 1048 1597 falsum
1073 1566 1206 1602 dicendi,
1221 1577 1286 1597 non
1303 1566 1385 1597 cadit
1400 1567 1458 1596 sub
1483 1544 1485 1595 i

397 1614 559 1644 locutione
583 1612 649 1643 eius
666 1612 725 1642 nisi
742 1612 957 1642 materialiter:
991 1618 1020 1642 et
1047 1611 1109 1641 hoc
1126 1621 1183 1641 nec
1207 1621 1243 1641 ex
1259 1611 1329 1651 ipso
1346 1620 1459 1650 genere
1484 1604 1485 1656 Χ

398 1658 501 1698 operis
525 1665 636 1688 natum
652 1664 698 1687 est
717 1656 832 1692 fallere,
853 1656 908 1686 sed
931 1655 1172 1686 delectationem
1189 1654 1300 1685 afferre
1323 1661 1457 1685 tantum.

1565 1037 1752 1069 Formaliter
1783 1045 1889 1069 autem
1919 1037 2071 1069 mentitur
2099 1037 2154 1078 qui
2185 1047 2331 1068 sermone
2364 1038 2444 1069 falso
2476 1039 2576 1071 utitur

1509 1092 1602 1112 causa
1626 1082 1818 1112 delectandi:
1843 1082 1907 1113 sive
1924 1082 2015 1118 serio,
2033 1089 2069 1112 ut
2092 1092 2165 1112 cum
2185 1082 2256 1123 quis
2280 1081 2370 1122 fingit
2383 1082 2418 1112 in
2435 1092 2494 1113 suo
2512 1093 2574 1113 ser-

1508 1136 1605 1157 mone
1629 1126 1749 1166 aliquid
1778 1126 1871 1157 alicui
1894 1126 2059 1162 accidisse,
2085 1133 2121 1157 ut
2143 1127 2315 1157 delectetur
2343 1125 2488 1157 infirmus
2519 1127 2575 1168 qui

1508 1170 1598 1201 novit
1620 1170 1722 1207 illum,
1744 1171 1888 1210 putando
1905 1171 1990 1202 illud·
2000 1180 2067 1201 esse
2081 1180 2206 1208 verum;
2231 1171 2296 1201 sive
2312 1170 2429 1207 iocose,
2450 1178 2486 1202 ut
2501 1181 2575 1202 cum

1482 1215 1483 1229 ²
1509 1214 1580 1254 quis
1603 1214 1635 1244 in
1660 1224 1719 1244 suo
1750 1224 1898 1245 sermone
1920 1215 2039 1256 aliquid
2067 1214 2158 1254 fingit
2187 1223 2222 1246 ut
2245 1215 2377 1246 delectet
2401 1215 2574 1252 audientes,

1509 1258 1573 1288 sive
1602 1259 1730 1288 credant
1752 1258 1816 1289 sive
1840 1269 1922 1295 non,
1948 1258 1979 1289 in
2005 1269 2178 1299 suspenso,
2211 1266 2368 1299 quantum
2392 1269 2429 1290 ex
2456 1269 2488 1290 se
2512 1267 2574 1297 est,

1508 1301 1690 1342 relinquens
1713 1311 1752 1332 an
1769 1312 1881 1332 verum
1905 1313 1943 1332 an
1968 1303 2085 1333 falsum
2109 1303 2206 1339 dicat;
2231 1313 2296 1343 quo
2313 1302 2348 1334 fit
2372 1310 2407 1334 ut
2425 1303 2523 1345 aliqui
2539 1314 2576 1334 ex

1508 1345 1608 1376 faceta
1631 1346 1814 1376 inventione
1838 1347 1969 1386 prolata,
1994 1347 2092 1387 aliqui
2116 1357 2153 1377 ex
2178 1347 2303 1383 credita,
2321 1354 2375 1378 aut
2397 1348 2487 1388 quasi
2511 1357 2575 1378 cre-

1509 1390 1582 1427 dita,
1602 1390 1806 1421 delectentur.
1831 1391 1872 1421 Et
1895 1401 2103 1431 quocumque
2120 1391 2237 1421 horum
2257 1392 2430 1422 modorum
2445 1392 2575 1429 accidat,

1509 1442 1555 1465 est
1579 1434 1707 1474 proprie
1731 1435 1936 1466 mendacium
1959 1435 2117 1466 iocosum.
2145 1435 2186 1466 Et
2209 1443 2366 1476 quantum
2390 1443 2437 1467 est
2459 1446 2496 1467 ex
2519 1446 2575 1467 na-

1509 1486 1579 1509 tura
1609 1478 1729 1518 operis,
1754 1486 1866 1510 natum
1890 1486 1935 1509 est
1958 1479 2083 1510 fallere:
2113 1479 2258 1521 quamvis
2290 1479 2452 1520 contingat
2485 1481 2575 1522 quod

1509 1523 1703 1563 quandoque
1720 1533 1777 1553 nec
1799 1533 1835 1554 ex
1851 1523 2026 1554 intentione
2046 1523 2188 1560 dicentis,
2205 1534 2262 1554 nec
2282 1534 2318 1555 ex
2334 1525 2433 1555 modo
2451 1523 2575 1555 dicendi

1510 1566 1605 1602 fallat,
1624 1574 1659 1597 ut
1675 1574 1761 1606 patet
1783 1567 1815 1597 in
1839 1567 1953 1598 ultimo
1978 1568 2087 1598 modo.
2112 1568 2153 1599 Et
2172 1568 2247 1609 quia
2271 1578 2308 1599 ex
2339 1575 2451 1599 natura
2470 1567 2575 1609 operis

1510 1618 1620 1641 natum
1638 1618 1683 1641 est
1707 1610 1821 1648 fallere,
1839 1611 1910 1642 ideo
1935 1611 2109 1643 formaliter
2132 1622 2277 1643 exercens
2293 1612 2372 1643 illud
2391 1619 2501 1653 peccat
2523 1622 2576 1644 ve-

1483 1659 1486 1693 }
1510 1654 1640 1685 nialiter.

1167 1816 1380 1858 ARTICU
1387 1815 1486 1858 LUS

880 1909 1052 1941 VUTRUM
1077 1908 1199 1939 OMNE
1223 1908 1484 1940 MENDACIUM

1521 1816 1794 1866 QUARTUS

1508 1909 1574 1940 SIT
1598 1908 1836 1940 PECCATUM
1859 1909 2071 1940 MORTALE

608 1988 698 2020 Supra,
717 1995 763 2019 qu.
783 1995 842 2016 Lxx,
862 1992 910 2012 art.
930 1994 961 2018 4;
981 1987 1011 2011 111
1033 1987 1115 2016 Sent„
1136 1987 1194 2011 dist.
1212 1994 1320 2016 xxxvm.
1340 1992 1387 2012 art.
1407 1994 1439 2018 4;
1460 1986 1501 2011 De
1521 1987 1584 2011 Dec.
1604 1987 1755 2018 Pmecept„
1776 1994 1831 2019 cap.
1850 1987 1883 2012 de
1906 1987 1973 2011 VIII
1988 1987 2141 2019 Praecept.‚·
2161 1988 2191 2012 In
2210 1987 2308 2013 Psalm.
2334 1988 2362 2013 V.

431 2078 492 2121 >525²
514 2081 586 2126 μς(
608 2078 631 2103 D
652 2078 824 2108 QUARTUM
843 2077 896 2102 Sic
916 2077 1156 2102 PROCEDITUR.
1177 2065 1336 2102 Videtur
1351 2065 1457 2114 quod
1482 2066 1484 2104 l

424 2105 586 2173 ’Ψᾼὲὓ
609 2131 724 2156 omne
761 2118 1002 2155 mendacium
1037 2118 1082 2154 sit
1117 2126 1316 2166 peccatum
1354 2105 1483 2164 mor-l

457 2185 537 2249 (32⁷⁴
559 2175 580 2211 (ι
609 2173 693 2209 tale.
724 2172 869 2208 Dicitur
898 2172 999 2208 enim
1029 2171 1067 2208 in
1090 2172 1229 2208 Psalm.
1250 2170 1289 2207 *ε
1318 2172 1456 2208 Perdes
1481 2170 1483 2200 l

416 2172 420 2178 ,
549 2154 572 2180 ἱ)
595 2167 601 2172 .

434 2174 466 2218 t
529 2217 532 2219 Α

417 2199 432 2230 5
507 2214 737 2261 ΨΧοηιηεε
774 2225 839 2273 qui
877 2224 1081 2272 loquuntur
1122 2225 1386 2261 mendacium:
1420 2202 1483 2269 eti

398 2280 484 2327 Sap.
515 2278 579 2315 1²⁸:
614 2278 662 2315 Os
689 2279 789 2325 quod
815 2280 990 2314 mentitur
1017 2278 1148 2314 occidit
1166 2279 1346 2314 animam.
1378 2277 1454 2314 Sed
1480 2315 1482 2319 ,

398 2331 559 2380 perditio
590 2339 625 2367 et
653 2343 756 2367 mors
785 2330 934 2366 animae
957 2343 1034 2367 non
1056 2339 1111 2367 est
1137 2331 1206 2367 nisi
1235 2343 1304 2379 per
1324 2335 1340 2351 ‘²
1368 2343 1454 2379 pec·
1480 2328 1482 2344 ⁹

399 2392 524 2421 catum
554 2385 724 2420 mortale.
755 2385 856 2430 Ergo
885 2395 1000 2419 omne
1020 2384 1265 2420 mendacium
1286 2391 1341 2420 est
1367 2396 1454 2432 pec·
1480 2387 1482 2427 ξ

400 2444 525 2473 catum
554 2437 726 2472 mortale.

454 2501 488 2526 2.
508 2490 748 2535 PRAETEREA‚
779 2501 892 2525 omne
921 2488 1026 2536 quod
1055 2496 1110 2525 est
1139 2497 1270 2525 contra
1302 2501 1455 2537 praece·
1480 2486 1482 2521 1

398 2549 508 2590 ptum
538 2541 707 2589 decalogi
737 2549 791 2578 est
818 2549 1017 2589 peccatum
1045 2542 1216 2578 mortale.
1247 2541 1323 2578 Sed
1349 2553 1455 2578 men·
1480 2540 1482 2589 ξ

400 2595 550 2632 dacium
572 2602 627 2631 est
646 2602 776 2631 contra
794 2595 869 2630 hoc
886 2601 1134 2643 praeceptum
1155 2594 1343 2642 decalogi:
1363 2594 1454 2631 Non

396 2648 535 2692 falsum
563 2647 809 2684 testimonium
838 2647 936 2684 dices
953 2647 984 2684 ²¹⁵.
1019 2648 1120 2694 Ergo
1151 2659 1266 2684 omne
1299 2648 1456 2684 menda-
1480 2681 1481 2686 ,

400 2701 499 2737 cium
527 2708 583 2737 est
609 2708 810 2748 peccatum
839 2701 1010 2737 mortale.
1480 2689 1481 2702 ’

454 2755 487 2790 3.
518 2755 755 2800 ΡΒΑΕΤΕΒΕΑ,
784 2753 1017 2800 Augustinus
1047 2752 1146 2799 dicit,
1171 2752 1208 2788 in
1239 2754 1251 2789 1
1282 2753 1327 2789 de
1346 2754 1453 2790 Doct.
1479 2741 1481 2797 l

403 2807 535 2843 Christ.
556 2805 592 2842 *ε
621 2806 746 2843 Nemo
775 2806 966 2851 mentiens,
996 2806 1032 2842 in
1062 2817 1105 2842 eo
1134 2806 1235 2853 quod
1260 2806 1452 2852 mentitur,
1479 2847 1480 2853 Χ

1510 2065 1616 2102 Nam
1645 2066 1882 2115 benignitatis
1909 2077 2042 2102 earum
2072 2078 2225 2112 merces,
2254 2078 2352 2115 quae
2378 2067 2431 2104 eis
2453 2068 2574 2116 potuit

1511 2118 1547 2155 in
1577 2123 1730 2155 aeterna
1757 2119 1833 2156 vita
1862 2119 1985 2165 tribui,
1999 2120 2212 2167 praemissa
2237 2120 2348 2168 culpa
2376 2121 2572 2168 mendacii,

1511 2171 1547 2207 in
1577 2177 1765 2208 terrenam
1795 2177 1849 2208 est
1874 2173 2214 2209 remunerationem
2242 2174 2438 2211 declinata.
2469 2175 2572 2223 Ergo

1511 2224 1622 2260 etiam
1652 2225 1894 2261 mendacium
1934 2225 2167 2272 officiosum,
2197 2227 2310 2274 quale
2345 2227 2413 2264 fuit
2447 2228 2573 2264 obste-

1509 2277 1656 2324 tricum,
1688 2277 1792 2326 quod
1820 2278 1971 2315 videtur
2005 2291 2086 2315 esse
2115 2278 2372 2327 levissimum,
2403 2287 2459 2316 est
2485 2291 2573 2329 pec-

1511 2339 1635 2367 catum
1664 2331 1833 2367 mortale.

1567 2385 1598 2420 5.
1620 2384 1852 2429 PRAETEREA,
1882 2384 2115 2431 Augustinus
2136 2385 2234 2431 dicit,
2255 2385 2291 2422 in
2321 2385 2419 2422 libro
2439 2391 2572 2424 contra

1509 2437 1754 2473 Mendacium
1774 2437 1812 2482 ²¹⁶,
1843 2437 1947 2484 quod
1972 2439 2226 2485 perfectorum
2250 2445 2493 2487 praeceptum
2519 2445 2574 2477 est

1510 2490 1662 2526 omnino
1692 2502 1765 2526 non
1798 2490 1919 2526 solum
1948 2502 2022 2527 non
2043 2488 2058 2519 β
2085 2491 2249 2536 mentiri,
2277 2492 2344 2528 sed
2379 2503 2448 2528 nec
2477 2492 2573 2530 velle

1509 2543 1669 2579 mentiri.
1707 2543 1784 2579 Sed
1811 2543 1934 2579 facere
1964 2550 2094 2580 contra
2122 2551 2368 2592 praeceptum
2402 2553 2458 2582 est
2484 2557 2572 2594 pec-

1510 2602 1636 2631 catum
1666 2596 1837 2632 mortale.
1881 2596 1982 2643 Ergo
2017 2607 2133 2633 omne
2168 2596 2413 2634 mendacium
2450 2599 2572 2647 perfe-

1511 2656 1657 2684 ctorum
1687 2655 1742 2684 est
1765 2656 1965 2696 peccatum
1990 2650 2160 2686 mortale.
2191 2650 2277 2686 Pari
2307 2661 2396 2698 ergo
2425 2652 2571 2690 ratione

1479 2705 1481 2740 ἔ
1511 2709 1546 2737 et
1574 2701 1830 2749 quorumlibet
1848 2706 1863 2728 Ὺ
1891 2701 2066 2739 aliorum:
2096 2702 2264 2751 alioquin
2284 2711 2410 2741 essent
2432 2704 2572 2753 peioris

1511 2753 1746 2791 conditionis.

1564 2807 1638 2843 SED
1667 2818 1812 2843 CONTRA
1841 2818 1907 2843 EST
1935 2808 2040 2856 quod
2069 2808 2303 2855 Augustinus
2331 2809 2440 2855 dicit,
2470 2810 2507 2847 in
2543 2810 2580 2847 V

2601 443 2611 453 ⁴
2631 442 2668 464 De
2691 442 2800 465 Menace.

2601 474 2654 496 cap.
2668 475 2689 490 v.

2597 2439 2607 2449 ·
2627 2438 2665 2460 De
2683 2438 2792 2461 Mendac-

2598 2471 2651 2493 cnp.
2664 2471 2720 2488 xm.

2696 2497 2710 2531 β

397 2865 523 2895 servat
538 2859 681 2907 fidem.-
709 2870 798 2895 nam
826 2860 897 2895 hoc
925 2859 1048 2907 utique
1074 2858 1169 2904 vult,
1201 2864 1240 2895 ut
1265 2860 1326 2895 cuz·
1353 2870 1454 2895 men·
1479 2857 1481 2895 l
1508 2860 1645 2896 Psalm.
1667 2859 1705 2896 *:
1734 2861 1822 2896 Duo
1841 2866 1928 2896 sunt
1952 2873 2095 2910 genera
2124 2862 2407 2899 mendaciorum
2434 2863 2471 2900 in
2491 2863 2571 2911 qui·
2596 2866 2607 2878 ⁶
2623 2865 2726 2894 Ver··⁷·

398 2913 485 2948 titur
492 2912 613 2959 fidem
640 2912 711 2948 sibi
735 2913 881 2957 habeat,
902 2923 1016 2960 quam
1037 2917 1159 2948 tamen
1188 2912 1224 2947 ei
1244 2912 1453 2948 mentiendo
1479 2909 1480 2971 Χ
1509 2913 1576 2949 hus
1603 2924 1677 2949 non
1707 2918 1761 2949 est
1796 2925 1939 2962 magna
1967 2915 2098 2964 culpa,
2126 2915 2193 2951 sed
2217 2920 2341 2952 tamen
2379 2927 2453 2952 non
2486 2921 2574 2953 sunt

399 2977 472 3001 non
500 2970 633 3001 servat.
678 2965 805 3001 Omnis
842 2970 966 3001 autem
992 2965 1091 3013 fidei
1116 2964 1276 3001 violator
1307 2965 1454 3013 iniquus
1479 2973 1480 3004 ξ
1507 2966 1587 3002 sine
1613 2966 1743 3014 culpa:
1772 2978 1858 3002 cum
1886 2972 1954 3003 aut
1979 2967 2162 3013 iocamur,
2187 2973 2254 3004 aut
2274 2969 2455 3016 proximo
2482 2980 2570 3007 con-

399 3023 460 3054 est.
477 3017 612 3053 Nullus
633 3025 761 3054 autem
782 3016 914 3054 dicitur
932 3017 1023 3054 fidei
1041 3018 1203 3054 violator
1221 3018 1283 3054 vel
1303 3018 1454 3067 iniquus
1479 3023 1480 3072 Χ
1506 3018 1659 3055 sulendo
1689 3020 1901 3056 mentimur.
1933 3020 2009 3057 Sed
2038 3032 2155 3057 omne
2184 3029 2384 3069 peccatum
2411 3023 2570 3060 mortale

399 3077 553 3118 propter
580 3077 780 3117 peccatum
808 3070 967 3107 veniale.
997 3071 1098 3118 Ergo
1129 3071 1273 3107 nullum
1298 3072 1454 3108 menda·
1508 3072 1622 3108 habet
1640 3084 1797 3119 gravem
1818 3073 1980 3120 culpam.
2011 3073 2114 3121 Ergo
2132 3074 2377 3111 mendacium
2396 3074 2570 3113 iocosum

401 3122 499 3158 cium
531 3129 585 3158 est
612 3129 810 3170 peccatum
837 3123 997 3159 veniale.
1241 3151 1252 3158 .
1479 3129 1480 3185 Χ
1510 3131 1545 3160 et
1573 3124 1789 3162 officiosum
1818 3137 1895 3162 non
1924 3133 2011 3162 sunt
2038 3134 2193 3174 peccata
2221 3127 2406 3164 mortalia.
2548 3159 2551 3161 ,

451 3186 488 3221 4.
510 3175 741 3220 PRAETEREA,
761 3186 906 3211 merces
927 3183 1078 3211 aeterna
1098 3188 1175 3212 non
1195 3176 1362 3224 perditur
1385 3176 1454 3212 nisi
1479 3191 1480 3226 j
1562 3178 1788 3214 Respormsso
1826 3189 2010 3215 DtCENDUM
2039 3180 2143 3227 quod
2172 3187 2372 3228 peccatum
2409 3181 2570 3218 mortale

399 3239 468 3275 pro
498 3235 652 3275 peccato
683 3227 840 3264 mortali.
872 3228 947 3264 Sed
969 3239 1037 3275 pro
1067 3228 1267 3264 mendacio
1287 3228 1455 3276 perditur
1479 3234 1481 3273 Χ
1508 3230 1659 3278 proprie
1699 3238 1754 3267 est
1789 3231 1894 3279 quod
1930 3239 2113 3280 repugnat
2149 3232 2308 3279 caritati,
2348 3245 2417 3281 per
2452 3245 2568 3281 quam

401 3292 547 3316 merces
575 3288 742 3326 aeterna,
773 3288 1005 3316 commutata
1039 3280 1076 3316 in
1105 3281 1332 3328 temporale:
1368 3281 1455 3317 dicit
1480 3290 1481 3322 ξ
1510 3282 1636 3318 anima
1654 3282 1749 3319 vivit
1776 3284 1861 3319 Deo
1889 3284 2098 3331 coniuncta,
2120 3293 2161 3322 ut
2189 3286 2331 3323 dictum
2361 3293 2417 3322 est
2436 3286 2466 3322 *.
2497 3286 2570 3322 Po-

402 3333 501 3369 enim
531 3333 735 3380 Gregorius
754 3332 774 3354 ’¹‘
803 3333 908 3380 quod
936 3333 972 3369 in
1003 3334 1304 3370 remuneratione
1340 3334 1455 3370 obste-
1480 3331 1481 3379 l
1510 3342 1580 3371 test
1599 3342 1726 3372 autem
1752 3336 1995 3374 mendacium
2015 3337 2233 3375 contrariari
2254 3338 2395 3375 caritati
2422 3338 2569 3386 triplici·

401 3386 533 3422 tricum
561 3386 799 3435 cognoscitur
817 3386 906 3433 quid
923 3386 1110 3422 mendacii
1126 3386 1234 3433 culpa
1254 3392 1453 3425 mereatur.
1480 3420 1481 3433 Χ
1509 3395 1582 3424 ter:
1612 3400 1689 3424 uno
1711 3389 1841 3434 modo,
1864 3390 2075 3427 secundum
2097 3403 2157 3436 se;
2187 3391 2262 3428 alio
2283 3391 2415 3438 modo,
2436 3403 2568 3428 secun-

455 3516 481 3547 α)
498 3523 555 3547 per.
573 3529 591 3534 -
610 3516 661 3540 Om
682 3516 774 3548 PDpL.
1481 3518 1483 3550 ξ

456 3550 479 3582 β)
500 3559 560 3575 non.
579 3565 596 3568 —
614 3551 675 3575 Om.
694 3550 904 3583 ABEFGleDK
924 3557 949 3575 et
967 3559 991 3576 a.
1481 3554 1483 3560 ¹

1563 3519 1588 3551 γ)
1609 3519 1792 3550 quorumlibet.
1810 3533 1829 3538 —
1847 3521 1963 3545 omnium
1983 3521 2028 3546 Pa.

2596 3287 2606 3296 ⁸
2622 3285 2670 3313 Qu.
2686 3291 2751 3312 xxiv,
2764 3289 2807 3308 art.

2597 3317 2630 3338 ¹²5
2655 3316 2806 3339 murman.

2595 3345 2621 3367 3:
2655 3338 2668 3351 ⁸
2687 3338 2742 3364 11²⁸.
2765 3345 2805 3367 qu.

2596 3370 2671 3391 ιιιιιι,
2686 3369 2728 3387 nn.
2741 3371 2761 3393 5.
