2860 4238
1010 214 1276 260 QUAESTIO
1306 214 1411 262 cin,
1440 215 1735 252 ARTicuLus
1767 216 1779 251 1
2398 222 2475 259 429

712 406 1124 479 QUAESTIO
1165 407 2068 463 CENTESIMAUNDECIMA

893 525 976 564 DE
1009 524 1425 565 SIMULATIONE
1458 526 1536 565 ET
1570 525 1889 566 HYPOCRISI

1086 639 1120 664 IN
1151 639 1323 669 QUATUOR
1351 639 1552 664 ARTICULOS
1581 640 1698 664 DIVlSA

310 734 499 816 DEINDE
533 723 854 761 considerandum
890 731 944 760 est
979 724 1027 760 de
1064 724 1303 761 simulatione
1333 732 1368 761 et
1476 725 1672 760 Secundo:
1703 732 1829 761 utrum
1858 725 2068 773 hypocrisis
2097 725 2142 761 sit
2169 725 2369 762 simulatio.

71 787 80 797 ·
95 786 131 808 ef.
146 792 184 814 qu.
196 786 282 812 cx,1n-

390 776 582 825 hypocrisi
600 776 631 813 ⁹⁸.

308 831 357 867 Et
386 829 483 866 circa
511 830 585 866 hoc
613 836 846 878 quaeruntur
874 836 1046 878 quatuor.

359 882 509 919 Primo:
548 890 675 918 utrum
705 882 830 918 omnis
859 881 1049 919 simulatio
1082 882 1128 918 sit
1155 889 1366 930 peccatum.

69 812 129 835 tros.
1475 803 1626 839 Tertio:
1657 811 1781 839 utrum
1812 812 2027 852 opponatur
2054 804 2211 841 veritati.

1476 882 1641 927 Quarto:
1672 889 1799 918 utrum
1829 883 1874 919 sit
1901 891 2100 931 peccatum
2130 885 2299 920 mortale.

1062 989 1379 1032 ARTICULUS
1410 990 1615 1032 PRIMUS

0 1061 7 1112 Ξ
934 1083 1089 1114 UTRUM
1113 1082 1245 1114 OMNIS
1269 1082 1504 1113 SIMULATIO
1529 1083 1594 1113 Sir
1618 1083 1854 1114 PECCATUM

931 1161 965 1186 1v
985 1161 1067 1190 Sent„
1087 1161 1145 1185 dist.
1164 1168 1215 1191 xvt,
1235 1168 1279 1193 qu.
1298 1168 1331 1191 w,
1352 1166 1398 1185 art.
1417 1168 1434 1190 1,
1454 1160 1504 1193 qu⁸
1523 1168 1546 1190 1;
1567 1161 1596 1185 In
1621 1161 1725 1190 Thr-en„
1745 1169 1801 1194 cap.
1823 1169 1858 1186 lv,

69 1357 80 1367 ⁸
94 1355 160 1378 Vero.
173 1355 209 1378 28.

69 1459 80 1470 ⁸
98 1456 134 1481 oe
152 1457 280 1483 Abraham,

70 1491 122 1515 etp.
134 1490 187 1507 vm.

71 1557 196 1587 ’νειμ

72 1935 82 1944 ·
105 1933 237 1956 commem.
258 1932 283 1954 in

129 1961 148 1981 e.
163 1958 198 1981 ad
215 1958 284 1986 Ga1.,

115 1991 167 2014 up.
182 1991 209 2014 n,
222 1991 283 2008 vm.

73 2196 209 2226 'Vei-&13-

354 1261 406 1286 Α.
428 1270 466 1287 s
493 1266 495 1268 v
520 1252 543 1278 D
571 1252 708 1280 ptumum
727 1252 780 1277 εις
809 1251 1048 1277 PROCEDITUR.
1077 1240 1236 1277 Videtur
1264 1239 1367 1288 quod

337 1286 367 1301 ”
396 1293 498 1355 ρξέη
519 1305 598 1331 non
627 1292 750 1329 omnis
779 1292 966 1330 simulatio
988 1293 1034 1329 sit
1061 1301 1273 1341 peccatum.
1304 1292 1368 1329 Di-

387 1345 441 1381 {n
462 1339 615 1383 ‘¹'citur
643 1346 744 1382 enim
774 1347 867 1382 Luc.
897 1347 961 1382 ult.
982 1345 1012 1392 ²⁸,
1044 1346 1148 1394 quod
1177 1345 1367 1382 Dominus

331 1395 336 1401 ’
365 1376 463 1431 ᾗ)
479 1392 559 1436 Xse
584 1399 705 1447 finxit
724 1404 741 1420 ‘²
769 1399 918 1449 longius
955 1399 1020 1435 ire.
1060 1399 1109 1435 Et
1141 1397 1368 1435 Ambrosius

309 1451 398 1490 dicit
420 1451 467 1488 de
485 1452 696 1499 Abraham,
717 1451 755 1488 in
774 1452 870 1488 libro
890 1452 935 1488 de
952 1451 1183 1488 Patriarchis
1201 1450 1232 1498 ⁹¹⁸,
1262 1451 1368 1499 quod

309 1505 471 1553 captiose
499 1505 719 1554 loquebatur
746 1516 832 1541 cum
855 1504 1013 1541 servulis
1041 1516 1128 1540 cum
1148 1503 1248 1550 dixit,
1274 1504 1366 1540 Gen.
1394 1524 1396 1551 3

307 1569 380 1595 xxu
398 1556 437 1594 *z
465 1558 553 1608 Ego
581 1563 618 1594 et
636 1569 747 1606 puer,
768 1557 973 1606 illucusque
995 1562 1252 1605 properantes,
1267 1562 1368 1605 post-

309 1621 423 1660 quam
451 1611 748 1655 adoraverimus,
770 1616 1003 1647 revertemur
1029 1610 1080 1646 ad
1100 1621 1178 1646 vos.
1209 1609 1368 1657 Fingere
1395 1630 1397 1654 ς

308 1670 438 1701 autem
466 1671 503 1700 et
531 1662 699 1712 captiose
727 1663 832 1712 loqui
860 1663 909 1700 ad
942 1662 1222 1700 simulationem
1257 1663 1368 1710 perti·
1395 1662 1397 1692 ἓ

308 1723 383 1754 net.
413 1717 506 1753 Non
535 1724 590 1753 est
617 1723 744 1753 autem
762 1715 777 1746 β
806 1716 1011 1753 dicendum
1031 1716 1137 1764 quod
1160 1715 1198 1752 in
1218 1715 1368 1752 Christo
1396 1748 1397 1756 ,

309 1776 348 1806 et
373 1769 412 1806 in
431 1769 626 1806 Abraham
646 1769 756 1806 fuerit
773 1777 985 1818 peccatum.
1017 1769 1118 1816 Ergo
1145 1780 1222 1805 non
1243 1768 1369 1805 omnis
1396 1770 1397 1813 l

310 1822 499 1860 simulatio
529 1829 584 1859 est
611 1829 824 1871 peccatum.

364 1886 399 1912 2.
419 1875 654 1922 PRAETEREA,
674 1876 821 1912 nullum
849 1881 1049 1923 peccatum
1080 1882 1134 1911 est
1161 1874 1262 1911 utile.
1293 1874 1370 1911 Sed
1396 1881 1397 1888 ¹

310 1927 406 1965 sicut
435 1928 693 1977 Hieronymus
723 1928 811 1965 dicit
824 1927 855 1975 ²¹⁶,
886 1927 1010 1964 utilem
1029 1927 1316 1973 simulationem,
1337 1932 1372 1964 et
1396 1933 1398 1974 ξ

311 1981 348 2019 in
377 1987 544 2029 tempore
570 1981 847 2026 assumendam,
881 1982 987 2026 Iehu‚
1016 1980 1117 2029 regis
1144 1980 1276 2026 Israel,
1303 1992 1370 2017 nos
1397 1985 1398 2026 ᾗ

310 2034 442 2071 doceat
468 2035 700 2083 exemplum,
731 2035 796 2082 qui
822 2034 1006 2082 interfecit
1037 2033 1246 2070 sacerdotes
1273 2034 1372 2070 Baal
1397 2050 1398 2059 κ

72 2093 81 2102 ·
97 2090 164 2113 Vm·
179 2090 203 2113 ¹8
217 2096 270 2119 ΜΝ·
299 2089 458 2138 fingens
476 2099 516 2124 se
536 2088 635 2124 idola
650 2087 772 2124 colere
785 2087 889 2132 velle,
907 2095 948 2123 ut
963 2087 1124 2123 habetur
1139 2087 1293 2136 lVReg.
1306 2086 1369 2123 x*.
1398 2103 1399 2133 3

311 2140 361 2177 Et
388 2140 511 2177 David
542 2141 755 2177 immutavit
767 2140 914 2188 faciem
941 2151 1049 2176 suam
1078 2151 1208 2175 coram
1237 2139 1369 2184 Achis,
1398 2139 1399 2174 3

310 2205 403 2243 tege
434 2193 545 2240 Geth,
574 2202 616 2230 ut
646 2194 808 2230 habetur
836 2194 849 2229 1
877 2194 975 2242 Reg.
1004 2204 1063 2229 xx¹
1087 2191 1118 2228 ³²³.
1153 2193 1255 2239 Ergo
1294 2204 1371 2228 non
1398 2230 1399 2245 χ

1398 2257 1399 2260 ’
1426 2256 1512 2281 cum
1540 2242 1664 2280 autem
1682 2244 1790 2291 fictio
1819 2249 1946 2280 nostra
1974 2244 2136 2291 refertur
2162 2243 2214 2279 ad
2243 2243 2409 2290 aliquam
2435 2244 2483 2280 si-

1398 2295 1399 2319 ἴ
1425 2297 1718 2347 gnificationem,
1744 2308 1817 2333 non
1846 2302 1900 2332 est
1925 2296 2174 2341 mendacium,
2196 2297 2262 2332 sed
2287 2295 2414 2344 aliqua
2429 2297 2483 2343 fi-

312 2246 437 2283 omnis
466 2246 654 2283 simulatio
685 2254 741 2283 est
767 2253 978 2295 peccatum.

367 2300 400 2336 3.
430 2300 672 2346 PRAETEREA,
712 2300 858 2336 bonum
896 2298 999 2335 malo
1037 2305 1092 2334 est
1127 2297 1369 2334 contrarium.

313 2352 351 2388 Si
382 2365 471 2400 ergo
501 2353 678 2389 simulare
707 2353 854 2389 bonum
883 2359 939 2388 est
966 2351 1129 2397 malum,
1159 2350 1337 2387 simulare
1356 2355 1371 2378 Υ

1423 1239 1538 1287 Signa
1566 1247 1694 1276 autem
1730 1240 1915 1276 exteriora
1949 1252 2027 1276 non
2065 1240 2188 1276 solum
2227 1247 2314 1276 sunt
2340 1241 2479 1287 verba,

1423 1293 1490 1329 sed
1527 1292 1640 1328 etiarn
1678 1292 1785 1328 facta.
1826 1292 1930 1329 Sicut
1967 1304 2055 1340 ergo
2090 1292 2238 1329 veritati
2276 1293 2481 1341 opponitur

1423 1345 1526 1393 quod
1555 1345 1689 1392 aliquis
1717 1357 1785 1393 per
1812 1346 1930 1381 verba
1959 1344 2142 1382 exteriora
2170 1345 2268 1382 aliud
2298 1346 2481 1393 significet

1394 1441 1396 1447 y
1422 1409 1540 1446 quam
1576 1397 1679 1446 quod
1699 1395 1712 1418 ³
1741 1398 1855 1434 habet
1888 1398 1989 1446 apud
2018 1410 2076 1444 se,
2107 1398 2212 1445 quod
2246 1399 2294 1435 ad
2323 1399 2480 1435 menda-

1423 1451 1524 1487 cium
1552 1450 1732 1498 pertinet3
1762 1450 1811 1486 ita
1840 1450 1953 1487 etiam
1977 1450 2124 1487 veritati
2144 1451 2348 1499 opponitur
2375 1452 2480 1499 quod

1423 1503 1554 1551 aliquis
1569 1515 1637 1551 per
1656 1502 1781 1550 aliqua
1801 1503 1904 1551 signa
1923 1504 2108 1540 factorum
2123 1505 2184 1540 vel
2200 1516 2326 1540 rerum
2341 1504 2480 1553 aliquid

1424 1556 1471 1593 de
1501 1567 1541 1592 se
1560 1560 1572 1577 ⁸
1602 1555 1786 1603 significet
1806 1556 2035 1592 contrarium
2065 1556 2143 1592 eius
2163 1558 2267 1605 quod
2288 1557 2325 1593 in
2346 1569 2391 1593 eo
2412 1566 2478 1605 est,

1423 1609 1529 1657 quod
1555 1608 1706 1657 proprie
1736 1608 1925 1645 simulatio
1962 1608 2106 1645 dicitur.
2144 1609 2254 1646 Unde
2292 1609 2480 1647 simulatio

1423 1661 1575 1711 proprie
1605 1669 1660 1698 est
1689 1662 1930 1698 mendacium
1960 1662 2157 1708 quoddam
2186 1662 2222 1698 in
2252 1662 2479 1700 exteriorum

1424 1714 1538 1763 signis
1578 1714 1764 1751 factorum
1804 1714 2025 1751 consistens.
2073 1715 2163 1751 Non
2201 1715 2312 1751 refert
2353 1723 2480 1752 autem

1423 1772 1551 1804 utrum
1580 1767 1714 1815 aliquis
1742 1768 1944 1804 mentiatur
1969 1767 2110 1814 verbo,
2139 1768 2201 1804 vel
2238 1779 2481 1816 quocumque

1424 1820 1497 1858 alio
1535 1820 1649 1867 facto,
1684 1827 1726 1856 ut
1761 1820 1912 1869 supra*
1941 1820 2083 1857 dictum
2120 1828 2185 1857 est.
2223 1821 2355 1868 Unde,
2394 1834 2481 1858 cum
2510 1826 2522 1871 g

1425 1885 1539 1910 omne
1569 1872 1811 1910 mendacium
1839 1873 1884 1909 sit
1903 1881 2113 1921 peccatum,
2133 1881 2175 1909 ut
2198 1885 2311 1922 supra
2329 1873 2350 1895 ’¹‘
2376 1874 2481 1911 habi·
2510 1879 2519 1887 ⁸

1425 1935 1505 1963 tum
1527 1934 1591 1973 est,
1613 1938 1851 1974 consequens
1872 1933 1927 1963 est
1955 1926 2068 1963 etiam
2089 1926 2194 1974 quod
2213 1926 2338 1963 omnis
2367 1926 2482 1964 simu-

1425 1980 1511 2016 latio
1542 1987 1596 2016 est
1623 1987 1835 2027 peccatum.

1478 2034 1536 2068 AD
1558 2044 1694 2069 pthJM
1715 2043 1812 2068 ERGO
1841 2043 2024 2068 DICENDUM
2047 2032 2162 2080 quod,
2184 2031 2278 2068 sicut
2305 2032 2480 2079 Augusti-

1426 2098 1496 2122 nus
1518 2085 1615 2132 dicit,
1636 2085 1672 2121 in
1694 2085 1789 2121 libro
1815 2085 1860 2120 de
1882 2084 2030 2125 Quaest.
2050 2085 2201 2133 Evang.
2221 2084 2252 2131 ³¹⁶,
2274 2096 2348 2120 non
2373 2097 2484 2121 omne

1426 2139 1526 2187 quod
1531 2138 1722 2187 fingimus
1740 2137 1976 2174 mendacium
1996 2143 2058 2174 est.
2089 2138 2162 2173 Sed
2188 2138 2337 2185 quando
2359 2137 2397 2174 id
2403 2139 2482 2185 fin-

1425 2192 1551 2241 gimus
1570 2191 1671 2239 quod
1696 2190 1788 2227 nihil
1812 2191 2012 2239 significat,
2033 2196 2120 2226 tunc
2147 2195 2201 2226 est
2225 2191 2482 2227 mendacium:

1398 2370 1400 2384 ι
1425 2361 1526 2399 gura
1553 2350 1729 2387 veritatis,
1760 2350 1808 2386 Et
1836 2348 2025 2396 subiungit
2044 2349 2259 2396 exemplum
2282 2348 2327 2385 de
2348 2349 2484 2396 figura-

2508 2093 2518 2103 “
2535 2092 2587 2114 Lib.
2598 2093 2628 2119 ΙΙ,
2640 2098 2678 2120 qu.
2689 2099 2720 2114 ιι.

1398 2210 1399 2227 l

1398 2261 1400 2293 l

1398 2324 1400 2364 l

1398 2388 1400 2407 ι

1398 2420 1400 2438 r

311 2405 456 2442 malum
487 2405 554 2442 erit
582 2406 741 2442 bonum.
1398 2442 1400 2452 k
1425 2403 1510 2440 tivis
1539 2402 1802 2451 locutionibus,
1822 2401 1860 2438 in
1881 2402 2017 2450 quibus
2036 2401 2186 2449 fingitur
2205 2402 2395 2449 quaedam
2425 2414 2483 2438 res

97 2460 164 2483 ‘'0¹⁸-
181 2466 196 2489 ⁹
363 2470 400 2504 4.
427 2460 669 2507 PRAETEREA,
700 2457 818 2494 Isaiae
843 2469 877 2494 111
896 2457 927 2503 ³¹⁶,
959 2464 1089 2493 contra
1108 2455 1298 2504 quosdam
1318 2455 1371 2492 di—
1398 2458 1400 2499 ὲ
1426 2468 1505 2493 non
1531 2463 1574 2492 ut
1602 2463 1790 2492 asseratur
1817 2454 1866 2491 ita
1895 2467 1992 2501 esse,
2023 2455 2091 2491 sed
2119 2466 2203 2490 eam
2233 2454 2483 2502 proponimus

311 2510 421 2547 citur:
450 2512 649 2548 Peccatum
676 2523 786 2548 suum
815 2510 926 2558 quasi
942 2510 1106 2546 Sodoma
1129 2509 1373 2557 praedicave-
1426 2516 1467 2545 ut
1495 2509 1655 2556 figuram
1684 2507 1833 2544 alterius
1866 2508 1971 2556 quod
1998 2519 2163 2544 asserere
2191 2508 2383 2544 volumus.
2423 2507 2483 2543 Sic

311 2569 416 2610 runt,
446 2577 514 2602 nec
541 2565 826 2602 absconderunt.
864 2563 940 2600 Sed
970 2562 1205 2599 abscondere
1238 2573 1372 2610 pecca·
1398 2561 1400 2607 l
1426 2561 1536 2610 igitur
1562 2559 1783 2598 Dominust
1811 2572 1850 2597 se
1865 2561 1988 2609 finxit
2008 2560 2157 2609 longius
2177 2560 2242 2605 ire,
2263 2559 2351 2607 quia
2380 2572 2483 2596 com·
2611 2568 2625 2597 ζ

310 2623 392 2654 tum
413 2617 461 2654 ad
481 2618 763 2655 simulationem
778 2616 949 2665 pertinet.
971 2617 1072 2663 Ergo
1093 2628 1171 2652 non
1185 2614 1238 2652 uti
1258 2615 1373 2651 simu·
1399 2613 1400 2617 ’
1427 2615 1553 2663 posuit
1580 2622 1727 2651 motum
1759 2625 1872 2650 suum
1906 2613 2012 2661 quasi
2039 2612 2201 2649 volentis
2234 2612 2380 2660 longius
2408 2613 2483 2660 ire,

310 2669 449 2706 latione
470 2670 659 2707 interdum
681 2678 737 2707 est
761 2668 1068 2718 reprehensibile.
1096 2669 1223 2705 Vitare
1243 2675 1371 2704 autem
1398 2670 1400 2694 ³
1428 2668 1475 2705 ad
1504 2667 1643 2715 aliquid
1663 2672 1681 2694 ’ἱ
1710 2667 1866 2714 figurate
1887 2666 2191 2713 significandum:
2222 2665 2360 2701 scilicet
2379 2666 2483 2714 quod
2607 2677 2622 2699 η

310 2730 511 2772 peccatum
540 2735 736 2771 nunquam
766 2729 822 2759 est
849 2721 1155 2770 reprehensibile.
1195 2722 1297 2768 Ergo
1326 2720 1372 2757 si·
1427 2721 1508 2769 ipse
1536 2721 1583 2756 ab
1614 2731 1747 2755 eorum
1777 2719 1853 2755 fide
1881 2720 1991 2766 longe
2021 2725 2110 2764 erat,
2131 2725 2171 2754 ut
2199 2717 2402 2765 Gregorius
2432 2718 2484 2754 di-

311 2775 469 2813 mulatio
498 2788 578 2812 non
606 2788 759 2824 semper
787 2782 843 2811 est
870 2782 1083 2823 peccatum.
1399 2808 1400 2813 ,
1428 2774 1476 2810 cit
1494 2773 1533 2818 *3
1562 2773 1635 2819 vel,
1664 2779 1706 2808 ut
1728 2771 1958 2818 Augustinus
1978 2770 2066 2807 dicit
2083 2770 2134 2809 ³¹⁰⁸.
2164 2770 2265 2817 quia,
2287 2782 2375 2806 cum
2403 2771 2484 2807 lon·
2512 2775 2636 2829 {nffffflk
2648 2775 2722 2796 xxm

98 2832 212 2859 ‘'m-¹⁴*
367 2829 442 2866 SED
462 2840 609 2866 CONTRA
637 2840 703 2865 Es‘r
726 2828 831 2877 quod
855 2827 973 2864 Isaiae
997 2838 1068 2872 xvl,
1090 2838 1204 2874 super
1231 2825 1321 2862 illud
1340 2825 1371 2872 *,
1399 2839 1400 2845 ¹
1427 2826 1508 2874 gius
1538 2837 1753 2861 recessurus
1783 2831 1879 2860 esset
1899 2823 2141 2860 ascendendo
2170 2823 2209 2859 in
2237 2823 2397 2870 caelum,
2416 2835 2485 2872 per
2513 2828 2602 2850 ”Loc-
2618 2817 2655 2849 cst-

99 2888 267 2911 oramemn.
311 2883 359 2919 In
387 2882 504 2919 tribus
531 2882 641 2919 annis
667 2890 750 2927 etc.,
781 2880 869 2917 dicit
888 2880 1025 2916 Glossa
1042 2879 1080 2915 *z
1109 2880 1155 2915 In
1176 2889 1372 2926 compara·
1427 2878 1717 2926 hospitalitatem
1733 2876 2022 2924 quodammodo
2038 2876 2265 2912 retinebatur
2283 2875 2322 2912 in
2336 2883 2484 2912 terra.—

312 2935 411 2971 tione
438 2935 600 2972 duorum
628 2935 830 2979 malorum,
851 2933 967 2969 levius
986 2937 1040 2968 est
1064 2937 1192 2980 aperte
1213 2942 1374 2979 peccare
1427 2931 1622 2968 Abraham
1642 2930 1755 2966 etiam
1775 2927 1954 2976 figurate0
1974 2929 2121 2965 locutus
2142 2928 2234 2965 est*.
2262 2928 2372 2965 Unde
2392 2930 2484 2965 Arn-
2511 2967 2522 2977 ⁸
2537 2966 2556 2987 D
2612 2931 2624 2956 θ

312 2999 427 3036 quam
454 2988 685 3025 sanctitatem
721 2986 910 3023 simulare.
951 2985 1028 3022 Sed
1057 2992 1186 3032 aperte
1214 2996 1372 3031 peccare
1399 2993 1401 3013 1
1427 2983 1605 3020 brosius*
1627 2982 1715 3020 dicit
1733 2982 1781 3019 de
1799 2982 1995 3019 Abraham
2016 2981 2120 3030 quod
2134 2981 2372 3029 prophetavit
2387 2981 2487 3030 quod
2513 2972 2633 3014 ·1„0'c.²}=it.
2700 2999 2714 3019 a

312 3052 466 3089 semper
485 3048 541 3078 est
564 3047 776 3090 peccatum.
806 3040 908 3087 Ergo
929 3037 1118 3075 simulatio
1138 3048 1291 3085 semper
1320 3044 1374 3073 est
1399 3015 1401 3084 l
1428 3037 1640 3086 ignorabat.
1670 3037 1755 3083 Ipse
1782 3035 1880 3072 enim
1907 3034 2007 3071 solus
2030 3034 2248 3082 disponebat
2264 3034 2397 3080 redire,
2418 3035 2484 3070 im-

312 3101 526 3143 peccatum.
1400 3087 1402 3145 ξ
1428 3089 1566 3126 molato
1583 3088 1693 3136 filio:
1721 3088 1786 3124 sed
1811 3088 1998 3124 Dominus
2014 3098 2084 3135 per
2101 3099 2142 3124 os
2160 3087 2238 3124 eius
2265 3087 2407 3123 locutus
2435 3092 2488 3123 est

78 3155 276 3210 ⁸33¹»me
367 3148 593 3184 RESPONDEO
613 3156 798 3183 DICENDUM
819 3144 944 3193 quod,
974 3143 1067 3180 sicut
1096 3142 1238 3179 dictum
1268 3149 1324 3178 est
1342 3141 1373 3189 *,
1401 3156 1402 3182 ῑ
1428 3142 1529 3191 quod
1545 3142 1719 3190 parabat.
1750 3141 1860 3178 Unde
1879 3148 1980 3189 patet
2004 3140 2107 3188 quod
2131 3147 2263 3177 neuter
2283 3139 2484 3176 simulavit.

313 3200 362 3238 ad
389 3200 568 3236 virtutem
595 3198 762 3236 veritatis
790 3197 951 3246 pertinet
969 3203 1011 3233 ut
1029 3195 1163 3244 aliquis
1191 3196 1305 3232 talem
1334 3207 1374 3232 se
1402 3243 1403 3249 ἵ
1481 3197 1540 3231 An
1559 3205 1748 3231 SECUNDUM
1777 3205 1960 3230 DICENDUM
1980 3193 2084 3242 quod
2104 3193 2362 3240 Hieronymus
2385 3193 2485 3240 large

313 3253 490 3290 exhibeat
517 3252 679 3289 exterius
707 3263 775 3300 per
802 3250 907 3298 signa
936 3249 1121 3286 exteriora
1158 3248 1278 3297 qualis
1308 3255 1373 3285 est.
1402 3268 1403 3287 2
1428 3248 1544 3285 utitur
1581 3247 1738 3283 nomine
1771 3246 2019 3283 simulationis
2055 3258 2124 3294 pro
2162 3256 2406 3293 quacumque
2443 3245 2486 3282 fi-

1480 3361 1506 3394 ζ)
1527 3361 1668 3386 Dominus.
1686 3374 1704 3380 -
1722 3361 1748 3385 in
1770 3360 1916 3392 Evangelio
1935 3359 2031 3383 addunt
2049 3359 2095 3383 Pa.

1481 3398 1507 3428 η)
1527 3396 1639 3429 aliquid.
1656 3409 1675 3415 —
1692 3396 1768 3420 aliud
1788 3395 1839 3419 PG.
1858 3408 1877 3413 —-
1894 3395 1943 3418 Pro
1955 3395 2085 3426 figurate,
2098 3393 2249 3426 figurative
2266 3392 2351 3426 PGpC
2370 3397 2395 3417 et
2412 3400 2437 3423 a,
2450 3392 2487 3425 fi-

1428 3432 1582 3465 gurandum
1599 3431 1665 3465 (om.
1684 3429 1902 3463 significandum)
1920 3430 1952 3453 H.

1482 3465 1505 3498 θ)
1519 3468 1648 3500 figurate.
1666 3466 1844 3498 —figurative
1863 3464 1972 3497 PDHpC
1991 3469 2015 3488 et
2034 3471 2060 3489 a.

366 3366 394 3398 α)
414 3373 441 3391 se
452 3365 550 3399 finxit.
567 3378 587 3384 -
603 3372 632 3390 se
642 3364 728 3397 fingit
745 3364 853 3393 ABEFI.
864 3363 954 3395 finxit
971 3371 999 3388 se
1017 3363 1143 3388 CDGHK.
1400 3362 1403 3426 1

368 3400 393 3434 β)
413 3401 473 3426 Non
493 3404 533 3426 est
550 3404 647 3425 autem.
666 3414 686 3419 —
705 3399 759 3424 Sed
777 3407 828 3424 non
848 3402 888 3424 est
905 3399 951 3424 Pa.

366 3437 392 3470 γ)
412 3437 547 3461 simulare.
566 3450 584 3454 —
602 3443 667 3467 ergo
686 3435 813 3459 simulare
832 3434 888 3458 Pla.

367 3471 391 3504 ὃ)
411 3472 492 3504 quod.
508 3485 527 3490 -
546 3472 606 3496 Om.
628 3471 697 3495 ΡΑα.

367 3507 390 3539 ε)
410 3507 443 3532 de
460 3514 496 3532 se.
514 3521 532 3526 —
551 3507 613 3531 Om.
632 3506 678 3530 Pa.

0 3982 11 4093 ἐν-ευ*
0 3920 10 3969 m
0 3883 7 3911 ’ω
4 3870 7 3871 =
0 3808 2 3810 ⁴
