2860 4244
898 308 1164 355 QUAESTIO
1195 308 1370 355 LXXXI,
1400 307 1696 344 ARTICULUS
1724 307 1758 343 V

245 387 440 424 ordinatur
469 386 599 434 religio
629 394 684 423 est
712 386 888 423 exhibere
924 386 1009 422 Deo
1039 385 1208 422 debitum
1237 386 1305 422 ho—

243 545 375 582 lentia:
404 545 630 594 inquantum
654 545 786 582 omnia
805 544 844 581 in
861 543 1053 581 infinitum
1077 544 1306 581 transcendit

244 651 356 688 betur
390 650 563 700 specialis
600 651 746 687 honor:
785 650 880 686 sicut
911 649 949 686 in
978 649 1091 685 rebus
1128 649 1305 686 humanis

243 703 422 741 videmus
455 703 561 751 quod
598 702 755 740 diversis
791 702 1016 739 excellentiis
1054 714 1305 750 personarum

244 756 419 794 diversus
444 757 571 793 honor
589 756 759 802 debetur,
780 755 874 792 alius
895 755 1051 804 quidem
1080 755 1188 803 patri,
1210 755 1305 791 alius

244 809 334 856 regi,
365 816 402 845 et
428 809 482 845 sic
509 808 557 845 de
581 808 672 845 aliis.
702 809 814 846 Unde
843 808 1087 845 manifestum
1117 816 1174 845 est
1201 807 1305 857 quod

243 861 372 910 religio
402 869 458 898 est
485 861 657 910 specialis
685 861 816 898 virtus.

296 918 356 952 An
389 925 527 951 ramum
563 926 662 951 ERGO
698 925 882 951 memnon
916 914 1021 963 quod
1057 925 1174 949 omne
1209 924 1305 961 opus

241 967 389 1005 virtutis
417 966 553 1005 dicitur
581 979 663 1004 esse
692 967 920 1004 sacrificium
947 967 1172 1015 inquantum
1206 965 1306 1002 ordi-

242 1027 354 1057 natur
373 1020 422 1057 ad
449 1020 522 1057 Dei
550 1021 816 1058 reverentiam.
846 1019 956 1057 Unde
977 1031 1023 1055 ex
1048 1020 1123 1056 hoc
1143 1030 1221 1054 non
1241 1019 1306 1054 ha-

73 1131 183 1160 ·¹··⁶¹·
243 1125 406 1175 imperet
439 1126 620 1164 omnibus
656 1126 737 1163 aliis
773 1125 992 1172 virtutibus,
1022 1124 1118 1161 sicut
1154 1135 1268 1172 supra
1286 1123 1306 1146 '¹‘

244 1179 387 1216 dictum
417 1187 484 1216 est.

294 1307 323 1341 γ)
342 1305 528 1332 elicientem.-
546 1305 623 1338 quasi
640 1304 677 1330 ad
695 1304 842 1330 elicientem
861 1304 878 1328 I.

479 1407 535 1423 ,ν’

239 1463 243 1468 ’
260 1455 295 1488 'in
309 1455 444 1487 articulo
467 1461 581 1496 quarto
605 1454 748 1485 eiusdem
771 1453 976 1494 quaestionis,
992 1453 1026 1483 in
1042 1453 1250 1493 responsione
1270 1454 1310 1484 ad

274 1500 462 1536 secundum,
486 1499 621 1530 dubium
645 1497 797 1534 occurrit,
821 1507 888 1539 quo
911 1504 1005 1537 pacto
1033 1507 1068 1527 ea
1092 1507 1174 1538 quae
1198 1507 1308 1528 secun-

244 1545 323 1576 dum
347 1554 439 1574 suam
463 1543 601 1584 speciem
629 1549 771 1583 spectant
794 1542 833 1572 ad
863 1542 1002 1572 divinam
1025 1541 1250 1578 reverentiam,
1275 1548 1310 1572 ut

244 1588 357 1625 oratio,
382 1588 543 1624 adoratio,
561 1594 630 1623 etc„
655 1593 797 1626 spectent
820 1587 859 1616 ad
882 1585 1070 1625 religionem
1094 1586 1237 1616 elicitive.
1269 1586 1311 1616 Et

243 1639 291 1665 est
305 1632 392 1664 satio
416 1632 504 1663 dubii
526 1631 602 1673 quia
625 1631 733 1671 religio
756 1631 790 1661 in
806 1630 978 1666 voluntate,
994 1630 1100 1670 plures
1125 1636 1232 1660 autern
1251 1630 1309 1659 hu-

237 1675 384 1709 iusmodi
412 1675 635 1717 operationum
659 1681 733 1706 sunt
762 1680 849 1705 actus
872 1673 999 1704 alterius
1021 1674 1181 1714 potentiae
1212 1684 1309 1715 quarn

241 1721 433 1753 voluntatis:
458 1719 560 1751 oratio
584 1718 669 1750 enim
692 1725 739 1749 est
761 1725 848 1749 actus
871 1717 1056 1755 intellectus,
1073 1725 1130 1748 etc.

51 1691 55 1695 ’
82 1698 98 1722 Ὗ

47 1829 51 1831 ἡ
73 1802 216 1855 ξ’·εῖῃι·
244 1809 352 1846 tentia,
375 1815 412 1840 ut
435 1808 548 1840 dicitur
563 1808 596 1838 in
619 1808 659 1838 de
679 1807 789 1838 Somn.
806 1812 837 1838 et
857 1807 952 1848 Vigil.
969 1807 1000 1843 *3
1031 1813 1061 1837 et
1082 1807 1186 1837 multo
1210 1805 1311 1845 magis

239 1853 389 1885 eiusdem
411 1852 453 1883 sit
474 1852 600 1883 habitus
623 1857 655 1883 et
677 1858 782 1888 actus3
815 1861 852 1882 ac
875 1860 930 1891 per
954 1852 1016 1882 hoc
1039 1858 1126 1882 actus
1150 1850 1312 1890 religionis

239 1897 496 1934 &voluntaria
521 1896 611 1928 cuius
641 1903 688 1927 est
718 1895 845 1926 habitus
867 1895 936 1936 ipsa
959 1895 1086 1935 religio:
1117 1895 1149 1925 in
1174 1895 1311 1935 assigna-

242 1942 333 1974 aene
354 1949 463 1973 tamen
486 1940 692 1982 propriorum
714 1947 844 1971 actuum
868 1947 1011 1980 respectu
1034 1939 1158 1970 virtutis
1181 1949 1247 1969 non
1267 1945 1311 1970 at—

243 2031 318 2062 'tims
334 2029 472 2061 habitus.
497 2030 570 2060 Hoc
589 2036 645 2066 est,
662 2029 752 2069 quod
767 2028 875 2059 virtuti
894 2028 1110 2060 attribuuntur
1132 2034 1168 2058 ut
1191 2027 1311 2068 proprii

246 2081 335 2106 aetus
357 2084 423 2105 non
447 2073 553 2104 solum
570 2073 595 2104 si
612 2072 754 2104 eiusdem
773 2073 835 2104 sint
850 2073 1010 2113 potentiae
1025 2072 1058 2103 in
1075 2082 1139 2113 qua
1155 2079 1202 2103 est
1224 2072 1312 2102 habi-

243 2125 298 2151 tus
311 2118 445 2154 virtutis,
458 2118 512 2148 sed
529 2118 624 2149 etiam
639 2124 727 2148 actus
743 2117 877 2148 aliarum
893 2117 1117 2157 potentiarum,
1132 2117 1311 2147 dummodo

246 2251 407 2293 siquidem
429 2251 577 2292 proprius
601 2257 688 2282 actus
712 2256 759 2281 est
781 2260 847 2281 non
871 2250 978 2281 solum
1001 2250 1080 2281 velle
1097 2250 1226 2280 reddere
1247 2249 1312 2280 cui-

248 2306 312 2338 que
335 2305 442 2332 suum,
467 2296 522 2326 sed
545 2294 689 2326 exteriori
713 2301 785 2325 actu
810 2295 938 2325 reddere
962 2295 1050 2336 quod
1073 2304 1168 2324 suurn
1194 2300 1257 2330 est;
1282 2300 1313 2324 et

247 2340 392 2372 similiter
406 2339 578 2371 iniustitiae
594 2346 682 2370 actus
698 2346 745 2370 est
758 2339 880 2369 auferre
895 2339 1045 2370 alienum.
1070 2337 1313 2378 Temperantiae

248 2391 381 2427 quoque
397 2390 485 2415 actus
502 2390 549 2414 est
571 2393 637 2414 non
654 2383 760 2414 solum
776 2383 1000 2424 concupiscere
1016 2383 1178 2414 moderate
1193 2382 1312 2417 cibum,

283 2764 309 2793 χ
336 2768 345 2791 2
366 2768 373 2794 ι,
390 2772 437 2798 „fr
460 2759 483 2785 D
504 2758 667 2790 Qum‘rum
687 2758 740 2784 sm
761 2757 999 2784 paocamrua.
1029 2746 1188 2783 Videtur
1208 2745 1313 2794 quod

280 2803 367 2854 ''si'iffi
382 2789 433 2847 ἰὴ
461 2800 592 2848 religio
613 2799 659 2837 sit
675 2799 796 2837 virtus
823 2798 1048 2847 theologica.
1085 2799 1186 2836 Dicit
1211 2798 1313 2835 enim

39 2851 41 2853 “
79 2865 81 2868 -
109 2856 145 2874 ιιι.
401 2841 424 2862 '¹
448 2852 453 2857 ”

250 2959 410 2998 virtutes
428 2958 678 3006 theologicae.
708 2958 786 2995 Sed
804 2958 944 2994 cultum
963 2959 1046 2994 Deo
1069 2957 1212 3007 afferre
1229 2969 1314 3006 per-

252 3012 346 3050 tinet
382 3011 431 3049 ad
466 3011 690 3061 religionem
717 3011 748 3048 ²⁸.
792 3011 894 3058 Ergo
933 3010 1062 3058 religio
1104 3018 1159 3047 est
1194 3009 1313 3046 virtus

251 3064 478 3113 theologica.

307 3130 342 3155 2.
369 3119 611 3164 PRAETEREA,
641 3117 760 3154 virtus
797 3116 1011 3164 theologica
1048 3115 1182 3153 dicitur
1214 3127 1313 3164 quae

251 3172 367 3209 habet
395 3172 524 3208 Deum
556 3183 627 3220 pro
656 3170 819 3207 obiecto.
859 3169 1006 3217 Religio
1036 3177 1165 3206 autern
1199 3169 1315 3206 habet

251 3225 380 3262 Deum
417 3236 488 3273 pro
516 3223 688 3261 obiecto:
731 3222 822 3271 quia
850 3222 899 3260 ad
935 3223 1059 3260 solum
1096 3223 1225 3260 Deum
1254 3234 1314 3259 or·

251 3277 376 3324 dinat,
413 3283 454 3314 ut
482 3276 626 3314 dictum
655 3283 711 3314 est
727 3276 759 3313 ²¹⁸.
803 3277 905 3324 Ergo
944 3275 1072 3324 religio
1112 3282 1168 3313 est
1194 3275 1314 3312 virtus

251 3330 480 3378 theologica.

250 3408 258 3412 -
308 3385 343 3421 3.
363 3384 598 3430 PRAETEREA,
619 3382 744 3420 omnis
767 3382 887 3419 virtus
911 3382 975 3419 vel
1003 3390 1060 3419 est
1086 3381 1312 3429 theologica,

47 3423 62 3429 ᾗ
110 3438 224 3462 amm,
250 3437 314 3474 vel
343 3435 613 3483 intellectualis,
639 3436 702 3473 vel
730 3434 898 3482 moralis,
925 3442 968 3472 ut
992 3447 1038 3472 ex
1057 3433 1314 3483 supradictis*

52 3462 94 3489 33
107 3464 146 3488 ql!-
160 3465 224 3488 ΠΗ,

245 451 393 477 norem.
423 440 561 476 Honor
589 447 716 476 autern
745 440 905 476 debetur
933 437 1042 475 alicui
1071 438 1213 474 ratione
1244 451 1305 475 ex·
1331 452 1332 464 ¹

245 493 448 530 cellentiae.
485 494 570 530 Deo
599 499 726 529 autem
757 491 938 540 competit
965 491 1161 538 singularis
1187 492 1306 527 excel·
1331 491 1332 495 ’

243 599 456 636 secundum
491 598 759 635 omnimodum
789 607 999 634 excessum.
1038 596 1149 633 Unde
1180 597 1213 632 ei
1242 597 1305 633 de-
1331 626 1332 635 ,

243 1073 356 1110 betur
374 1073 480 1122 quod
509 1073 636 1121 religio
665 1073 711 1110 sit
738 1073 922 1121 generalis
947 1072 1077 1119 virtus,
1107 1071 1176 1108 sed
1201 1071 1305 1119 quod
1331 1094 1333 1104 ι

298 1765 351 1796 Ad
373 1765 435 1796 hoc
459 1764 573 1795 dicitur
596 1763 694 1804 quod,
714 1763 787 1793 licet
809 1763 876 1793 eius
896 1762 936 1793 sit
958 1769 1045 1795 actus
1069 1762 1160 1793 cuius
1185 1768 1231 1793 est
1253 1771 1311 1802 po·
1335 1771 1337 1778 ·

242 1986 386 2019 'tenditur
402 1985 448 2016 sic
470 1985 616 2016 identitas
635 1985 796 2025 potentiae
820 1983 898 2025 quin
914 1984 1014 2024 magis
1031 1984 1210 2014 attendatur
1224 1983 1312 2014 iden·
1336 2018 1338 2030 ι

243 2166 321 2195 non'
335 2172 392 2203 per
414 2162 509 2194 'aliam
533 2162 683 2193 virtutem
706 2162 779 2192 illos
805 2161 946 2192 eliciant:
971 2168 1007 2192 ut
1029 2168 1115 2202 patet
1136 2161 1169 2191 in
1191 2161 1312 2191 actibus
1337 2164 1338 2171 ¹

244 2207 394 2243 iustitiae,
418 2206 653 2247 temperantiae,
678 2213 709 2237 et
732 2205 957 2246 oppositorum
979 2206 1142 2237 vitiorum.
1174 2205 1312 2235 Iustitiae
1338 2210 1339 2231 1

308 2855 315 2861 ”
334 2852 385 2887 ’π
406 2859 433 2901 ’,ἢ
462 2853 709 2901 Augustinus,
738 2853 776 2889 in
802 2852 997 2890 Enchirid.
1017 2851 1050 2899 ²¹⁶,
1079 2852 1186 2901 quod
1210 2853 1314 2888 Deus
1338 2855 1340 2869 ‘

423 2900 598 2943 colitur
613 2906 708 2954 fide,
735 2917 800 2954 spe
827 2911 863 2941 et
889 2905 1059 2950 caritate,
1089 2917 1188 2953 quae
1227 2911 1314 2941 sunt
1339 2903 1341 2913 ¹

2346 306 2411 341 181

1412 388 1470 422 AD
1494 397 1683 422 SECUNDUM
1707 396 1890 422 menmium
1911 384 2014 432 quod
2041 383 2182 429 omnia,
2204 383 2416 419 secundum

1361 439 1465 487 quod
1493 438 1531 474 in
1558 437 1717 486 gloriam
1746 437 1819 474 Dei
1846 438 1952 483 fiunt,
1983 436 2171 485 pertinent
2199 435 2247 472 ad
2273 436 2419 482 religio-

1361 503 1449 527 nem
1479 503 1558 527 non
1587 491 1694 539 quasi
1722 491 1770 527 ad
1795 490 2017 535 elicientem,
2047 489 2115 526 sed
2134 488 2241 538 quasi
2271 489 2318 525 ad
2348 489 2416 524 im-

1358 551 1567 592 perantem.
1599 544 1662 580 Illa
1682 551 1808 580 autem
1838 543 2025 592 pertinent
2045 542 2093 579 ad
2114 541 2333 589 religionem
2355 542 2418 577 eli—

1361 596 1522 632 cientem
1542 601 1558 624 Υ
1586 608 1684 644 quae
1709 597 1920 633 secundum
1950 596 2135 632 rationem
2164 606 2255 631 suae
2280 594 2418 642 speciei

1359 648 1547 697 pertinent
1575 649 1623 685 ad
1653 649 1904 685 reverentiam
1934 649 2018 685 Dei.

1413 703 1472 737 An
1500 713 1660 738 TERTIUM
1692 702 2007 750 D1CENDUM'quod
2045 700 2239 737 obiectum
2277 699 2418 736 amoris

1360 760 1416 790 est
1443 754 1610 790 bonum:
1648 753 1838 791 obiectum
1875 762 2003 791 autem
2039 753 2194 790 honoris
2221 754 2284 789 vel
2313 765 2419 789 reve-

1361 806 1504 842 rentiae
1529 814 1584 842 est
1611 806 1753 854 aliquid
1783 808 1979 843 excellens.
2010 806 2166 843 Bonitas
2195 813 2321 842 autem
2347 805 2420 842 Dei

1360 859 1666 895 communicatur
1695 867 1908 906 creaturae,
1938 872 2017 896 non
2046 867 2172 896 autem
2202 858 2420 895 excellentia

1360 911 1537 948 bonitatis
1567 912 1657 948 eius.
1689 913 1737 948 Et
1766 912 1852 949 ideo
1884 913 2016 949 caritas
2036 925 2112 961 qua
2132 911 2293 959 diligitur
2315 913 2420 948 Deus

1360 976 1439 1001 non
1475 972 1530 1000 est
1556 964 1675 1000 virtus
1714 965 1884 1001 distincta
1917 977 1940 1001 a
1968 965 2118 1001 caritate
2147 977 2234 1013 qua*
2260 964 2421 1012 diligitur

1360 1016 1576 1065 proximus:
1620 1017 1750 1064 religio
1780 1025 1925 1064 autem,
1955 1029 2031 1065 qua
2064 1019 2274 1054 honoratur
2301 1019 2419 1064 Deus,

1361 1070 1599 1118 distinguitur
1627 1083 1649 1106 a
1681 1070 1882 1107 virtutibus
1920 1071 2057 1118 quibus
2086 1071 2298 1106 honoratur
2334 1082 2420 1118 pro-

1360 1135 1497 1160 ximus.

917 1375 1252 1407 Commentaria
1274 1374 1527 1408 Cardjnalis
1548 1374 1751 1407 Caietam

1362 1453 1417 1483 sed
1441 1453 1535 1484 etiam
1559 1452 1692 1483 exterior
1716 1452 1858 1493 sumptio
1882 1453 2060 1487 moderata;
2093 1458 2123 1482 et
2146 1451 2289 1482 similiter
2311 1452 2424 1483 intem-

1361 1497 1521 1538 perantiae
1538 1503 1584 1527 est
1607 1496 1740 1527 exterior
1762 1495 1895 1532 luxuria,
1911 1503 1968 1527 etc.
1993 1496 2086 1527 Ratio
2103 1503 2210 1526 autem
2225 1506 2322 1536 quare
2337 1503 2424 1527 actus

1361 1541 1519 1572 inferioris
1542 1541 1702 1581 potentiae
1729 1541 1940 1572 attribuantur
1963 1540 2118 1581 superiori
2141 1541 2302 1581 potentiae
2325 1541 2424 1581 impe-

1362 1585 1459 1615 rative
1483 1592 1618 1620 tantum,
1642 1584 1763 1615 habitui
1782 1595 1857 1615 vero
1881 1585 1914 1614 in
1936 1584 1989 1614 illa
2013 1584 2173 1624 superiore
2197 1585 2339 1624 potentia
2362 1585 2424 1615 exi-

1363 1629 1456 1660 stenti
1480 1629 1622 1665 elicitive,
1648 1636 1694 1659 est
1716 1628 1791 1668 quia
1807 1628 1948 1669 potentia
1964 1628 2114 1668 importat
2130 1629 2322 1668 principium
2338 1637 2424 1659 actus

1363 1674 1471 1714 quoad
1494 1673 1703 1704 substantiam
1726 1679 1829 1709 actus,
1859 1672 1984 1703 habitus
2009 1678 2114 1702 autem
2138 1673 2289 1712 importat
2311 1673 2426 1714 princi-

1363 1717 1454 1758 pium
1479 1725 1566 1748 actus
1590 1714 1698 1757 quoad
1721 1716 1907 1757 qualitatem
1931 1716 2082 1747 eiusdem.
2116 1716 2295 1747 Substantia
2318 1724 2424 1748 autem

1363 1768 1468 1798 actus,
1492 1761 1552 1792 nisi
1581 1760 1773 1802 principium
1801 1761 2023 1801 imperfectum
2054 1760 2109 1796 sit,
2134 1761 2172 1791 ab
2204 1771 2269 1791 uno
2301 1768 2424 1791 tantum

1363 1806 1493 1846 proprio
1517 1816 1553 1836 ac
1581 1805 1727 1846 proximo
1759 1805 1914 1845 principio
1944 1804 2076 1835 elicitive
2100 1811 2163 1835 est:
2195 1805 2328 1845 qualitas
2351 1815 2425 1835 vero

1364 1850 1507 1881 eiusdem
1530 1850 1569 1880 ab
1593 1856 1740 1880 extraneo
1764 1849 1859 1880 etiam
1883 1849 2039 1889 principio
2062 1856 2215 1890 tanquam
2239 1859 2257 1879 a
2280 1849 2425 1889 proximo

1363 1894 1496 1926 elicitive
1521 1904 1588 1924 esse
1611 1900 1733 1934 potest,
1758 1894 1834 1934 quia
1863 1894 2008 1924 accidens
2038 1893 2105 1923 eius
2130 1900 2176 1924 est
2198 1893 2425 1930 adventitium,

1364 1939 1530 1979 multiplex
1553 1945 1584 1969 et
1603 1938 1761 1969 variabile.
1786 1941 1884 1969 Actus
1900 1938 1995 1977 igitur
2010 1937 2103 1968 multi
2120 1937 2296 1969 exteriores.
2322 1945 2356 1971 ut
2379 1948 2426 1968 sa-

1365 1983 1488 2020 crificia,
1513 1982 1744 2018 caeremoniae;
1768 1989 1798 2013 et
1821 1982 1984 2013 interiores
2001 1982 2133 2012 aliarum
2150 1982 2375 2022 potentiarum,
2392 1989 2427 2013 ut

1364 2028 1482 2064 oratio;
1508 2034 1582 2058 sunt
1604 2027 1733 2067 proprii,
1753 2026 1928 2057 immediati
1952 2033 1983 2057 et
2005 2026 2137 2057 elicitive
2153 2033 2241 2056 actus
2256 2026 2426 2066 religionis,

1365 2072 1511 2113 quamvis
1542 2072 1604 2102 sint
1626 2071 1810 2111 imperative
1832 2077 1957 2101 tanturn
1981 2077 2068 2101 actus
2091 2070 2282 2107 voluntatis,
2307 2071 2340 2100 in
2363 2081 2426 2111 qua

1365 2123 1412 2147 est
1434 2116 1605 2147 subiective
1628 2115 1748 2156 religio.
1782 2115 1822 2145 Et
1845 2115 1947 2145 simile
1971 2122 2016 2145 est
2043 2121 2186 2154 respectu
2211 2114 2344 2145 aliarum
2367 2115 2427 2145 vir-

1364 2168 1470 2192 tutum
1492 2167 1522 2190 et
1544 2160 1711 2190 vitiorum:
1736 2166 1772 2190 ut
1794 2166 1880 2200 patet
1902 2159 1933 2189 in
1959 2159 2110 2199 exemplis
2134 2158 2224 2189 datis.

1424 2205 1458 2235 ln
1489 2204 1696 2245 responsione
1726 2204 1766 2234 ad
1794 2204 1921 2234 tertium
1953 2203 2095 2234 eiusdem
2129 2202 2269 2239 articuli,
2303 2203 2427 2234 adverte

1366 2250 1455 2290 quod
1478 2251 1599 2279 Auctor
1622 2249 1737 2279 iterum
1761 2248 1870 2278 asserit
1893 2247 2109 2278 excellentiam
2133 2247 2257 2277 divinae
2280 2247 2428 2278 bonitatis

1366 2304 1432 2324 esse
1457 2293 1618 2323 obiectum
1642 2292 1809 2333 religionis,
1835 2302 1870 2323 ac
1893 2302 1948 2333 per
1972 2292 2034 2322 hoc
2057 2292 2162 2322 Deum
2179 2301 2245 2322 esse
2267 2292 2428 2323 obiectum

1353 2337 1527 2378 ·religionis
1537 2337 1570 2379 2¹².

1037 2516 1355 2559 ARTICULUS
1385 2514 1642 2566 QUINTUS

868 2601 1025 2632 UTRUM
1049 2600 1226 2631 RELlGlo
1249 2601 1316 2631 Sir
1340 2599 1498 2631 vmrus
1521 2599 1812 2630 THEOLOGICA

513 2677 545 2702 111
564 2677 646 2706 Sent„
667 2676 726 2701 dist.
743 2683 777 2707 rx,
797 2683 842 2708 qu.
860 2683 876 2706 ι,
896 2680 943 2700 art.
966 2683 987 2706 1,
1007 2674 1057 2708 qu*
1077 2674 1107 2705 3;
1127 2675 1169 2700 De
1185 2674 1291 2704 Vir-tut„
1311 2681 1357 2707 qu.
1374 2682 1392 2705 1,
1411 2679 1458 2699 art.
1481 2681 1520 2703 12,
1539 2674 1570 2698 ad
1593 2681 1620 2698 11
1631 2681 1638 2704 ;
1659 2673 1688 2698 In
1710 2673 1785 2699 Boet.
1805 2673 1837 2698 de
1860 2670 1942 2703 Trin‘„
1963 2681 2008 2706 qu.
2026 2681 2062 2703 111,
2082 2679 2129 2700 art.
2151 2681 2174 2698 2.

1368 2752 1424 2781 est
1450 2744 1569 2781 virtus
1598 2744 1876 2781 intellectualis:
1913 2743 2002 2792 quia
2032 2743 2112 2780 eius
2140 2744 2322 2792 perfectio
2351 2756 2430 2780 non

1368 2797 1570 2835 attenditur
1589 2797 1801 2834 secundum
1823 2796 2166 2834 considerationem
2194 2796 2287 2834 veri.
2319 2797 2429 2833 Simi-

1367 2851 1448 2887 liter
1478 2850 1591 2887 etiam
1630 2862 1709 2887 non
1749 2858 1804 2887 est
1838 2850 1958 2887 virtus
1995 2849 2168 2895 moralis,
2199 2849 2304 2886 cuius
2341 2862 2429 2898 pro-

1367 2903 1494 2952 prium
1532 2911 1588 2939 est
1619 2910 1748 2939 tenere
1784 2903 1956 2940 medium
1994 2902 2089 2939 inter
2117 2903 2354 2950 superfluum
2394 2910 2430 2939 et

1369 2956 1619 2993 diminutum:
1660 2968 1738 2992 non
1776 2955 1877 2992 enim
1911 2955 2043 3004 aliquis
2078 2962 2203 3004 potest
2236 2955 2428 3003 superflue

1367 3009 1496 3046 Deum
1526 3009 1662 3055 colere,
1694 3008 1905 3045 secundum
1934 3008 2026 3045 illud
2044 3008 2160 3045 Eccli.
2186 3007 2327 3045 xt111*:
2356 3010 2428 3045 Be-

1368 3062 1576 3099 nedicentes
1593 3062 1816 3109 Dominum,
1845 3061 2007 3103 exaltate
2033 3061 2137 3098 illum
2162 3067 2343 3110 quantum
2360 3073 2428 3110 po-

1367 3115 1483 3152 testis.-
1519 3115 1644 3152 maior
1671 3115 1771 3152 enim
1807 3120 1862 3151 est
1887 3115 1993 3152 omni
2018 3114 2139 3151 laude.
2178 3115 2280 3162 Ergo
2319 3114 2428 3151 relin-

1368 3167 1495 3218 quitur
1523 3168 1628 3217 quod
1656 3168 1703 3204 sit
1728 3167 1848 3205 virtus
1876 3167 2100 3216 theologica.

1423 3221 1496 3258 SED
1526 3232 1672 3258 CONTRA
1700 3232 1766 3258 EST
1794 3221 1898 3270 quod
1926 3221 2079 3270 ponitur
2106 3233 2193 3269 pars
2221 3219 2381 3257 iustitiae
2395 3219 2426 3268 ²⁸,

1369 3286 1466 3324 quae
1498 3281 1553 3311 est
1579 3274 1699 3311 virtus
1727 3273 1893 3311 moralis.

1422 3328 1647 3365 Responmzo
1677 3339 1861 3365 mcaNDUM
1889 3326 2005 3376 quod,
2032 3326 2126 3364 sicut
2154 3325 2296 3363 dictum
2326 3333 2381 3362 est
2395 3325 2426 3373 ²²²,

1369 3380 1496 3429 religio
1517 3388 1582 3421 ests
1596 3392 1695 3430 quae
1715 3381 1799 3417 Deo
1820 3380 1989 3417 debitum
2019 3379 2159 3416 cultum
2189 3378 2307 3415 affert.
2341 3379 2426 3415 Duo

1368 3434 1478 3482 igitur
1504 3434 1543 3470 in
1571 3433 1752 3482 religione
1782 3433 2078 3470 considerantur.
2111 3432 2242 3469 Unum
2271 3431 2427 3480 quidem

44 3489 92 3546 ῥ’·
251 3497 368 3539 patet.
406 3489 655 3527 Manifestum
689 3495 744 3525 est
771 3495 899 3524 autem
928 3487 1034 3536 quod
1072 3487 1200 3535 religio
1235 3499 1313 3524 non
1340 3505 1343 3535 l
1369 3487 1474 3536 quod
1503 3487 1630 3534 religio
1655 3487 1740 3523 Deo
1768 3486 1886 3533 affert,
1917 3486 2036 3522 cultus
2065 3484 2203 3522 scilicet
2223 3489 2260 3521 ²:
2291 3491 2327 3521 et
2354 3485 2427 3521 hoc

303 3608 330 3641 α)
350 3609 437 3634 cultus
455 3608 563 3634 scilicet.
576 3621 594 3627 —
611 3608 711 3633 cultum
730 3606 830 3632 scilicet
849 3607 905 3636 ΙεΚ,
925 3607 1024 3632 cunum
1045 3607 1083 3636 Η,
1102 3607 1202 3632 scilicet
1226 3607 1312 3632 cultus
1331 3606 1520 3639 PDGLpCst
1540 3611 1565 3630 et
1584 3614 1609 3630 a.

2456 2327 2466 2336 ⁸
2480 2325 2516 2348 Cf.
2527 2330 2569 2348 art.
2581 2332 2666 2354 praec..

2456 2352 2586 2374 Commem.

2455 3016 2464 3024 ¹·
2479 3014 2545 3036 Vers.
2561 3020 2593 3043 33.

2455 3227 2464 3237 ”
2479 3225 2516 3247 Cf.
2531 3231 2570 3253 qu.
2584 3231 2652 3246 Lxxx.

2456 3332 2465 3341 ⁸
2479 3331 2530 3353 Art.
2546 3337 2565 3357 2,
2578 3338 2601 3356 4.
