2860 4244
14 843 15 846 η
52 809 262 853 wernoni-nestor,

26 890 30 891 ⁷
51 853 114 903 ἒξ
128 852 262 906 1322&
289 844 431 889 stultus,
451 843 542 892 quia
560 843 828 880 discretionem
849 855 926 880 non
947 843 1133 888 adhibuit,
1162 848 1198 878 et
1216 842 1253 878 in
1273 841 1355 878 red-

31 931 63 950 l‘·
75 931 146 954 hdie.
161 937 212 959 etp.
229 936 253 952 x1

50 964 111 982 ven.
126 964 162 986 29.

47 1057 63 1095 ’ξ
75 1058 105 1081 n.
119 1058 171 1087 9⁶2.

50 1227 55 1231 ·
74 1215 104 1239 D.
117 1222 175 1239 ιοοι.

62 3411 75 3424 ⁸
86 3410 158 3435 Num.
169 3418 195 3435 ιι.

3 3442 41 3472 '⁴st
62 3456 74 3468 ⁸
84 3455 156 3480 Num.
170 3463 202 3479 tv.

61 3497 74 3510 ·
85 3496 156 3520 Num.
170 3504 192 3520 v.

24 3531 26 3534 ⁴
63 3523 85 3535 ‘⁸
97 3523 168 3546 Nam.
181 3531 197 3546 x

27 3550 30 3554 '
62 3550 73 3560 ”
87 3549 157 3573 Num.
168 3556 201 3573 xx.

913 236 1181 283 QUAESTIO
1211 236 1460 284 LXXXVIII,
1488 235 1784 290 ARTICULUS
1815 236 1846 272 ΙΙ

289 325 383 364 tum,
402 316 442 353 in
460 328 537 365 quo
568 329 646 354 non
674 324 761 353 sunt
780 315 1033 353 observanda.
1064 316 1112 351 Et
1140 315 1192 351 sic
1221 315 1355 352 accidit

290 370 328 407 in
356 377 448 406 voto
479 370 621 418 Iephte,
648 369 723 418 qui,
743 377 785 406 ut
813 368 945 406 dicitur
971 367 1091 404 Iudic.
1120 379 1155 404 XI
1174 367 1205 415 *,
1225 374 1352 404 votum

290 423 392 460 vovit
409 423 587 468 Domino,
608 423 754 459 dicens:
783 422 826 458 Si
851 421 1047 458 tradideris
1055 420 1161 468 filios
1187 422 1352 457 Ammon

290 476 327 512 in
356 487 492 512 manus
519 487 635 520 meas,
655 475 880 523 quicumque
897 474 1047 522 primus
1074 485 1246 522 egressus
1262 475 1353 521 fue-

290 529 340 565 rit
365 529 411 565 de
417 528 573 576 foribus
599 528 733 564 domus
751 539 859 563 meae
885 527 1050 575 mihique
1072 527 1280 562 occurrerit
1297 538 1353 562 re-

289 581 448 618 vertenti
481 581 518 617 in
541 592 655 629 pace,
686 591 771 616 eum
800 579 961 629 offeram
989 579 1247 615 holocaustum
1275 580 1354 615 Do-

289 635 404 671 mino.
435 634 522 670 Hoc
550 632 653 669 enim
671 630 685 654 δ
713 639 861 680 poterat
895 632 1040 668 malum
1079 639 1258 667 eventum
1288 632 1354 667 ha-

290 687 392 734 bere,
413 685 443 723 si
462 692 677 722 occurreret
705 684 739 721 ei
768 684 922 732 aliquod
942 684 1081 721 animal
1110 696 1188 721 non
1217 684 1354 721 immo-

289 738 447 776 lativum
463 743 487 785 ‘,
510 737 605 774 sicut
625 737 753 774 asinus
772 738 834 774 vel
853 738 995 773 homo:
1025 737 1130 785 quod
1151 745 1187 774 et
1205 736 1351 773 accidit.

290 790 414 838 Unde,
441 798 482 827 ut
507 789 519 815 t
548 790 809 838 Hieronymus
833 790 854 811 *
882 790 985 836 dicit,
1013 790 1050 826 in
1082 790 1252 826 vovendo
1274 789 1358 839 suit

289 897 409 935 dendo
437 896 584 945 impius.
614 896 871 933 Praemittitur
892 904 1021 933 tamen
1049 895 1192 932 ibidem
1210 895 1230 915 *
1249 893 1355 942 quod

256 947 262 957 '
278 951 410 998 factus
435 955 490 986 est
513 961 627 998 super
646 962 732 986 eum
761 949 920 998 Spiritus
937 948 1097 985 Domini
1103 962 1115 984 .·
1142 946 1231 995 quia
1258 946 1355 983 fides

291 1011 327 1040 et
342 1002 499 1040 devotio
519 1002 649 1051 ipsius,
671 1014 716 1039 ex
731 999 808 1050 qua
827 1009 954 1038 motus
974 1009 1031 1037 est
1049 1000 1098 1037 ad
1113 999 1353 1046 vovendum,

290 1055 396 1093 suita
412 1055 554 1104 Spiritu
569 1056 709 1092 Sancto
724 1054 755 1091 ²⁸.
776 1056 937 1103 Propter
956 1053 1060 1102 quod
1075 1052 1228 1102 ponitur
1242 1052 1280 1088 in
1295 1064 1356 1088 ca-

290 1109 415 1158 talogo
432 1109 676 1146 Sanctorum:
694 1115 729 1144 et
743 1115 899 1156 propter
912 1105 1112 1143 victoriam
1128 1117 1245 1153 quarn
1261 1104 1356 1141 obti-

291 1162 390 1208 nuit;
412 1169 449 1198 et
467 1161 556 1210 quia
574 1159 770 1210 probabile
787 1167 843 1197 est
862 1171 951 1196 eum
973 1157 1207 1207 poenituisse
1229 1157 1275 1195 de
1304 1158 1356 1194 fa-

291 1222 352 1252 cto
368 1214 513 1263 iniquo,
525 1213 630 1262 quod
644 1221 772 1250 tamen
787 1212 942 1261 aliquod
957 1212 1104 1248 bonurn
1119 1211 1309 1259 figurabat
1322 1209 1354 1248 ²¹².

341 1269 401 1304 An
429 1278 591 1304 TER-rmm
619 1277 806 1304 morannum
834 1266 940 1314 quod
974 1264 1180 1302 maceratio
1214 1263 1357 1313 proprii

341 1379 366 1413 ὃ)
385 1380 498 1406 enim.-
515 1383 607 1413 autem
626 1379 697 1404 PDa.

267 1444 274 1446 ν
290 1415 370 1477 poa)
386 1415 589 1442 immolativum.
602 1428 622 1434 -
640 1414 840 1440 immolatitium
859 1414 905 1446 sK,
919 1414 1113 1439 immolantium
1131 1413 1149 1444 1,
1164 1413 1356 1438 immolandum

2394 235 2468 282 239

1409 315 1599 364 corporis,
1633 322 1724 363 puta
1758 326 1827 363 per
1858 313 2005 362 vigilias
2042 321 2079 349 et
2111 312 2266 359 ieiunia,
2300 325 2378 350 non
2415 321 2470 350 est

1409 368 1493 404 Deo
1522 375 1678 416 accepta
1714 367 1784 404 nisi
1819 367 2046 415 inquantum
2086 374 2141 402 est
2176 378 2273 414 opus
2300 365 2467 402 virtutis:

1408 420 1514 468 quod
1543 420 1698 469 quidem
1728 428 1783 456 est
1810 420 2036 469 inquantum
2066 431 2152 455 cum
2182 418 2309 456 debita
2331 418 2468 455 discre-

1407 473 1509 509 tione
1536 473 1596 519 fit,
1620 481 1661 509 ut
1688 473 1826 509 scilicet
1860 471 2164 521 concupiscentia
2192 471 2399 508 refrenetur
2433 479 2470 508 et

1408 533 1542 562 natura
1562 538 1641 562 non
1661 526 1772 562 nimis
1786 533 1974 573 gravetur.
1997 526 2046 561 Et
2062 525 2133 561 sub
2148 524 2211 561 tali
2230 531 2362 560 tenore
2381 536 2469 572 pos-

1408 585 1494 614 sunt
1513 577 1731 615 huiusmodi
1751 579 1822 615 sub
1840 586 1933 614 voto
1955 578 2102 615 cadere.
2124 578 2285 626 Propter
2303 577 2409 624 quod
2433 584 2469 613 et

1408 631 1633 678 Apostolus,
1663 632 1774 668 Rom.
1795 643 1842 667 xu
1864 630 1904 677 *,
1934 639 2138 679 postquam
2169 630 2323 676 dixerat,
2350 630 2468 666 Exhi-

1408 683 1523 719 beatis
1551 694 1711 731 corpora
1735 689 1857 720 vestra
1882 683 2040 720 hostiam
2062 684 2258 728 viventem,
2285 688 2467 728 sanctam,

1407 735 1490 771 Deo
1504 735 1726 783 placentem,
1747 735 1906 773 addidit:
1934 736 2155 773 rationabile
2172 736 2388 783 obsequium
2407 747 2468 773 ve-

1406 793 1538 824 strum.
1558 808 1583 815 -
1613 788 1688 825 Sed
1717 788 1806 837 quia
1834 788 1872 825 in
1899 788 1957 825 his
1985 801 2084 836 quae
2109 788 2158 825 ad
2184 788 2352 837 seipsum
2385 801 2468 837 per-

1408 840 1527 876 tinent
1555 840 1603 877 de
1631 840 1728 877 facili
1757 840 1892 877 fallitur
1919 842 2039 878 homo
2067 841 2105 877 in
2133 841 2354 887 iudicando,
2383 841 2469 878 talia

1407 901 1500 930 vota
1522 893 1790 940 congruentius
1814 893 2026 930 secundum
2051 893 2244 930 arbitrium
2265 893 2469 942 superioris

1409 953 1497 982 sunt
1514 946 1576 983 vel
1600 946 1790 982 servanda
1808 947 1868 982 vel
1888 946 2231 994 praetermittenda.
2262 947 2315 983 Ita
2340 954 2469 983 tamen

1409 998 1514 1047 quod
1551 998 1581 1035 si
1610 1011 1655 1035 ex
1683 998 1951 1035 observatione
1990 999 2071 1035 talis
2103 999 2182 1035 voti
2221 1011 2403 1047 magnum
2434 1006 2470 1035 et

1410 1051 1654 1088 manifestum
1688 1063 1894 1099 gravamen
1923 1051 2087 1098 sentiret,
2117 1059 2153 1088 et
2180 1063 2258 1087 non
2293 1059 2390 1088 esset
2417 1052 2469 1088 fa-

1411 1105 1527 1141 cultas
1565 1104 1613 1141 ad
1651 1104 1888 1152 superiorem
1924 1104 2161 1150 recurrendi,
2200 1116 2277 1140 non
2315 1104 2428 1141 debet
2450 1110 2468 1131 η

1410 1158 1531 1194 homo
1559 1157 1631 1194 tale
1659 1165 1794 1194 votum
1824 1169 1987 1194 servare.

1463 1210 1563 1247 Vota
1584 1222 1679 1247 vero
1704 1222 1802 1258 quae
1831 1218 1918 1247 sunt
1946 1210 1993 1246 de
2022 1210 2133 1246 rebus
2161 1209 2270 1246 vanis
2299 1216 2335 1245 et
2363 1208 2470 1246 inuti-

1411 1263 1508 1300 libus
1536 1271 1623 1300 sunt
1650 1263 1770 1311 magis
1798 1263 2004 1301 deridenda
2032 1274 2148 1311 quam
2178 1261 2376 1299 servanda.

1464 1377 1490 1409 ζ)
1511 1380 1548 1402 ut.
1565 1391 1585 1396 -
1601 1381 1628 1402 et
1647 1377 1751 1407 PFGH,
1771 1381 1798 1402 et
1816 1380 1846 1402 ut
1862 1377 1912 1409 pK,
1930 1385 1985 1402 om.
2003 1377 2111 1409 D;›pr0
2129 1376 2259 1405 adhibuit,
2279 1376 2371 1401 habuit
2395 1377 2470 1402 PAD.

1463 1413 1491 1445 η)
1511 1413 1626 1438 ᾰεὸεί.-
1643 1413 1748 1438 deberet
1766 1412 1914 1437 ADFGKL.

961 1518 1299 1551 commentaria
1321 1517 1576 1551 Cardinalis
1597 1517 1802 1551 Caietam

320 1612 342 1632 u
379 1600 473 1632 titulo
506 1600 628 1631 articuli
669 1598 799 1630 secundi
832 1597 976 1628 eiusdem
1012 1597 1360 1637 octogesimaeoctavae

294 1612 533 1687 Iquaestionis‚
557 1644 684 1674 adverte
719 1642 808 1684 quod
839 1641 915 1683 quia
943 1641 977 1671 in
1005 1641 1111 1682 primo
1148 1641 1282 1672 articulo
1321 1641 1359 1671 de

289 1689 395 1720 forma
408 1689 476 1720 voti
495 1687 741 1719 determinatum
760 1693 816 1723 est,
841 1693 1072 1727 consequenter
1093 1686 1126 1716 in
1150 1685 1213 1716 hoc
1236 1686 1275 1715 de
1294 1695 1360 1715 ma—

289 1733 368 1764 teria
389 1732 457 1764 voti
479 1732 642 1774 quaeritur
665 1737 696 1762 et
718 1730 956 1762 determinatur.
979 1730 1020 1761 Et
1042 1730 1118 1771 quia
1141 1729 1272 1760 materia
1294 1729 1361 1760 voti

291 1777 405 1809 dicitur
427 1787 494 1808 esse
516 1777 641 1807 bonum
665 1775 790 1812 melius,
814 1775 877 1805 hoc
891 1781 938 1805 est
960 1775 1084 1805 bonum
1108 1773 1361 1814 supererogatio-

247 1824 260 1827 *
291 1821 358 1859 nis,
382 1828 549 1862 propterea
571 1822 710 1858 Auctor,
733 1829 888 1861 quaerens
916 1819 954 1850 de
977 1819 1108 1850 materia
1129 1818 1213 1854 voti,
1238 1818 1362 1859 quaerit

291 1873 400 1897 utrum
423 1865 466 1896 sit
488 1866 527 1896 de
549 1864 676 1896 meliori
699 1865 797 1895 bono.

347 1910 383 1941 In
406 1919 540 1950 corpore
563 1909 706 1940 eiusdem
729 1907 859 1939 secundi
883 1907 1019 1944 articuli,
1044 1908 1170 1937 adverte
1193 1906 1283 1947 quod
1306 1916 1361 1937 eo—

291 1964 364 1986 rum
386 1964 468 1995 quae
491 1953 600 1995 aliquo
623 1953 724 1983 modo
747 1959 874 1983 nostrae
896 1952 1032 1982 subsunt
1044 1950 1213 1987 voluntati,
1238 1957 1361 1991 septem

291 2005 366 2030 sunt
381 2006 509 2038 genera:
525 1998 683 2039 quaedam
697 1997 872 2028 necessaria
888 1996 1081 2036 simpliciter,
1097 2002 1134 2026 ut
1149 1995 1245 2031 mori;
1266 2005 1361 2036 quae-

291 2043 366 2073 dam
395 2042 569 2073 necessaria
598 2042 638 2072 ad
667 2041 765 2072 finem
793 2047 936 2072 aeternae
962 2040 1087 2076 salutis,
1111 2046 1148 2070 ut
1177 2046 1360 2080 praecepta,

291 2086 409 2118 scilicet
431 2086 560 2127 diligere
582 2086 690 2117 Deum
714 2092 744 2117 et
771 2085 970 2126 proximum,
995 2094 1062 2115 non
1085 2083 1270 2120 adulterari,
1294 2093 1360 2114 non

291 2130 451 2168 occidere,
468 2137 543 2167 etc.;
567 2131 726 2171 quaedam
748 2129 946 2170 expedientia
968 2129 1008 2159 ad
1031 2135 1190 2159 aeternam
1214 2128 1360 2164 salutem,

292 2182 328 2206 ut
352 2174 494 2212 consilia,
518 2181 596 2216 puta
618 2175 692 2205 dare
707 2174 955 2215 eleemosynam,
975 2173 1089 2204 servire
1104 2171 1247 2208 infirmis,
1271 2182 1361 2203 man-

292 2218 389 2260 cipari
412 2219 526 2250 divinis
542 2219 712 2260 obsequiis,
737 2225 767 2249 et
789 2218 992 2254 huiusmodi;
1017 2217 1175 2258 quaedam
1194 2217 1280 2247 bona
1302 2226 1360 2247 nec

291 2270 398 2294 tamen
422 2264 461 2294 de
483 2269 652 2304 praecepto
677 2273 735 2293 nec
757 2262 797 2292 de
815 2262 961 2299 consilio,
985 2269 1020 2292 ut
1043 2262 1177 2297 nubere;
1202 2261 1361 2301 quaedam

291 2307 509 2344 indifferentia,
533 2314 569 2338 ut
592 2307 722 2338 transire
746 2313 829 2337 extra
853 2315 963 2336 muros
986 2305 1088 2341 villae,
1113 2305 1159 2335 uti
1182 2311 1268 2335 veste
1290 2305 1360 2335 alba
1385 2309 1387 2328 ²

291 2352 342 2382 vel
365 2351 463 2392 nigra,
489 2359 519 2382 et
541 2351 727 2382 huiusmodi
750 2360 841 2392 quae,
865 2350 930 2381 sive
953 2349 996 2380 sic
1021 2350 1086 2379 sive
1101 2349 1190 2379 aliter
1212 2347 1298 2385 fiant,
1316 2349 1361 2379 nil

291 2395 386 2427 refert
408 2396 586 2426 secundum
608 2395 778 2431 rationem;
802 2395 961 2435 quaedam
983 2393 1187 2433 impedientia
1201 2392 1286 2423 viam
1309 2403 1361 2423 ae·

291 2447 398 2471 ternae
420 2440 539 2476 salutis,
563 2446 600 2470 ut
622 2445 749 2480 peccata
770 2438 914 2475 venialia,
939 2444 975 2468 ut
997 2438 1099 2468 dicere
1121 2437 1255 2468 verbum
1279 2437 1361 2467 otio-

293 2493 376 2520 sum,
400 2491 431 2515 et
453 2483 656 2520 huiusmodi;
681 2483 838 2524 quaedam
861 2482 1017 2513 contraria
1037 2487 1181 2512 aeternae
1197 2481 1301 2518 saluti,
1326 2488 1361 2512 ut

292 2534 420 2569 peccata
442 2528 596 2565 mortalia,
620 2527 840 2563 homicidium,
857 2526 1059 2562 adulterium,
1079 2525 1285 2566 blasphemia,
1302 2531 1359 2556 etc.

348 2572 476 2603 Horum
495 2579 603 2603 autem
618 2579 740 2612 septem
756 2581 909 2612 generum
932 2577 1071 2611 quatuor
1094 2577 1178 2600 extra
1200 2569 1360 2610 quaestio-

293 2626 368 2647 nem
390 2624 477 2648 sunt:
501 2616 656 2658 quoniam
679 2615 845 2646 manifeste
868 2622 992 2646 constat
1015 2614 1054 2644 de
1068 2613 1138 2651 illis,
1156 2613 1273 2644 scilicet
1295 2614 1359 2654 pri-

293 2670 367 2698 m0,
390 2661 499 2697 tertio,
529 2667 617 2691 sexto
646 2667 677 2691 et
703 2660 851 2701 septimo.
881 2660 965 2690 Nam
996 2659 1076 2689 clare
1103 2665 1190 2699 patet
1219 2658 1360 2698 primum

293 2714 404 2745 genus,
427 2705 545 2736 scilicet
568 2705 818 2736 necessariorum
833 2703 988 2739 absolute,
1013 2713 1079 2733 non
1103 2712 1198 2742 posse
1214 2712 1281 2733 esse
1297 2712 1362 2733 ma-

293 2748 405 2780 teriam
426 2748 510 2779 voti:
534 2749 641 2779 nullus
657 2749 743 2779 enim
764 2758 880 2778 vovere
903 2754 1008 2788 potest
1031 2757 1064 2777 se
1083 2747 1276 2777 moriturum
1300 2746 1360 2776 nisi

294 2792 419 2823 stultus.
443 2792 590 2823 Tertium
606 2799 712 2823 autem
737 2802 847 2832 genus,
870 2791 988 2822 scilicet
1003 2790 1220 2827 consiliorum,
1239 2797 1362 2821 constat

295 2846 362 2867 esse
377 2836 541 2867 materiam
555 2836 638 2867 voti:
663 2837 702 2866 de
717 2836 810 2866 bonis
826 2836 911 2866 enim
927 2835 1112 2866 melioribus
1133 2835 1172 2864 ad
1195 2844 1277 2875 quae
1293 2844 1360 2864 non

294 2887 440 2912 tenemur
468 2887 543 2911 vota
565 2890 625 2910 nos
654 2879 755 2910 facere
784 2879 970 2920 experimur.
1004 2879 1134 2909 Sextum
1158 2887 1233 2908 vero
1258 2885 1288 2908 et
1311 2888 1360 2908 se-

294 2924 443 2965 ptimum,
460 2924 576 2955 scilicet
590 2923 834 2964 impedientium
857 2930 888 2954 et
910 2923 1141 2954 contrariorum
1157 2929 1300 2953 aeternae
1314 2932 1361 2952 sa—

294 2969 372 3005 luti,
397 2978 462 2998 non
486 2978 580 3009 posse
603 2978 670 2998 esse
693 2967 858 2998 materiam
876 2967 943 2998 voti
967 2973 1065 3007 patet:
1095 2966 1180 3006 quia,
1197 2973 1233 2997 ut
1255 2966 1288 2996 in
1312 2966 1361 2997 lit-

295 3020 360 3044 tera
383 3012 508 3049 dicitur,
531 3022 599 3043 non
614 3019 695 3043 esset
718 3011 898 3052 promissio,
923 3011 978 3041 sed
1001 3010 1220 3047 comminatio,
1244 3010 1270 3040 si
1289 3010 1361 3051 quis

295 3067 328 3088 se
351 3056 472 3097 aliquid
495 3056 662 3096 displicens
685 3056 754 3086 Deo
778 3055 937 3087 facturum
961 3055 1150 3085 decerneret.

353 3100 430 3131 Tria
452 3107 560 3132 autem
575 3110 700 3140 genera,
724 3099 841 3131 scilicet
863 3099 1040 3130 secundum
1062 3105 1093 3129 et
1113 3098 1255 3128 similiter
1270 3107 1362 3139 quar-

296 3152 367 3176 tum
387 3155 422 3175 ac
439 3143 837 3186 quintum,rquaestionem
859 3144 996 3174 habent:
1020 3149 1051 3174 et
1071 3142 1214 3173 similiter
1232 3142 1360 3172 tertium

296 3193 397 3230 genus
413 3189 521 3230 quoad
545 3199 603 3219 sua
626 3188 784 3229 opposita,
809 3188 927 3219 scilicet
949 3197 1014 3218 non
1038 3186 1140 3218 facere
1163 3196 1260 3226 opera
1279 3195 1361 3227 quae

297 3239 372 3265 sunt
394 3233 434 3264 de
457 3233 602 3269 consilio,
627 3239 663 3264 ut
682 3242 749 3263 non
771 3239 928 3269 mutuare,
953 3241 1020 3262 non
1042 3230 1224 3269 fideiubere,
1249 3237 1280 3260 et
1301 3230 1361 3261 hu-

296 3277 447 3308 iusmodi.
483 3277 525 3308 Et
556 3287 630 3308 cum
660 3277 745 3307 bona
767 3286 898 3318 quoque
928 3274 1216 3316 supererogationis
1239 3274 1361 3305 malum

297 3321 414 3352 habent
437 3331 607 3359 annexum,
623 3321 682 3351 sub
699 3320 797 3351 dubio
818 3321 952 3351 cadunt:
977 3326 1013 3351 ut
1034 3329 1150 3350 vovere
1172 3318 1361 3359 religionem

297 3372 428 3406 propter
447 3365 620 3401 avaritiam,
636 3371 667 3395 et
681 3364 806 3395 similia.
830 3364 923 3395 Unde
939 3364 1083 3405 quinque
1106 3370 1180 3394 sunt
1201 3363 1362 3394 tractanda

299 3409 409 3441 dubia:
433 3410 575 3450 primum
592 3416 639 3440 est
655 3409 694 3439 de
710 3407 890 3439 necessariis
913 3408 954 3438 ad
967 3408 1103 3438 salutem
1118 3407 1149 3443 *;
1174 3407 1360 3443 secundum,

299 3453 338 3484 de
354 3454 512 3495 oppositis
529 3453 738 3485 consiliorum
748 3451 782 3488 *3
802 3452 940 3488 tertium,
954 3452 993 3482 de
1004 3451 1097 3482 bonis
1113 3450 1362 3492 supererogatio-

298 3497 348 3528 nis
366 3505 496 3539 propter
519 3497 642 3529 malum
661 3496 759 3527 finem
770 3496 802 3533 *;
822 3503 982 3537 quartum,
996 3496 1035 3526 de
1053 3494 1301 3526 indifferentibus
1313 3494 1361 3531 **;

299 3541 468 3582 quintum,
498 3542 538 3573 de
569 3541 662 3573 bonis
683 3551 749 3572 non
779 3541 839 3571 sub
862 3546 1030 3580 praecepto
1058 3546 1114 3570 aut
1137 3539 1271 3570 consilio
1287 3538 1314 3568 *.

1469 1596 1506 1627 11.
1538 1596 1630 1627 Circa
1660 1606 1696 1626 ea
1726 1596 1822 1636 igitur
1851 1606 1934 1637 quae
1964 1603 2038 1627 sunt
2068 1596 2107 1626 de
2136 1596 2317 1627 necessitate
2346 1597 2471 1633 salutis,

1413 1640 1530 1681 duplex
1546 1640 1682 1671 occurrit
1698 1640 1863 1671 dubitatio.
1888 1640 2008 1670 Prima:
2033 1650 2073 1670 an
2096 1640 2170 1670 talia
2186 1640 2298 1671 cadant
2320 1642 2378 1671 sub
2395 1649 2472 1672 voto

1413 1684 1540 1725 proprie
1557 1684 1653 1715 dicto.
1678 1684 1838 1715 Secunda:
1863 1694 1903 1714 an
1926 1684 1959 1714 in
1978 1684 2136 1724 baptismo
2157 1683 2211 1714 fiat
2226 1694 2297 1714 vere
2319 1692 2432 1715 votum
2445 1685 2472 1716 *.

1413 1728 1455 1759 Et
1482 1729 1647 1770 utriusque
1671 1728 1759 1759 dubii
1792 1728 1871 1759 ratio
1896 1735 1942 1758 est
1970 1728 2135 1767 multiplex
2158 1737 2262 1758 sermo
2292 1728 2472 1759 doctorum.

1414 1773 1449 1803 In
1472 1773 1576 1813 primo
1607 1773 1782 1814 siquidem,
1808 1772 1917 1803 dicunt
1944 1772 2036 1803 multi
2066 1772 2155 1813 quod
2182 1782 2247 1802 non
2276 1780 2322 1803 est
2344 1773 2474 1812 proprie

1412 1824 1543 1847 votum:
1574 1824 1604 1848 et
1627 1825 1733 1848 tamen
1764 1817 1852 1858 quod
1876 1816 1932 1857 qui
1961 1823 2056 1847 vovet
2086 1826 2150 1846 non
2182 1815 2338 1852 fornicari,
2363 1817 2389 1847 si
2412 1817 2474 1847 for-

1414 1861 1546 1898 nicatur,
1571 1869 1679 1902 peccat
1702 1861 1877 1901 dupliciter,
1902 1860 2019 1891 scilicet
2041 1867 2150 1891 contra
2172 1867 2286 1891 votum
2309 1867 2340 1891 et
2365 1868 2473 1891 contra

1414 1912 1627 1946 praeceptum.
1653 1906 1687 1936 In
1711 1906 1852 1936 secundo
1877 1915 2018 1946 quoque,
2044 1904 2176 1945 quidam
2198 1911 2327 1944 negant,
2343 1905 2473 1945 quidam

1414 1949 1571 1980 affirmant
1593 1960 1660 1980 esse
1683 1957 1806 1980 votum.

1469 1994 1649 2024 Dicendum
1677 2000 1723 2024 est
1745 1994 1784 2024 ad
1808 1993 1948 2034 primum
1971 1993 2060 2033 quod
2084 1992 2151 2022 sine
2174 1992 2273 2022 dubio
2302 1993 2474 2023 necessaria

1415 2038 1453 2068 ad
1469 2038 1604 2069 salutem
1619 2044 1756 2078 possunt
1771 2047 1837 2068 esse
1857 2036 1987 2068 materia
2001 2037 2068 2067 voti
2084 2036 2211 2076 proprie
2228 2036 2312 2067 dicti.
2337 2037 2378 2067 Et
2393 2037 2473 2068 ratio

1414 2083 1446 2112 in
1461 2082 1563 2113 littera
1585 2082 1740 2112 redditur:
1765 2082 1840 2123 quia
1863 2088 1938 2112 sunt
1952 2080 2139 2111 voluntaria.
2164 2079 2303 2111 Effectus
2316 2090 2392 2111 vero
2407 2081 2473 2112 voti

1414 2126 1446 2156 in
1470 2126 1656 2157 huiusmodi
1680 2126 1858 2157 necessarfis
1882 2126 1922 2156 ad
1945 2125 2080 2155 salutem
2104 2131 2150 2155 est
2169 2123 2270 2155 facere
2301 2125 2387 2155 idern
2410 2125 2472 2155 alio

1414 2171 1513 2201 modo
1537 2171 1607 2201 Deo
1631 2170 1774 2201 debitum
1793 2181 1811 2200 a
1831 2170 1935 2210 seipso
1951 2175 2098 2200 vovente:
2124 2169 2167 2199 ita
2182 2175 2219 2199 ut
2234 2178 2300 2199 non
2316 2168 2472 2205 fornicari,

1413 2216 1502 2256 quod
1518 2221 1583 2246 erat
1605 2215 1748 2245 debitum
1770 2214 1876 2245 solum
1893 2221 1929 2244 ut
1942 2221 2007 2244 erat
2022 2212 2179 2249 castitatis,
2197 2213 2297 2243 modo
2318 2219 2364 2243 est
2379 2213 2474 2243 etiam

1414 2259 1556 2293 debitum
1579 2259 1655 2300 quia
1678 2266 1724 2290 est
1746 2258 1916 2299 religionis.
1941 2257 2182 2288 Manifestantur
2204 2263 2312 2287 autem
2325 2256 2402 2287 haec
2418 2257 2472 2288 sic.

1414 2304 1541 2335 Vovens
1557 2314 1623 2334 non
1646 2303 1803 2339 fornicari,
1820 2303 1845 2333 si
1861 2309 1934 2342 post
1956 2301 2138 2337 fornicatur,
2155 2311 2221 2331 non
2241 2301 2350 2331 solum
2366 2308 2475 2341 peccat

1413 2354 1556 2388 peccatoo
1571 2348 1728 2384 luxuriae,
1753 2348 1808 2378 sed
1837 2347 1932 2377 etiam
1961 2345 2212 2385 irreligiositatis,
2242 2354 2337 2384 agens
2366 2352 2475 2375 contra

1413 2400 1536 2423 votum.
1561 2392 1646 2432 Ergo
1670 2399 1716 2422 est
1739 2391 1781 2422 ibi
1798 2401 1871 2421 vera
1895 2390 2014 2430 species
2037 2389 2113 2420 voti.
2137 2389 2211 2419 Non
2231 2389 2317 2419 enirn
2341 2389 2474 2419 circum-

1414 2436 1525 2467 stantia
1549 2442 1685 2467 mutaret
1708 2436 1846 2476 speciem
1862 2435 1921 2464 nisi
1937 2440 2017 2464 esset
2031 2433 2075 2463 ibi
2091 2433 2263 2464 essentialis
2286 2432 2365 2463 ratio
2388 2433 2474 2464 illius

1414 2480 1538 2521 speciei.
1577 2480 1639 2511 Ubi
1664 2486 1770 2510 autern
1794 2479 1931 2509 salvatur
1954 2477 2127 2508 essentialis
2155 2477 2234 2508 ratio
2258 2477 2405 2513 alicuius,
2430 2477 2473 2507 ibi

1414 2531 1460 2555 est
1483 2524 1610 2565 proprie
1631 2524 1726 2554 illud:
1751 2530 1787 2554 ut
1810 2529 1895 2563 patet
1919 2522 2132 2552 discurrendo.
2158 2521 2242 2558 Quia
2266 2531 2340 2561 ergo
2365 2521 2397 2551 in
2414 2521 2474 2551 hu-

1413 2569 1553 2599 iusmodi
1575 2567 1873 2608 transgressionibus
1896 2566 2056 2597 invenitur
2072 2564 2243 2596 essentialis
2262 2565 2342 2596 ratio
2359 2565 2474 2605 speciei

1414 2613 1454 2643 ad
1477 2623 1574 2653 quam
1598 2611 1691 2643 trahit
1714 2611 1946 2642 circumstantia
1978 2616 2087 2641 contra
2110 2616 2239 2646 votum,
2269 2609 2473 2640 manifestum

1413 2657 1448 2688 fit
1471 2657 1560 2697 quod
1582 2656 1626 2687 ibi
1650 2655 1776 2697 proprie
1800 2655 1859 2686 fuit
1881 2661 2008 2685 votum.-

1469 2702 1534 2732 Nec
1564 2707 1656 2741 putes
1686 2710 1737 2730 me
1765 2699 1975 2730 contradicere
2007 2697 2139 2728 Auctori
2171 2697 2203 2727 in
2226 2707 2340 2727 xxxvm
2370 2697 2440 2727 dist.
2456 2697 2474 2716 *

1413 2745 1536 2783 Quarti,
1552 2744 1608 2775 ubi
1639 2751 1752 2774 votum
1769 2744 1807 2774 de
1830 2741 2008 2773 necessariis
2032 2742 2071 2772 ad
2091 2741 2225 2771 salutem
2248 2750 2314 2771 non
2337 2741 2473 2780 proprie,

1414 2791 1468 2820 sed
1492 2788 1704 2820 communiter
1730 2794 1844 2818 votum
1868 2796 1934 2817 esse
1964 2785 2049 2816 dicit.
2085 2785 2266 2822 Quoniam,
2291 2791 2327 2815 ut
2355 2784 2474 2815 ibidem

1414 2840 1508 2874 patet,
1533 2832 1779 2872 aequivocamus
1807 2831 1845 2861 de
1870 2831 2015 2870 proprio.
2045 2829 2128 2859 Nam
2153 2839 2211 2859 nos
2239 2828 2412 2868 accipimus
2441 2829 2474 2858 in

1413 2876 1579 2917 proposito
1609 2876 1642 2916 ly
1659 2876 1794 2916 proprie
1822 2882 1858 2905 ut
1877 2873 2077 2913 distinguitur
2100 2879 2209 2903 contra
2232 2873 2474 2913 transumptive,

1414 2928 1449 2952 ut
1473 2921 1602 2951 denotat
1625 2920 1727 2960 ipsam
1751 2918 1917 2949 essentiam
1940 2917 2016 2954 voti,
2034 2917 2110 2958 quia
2131 2916 2248 2947 scilicet
2270 2916 2314 2946 ibi
2337 2916 2473 2947 salvatur

1414 2964 1548 2995 essentia
1570 2964 1649 2995 voti.
1667 2966 1788 2994 Auctor
1803 2969 1910 2993 autem
1932 2961 2051 2992 ibidem
2074 2961 2186 3001 accipit
2199 2962 2332 3001 proprie
2355 2970 2421 2991 non
2438 2970 2475 2991 ex

1414 3015 1501 3050 parte
1527 3008 1678 3038 essentiae
1693 3007 1769 3044 voti,
1786 3007 1840 3037 sed
1857 3016 1893 3036 ex
1909 3013 1996 3046 parte
2017 3005 2164 3036 materiae
2179 3005 2255 3041 voti,
2269 3011 2299 3035 et
2315 3011 2350 3035 ut
2366 3004 2473 3035 distin-

1414 3053 1522 3093 guitur
1538 3059 1646 3083 contra
1658 3060 1825 3082 commune
1839 3050 1981 3081 similiter
1997 3060 2034 3080 ex
2045 3056 2133 3090 parte
2148 3049 2306 3079 materiae.
2326 3048 2367 3079 Et
2382 3055 2474 3079 vocat

1414 3104 1528 3128 votum
1544 3095 1766 3132 communiter,
1780 3095 1856 3136 quia
1875 3094 1994 3134 obligat
2006 3094 2045 3124 ad
2060 3103 2096 3124 ea
2112 3094 2152 3124 ad
2165 3103 2246 3135 quae
2263 3093 2475 3123 communiter

1414 3140 1560 3172 homines
1579 3146 1741 3171 tenentur:
1765 3146 1879 3170 votum
1897 3148 1972 3169 vero
1988 3137 2127 3178 proprie,
2143 3137 2232 3178 quod
2248 3137 2368 3176 obligat
2383 3137 2422 3167 ad
2439 3147 2474 3167 ea

1414 3186 1453 3216 ad
1481 3195 1563 3226 quae
1585 3184 1665 3214 alius
1682 3193 1748 3214 non
1770 3189 1939 3214 teneretur.
1970 3182 2063 3213 Unde
2087 3181 2175 3212 nulla
2197 3181 2290 3211 estin
2313 3181 2375 3211 hoc
2399 3191 2474 3211 con—

1414 3228 1576 3267 troversia,
1592 3229 1647 3258 sed
1670 3237 1750 3269 opus
1773 3233 1820 3258 est
1842 3227 2054 3267 intelligentia
2076 3225 2316 3256 vocabulorum.

1469 3273 1522 3303 111.
1538 3273 1590 3303 Ad
1613 3273 1789 3303 secundum
1808 3281 1883 3302 vero
1900 3270 2044 3306 dubium,
2064 3270 2103 3300 de
2118 3276 2194 3300 voto
2217 3268 2365 3309 baptismi
2380 3268 2407 3304 *,
2428 3268 2473 3298 di-

1415 3318 1552 3348 cendum
1576 3323 1622 3347 est
1644 3316 1734 3356 quod
1757 3325 1822 3346 non
1847 3322 1893 3346 est
1922 3314 1965 3345 ibi
1989 3314 2116 3354 proprie
2139 3320 2268 3343 votum:
2302 3322 2360 3343 nec
2384 3311 2474 3343 Chri-

1415 3361 1543 3398 stianus,
1560 3361 1690 3402 quando
1706 3359 1888 3395 fornicatur,
1904 3365 2012 3399 peccat
2034 3356 2209 3398 dupliciter,
2229 3356 2346 3388 scilicet
2364 3363 2473 3387 contra

1415 3411 1619 3446 praeceptum
1634 3411 1666 3435 et
1681 3411 1789 3435 contra
1804 3406 1928 3439 votum,
1953 3403 2007 3432 sed
2023 3400 2215 3442 simpliciter,
2232 3400 2351 3431 scilicet
2366 3407 2475 3431 contra

1415 3456 1635 3490 praeceptum;
1663 3448 1788 3488 gravius
1811 3454 1918 3478 tamen
1941 3455 2038 3487 quam
2061 3444 2211 3482 infidelis,
2236 3451 2271 3476 ut
2298 3444 2442 3485 superius
2457 3444 2475 3464 ‘⁸

1417 3493 1593 3529 didicimus,
1614 3493 1689 3533 quia
1712 3491 1836 3532 dignior
1852 3498 1898 3521 est
1921 3496 2049 3530 propter
2068 3495 2261 3520 sacramenta
2276 3489 2393 3529 quibus
2416 3488 2475 3518 im-

1416 3538 1512 3568 butus
1537 3544 1592 3568 est.
1616 3537 1715 3574 Quod
1739 3543 1846 3567 autem
1868 3544 1933 3565 non
1957 3533 2010 3564 fiat
2033 3533 2066 3564 in
2089 3533 2246 3574 baptismo
2265 3539 2379 3564 votum
2402 3543 2474 3573 pro-

2496 639 2505 647 ·
2520 637 2588 660 Vers.
2605 644 2619 659 ι.

2502 1684 2512 1694 ·
2528 1684 2598 1706 Num.
2614 1690 2647 1706 111.

2503 3272 2512 3281 ⁸
2523 3270 2594 3293 Num.
2608 3272 2711 3299 praeced.

2503 3442 2512 3451 ⁸
2527 3441 2575 3468 Qu.
2591 3447 2615 3467 ι,
2631 3445 2672 3462 art.
2688 3448 2712 3468 3,

2503 3467 2531 3489 ad
2545 3474 2567 3496 3.
