2860 4238
452 241 529 276 490
1453 228 1617 264 INDEX

451 314 613 334 ARTICULUS
630 314 658 334 tv
698 307 799 333 Utrum
822 305 849 332 in
872 305 981 332 iudiciis
1004 305 1097 332 locum
1114 305 1216 332 habeat
1231 313 1330 340 pecca-

728 352 789 372 tum
811 344 984 380 acceptionis
1013 353 1201 380 personarum
1207 365 1330 372 .....

1376 352 1449 382 pag.
1472 345 1509 372 66

669 432 860 466 QUAESTIO
889 431 1288 464 SEXAGESIMAQUARTA

844 507 892 534 De
917 505 1108 535 homicidio.

449 594 612 616 ARTICULUS
629 594 638 612 1
696 586 797 612 Utrum
819 584 950 611 occidere
979 593 1178 620 quaecumque
1206 583 1329 611 viventia

1535 317 1538 358 Ι

1535 360 1538 419 l

1534 599 1536 612 l

727 624 761 651 sit
776 623 903 651 illicitum
908 644 1326 651 ...............
1411 635 1426 649 »
1470 624 1506 659 67

529 675 543 690 »
626 673 647 691 11
697 665 798 691 Utrum
831 663 866 690 sit
894 663 1000 690 licitum
1033 663 1163 691 occidere
1195 663 1328 691 homines
1533 687 1535 702 ,Ἰ

727 710 892 739 peccatores
905 724 1325 731 ...............
1408 713 1424 728 ιν
1468 703 1506 730 68
1534 711 1535 715 ’

529 755 543 770 »
626 752 657 771 111
697 744 798 770 Utrum
821 742 951 770 occidere
972 742 1119 770 hominem
1147 750 1328 778 peccatorem
1533 778 1535 782 ,

725 782 807 810 liceat
828 782 952 818 privatae
968 791 1109 818 personae
1112 803 1326 810 ........
1410 794 1425 808 »
1469 782 1505 818 69
1533 786 1535 812 ’ῐ

527 834 541 848 »
624 831 654 850 Ν
693 823 795 850 Utrum
817 822 946 849 occidere
965 822 1160 850 malefactores
1175 822 1256 850 liceat
1271 822 1326 849 cle-

724 861 788 889 ricis
814 882 1326 890 ..................
1410 873 1424 887 w
1469 870 1506 897 70
1532 859 1534 886 ζ

624 910 643 928 ν
693 902 795 929 Utrum
817 901 899 929 alicui
922 902 1004 929 liceat
1032 901 1156 937 seipsum
1186 901 1326 929 occidere.
1408 912 1423 927 ²
1469 910 1501 937 71

529 953 542 967 ›>
625 950 655 969 vr
695 942 797 969 Utrum
819 941 900 968 liceat
922 941 950 969 in
972 941 1070 977 aliquo
1085 950 1153 969 casu
1169 940 1326 969 interficere

724 981 907 1008 innocentem
912 1002 1325 1009 ...............
1408 991 1423 1006 s
1468 987 1505 1016 72

526 1032 541 1046 »
623 1029 664 1048 vn
694 1021 796 1048 Utrum
825 1021 908 1048 alicui
936 1021 1017 1048 liceat
1045 1020 1174 1048 occidere
1200 1020 1324 1057 aliquem

725 1070 755 1088 se
777 1061 959 1088 defendendo
963 1082 1324 1088 .............
1408 1070 1423 1086 ³
1469 1060 1503 1096 73

526 1111 541 1126 ι»
623 1109 675 1128 vm
694 1101 797 1128 Utrum
819 1100 921 1137 aliquis
943 1100 1092 1128 casualiter
1117 1100 1251 1128 occidens
1272 1100 1326 1127 ho-

723 1141 830 1168 minem
852 1141 978 1169 incurrat
999 1139 1146 1168 homicidii
1175 1146 1296 1167 reatum.
1318 1160 1324 1167 .
1408 1149 1423 1165 »
1467 1139 1504 1175 76

675 1219 867 1254 QUAESTIO
889 1198 1275 1252 SEXAGESIMAQUINTA

494 1302 543 1330 De
564 1300 642 1330 aliis
662 1298 795 1328 iniuriis
817 1305 904 1334 quae
924 1298 958 1326 in
978 1305 1164 1334 personam
1186 1298 1452 1328 commIttuntur.

445 1386 631 1407 ARTICULUSI
691 1377 793 1404 Utrum
822 1375 954 1403 mutilare
981 1375 1106 1412 aliquem
1135 1377 1267 1404 membro
1294 1376 1324 1404 in

721 1415 819 1452 aliquo
841 1423 909 1443 casu
930 1415 1021 1451 possit
1041 1425 1103 1444 esse
1117 1416 1235 1444 licitum.
1259 1438 1264 1444 .
1288 1438 1294 1444 .
1317 1438 1323 1444 .
1406 1426 1421 1443 2
1466 1427 1503 1454 79

525 1469 539 1483 »
622 1465 643 1484 11
693 1456 795 1483 Utrum
815 1455 898 1483 liceat
919 1455 1047 1492 patribus
1067 1457 1216 1484 verberare
1240 1455 1323 1490 filios,

723 1503 772 1523 aut
797 1495 922 1523 dominis
950 1505 1047 1524 servos
1051 1517 1323 1524 ..........
1406 1507 1420 1522 1»
1465 1497 1503 1525 8ο

523 1549 538 1563 »
621 1545 652 1564 111
692 1537 794 1564 Utrum
815 1536 898 1563 liceat
919 1535 1044 1572 aliquem
1066 1535 1214 1563 hominem
1232 1535 1324 1564 incar-

722 1585 817 1603 cerare
843 1597 1322 1604 .................
1405 1586 1420 1602 »
1464 1577 1498 1604 81

524 1627 539 1643 2
621 1624 652 1644 tv
690 1617 792 1643 Utrum
823 1622 972 1651 peccatum
1007 1622 1176 1652 aggravetur
1206 1624 1239 1643 ex
1268 1616 1325 1644 hoc

721 1656 800 1692 quod
816 1654 978 1691 praedictae
989 1654 1109 1683 iniuriae
1123 1655 1283 1683 inferuntur
1294 1655 1323 1683 in

721 1704 860 1731 personas
887 1695 948 1722 aliis
976 1695 1143 1723 coniunctas
1146 1716 1323 1723 .......
1406 1705 1421 1720 »
1465 1695 1502 1723 82

684 1780 876 1814 QUAESTIO
898 1781 1263 1816 SEXAGESIMASEXTA

788 1855 836 1883 De
857 1853 949 1884 furto
971 1855 1006 1883 et
1027 1854 1157 1890 rapina.

442 1934 629 1955 ARTICULUSI
689 1926 792 1953 Utrum
813 1923 950 1952 naturalis
977 1924 1012 1951 sit
1039 1925 1151 1952 homini
1179 1925 1324 1962 possessio

720 1963 893 1992 exteriorum
918 1973 1014 1991 rerum
1018 1986 1321 1994 ...........
1403 1975 1419 1991 ²
1464 1966 1502 2000 84

523 2016 538 2031 »
620 2013 641 2033 11
690 2005 792 2032 Utrum
814 2003 896 2031 liceat
916 2003 999 2032 alicui
1020 2013 1081 2032 rem
1095 2004 1221 2041 aliquam
1241 2005 1323 2042 quasi
1539 2036 1543 2039 ,

720 2043 867 2080 propriam
895 2043 1043 2079 possidere
1046 2065 1319 2073 ..........
1403 2055 1418 2071 ι
1464 2045 1499 2073 85

524 2096 538 2111 »
619 2092 652 2112 111
691 2084 794 2111 Utrum
816 2083 851 2110 sit
871 2084 907 2110 de
927 2083 1039 2111 ratione
1060 2083 1126 2111 furti
1147 2085 1258 2112 occulte
1277 2094 1323 2112 ac-

721 2124 813 2159 cipere
835 2132 895 2150 rem
920 2123 1042 2151 alienam
1047 2145 1321 2153 ..........
1405 2135 1420 2150 »
1464 2125 1501 2152 86

522 2175 537 2191 s
619 2171 649 2191 Ν
689 2164 792 2191 Utrum
813 2163 920 2190 furtum
942 2170 969 2190 et
994 2163 1095 2199 rapina
1123 2163 1180 2191 sint
1206 2171 1323 2200 peccata

719 2202 879 2230 differentia
892 2202 985 2238 specie
989 2224 1322 2233 ............
1406 2216 1421 2231 »
1464 2205 1501 2240 89

522 2254 537 2270 »
618 2251 638 2270 v
689 2243 791 2270 Utrum
813 2243 919 2270 furtum
945 2251 1059 2279 semper
1079 2243 1115 2271 sit
1135 2250 1293 2279 peccatum.
1316 2266 1323 2272 .
1405 2255 1420 2271 »
1464 2253 1502 2281 90

524 2294 538 2309 »
621 2291 650 2310 VI
690 2283 792 2310 Utrum
820 2282 927 2310 furtum
953 2282 989 2310 sit
1014 2289 1162 2319 peccatum
1192 2284 1322 2312 mortale.
1405 2294 1420 2310 ι
1463 2293 1497 2321 91

522 2334 538 2349 »
619 2331 660 2350 vn
690 2323 791 2350 Unum
813 2322 895 2350 liceat
915 2322 998 2350 alicui
1020 2323 1106 2351 furari
1133 2330 1252 2359 propter
1272 2333 1323 2351 ne-

720 2362 879 2390 cessitatem
899 2384 1320 2392 ...............
1404 2375 1420 2390 »
1463 2371 1500 2400 92

523 2414 538 2429 ι
619 2411 671 2430 vm
691 2403 793 2430 Utrum
814 2402 914 2438 rapina
935 2403 1025 2438 possit
1039 2402 1099 2430 fieri
1114 2403 1175 2431 sine
1194 2410 1322 2439 peccato.
1404 2414 1419 2429 ι»
1464 2404 1500 2440 93

523 2454 538 2468 x>
619 2450 650 2470 1x
690 2443 793 2470 Utrum
825 2442 931 2469 furtum
963 2442 998 2470 sit
1029 2443 1142 2479 gravius
1173 2450 1321 2479 peccatum

720 2491 807 2518 quam
829 2482 928 2518 rapina
931 2504 1321 2512 ..............
1404 2493 1419 2509 »
1463 2483 1499 2519 95

631 2590 633 2593 f
661 2559 852 2594 QUAESTIO
877 2559 1283 2587 SEXAGESIMASEPTIMA

648 2639 696 2669 De
716 2639 886 2669 iniustitia
906 2638 1026 2668 iudicis
1047 2639 1082 2668 in
1101 2639 1294 2670 iudicando.

442 2728 604 2748 anneums
618 2728 629 2747 1
687 2720 788 2747 Utrum
809 2718 911 2755 aliquis
925 2718 1015 2755 possit
1029 2718 1101 2747 iuste
1116 2718 1241 2747 iudicare
1255 2729 1322 2748 eum

720 2759 768 2795 qui
790 2768 850 2786 non
871 2765 912 2787 est
940 2758 993 2786 sibi
1022 2759 1164 2787 subiectus
1167 2781 1321 2788 ......
1405 2770 1419 2786 ²
1463 2761 1501 2797 96

524 2810 538 2825 ι
619 2807 641 2827 11
691 2799 793 2826 Utrum
814 2799 901 2827 iudici
923 2799 1007 2827 liceat
1020 2798 1145 2827 iudicare
1159 2806 1260 2827 contra
1274 2809 1320 2827 ve-

720 2839 832 2866 ritatem
848 2848 935 2875 quam
950 2838 1040 2873 novit,
1061 2845 1179 2875 propter
1193 2848 1227 2867 ea
1248 2848 1322 2876 quae

720 2878 749 2906 in
763 2878 938 2906 contrarium
963 2885 1166 2915 proponuntur
1168 2900 1322 2907 ......
1405 2889 1420 2904 »
1463 2879 1501 2916 98

524 2930 539 2945 a»
619 2926 651 2946 m
691 2919 794 2946 Utrum
816 2918 899 2946 iudex
928 2919 1018 2954 possit
1045 2917 1169 2955 aliquem
1196 2918 1321 2947 iudicare

722 2957 807 2985 etiam
829 2957 852 2985 si
873 2967 933 2986 non
955 2957 990 2986 sit
1011 2958 1082 2986 alius
1104 2964 1262 2986 accusator.
1285 2981 1291 2986 .
1315 2980 1321 2987 .
1404 2969 1419 2984 2
1448 2967 1497 2986 101

526 3009 541 3024 »
621 3005 651 3024 Ν
690 2998 793 3025 Utrum
814 2997 899 3025 iudex
920 2997 993 3026 licite
1015 2997 1106 3034 possit
1126 3007 1252 3034 poenam
1278 3007 1322 3027 re—

723 3037 816 3065 laxare
819 3058 1322 3066 ..................
1405 3048 1421 3064 s
1448 3045 1501 3066 102

668 3111 858 3145 QUAESTIO
881 3111 1279 3139 SEXAGESIMAOCTAVA

495 3185 544 3213 De
563 3184 620 3214 his
641 3192 728 3220 quae
748 3184 920 3221 pertinent
940 3183 984 3213 ad
1004 3184 1167 3214 iniustam
1188 3185 1453 3214 accusationem.

447 3263 608 3283 ARTtCULth
622 3264 633 3283 1
692 3256 794 3282 Utrum
822 3255 911 3282 homo
939 3261 1070 3283 teneatur
1091 3264 1233 3283 accusare.
1257 3277 1262 3282 .
1287 3277 1292 3283 .
1317 3277 1323 3283 .
1405 3266 1420 3282 ι
1448 3265 1503 3292 104

528 3305 542 3320 ²
625 3303 646 3322 11
692 3295 793 3322 Utrum
826 3294 861 3322 sit
891 3294 1084 3322 necessarium
1110 3294 1323 3323 accusationem

724 3334 753 3361 in
781 3334 892 3370 scriptis
920 3334 980 3362 fieri
984 3355 1322 3362 ............
1405 3345 1420 3361 ›
1448 3336 1500 3363 105

528 3384 544 3399 ι
624 3382 656 3401 111
695 3374 797 3401 Utrum
818 3373 963 3402 accusatio
985 3374 1121 3402 reddatur
1148 3374 1253 3402 iniusta
1274 3383 1325 3410 per

724 3413 906 3448 calumniam,
918 3413 1190 3449 praevaricationem
1203 3420 1230 3442 et
1241 3414 1325 3451 tergi-

725 3452 916 3480 versationem
930 3474 1323 3482 ..............
1406 3465 1421 3480 >
1449 3456 1502 3482 106

529 3501 544 3516 ι
625 3499 655 3519 Ν
694 3493 796 3519 Utrum
817 3499 966 3520 accusator
984 3492 1033 3528 qui
1047 3492 1076 3520 in
1091 3493 1262 3528 probatione
1277 3494 1328 3521 de-

725 3531 821 3559 fecerit
841 3538 970 3560 teneatur
991 3533 1028 3560 ad
1049 3541 1174 3568 poenam
1200 3533 1323 3561 talionis.
1408 3544 1422 3558 1>
1451 3542 1503 3570 107

1811 307 2003 341 QUAESTIO
2031 307 2380 336 SEXAGESIMANONA

1566 371 1615 401 De
1635 372 1790 409 peccatis
1811 381 1899 410 quae
1920 375 2002 403 suut
2026 375 2149 402 contra
2176 373 2343 404 iustitiam
2371 382 2415 404 ex
2440 378 2540 412 parte
2564 377 2625 406 rei.

1536 462 1537 477 ς
1565 445 1752 465 ARTICULUSI
1813 439 1914 466 Utrum
1936 440 2045 475 absque
2068 446 2185 475 peccato
2214 439 2328 467 mortali
2355 440 2447 476 possit

1843 485 1992 507 accusatus
2007 479 2153 507 veritatem
2169 488 2273 516 negare
2292 488 2343 515 per
2357 489 2445 516 quam

1843 519 2084 546 condemnaretur
2087 540 2444 548 .............
2471 528 2544 559 pag.
2570 529 2623 556 109

1644 565 1659 581 ι
1743 564 1764 583 11
1814 557 1915 585 Utrum
1938 564 2071 586 accusato
2100 559 2182 586 liceat
2210 557 2388 587 calumniose
2415 568 2446 587 se

1842 596 1995 626 defendere
1998 619 2444 627 ................
2528 609 2542 624 2·
2570 607 2624 626 110

1643 645 1658 660 »
1741 643 1772 662 111
1813 636 1915 663 Utrum
1943 646 1993 665 reo
2022 637 2104 665 liceat
2131 637 2268 666 iudicium
2301 637 2444 666 declinare

1840 684 1892 710 per
1912 676 2145 712 appellationem.
2169 680 2179 705 .“
2198 699 2443 706 .........
2526 687 2541 703 »
2570 685 2623 705 112

1643 724 1658 739 x>
1741 722 1772 742 Ν
1811 715 1914 742 Utrum
1935 715 2018 743 liceat
2038 717 2234 745 condemnato
2256 718 2292 746 ad
2320 724 2444 746 mortem

1841 763 1871 782 se
1892 754 2053 789 defendere,
2070 755 2092 783 si
2108 756 2198 791 possit
2200 778 2443 786 .........
2525 767 2541 782 »
2569 757 2621 785 113

1841 827 2033 860 QUAESTIO
2053 827 2343 856 SEPTUAGESIMA

1660 893 1711 922 De
1730 893 1900 923 iniustitia
1920 893 2114 929 pertinente
2133 894 2178 923 acl
2197 902 2385 931 personam
2406 895 2524 926 testie.

1560 966 1723 987 Alimentus
1736 968 1746 987 1
1807 960 1909 987 Utrum
1930 959 2021 987 homo
2043 966 2174 987 teneatur
2194 960 2231 987 ad
2245 959 2444 988 testimonium

1838 999 1988 1026 ferendum
1993 1020 2442 1028 ................
2524 1010 2539 1026 :v
2568 1002 2622 1029 116

1642 1049 1657 1064 »
1739 1047 1762 1066 11
1811 1040 1912 1066 Utrum
1935 1036 2059 1066 sufficiat
2081 1040 2205 1067 duorum
2227 1039 2272 1067 vel
2293 1039 2379 1067 trium
2401 1046 2443 1068 te-

1839 1078 2008 1106 stimonium
2018 1100 2441 1108 ...............
2524 1090 2540 1106 2
2567 1089 2622 1116 1¹7

1642 1127 1657 1143 s
1739 1126 1772 1146 111
1812 1119 1914 1146 Utrum
1936 1118 2055 1146 alicuius
2075 1118 2274 1146 testimonium
2296 1118 2332 1147 sit
2352 1119 2444 1156 repet*

1838 1158 1955 1185 lendum
1976 1159 2085 1194 absque
2114 1158 2175 1186 eius
2202 1159 2286 1195 culpa
2289 1180 2442 1187 ......
2525 1169 2540 1184 2
2567 1168 2622 1196 119

1640 1206 1655 1221 :v
1738 1204 1768 1223 Ν
1808 1197 1911 1224 Utrum
1932 1197 2036 1225 falsum
2057 1197 2255 1226 testimonium
2278 1207 2393 1235 semper
2407 1198 2444 1226 sit

1838 1242 1987 1272 peccatum
2012 1238 2135 1265 mortale
2138 1259 2440 1266 ...........
2525 1249 2540 1264 »
2567 1245 2623 1267 120

1777 1314 1970 1349 QUAESTIO
1992 1315 2405 1345 SEPTUAGESIMAPRIMA

1561 1389 1610 1418 De
1630 1387 1800 1418 iniustitia
1821 1395 1910 1424 quae
1929 1388 1969 1418 iit
1987 1388 2022 1417 in
2041 1389 2164 1419 indicio
2185 1398 2229 1419 ex
2242 1391 2343 1427 parte
2360 1390 2623 1423 advocatorum.

1559 1462 1723 1483 ARTICULUS
1736 1463 1746 1482 1
1806 1455 1907 1482 Utrum
1930 1455 2086 1483 advocatus
2103 1461 2235 1484 teneatur
2247 1456 2442 1492 patrocinium

1838 1501 1982 1530 praestare
2004 1504 2107 1523 causae
2122 1505 2280 1531 pauperum
2284 1517 2442 1525 ......
2523 1507 2539 1523 s
2566 1503 2621 1526 122

1639 1544 1655 1560 ›
1737 1542 1759 1561 11
1809 1534 1911 1562 Utrum
1933 1534 2137 1563 convenienter
2164 1535 2253 1572 aliqui
2281 1536 2441 1565 secundum
2558 1555 2559 1558 =
2613 1551 2629 1567 A.

1836 1574 1899 1602 iura
1918 1580 2070 1602 arceantur
2090 1576 2126 1603 ab
2147 1573 2246 1604 officio
2271 1575 2442 1605 advocandi.
2523 1586 2540 1604 »
2566 1583 2622 1613 124

1640 1624 1654 1639 s
1736 1621 1768 1640 111
1808 1614 1909 1641 Utrum
1941 1614 2098 1642 advocatus
2129 1622 2227 1652 peccet
2255 1615 2278 1644 si
2305 1615 2441 1644 iniustam
2590 1649 2595 1653 ,

1837 1662 1954 1681 causam
1969 1654 2105 1682 defendat
2106 1676 2440 1685 ............
2523 1667 2539 1683 »
2566 1657 2619 1685 125

1639 1704 1655 1719 »
1736 1700 1767 1720 Ν
1807 1693 1908 1720 Utrum
1930 1694 2071 1722 advocato
2091 1694 2175 1722 liceat
2195 1704 2249 1731 pro
2270 1704 2324 1723 suo
2342 1702 2441 1732 patro-

1836 1732 1913 1760 cinio
1941 1733 2094 1769 pecuniam
2124 1734 2254 1770 accipere
2256 1756 2440 1764 .......
2522 1746 2539 1762 θ
2581 1735 2621 1767 ib.

1747 1798 1939 1833 QUAESTIO
1961 1798 2431 1829 SEPTUAGESIMASECUNDA

1945 1865 1994 1894 De
2015 1865 2231 1895 contumelia.

1556 1937 1720 1957 AR‘rtcuLus
1735 1937 1745 1956 1
1805 1929 1907 1956 Utrum
1929 1927 2104 1957 contumelia
2127 1929 2266 1958 consistat
2287 1930 2318 1958 in
2337 1930 2441 1960 verbis.
2524 1943 2539 1959 2
2566 1939 2620 1970 127

1638 1980 1653 1995 »
1735 1977 1757 1996 n
1803 1969 1906 1996 Utrum
1927 1967 2112 2003 contumelia,
2134 1978 2185 1998 seu
2207 1970 2380 2006 convicium,
2405 1971 2442 1999 sit

1835 2014 1984 2044 peccatum
2013 2008 2135 2037 mortale
2137 2030 2441 2040 ...........
2523 2022 2540 2039 ²
2556 2018 2623 2050 ,mg

1637 2058 1652 2074 s
1734 2056 1766 2076 m
1807 2048 1910 2076 Utrum
1932 2047 2034 2085 aliquis
2056 2049 2159 2077 debeat
2179 2049 2369 2079 contumelias
2387 2050 2442 2079 sibi

1835 2087 1926 2116 illatas
1947 2087 2087 2116 sustinere
2106 2110 2441 2119 ............
2524 2102 2540 2118 ι
2566 2091 2621 2120 130

1639 2138 1653 2154 »
1736 2135 1767 2155 Ν
1807 2128 1912 2156 Utrum
1933 2128 2109 2156 contumelia
2129 2128 2239 2158 oriatur
2267 2138 2301 2158 ex
2328 2129 2379 2158 ira.
2402 2152 2410 2159 .
2431 2152 2439 2159 .
2523 2141 2540 2158 υ
2566 2131 2616 2160 131

1762 2194 1954 2230 QUAESTIO
1980 2195 2413 2225 SEPTUAGESIMATERTIA

1941 2263 1989 2292 De
2011 2262 2250 2303 detractione.

1555 2337 1720 2358 ARTICULUS
1734 2338 1745 2358 1
1804 2330 1907 2357 Utrum
1929 2328 2069 2357 detractio
2090 2329 2126 2357 sit
2146 2330 2314 2368 denigratio
2327 2330 2442 2359 alienae

1827 2370 1931 2407 famae
1949 2378 2007 2406 per
2027 2369 2138 2397 occulta
2161 2370 2259 2398 verba.
2281 2391 2438 2399 ......
2522 2382 2538 2398 2
2564 2372 2619 2401 132

1637 2420 1652 2435 »
1734 2417 1755 2437 11
1806 2410 1909 2437 Utrum
1930 2408 2069 2437 detractio
2091 2409 2126 2437 sit
2141 2416 2290 2445 peccatum
2309 2411 2440 2439 mortale.
2523 2422 2539 2438 »
2565 2411 2618 2440 133

1639 2460 1653 2475 κ
1735 2457 1768 2477 111
1809 2449 1911 2477 Utrum
1932 2448 2071 2477 detractio
2101 2449 2135 2477 sit
2162 2449 2279 2486 gravius
2303 2450 2440 2479 omuibus

1835 2493 1958 2530 peccatis
1979 2503 2055 2531 quae
2075 2494 2105 2522 in
2125 2494 2292 2531 proximum
2305 2495 2439 2524 commit-

1834 2547 1934 2568 tuntur
1955 2561 2438 2570 .................
2522 2553 2538 2569 ι
2564 2543 2618 2572 135

1636 2599 1652 2615 s
1734 2596 1764 2615 Ν
1804 2588 1907 2615 Utrum
1928 2587 2048 2615 audiens
2062 2586 2111 2624 qui
2125 2588 2228 2616 tolerat
2242 2588 2440 2616 detrahentem

1835 2626 1958 2664 graviter
1974 2633 2072 2663 peccet
2074 2649 2437 2657 .............
2522 2640 2538 2655 »
2564 2629 2620 2658 136

1749 2699 1943 2735 QUAESTIO
1972 2699 2424 2735 SEPTUAGESIMAQUARTA

1923 2768 1972 2797 De
1998 2767 2251 2798 susurratione.

1555 2841 1721 2863 AR’rmULth
1734 2842 1745 2861 1
1804 2833 1907 2861 Utrum
1929 2832 2086 2860 susurratio
2108 2831 2143 2860 sit
2164 2839 2315 2869 peceatum
2329 2823 2440 2862 'distin-

1835 2878 1913 2900 ctum
1939 2881 1956 2900 a
1984 2871 2162 2900 detractione
2162 2893 2438 2902 ..........
2522 2885 2537 2900 »
2564 2874 2618 2912 139

1637 2925 1651 2939 »
1734 2921 1755 2941 11
1805 2913 1907 2940 Utrum
1930 2911 2126 2957 detracti01sit
2146 2912 2261 2949 gravius
2287 2919 2440 2949 peccatum

1834 2961 1923 2989 quam
1945 2958 2103 2980 susurratio
2106 2973 2438 2982 ............
2522 2965 2537 2980 ›
2564 2962 2619 2990 14ο

1760 3025 1953 3060 QUAESTIO
1975 3025 2413 3061 SEPTUAGESIMAQUINTA

1959 3091 2009 3120 De
2030 3090 2213 3130 derisione.

1557 3165 1721 3186 ARthums
1734 3166 1746 3186 1
1804 3158 1907 3185 Utrum
1929 3157 2035 3185 derisio
2056 3156 2092 3185 sit
2112 3157 2234 3194 speciale
2248 3164 2408 3194 peccatum.
2431 3180 2439 3187 .
2521 3165 2536 3185 s
2563 3166 2613 3194 141

1638 3209 1653 3224 »
1735 3206 1758 3226 11
1802 3197 1905 3225 Utrum
1938 3197 2044 3225 derisio
2072 3197 2163 3233 possit
2193 3207 2256 3226 esse
2287 3205 2438 3235 peccatum

1833 3236 1957 3264 mortale
1959 3258 2437 3266 .................
2486 3272 2488 3274 ¹
2520 3248 2536 3264 ι
2562 3244 2617 3273 142

1769 3310 1962 3345 QUAESTIO
1987 3310 2406 3340 SEPTUAGESIMASEXTA

1923 3385 1973 3413 De
2000 3384 2248 3414 maledictione.
2375 3380 2379 3381 ⁷

1557 3462 1720 3483 annotans
1734 3463 1744 3482 1
1804 3454 1905 3482 Utrum
1927 3453 2009 3481 liceat
2030 3453 2200 3482 maledicere
2213 3453 2349 3491 aliquem.
2371 3475 2379 3483 .
2400 3475 2407 3481 .
2430 3474 2437 3481 .
2519 3464 2534 3479 »
2562 3453 2614 3489 143

1637 3504 1653 3520 ι
1736 3502 1757 3522 11
1803 3494 1906 3521 Utrum
1937 3493 2019 3521 liceat
2052 3499 2210 3522 creaturam
2241 3493 2438 3522 irrationalem

1837 3532 2007 3561 maledicere
2015 3553 2436 3561 ...............
2519 3543 2534 3558 »
2561 3542 2616 3568 144

2846 3544 2847 3551 ⁴
2844 3426 2860 3527 52oe25‘
2854 3388 2860 3417 --

2858 3875 2860 3881 .
2850 3766 2860 3864 ..n-‘ci-
2846 3703 2860 3756 ι-ς.ί
