2860 4244
38 2717 132 2744 ἈΙ-ιτς
141 2722 248 2745 qiu-um,

36 2746 81 2765 nn.
96 2749 129 2765 ιο.

963 245 1229 291 QUAESTIO
1260 247 1378 292 an,
1408 248 1701 285 ARTICULUS
1730 249 1765 285 v
2396 251 2438 287 51

1060 339 1377 381 ARTICULUS
1392 348 1394 350 '
1407 341 1661 392 QUINTUS

742 423 897 455 UTRUM
920 422 1157 454 OPORTEAT
1181 422 1537 455 RESTITUTIONEM
1561 426 1730 457 FACERE
1756 428 1922 458 SEMPER
1946 428 1986 458 El

1006 468 1035 496 A
1059 466 1150 503 QUO
1175 466 1412 497 ACCEPTUM
1436 468 1516 498 EST
1539 470 1716 507 ALIQUID

1036 535 1070 559 1v
1090 535 1173 563 Sent„
1193 535 1252 560 dist.
1271 542 1311 564 xv,
1331 543 1376 567 qu.
1393 543 1411 566 1,
1430 541 1477 561 art.

310 609 321 632 )
346 612 403 639 »2«ae
428 619 463 653 ,Ὗ
487 611 510 635 1)
530 609 692 641 Qumrum
711 609 764 634 Slc
788 608 1028 634 Pnocam‘rua.
1051 597 1211 633 Videtur
1229 596 1335 645 quod

434 654 465 688 a·
487 663 566 688 non
594 657 768 699 oporteat
796 649 1068 686 restitutionem
1093 650 1216 686 facere
1236 661 1335 686 sem-

297 704 333 753 a!
352 746 370 756 f,
393 745 402 753 ,

428 685 458 739 ’ὃ
487 715 555 751 per
575 703 608 739 ei
627 715 650 739 a
665 715 741 751 quo
761 710 961 751 acceptum
981 710 1037 739 est
1056 702 1210 751 aliquid.
1231 702 1336 739 Nulli

335 779 337 782 -
448 744 590 792 enim
619 755 806 793 debemus
835 768 987 792 nocere.
1027 755 1103 792 Sed
1131 755 1335 803 aliquando

277 815 375 844 esset
392 807 430 844 in
450 815 725 845 nocumentum
754 808 920 846 hominis
941 809 972 845 si
992 808 1214 845 redderetur
1232 808 1336 856 quod

276 860 324 896 ab
351 872 396 896 eo
427 868 624 910 acceptum
655 869 730 906 est;
759 863 822 899 vel
851 861 964 898 etiam
993 861 1031 897 in
1059 868 1335 897 nocumentum

275 911 450 959 aliorum,
480 921 572 962 puta
601 913 631 950 si
659 914 792 962 aliquis
821 914 994 951 redderet
1021 913 1187 961 gladium
1219 913 1336 961 depo-

275 965 389 1002 situm
408 965 563 1004 furioso.
593 967 696 1015 Ergo
716 979 794 1004 non
813 979 966 1015 semper
987 974 1041 1002 est
1060 965 1335 1003 restituendum

276 1017 311 1054 ei
339 1031 362 1055 a
392 1031 469 1066 quo
499 1018 698 1068 acceptum
726 1027 792 1056 est.

331 1082 366 1108 2.
386 1072 620 1119 PRAETEREA,
648 1072 708 1109 ille
728 1072 794 1121 qui
822 1071 945 1108 illicite
974 1071 1116 1119 aliquid
1138 1071 1240 1108 dedit
1259 1083 1338 1108 non

276 1131 444 1161 meretur
462 1124 553 1162 illud
581 1137 817 1174 recuperare.
849 1125 925 1162 Sed
945 1125 1178 1174 quandoque
1203 1124 1337 1172 aliquis
1363 1151 1365 1170 4

275 1175 399 1213 illicite
419 1177 484 1213 dat
506 1178 612 1225 quod
631 1177 724 1214 alius
744 1177 858 1214 etiam
882 1177 1005 1214 illicite
1025 1177 1160 1226 accipit
1180 1182 1212 1213 “z
1243 1177 1338 1214 sicut
1363 1194 1365 1210 ι

275 1237 432 1278 apparet
459 1229 498 1266 in
517 1230 631 1267 dante
661 1238 697 1267 et
725 1230 929 1279 recipiente
954 1230 1094 1279 aliquid
1116 1230 1335 1267 simoniace.

274 1281 376 1329 Ergo
395 1294 475 1319 non
494 1295 648 1331 semper
667 1283 940 1320 restituendum
960 1291 1017 1320 est
1035 1283 1069 1320 ei
1090 1296 1111 1320 a
1131 1295 1209 1331 quo
1230 1295 1337 1320 acce-

261 1342 393 1392 ρΔΒῘἏΙΠῘΙ,
403 1343 502 1372 -Εδῖτ’
541 1341 555 1345 ⁴

242 1388 252 1391 ’
330 1388 364 1425 3.
386 1388 626 1435 PRAETEREA,
666 1389 790 1425 nullus
826 1396 975 1425 tenetur
1002 1389 1051 1425 ad
1087 1388 1334 1437 impossibile.

275 1440 352 1480 Sed
372 1441 605 1489 quandoque
626 1448 682 1478 est
700 1441 932 1490 impossibile
952 1441 1147 1477 restituere
1168 1441 1202 1477 ei
1221 1454 1244 1478 a
1258 1454 1336 1489 quo

274 1502 475 1543 acceptum
514 1501 588 1531 est:
626 1495 688 1531 vel
726 1493 815 1543 quia
852 1501 907 1530 est
941 1501 1129 1540 mortuus,
1158 1495 1220 1530 vel
1248 1495 1364 1542 quia¹

274 1547 389 1585 nimis
407 1547 530 1592 distat,
549 1547 614 1584 vel
637 1546 727 1594 quia
747 1554 802 1583 est
820 1547 982 1594 ignotus.
1012 1547 1114 1594 Ergo
1135 1558 1213 1583 non
1238 1559 1337 1583 sem-

273 1612 344 1649 per
370 1599 543 1636 facienda
568 1608 623 1636 est
642 1599 824 1636 restitutio
846 1599 879 1635 ei
899 1612 921 1635 a
940 1611 1018 1647 quo
1043 1606 1243 1648 acceptum
1270 1608 1335 1636 est.

326 1664 365 1699 4.
377 1653 610 1700 PRAETEREA,
628 1652 748 1700 magis
769 1652 883 1689 debet
902 1652 1022 1689 homo
1042 1664 1336 1701 recompensare

275 1703 311 1742 ei
335 1717 358 1742 a
378 1717 455 1754 quo
484 1705 608 1742 maius
633 1705 866 1742 beneficium
895 1705 1052 1754 accepit.
1083 1705 1160 1741 Sed
1188 1705 1236 1742 ab
1256 1705 1337 1742 aliis

274 1758 447 1807 personis
465 1759 585 1795 homo
605 1759 690 1807 plus
709 1758 855 1806 accepit
873 1757 1049 1795 beneficii
1069 1770 1186 1806 quam
1206 1759 1253 1795 ab
1274 1758 1336 1795 illo

272 1810 340 1860 ‘qui
355 1811 542 1848 mutuavit
554 1812 618 1848 vel
633 1811 820 1860 deposuit,
833 1810 928 1848 sicut
943 1823 965 1848 a
979 1811 1209 1859 parentibus.
1234 1812 1336 1859 Ergo

274 1863 396 1912 magis
432 1864 740 1901 subveniendum
769 1872 826 1900 est
853 1865 1085 1913 quandoque
1114 1863 1224 1901 alicui
1252 1877 1337 1913 per-

275 1928 393 1954 sonae
422 1917 526 1954 alteri
545 1929 664 1967 quam
693 1917 967 1954 restituendum
989 1917 1022 1953 ei
1051 1929 1073 1953 a
1092 1929 1168 1965 quo
1198 1924 1254 1954 est
1277 1930 1337 1954 ac-

276 1977 442 2019 ceptum.

333 2022 366 2060 5.
386 2022 620 2069 PRAETEREA,
648 2035 795 2060 vanum
825 2030 881 2060 est
909 2022 1103 2059 restituere
1122 2022 1213 2060 illud
1234 2024 1337 2071 quod

275 2074 326 2112 ad
344 2087 503 2112 manum
522 2075 749 2112 restituentis
768 2088 837 2124 per
856 2070 1132 2112 restitutionem
1151 2076 1336 2124 pervenit.
1356 2081 1364 2122 ᾗ

276 2128 355 2165 Sed
374 2128 404 2164 si
423 2129 614 2177 praelatus
636 2129 771 2165 iniuste
792 2128 931 2177 aliquid
957 2129 1138 2165 ecclesiae
1158 2129 1339 2166 subtraxit

277 2187 314 2218 et
333 2180 366 2217 ei
386 2181 566 2227 restituat,
587 2181 635 2218 ad
655 2181 893 2218 manus'eius
913 2181 1111 2218 deveniet:
1142 2181 1231 2230 quia
1255 2181 1337 2230 ipse

277 2241 334 2271 est
358 2246 488 2278 rerum
509 2233 692 2271 ecclesiae
712 2241 970 2284 conservator.
1000 2234 1102 2282 Ergo
1127 2246 1206 2271 non
1225 2235 1338 2272 debet

276 2286 471 2324 restituere
509 2286 690 2324 ecclesiae
728 2300 750 2324 a
778 2285 1044 2336 qua‘abstulit.
1092 2287 1140 2323 Et
1177 2287 1231 2323 sic
1259 2300 1337 2325 non

275 2351 429 2388 semper
456 2340 731 2378 restituendum
768 2347 824 2377 est
851 2339 886 2376 ei
915 2352 936 2376 a
965 2351 1043 2387 quo
1073 2347 1129 2376 est
1156 2340 1337 2378 ablatum.

330 2392 405 2430 SED
424 2404 571 2430 CONTRA
589 2405 655 2430 EST
673 2394 779 2441 quod
808 2392 942 2430 dicitur
959 2394 1071 2429 Rom.
1091 2404 1152 2428 xm
1170 2392 1210 2429 *z
1239 2395 1338 2430 Red-

275 2444 350 2482 dite
375 2446 548 2483 omnibus
571 2446 709 2482 debita:
740 2446 804 2482 cui
828 2446 1019 2491 tributum,
1049 2446 1250 2490 tributum;
1278 2447 1341 2483 cui

273 2497 448 2548 vectigal,
476 2498 650 2548 vectigal.

328 2551 555 2589 Respounzo
595 2563 781 2589 mcx-:unum
818 2551 924 2600 quod
957 2563 1027 2599 per
1065 2550 1338 2589 restitutionem

275 2603 319 2640 fit
346 2604 517 2642 reductio
547 2604 596 2641 ad
623 2604 891 2653 aequalitatem
911 2603 1210 2640 commutativae
1238 2604 1340 2641 iusti-

274 2656 361 2703 tiae,
390 2669 490 2706 quae
511 2657 680 2695 consistit
707 2657 745 2694 in
769 2669 897 2694 rerum
926 2657 1214 2705 adaequatione,
1244 2657 1340 2694 sicut

277 2709 419 2747 dictum
441 2717 496 2748 est
508 2709 540 2747 ²¹².
562 2710 795 2747 Huiusmodi
815 2717 942 2747 autern
965 2721 1090 2746 rerum
1112 2709 1338 2759 adaequatio

275 2761 358 2799 fieri
385 2774 465 2799 non
501 2770 631 2811 posset
659 2763 729 2800 nisi
759 2762 793 2799 ei
821 2763 887 2810 qui
917 2762 1044 2799 minus
1078 2763 1193 2800 habet
1221 2775 1338 2811 quam

275 2815 382 2864 quod
409 2827 523 2852 suum
551 2823 618 2862 est,
648 2816 886 2864 suppleretur
913 2815 1019 2865 quod
1047 2815 1163 2852 deest.
1212 2817 1262 2853 Et
1290 2817 1339 2854 ad

275 2868 376 2905 hanc
403 2868 685 2916 suppletionem
715 2868 930 2905 faciendam
967 2880 1124 2905 necesse
1154 2875 1210 2905 est
1236 2877 1277 2905 ut
1305 2869 1339 2906 ei

275 2921 343 2958 fiat
370 2920 553 2958 restitutio
583 2933 605 2957 a
633 2933 710 2970 quo
739 2928 940 2969 acceptum
969 2927 1037 2957 est.

328 2974 388 3010 An
406 2985 544 3011 ramum
567 2985 666 3011 ERGO
685 2985 871 3011 DICENDUM
899 2973 1004 3022 quod
1028 2973 1183 3021 quando
1204 2985 1263 3010 res
1283 2986 1340 3010 re-

276 3026 464 3064 stituenda
482 3034 640 3076 apparet
660 3039 741 3064 esse
760 3026 923 3075 graviter
942 3025 1055 3063 noxia
1069 3024 1084 3055 β
1104 3025 1138 3062 ei
1157 3025 1218 3063 cui
1237 3026 1340 3063 resti-

274 3078 368 3116 tutio
388 3079 561 3117 facienda
589 3087 644 3117 est
661 3081 724 3117 vel
753 3079 869 3127 alteri,
889 3091 968 3116 non
989 3078 1023 3115 ei
1044 3078 1156 3116 debet
1174 3086 1264 3117 tunc
1283 3092 1339 3116 re-

275 3131 391 3169 stimi:
421 3132 510 3180 quia
528 3132 710 3170 restitutio
738 3132 933 3170 ordinatur
961 3131 1010 3169 ad
1032 3131 1230 3169 utilitatem
1259 3132 1339 3170 eius

276 3185 336 3222 cui
364 3185 586 3231 restituitur3
616 3185 745 3223 omnia
765 3185 866 3222 enim
886 3197 984 3234 quae
1007 3185 1251 3233 possidentur
1269 3186 1338 3222 sub

277 3237 422 3275 ratione
449 3237 548 3275 utilis
577 3239 728 3276 cadunt.
766 3239 851 3275 Nec
878 3245 1008 3275 tamen
1036 3237 1150 3275 debet
1185 3237 1247 3275 ille
1276 3238 1340 3287 qui

277 3290 418 3328 detinet
446 3302 528 3327 rem
557 3290 740 3338 alienam,
770 3291 841 3328 sibi
873 3291 1139 3340 appropriare:
1183 3292 1250 3328 sed
1277 3291 1340 3328 vel

329 3403 358 3436 α)
375 3403 482 3436 accipit.
495 3418 513 3423 -
531 3404 633 3435 accepit
646 3404 676 3429 P.

330 3438 355 3472 β)
375 3439 469 3480 ηομ-’4.
480 3451 500 3458 -
517 3439 611 3480 ηόειῖνα
630 3439 659 3465 Ρ.

329 3474 356 3541 {3
375 3474 627 3535 γ”ἕωιὲηῗ
643 3508 764 3534 msc.

330 3545 353 3577 ε)
372 3547 406 3570 et.
417 3558 436 3564 -
449 3545 498 3570 sed
515 3547 542 3570 et
555 3545 596 3570 ed.
610 3551 637 3575 a,
650 3544 698 3569 sed
710 3544 738 3569 P.
751 3558 771 3563 -
784 3544 835 3568 Pro
852 3543 955 3576 aliquid
968 3551 1029 3577 per,
1038 3551 1090 3576 per·
1103 3545 1136 3575 H,
1150 3545 1188 3570 ad
1200 3545 1246 3570 Ρα.

1498 545 1520 566 ;>,
1541 538 1590 570 qu·
1609 546 1635 570 4.

1390 609 1585 634 reservare
1603 607 1645 635 ut
1665 612 1832 648 congruo
1853 610 2024 651 tempore
2046 602 2224 650 restituat,
2245 603 2306 639 vel
2335 603 2447 639 etiarn

1390 649 1478 686 alibi
1497 655 1512 677 Υ
1540 652 1686 688 tradere
1715 655 1829 690 tutius
1857 655 2174 692 conservandam.

1443 704 1501 739 AD
1529 715 1719 741 SECUNDUM
1747 718 1931 744 DlCENDuM
1960 708 2063 756 quod
2092 707 2225 757 aliquis
2253 707 2449 756 dupliciter

1391 755 1532 803 aliquid
1566 756 1687 799 illicite
1717 757 1789 795 dat.
1838 759 1924 796 Uno
1954 760 2085 807 modo,
2115 761 2204 808 quia
2233 760 2314 809 ipsa
2347 760 2448 797 datio

1391 814 1446 844 est
1465 808 1589 844 illicita
1610 817 1646 845 et
1665 818 1796 847 contra
1824 812 1968 858 legem:
1999 813 2094 849 sicut
2121 820 2223 861 patet
2251 814 2288 849 in
2317 825 2363 849 eo
2385 813 2449 860 qui

1391 860 1599 897 simoniace
1624 861 1764 910 aliquid
1789 863 1901 900 dedit.
1934 865 2038 901 Talis
2057 863 2070 886 δ
2096 873 2259 901 meretur
2278 865 2449 902 amittere

1391 915 1496 961 quod
1526 913 1648 950 dedit:
1677 916 1780 952 unde
1800 928 1878 952 non
1899 917 2012 953 debet
2041 917 2074 953 ei
2095 917 2275 954 restitutio
2299 918 2382 954 fieri
2403 918 2449 954 de

1391 966 1460 1002 his.
1491 967 1550 1014 Et„
1567 967 1655 1015 quia
1681 968 1795 1004 etiam
1823 968 1883 1005 ille
1904 969 1969 1017 qui
1997 970 2141 1018 accepit
2170 978 2300 1006 contra
2327 971 2450 1018 legem

1363 1034 1365 1040 ¹
1392 1019 1548 1067 accepit.
1569 1031 1647 1056 non
1672 1016 1786 1057 debet
1804 1021 1873 1057 sibi
1898 1022 2070 1069 retinere,
2091 1022 2160 1058 sed
2180 1022 2292 1059 debet
2310 1022 2348 1058 in
2366 1022 2451 1071 pios

1390 1084 1482 1108 usus
1511 1080 1746 1109 convertere.
1768 1094 1792 1100 -
1821 1073 1906 1110 Alio
1935 1076 2054 1111 modo
2084 1074 2218 1122 aliquis
2246 1075 2368 1111 illicite
2389 1075 2452 1112 dat

1391 1125 1479 1173 quia
1506 1133 1663 1174 propter
1691 1138 1772 1162 rem
1810 1126 1974 1164 illicitam
2006 1127 2088 1174 dat,
2119 1127 2203 1163 licet
2239 1127 2320 1175 ipsa
2348 1128 2450 1164 datio

1392 1190 1471 1215 non
1491 1178 1537 1214 sit
1554 1178 1700 1215 illicita:
1730 1179 1826 1216 sicut
1853 1192 1942 1216 cum
1962 1180 2046 1228 quis
2067 1180 2130 1216 dat
2156 1180 2342 1216 meretrici
2364 1193 2452 1228 pro-

1389 1238 1474 1279 pter
1502 1231 1804 1269 fornicationem.
1851 1232 1963 1270 Unde
1993 1241 2028 1269 et
2056 1231 2193 1269 mulier
2219 1240 2345 1280 potest
2382 1233 2451 1269 sibi

1390 1284 1548 1320 retinere
1570 1285 1676 1332 quod
1696 1284 1729 1321 ei
1749 1285 1880 1322 datum
1901 1293 1956 1322 est
1973 1285 2008 1322 *ε
2031 1293 2067 1322 et
2085 1290 2097 1306 ε
2126 1285 2157 1321 si
2177 1285 2368 1334 superflue
2388 1286 2452 1322 ali·
2480 1298 2489 1307 ⁴

1363 1375 1364 1379 ,
1391 1337 1483 1386 quid
1511 1349 1580 1386 per
1608 1337 1781 1374 fraudem
1806 1339 1868 1374 vel
1895 1339 2027 1374 dolum
2055 1338 2280 1386 extorsisset,
2305 1346 2454 1375 tenetur

1393 1390 1518 1427 eidem
1548 1391 1755 1427 restituere.

1444 1445 1503 1479 AD
1522 1454 1682 1480 TERTIUM
1701 1455 1885 1480 DICENDUM
1904 1443 2009 1491 quod
2029 1443 2059 1480 si
2078 1443 2138 1480 ille
2159 1444 2219 1480 cui
2239 1443 2352 1480 debet
2370 1443 2453 1480 fieri

1391 1495 1574 1531 restitutio
1603 1495 1647 1531 sit
1676 1495 1833 1531 omnino
1863 1496 2024 1543 ignotus,
2062 1496 2175 1533 debet
2201 1498 2320 1533 homo
2350 1497 2454 1533 resti-

1390 1555 1497 1584 tuere
1513 1548 1724 1584 secundum
1742 1548 1847 1595 quod
1862 1556 1997 1596 potest,
2010 1548 2150 1585 scilicet
2165 1549 2292 1586 dando
2303 1550 2341 1586 in
2357 1551 2453 1586 elee-

1392 1612 1574 1649 mosynas
1602 1613 1671 1648 pro
1696 1600 1814 1636 salute
1843 1601 1971 1649 ipsius,
1993 1602 2075 1637 sive
2104 1601 2148 1638 sit
2173 1610 2346 1638 mortuus
2372 1602 2452 1638 sive

1391 1652 1437 1690 sit
1464 1653 1597 1698 vivus;
1635 1653 1846 1701 praemissa
1874 1661 2002 1690 tamen
2028 1653 2192 1701 diligenti
2212 1654 2452 1703 inquisitione

1392 1706 1438 1743 de
1466 1718 1632 1754 persona
1661 1705 1741 1742 eius
1771 1706 1829 1742 cui
1859 1714 1914 1742 est
1939 1706 2119 1743 restitutio
2149 1707 2331 1744 facienda.
2361 1728 2386 1735 -
2414 1707 2453 1744 Si

1389 1771 1484 1796 vero
1501 1759 1547 1795 sit
1564 1766 1736 1795 mortuus
1751 1758 1812 1795 ille
1832 1759 1892 1795 cui
1912 1767 1968 1796 est
1986 1759 2167 1796 restitutio
2187 1760 2371 1807 facienda,
2389 1760 2451 1797 de-

1392 1813 1456 1849 bet
1479 1811 1621 1848 restitui
1640 1811 1771 1848 heredi
1795 1811 1888 1858 eius,
1909 1812 1973 1861 qui
1994 1820 2232 1861 computatur
2251 1813 2358 1860 quasi
2378 1826 2454 1849 una

1391 1877 1557 1914 persona
1577 1877 1664 1901 cum
1685 1865 1780 1913 ipso.
1801 1886 1825 1892 -
1846 1865 1886 1908 Si
1905 1877 1999 1901 vero
2024 1865 2070 1901 sit
2088 1864 2100 1890 ζ
2118 1867 2279 1902 multum
2301 1866 2451 1912 distans,

1393 1918 1506 1955 debet
1524 1917 1594 1954 sibi
1613 1917 1812 1954 transmitti
1830 1919 1934 1966 quod
1950 1918 1984 1955 ei
2001 1918 2174 1954 debetur:
2196 1926 2231 1955 et
2250 1919 2452 1967 praecipue

1392 1971 1422 2008 si
1443 1971 1489 2007 sit
1508 1983 1567 2007 res
1587 1971 1715 2018 magni
1733 1965 1886 2018 valoris,
1908 1978 1944 2007 et
1970 1971 2090 2020 possit
2109 1972 2315 2008 commode
2334 1980 2453 2008 trans-

1391 2024 1498 2061 mitti.
1545 2023 1728 2071 Alioquin
1748 2023 1861 2060 debet
1888 2023 1927 2060 in
1946 2023 2074 2071 aliquo
2103 2024 2188 2060 loco
2209 2032 2288 2061 tuto
2310 2025 2452 2073 deponi

1391 2085 1432 2113 ut
1450 2089 1520 2125 pro
1538 2088 1583 2112 eo
1601 2083 1858 2122 conservetur,
1876 2084 1912 2113 et
1931 2076 2090 2113 domino
2115 2076 2328 2124 significari.

1444 2132 1502 2166 An
1523 2141 1695 2171 QUARTUM
1715 2131 1898 2166 mcENDuM
1917 2130 2023 2177 quod
2042 2129 2175 2178 aliquis
2192 2131 2238 2166 de
2258 2131 2332 2166 hoc
2347 2130 2452 2178 quod

1392 2190 1447 2219 est
1473 2182 1542 2218 sibi
1570 2182 1768 2231 proprium
1797 2182 1910 2219 debet
1937 2182 2058 2230 magis
2086 2182 2299 2219 satisfacere
2319 2195 2453 2231 paren-

1389 2235 1489 2272 tibus
1508 2236 1571 2271 vel
1598 2235 1656 2271 his
1685 2247 1707 2271 a
1736 2235 1875 2283 quibus
1903 2235 2048 2284 accepit
2076 2235 2224 2272 maiora
2252 2235 2451 2272 beneficia.

1392 2289 1484 2324 Non
1512 2295 1640 2324 autem
1670 2288 1784 2325 debet
1816 2287 1950 2336 aliquis
1979 2300 2273 2337 recompensare
2301 2289 2453 2325 benefa-

1392 2341 1485 2377 ctori
1514 2341 1561 2377 de
1589 2341 1727 2387 alieno,
1757 2341 1863 2388 quod
1891 2341 2124 2388 contingeret
2151 2341 2182 2377 si
2211 2341 2316 2389 quod
2341 2342 2455 2378 debet

1391 2393 1456 2430 uni
1485 2394 1589 2430 alteri
1617 2394 1846 2430 restitueret:
1876 2393 1946 2430 nisi
1974 2394 2070 2430 forte
2095 2394 2132 2430 in
2155 2406 2244 2430 casu
2265 2401 2454 2431 extremae

1392 2446 1644 2493 necessitatis,
1682 2446 1719 2483 in
1756 2459 1834 2494 quo
1870 2454 2000 2495 posset
2036 2455 2073 2483 et
2101 2448 2256 2484 deberet
2283 2447 2416 2496 aliquis
2436 2453 2454 2475 η

1392 2499 1507 2536 etiam
1536 2499 1684 2536 auferre
1714 2499 1837 2536 aliena
1864 2506 1906 2535 ut
1932 2499 2028 2547 patri
2057 2499 2288 2536 subveniret.

1388 2570 1391 2571 ⁷
1426 2553 1503 2588 'An
1519 2564 1682 2594 Qumrum
1702 2564 1886 2589 D1CENDUM
1906 2552 2011 2600 quod
2030 2554 2219 2601 praelatus
2235 2560 2358 2601 potest
2374 2565 2455 2589 rem

1393 2604 1574 2641 ecclesiae
1603 2605 1791 2653 surripere
1819 2605 2018 2654 tripliciter.
2048 2606 2135 2643 Uno
2163 2606 2295 2652 modo,
2325 2606 2354 2642 si
2373 2618 2454 2642 rem

1393 2658 1574 2694 ecclesiae
1594 2671 1672 2695 non
1692 2658 1762 2695 sibi
1782 2658 2016 2707 deputatam,
2036 2658 2104 2695 sed
2124 2658 2239 2705 alteri,
2260 2658 2331 2695 sibi
2347 2671 2455 2695 usur-

1391 2718 1518 2759 paret:
1548 2719 1640 2759 puta
1668 2711 1697 2747 si
1726 2711 1929 2760 episcopus
1957 2718 2158 2759 usurparet
2185 2710 2255 2748 sibi
2284 2723 2365 2747 rem
2395 2724 2454 2748 ca-

1391 2763 1509 2812 pituli.
1539 2765 1589 2800 Et
1606 2772 1696 2800 tunc
1724 2765 1883 2812 planum
1912 2771 1968 2800 est
1987 2764 2091 2812 quod
2120 2764 2233 2800 debet
2260 2764 2454 2800 restituere

1390 2816 1573 2865 ponendo
1603 2817 1642 2853 in
1671 2829 1807 2853 manus
1836 2828 1971 2853 eorum
2000 2816 2049 2853 ad
2077 2828 2174 2864 quos
2195 2816 2240 2853 de
2269 2816 2350 2852 iure
2369 2829 2454 2865 per-

1391 2869 1495 2906 tinet.
1512 2890 1536 2897 -
1561 2869 1648 2905 Alio
1665 2870 1796 2915 modo,
1812 2869 1842 2905 si
1858 2881 1939 2905 rem
1955 2869 2135 2905 ecclesiae
2151 2881 2242 2905 suae
2258 2869 2452 2906 custodiae

1392 2922 1612 2970 deputatam
1636 2921 1675 2958 in
1694 2921 1844 2958 alterius
1873 2921 2088 2958 dominium
2117 2921 2333 2958 transferat:
2362 2930 2453 2970 puta

1393 2974 1665 3022 consanguinei
1693 2975 1755 3011 vel
1783 2974 1908 3011 amici.
1938 2975 1987 3011 Et
2014 2982 2103 3011 tunc
2132 2974 2245 3011 debet
2273 2974 2452 3011 ecclesiae

1392 3027 1598 3074 restituere,
1630 3034 1666 3063 et
1693 3022 1763 3063 sub
1783 3039 1851 3063 sua
1880 3039 1969 3064 cura
1997 3027 2139 3064 habere
2167 3034 2208 3063 ut
2236 3027 2284 3064 ad
2305 3040 2452 3064 succes-

1392 3092 1519 3117 sorem
1543 3080 1753 3128 perveniat.
1774 3102 1798 3108 -
1826 3079 1912 3116 Alio
1932 3077 1945 3101 θ
1973 3081 2093 3117 modo
2122 3087 2246 3128 potest
2263 3081 2451 3128 praelatus

1392 3133 1581 3181 surripere
1610 3145 1691 3169 rem
1721 3132 1901 3170 ecclesiae
1921 3133 2003 3170 solo
2023 3133 2164 3179 animo,
2194 3133 2286 3170 dum
2314 3133 2452 3170 scilicet

1392 3185 1521 3234 incipit
1539 3191 1547 3207 ‘
1571 3186 1713 3222 habere
1733 3186 1904 3223 animum
1925 3185 2144 3234 possidendi
2164 3197 2248 3222 eam
2268 3193 2310 3221 ut
2328 3198 2448 3232 suam,

1394 3245 1430 3275 et
1448 3251 1526 3276 non
1550 3238 1707 3275 nomine
1728 3239 1920 3276 ecclesiae.
1951 3240 1999 3275 Et
2017 3246 2106 3275 tunc
2127 3239 2239 3275 debet
2257 3238 2449 3275 restituere

1392 3292 1508 3329 talem
1537 3291 1709 3328 animum
1738 3291 1982 3340 deponendo.

1444 3405 1469 3438 ζ)
1489 3405 1533 3430 sit.
1545 3419 1564 3424 —
1582 3405 1625 3430 ille
1642 3405 1679 3430 sit
1696 3406 1741 3429 Pa.

1444 3441 1471 3472 η)
1490 3441 1596 3472 aliquis.
1609 3454 1628 3459 —
1652 3440 1713 3465 Om.
1731 3441 1762 3471 A,
1788 3439 1868 3465 alicui
1886 3440 1943 3464 Ρ.-
1963 3438 2014 3463 Pro
2034 3439 2118 3471 patri,
2143 3439 2192 3464 tali
2216 3439 2367 3464 necessitati
2386 3446 2449 3472 per-

1390 3482 1518 3501 sonarum
1538 3475 1555 3500 Ι.

1444 3508 1468 3542 θ)
1486 3510 1555 3535 Alio.
1568 3525 1586 3528 —
1609 3510 1697 3535 Tertio
1717 3510 1744 3534 Ρ.

1445 3545 1462 3578 ι)
1483 3545 1583 3578 incipit.
1596 3559 1615 3564 -
1633 3545 1746 3577 incoepit
1764 3545 1793 3569 P.
