2860 4244
107 934 122 964 (ἱ

0 1395 7 1416 ἶ.
22 1400 110 1416 »MV-»tt
123 1413 126 1418 ,
167 1410 174 1414 .
219 1405 242 1408 -’

922 222 1188 269 QUAESTIO
1222 223 1342 270 an,
1371 223 1666 260 ARTICULUS
1697 224 1745 259 111
2364 234 2415 269 49

248 305 324 352 iam
359 316 446 342 cum
484 303 706 353 aequalitate
736 303 809 349 rei,
840 309 930 350 puta
962 313 1050 337 cum
1079 300 1212 348 aliquis
1250 300 1305 337 in-
1331 302 1333 339 Ξ
1359 301 1598 348 infligendae.
1628 302 1677 337 Et
1696 301 1871 350 quamvis
1899 302 1946 338 ad
1966 307 1984 329 η
2014 301 2298 339 observantiam
2325 300 2420 337 iudi-

248 358 377 394 tendat
404 362 419 385 Υ
448 356 583 393 inferre
619 355 841 393 violentiam
878 354 945 390 sed
982 365 1061 389 non
1101 353 1305 400 praevalet.
1331 343 1334 409 ἶ
1361 354 1461 390 cialis
1490 354 1681 402 praecepti
1715 355 1839 390 nullus
1877 361 2047 390 teneatur
2074 363 2159 402 post
2189 353 2326 390 Christi
2354 353 2420 390 ad-

250 410 446 456 Quantum
477 421 564 456 ergo
592 409 641 446 ad
669 409 836 458 primum
865 405 1065 443 adhibetur
1092 405 1306 441 remedium
1332 412 1334 414 “

248 474 317 511 per
343 462 628 508 restitutionem,
649 461 874 510 inquantum
898 471 968 507 per
987 462 1072 494 eatn
1102 457 1308 505 aequalitas
1333 479 1334 485 κ

249 523 463 563 reparatur:
494 514 543 551 ad
562 515 667 563 quod
690 512 829 550 sufficit
847 511 952 559 quod
976 510 1143 547 restituat
1161 517 1307 546 tantum
1333 514 1335 562 J

249 576 434 616 quantum
453 567 584 604 habuit
598 566 611 589 ὅ
631 567 677 603 de
698 566 834 602 alieno.
864 564 940 600 Sed
960 570 1143 612 quantum
1164 562 1212 599 ad
1233 562 1308 598 cul·
1333 566 1335 579 ⁴

1334 642 1336 653 ,
1361 614 1413 651 xit
1441 615 1548 662 quasi
1577 627 1848 663 supererogare
1870 617 2016 654 volens.
2052 617 2162 654 Unde
2193 624 2229 653 et
2257 616 2422 664 praemi-

248 633 339 669 pam
366 620 566 658 adhibetur
588 617 802 655 remedium
829 629 898 666 per
920 628 1101 665 poenam,
1127 615 1234 652 cuius
1252 614 1308 651 in-

248 673 364 710 flictio
393 671 554 722 pertinet
572 671 621 708 ad
640 670 818 707 iudicem.
848 670 898 706 Et
924 669 1012 706 ideo
1032 676 1239 715 antequam
1264 666 1310 703 sit

250 727 527 763 condemnatus
563 736 631 773 per
667 722 848 760 iudicium
875 727 900 769 ⁸,
939 733 1017 758 non
1045 728 1193 758 tenetur
1225 720 1309 769 plus

248 778 442 815 restituere
471 788 587 826 quarn
625 775 790 824 accepit:
834 775 901 811 sed
928 781 1134 823 postquam
1171 772 1310 810 conde-

248 838 399 868 mnatus
429 837 495 876 est,
524 837 673 866 tenetur
699 839 867 878 poenam
895 828 1057 864 solvere.

301 883 350 920 Et
377 895 446 931 per
473 883 547 919 hoc
574 889 679 931 patet
705 880 902 930 responsio
928 880 977 916 ad
1003 879 1192 928 primum:
1223 877 1310 926 quia

247 935 307 972 lex
335 934 348 961 ῑ
375 936 439 972 illa
467 934 756 972 determinativa
790 941 844 970 est
870 944 1020 981 poenae
1049 943 1117 980 per
1143 930 1311 967 iudicem

300 1120 327 1180 Ξ)
347 1119 481 1145 intendat.
493 1132 512 1139 -
530 1119 646 1144 intendit
663 1118 741 1143 PGK.

310 1155 327 1187 ¹>)
346 1154 446 1180 habuit.
457 1169 476 1174 -
494 1154 616 1180 habuerit
633 1154 679 1178 Pa.
695 1184 709 1187 ,

300 1190 323 1223 ε)
343 1189 478 1215 iudlcium.
491 1203 510 1208 -
528 1189 640 1214 iudicem
659 1188 712 1213 PD.

300 1225 326 1257 ζ)
345 1226 401 1251 lex.
413 1238 432 1244 -
449 1231 487 1250 ex
505 1223 663 1256 BEpACKx,
682 1223 761 1248 modo
780 1229 833 1248 non
852 1226 892 1248 est
909 1223 956 1248 Iex
975 1222 1038 1254 (om.
1058 1230 1172 1255 sequens
1190 1222 1240 1254 est)
1264 1221 1309 1246 sA.

1359 413 1540 453 ventum,
1569 414 1610 443 ut
1647 418 1761 454 supra
1780 407 1800 427 *
1829 406 1998 443 habitum
2029 414 2102 453 est;
2132 414 2256 455 potest
2293 414 2419 442 tamen

1361 458 1462 494 idem
1491 459 1553 494 vel
1582 459 1702 495 simile
1731 459 1841 495 statui
1868 459 1906 496 in
1934 460 2016 507 lege
2052 460 2240 506 humana,
2271 460 2317 495 de
2345 471 2420 506 qua

1362 510 1430 546 erit
1459 511 1594 547 eadem
1623 511 1730 547 ratio.
2132 545 2137 550 .

1412 563 1471 598 An
1500 574 1689 600 SECUNDUM
1718 575 1901 601 mcauoum
1929 565 2034 612 quod
2062 565 2260 601 Zachaeus
2294 563 2333 600 id
2366 563 2419 600 di-

1362 675 1479 704 serat:
1507 668 1607 703 Ecce
1630 668 1823 705 dimidium
1852 670 2036 706 honorum
2064 681 2234 707 meorum
2257 669 2305 706 do
2325 681 2421 717 pau-

1356 719 1523 768 peribus.

1415 773 1475 809 An
1492 772 1654 808 ‘TERTmM
1679 784 1864 811 mcnuoum
1884 775 1987 822 quod
2015 774 2140 821 iudex,
2165 774 2422 812 condemnan-

1364 824 1435 870 do,
1465 824 1561 860 iuste
1597 831 1722 872 potest
1755 825 1928 874 accipere
1965 826 2104 875 aliquid
2132 827 2306 875 amplius,
2335 827 2420 863 loco

1364 876 1695 966 emengagquuod
1714 885 1853 925 tamen,
1870 886 2075 927 antequam
2091 880 2420 925 condemnaretur,

1365 941 1443 966 non
1500 941 1520 965 e
1551 941 1570 965 e
1600 936 1649 965 at.

1414 1115 1442 1147 η)
1463 1115 1499 1139 Et
1515 1114 1637 1147 quamvis
1660 1114 1704 1139 ad.
1718 1128 1738 1133 —
1754 1121 1813 1139 cum
1832 1115 1890 1147 quis
1907 1115 2032 1147 BKpAH,
2052 1117 2140 1140 tamen
2159 1115 2196 1140 ad
2219 1115 2289 1147 (mox
2307 1115 2422 1147 tenetur)

1363 1150 1395 1181 D,
1409 1157 1468 1176 cum
1483 1151 1541 1182 quis
1554 1150 1591 1175 ad
1609 1150 1668 1182 pr
1682 1155 1708 1174 et
1725 1157 1750 1179 a,
1765 1150 1886 1182 quamvis
1898 1150 1935 1175 ad
1954 1150 1986 1179 G,
1998 1150 2045 1174 sed
2059 1153 2146 1174 tamen
2162 1150 2179 1177 Ι,
2194 1158 2252 1175 cum
2268 1150 2375 1182 quilibet
2392 1151 2423 1181 L,

1362 1193 1422 1210 cum
1437 1189 1525 1211 tamen
1539 1186 1576 1210 ad
1593 1193 1672 1218 super
1684 1192 1735 1210 ras.
1755 1185 1783 1216 C,
1802 1192 1861 1210 cum
1875 1186 1911 1210 ad
1930 1185 1997 1215 PsA,
2018 1185 2053 1209 Et
2065 1188 2152 1209 tamen
2168 1185 2235 1210 illud
2249 1188 2423 1217 praeceptum

1364 1229 1435 1247 nunc
1452 1229 1504 1246 non
1524 1224 1564 1246 est
1582 1221 1775 1246 observandum
1794 1228 1853 1246 cum
1873 1221 1910 1245 ad
1928 1221 2029 1252 aliquae
2048 1220 2182 1244 editiones.

923 1327 1256 1360 commentar-ia
1276 1316 1530 1360 'cardinalis
1551 1326 1752 1359 catat-,ani

244 1396 316 1411 Aa!
325 1387 380 1395 ‘⁴-
386 1382 433 1389 mr?

275 1445 297 1470 u
312 1434 445 1466 articulo
460 1434 554 1465 tertio
570 1433 714 1464 eiusdem
728 1433 1097 1473 sexagesimaesecundae
1113 1432 1312 1472 quaestionis
1334 1431 1338 1470 1
1364 1433 1497 1463 claratur
1519 1432 1590 1462 hoc.
1616 1431 1700 1468 Quia
1722 1441 1827 1471 poena
1849 1431 1882 1461 in
1902 1431 2085 1461 executione
2101 1431 2225 1471 exigens
2241 1441 2331 1471 agere
2350 1441 2424 1462 con-

277 1479 413 1511 dubium
435 1477 571 1510 occurrit
594 1477 675 1508 circa
697 1477 786 1507 illam
810 1476 1022 1507 redditionem
1045 1486 1157 1507 causae
1186 1476 1220 1506 in
1243 1485 1311 1506 cor-

244 1523 324 1564 pore
341 1521 464 1554 articuli
489 1531 563 1553 cum
586 1521 712 1552 dicitur:
736 1521 780 1551 Et
795 1520 864 1551 ideo
879 1525 1050 1561 antequam
1065 1521 1107 1550 sit
1122 1520 1310 1551 condemna-

246 1568 298 1599 tus
325 1576 388 1608 per
416 1566 549 1598 iudicem
562 1587 573 1603 ,
602 1574 664 1596 non
692 1570 819 1595 tenetur
851 1565 1029 1595 restituere.
1061 1564 1194 1595 Videtur
1226 1563 1310 1594 enim

245 1610 335 1654 quod
351 1621 388 1642 ex
402 1611 465 1642 hoc
479 1609 569 1652 quod
590 1608 721 1639 inflictio
736 1618 859 1650 poenae
874 1608 1008 1648 pertinet
1027 1608 1066 1638 ad
1080 1607 1228 1644 iudicem,
1245 1617 1312 1638 non

246 1662 398 1696 aequatur
420 1655 510 1696 quod
539 1659 711 1694 antequam
734 1652 774 1684 sit
797 1653 1044 1688 condemnatus,
1068 1661 1134 1682 non
1157 1657 1310 1682 teneatur.

245 1699 334 1731 Tum
349 1699 426 1740 quia
443 1697 574 1729 inflictio
590 1707 713 1737 poenae
734 1706 800 1727 non
817 1696 951 1737 pertinet
966 1696 1005 1726 ad
1023 1696 1162 1726 iudicem
1176 1702 1311 1732 tantum,

213 1759 220 1767 ·
246 1743 302 1777 aad
315 1743 356 1775 ad
369 1743 489 1783 legem:
510 1741 631 1772 dictum
647 1747 694 1772 est
709 1741 794 1771 enim
810 1740 843 1770 in
859 1740 1056 1780 praecedenti
1075 1740 1171 1771 Libro
1186 1739 1204 1759 '⁸‘
1222 1740 1311 1780 quod

245 1785 334 1819 actus
355 1787 433 1827 legis
449 1793 496 1817 est
511 1785 640 1826 punire;
663 1785 766 1815 immo
783 1784 886 1815 iudex*
901 1784 994 1825 punit
1010 1791 1046 1814 ut
1063 1785 1114 1814 lex
1131 1784 1268 1814 animata
1283 1783 1310 1815 ⁴³.

211 1831 220 1866 ζ
245 1831 280 1865 Si
306 1840 382 1871 ergo
410 1830 461 1861 lex
489 1829 631 1871 poenalis
660 1829 723 1860 lata
750 1835 812 1865 est,
842 1835 983 1865 nonest
1013 1838 1096 1868 opus
1123 1828 1227 1858 iudice
1257 1828 1310 1858 da-

245 1882 391 1907 mnante:
415 1874 491 1916 quia
513 1874 563 1905 lex
585 1873 699 1904 inflixit
720 1883 870 1913 poenam.
893 1890 914 1896 -
937 1873 1027 1903 Tum
1049 1872 1124 1913 quia
1146 1871 1311 1902 manifeste

245 1926 332 1961 patet
359 1918 457 1950 teneri
480 1918 605 1959 aliquos
627 1917 668 1948 ad
690 1927 811 1957 poenas
832 1917 910 1957 legis
941 1918 1059 1957 absque
1086 1916 1199 1947 iudicis
1229 1925 1310 1956 quo-

245 1973 385 2005 cumque
403 1969 491 1994 actu:
517 1969 552 1993 ut
574 1968 660 2002 patet
681 1961 715 1992 in
730 1960 1111 1992 excommunicationibus
1127 1967 1158 1991 et
1172 1960 1311 1991 censuris

245 2008 316 2040 latis
339 2018 357 2038 a
378 2007 460 2038 iure.

299 2051 415 2083 11..Ac1
437 2050 500 2081 hoc
523 2049 637 2080 dicitur
667 2048 756 2090 quod
778 2051 901 2080 Auctor
923 2059 990 2079 non
1019 2048 1162 2089 loquitur
1185 2048 1310 2078 univer-

246 2095 351 2128 saliter
373 2095 412 2126 de
436 2104 540 2135 poena
563 2103 581 2123 a
603 2094 672 2133 lege
689 2093 849 2134 imposita,
874 2093 928 2123 sed
952 2093 991 2123 de
1014 2102 1119 2133 poena
1142 2092 1311 2123 restitutio-

245 2139 296 2171 nis
309 2139 344 2170 in
358 2138 539 2180 quadruplo
555 2137 606 2167 vel
625 2137 821 2173 huiusmodi,
848 2144 884 2167 ut
907 2143 993 2177 patet
1015 2137 1047 2167 in
1070 2137 1182 2167 littera.
1205 2154 1227 2159 —
1251 2136 1312 2167 Sed

246 2183 324 2225 quia
344 2183 424 2214 ratio
447 2182 480 2212 in
504 2182 606 2213 littera
636 2181 676 2211 ad
699 2181 862 2211 materiam
885 2180 1090 2211 restitutionis
1118 2190 1136 2210 a
1159 2180 1227 2220 lege
1250 2187 1311 2211 sta-

246 2235 333 2259 tutae
357 2225 562 2257 universalior
583 2232 631 2256 est
656 2235 755 2265 quam
777 2225 983 2255 restitutionis
1006 2234 1126 2264 poena,
1151 2230 1187 2254 ut
1209 2231 1310 2264 patet,

247 2277 375 2312 oportet
396 2270 484 2301 aliter
507 2269 625 2305 dicere,
650 2264 876 2308 distinguendo
902 2269 990 2309 quod
1014 2278 1118 2309 poena
1140 2274 1255 2299 statuta
1278 2268 1311 2298 in

246 2316 315 2356 lege
339 2322 385 2346 est
407 2314 539 2355 duplex:
564 2313 722 2354 quaedam
745 2313 783 2343 ad
804 2313 894 2343 cuius
909 2312 1128 2343 executionem
1144 2311 1312 2353 requiritur

246 2359 352 2400 aliqua
375 2358 474 2394 actio;
498 2358 656 2398 quaedam
675 2364 782 2388 autem
806 2356 896 2387 cuius
912 2356 1054 2387 executio
1078 2356 1200 2386 nullam
1216 2355 1312 2386 actio-

247 2413 323 2435 nem
338 2402 478 2443 requirit.
498 2402 595 2433 Verbi
609 2401 716 2441 gratia,
733 2411 855 2441 poenae
871 2400 991 2437 mortis,
1009 2399 1228 2436 mutilationis,
1245 2410 1311 2430 ver-

245 2447 338 2484 beris,
362 2446 500 2482 carceris,
526 2445 618 2482 exilii,
642 2445 821 2481 solutionis,
839 2443 1072 2475 confiscationis
1088 2454 1143 2474 seu
1163 2443 1312 2483 privatio-

246 2491 297 2523 nis
319 2491 491 2527 bonorum,
509 2497 540 2520 et
559 2489 756 2525 huiusmodi,
773 2498 840 2519 non
863 2494 998 2529 possunt
1021 2487 1198 2519 executioni
1221 2497 1312 2518 man-

247 2535 314 2567 dari
342 2544 400 2575 per
422 2534 526 2565 solam
548 2533 667 2574 legem,
691 2533 752 2564 nisi
775 2532 960 2563 interveniat
983 2532 1065 2563 actio
1089 2532 1211 2572 aliqua,
1236 2539 1314 2572 puta

247 2579 402 2615 occidere,
424 2578 580 2614 mutilate,
603 2578 775 2614 verberare,
798 2577 968 2612 includere,
992 2576 1050 2612 ire,
1075 2576 1209 2611 solvere,
1234 2575 1313 2606 acci-

247 2633 323 2665 pere
344 2623 395 2654 vel
418 2623 507 2659 dare,
532 2629 563 2653 et
585 2621 612 2652 si
638 2632 704 2662 qua
726 2628 772 2652 est
799 2621 859 2652 alia
885 2620 1043 2651 eiusmodi
1065 2620 1158 2651 actio.
1188 2620 1313 2650 Poenae

192 2676 196 2678 ’
248 2673 357 2699 autem
379 2665 732 2702 excommunicationis,
755 2665 985 2706 suspensionis,
1009 2664 1165 2696 interdicti
1189 2670 1219 2694 et
1240 2663 1314 2694 irre-

248 2710 438 2753 gularitatis,
462 2717 493 2741 et
515 2710 541 2740 si
564 2720 628 2751 qua
651 2716 698 2740 est
719 2709 780 2740 alia
803 2709 932 2745 similis,
956 2708 1078 2739 nullam
1101 2708 1259 2739 actionem
1282 2707 1315 2738 in

249 2755 300 2786 sui
322 2754 542 2786 executionem
564 2754 706 2794 exigunt;
730 2753 785 2784 sed
808 2763 875 2784 non
893 2752 1129 2784 communicare
1149 2762 1223 2782 cum
1238 2751 1314 2782 fide-

248 2799 343 2835 libus,
367 2808 434 2829 non
452 2797 629 2828 immiscere
648 2807 681 2828 se
703 2797 879 2837 prohibitis,
904 2807 971 2827 non
986 2806 1125 2827 exercere
1140 2803 1247 2826 actum
1263 2805 1314 2826 or-

251 2842 352 2879 dinis,
376 2851 459 2883 quae
486 2842 520 2872 in
547 2841 615 2872 sola
645 2841 813 2881 negatione
840 2851 896 2872 seu
920 2840 1095 2881 privatione
1119 2840 1314 2876 consistunt,

251 2885 412 2918 sufficiunt
435 2886 476 2917 ad
498 2895 607 2916 earum
631 2885 860 2916 executionem.

306 2931 354 2961 Ex
377 2930 440 2961 hoc
462 2937 569 2961 autem
591 2928 734 2969 sequitur
756 2929 852 2959 altera
873 2927 1058 2958 differentia:
1089 2927 1205 2958 scilicet
1226 2926 1315 2967 quod

252 2974 411 3016 quaedam
426 2981 472 3005 est
496 2983 599 3015 poena
613 2973 704 3004 cuius
718 2971 849 3003 inflictio
871 2979 918 3002 est
940 2971 1069 3012 propria
1083 2971 1194 3007 iudici;
1219 2980 1315 3011 quae-

253 3019 327 3049 dam
343 3025 450 3049 autem
474 3017 564 3048 cuius
579 3016 710 3047 inflictio
726 3023 772 3047 est
790 3016 971 3047 communis
986 3015 1082 3046 iudici
1106 3021 1136 3046 et
1156 3014 1229 3054 legi.
1253 3015 1315 3045 De-

400 3569 510 3592 Summa
528 3567 630 3592 Tutor..
649 3567 681 3591 D.
694 3566 807 3591 Tuomst:
821 3565 853 3590 T.
871 3566 914 3590 VI.

1363 1476 1498 1506 vincitur
1520 1475 1649 1516 propria
1663 1475 1760 1506 iudici
1779 1485 1815 1505 ex
1834 1475 1906 1511 hoc,
1929 1475 2004 1515 quia
2027 1481 2082 1506 aut
2104 1475 2143 1505 ad
2165 1475 2245 1505 illud
2267 1485 2357 1515 agere
2380 1482 2422 1506 te-

1364 1526 1457 1550 netur
1478 1529 1560 1555 reus,
1585 1525 1640 1549 aut
1662 1519 1765 1549 iudex.
1789 1520 1863 1549 Non
1879 1528 1967 1549 reus:
1991 1519 2067 1559 quia
2082 1529 2148 1549 non
2164 1526 2287 1550 tenetur
2301 1529 2338 1549 ex
2353 1519 2424 1560 lege

1364 1563 1423 1593 nisi
1447 1563 1486 1593 ad
1513 1571 1669 1603 poenam;
1699 1573 1804 1602 poena
1832 1569 1939 1593 autem
1967 1562 2107 1593 consistit
2133 1562 2166 1592 in
2193 1563 2274 1603 pati,
2299 1573 2365 1593 non
2391 1563 2425 1593 in

1364 1617 1464 1647 agere.
1489 1607 1573 1646 Ergo
1597 1613 1720 1637 tenetur
1735 1606 1839 1637 iudex.
1862 1606 1903 1636 Et
1917 1616 1989 1636 vere
2005 1606 2048 1636 sic
2065 1613 2120 1636 est.
2145 1607 2228 1643 Quia
2244 1606 2303 1636 nisi
2319 1606 2423 1643 iudex,

1364 1661 1420 1691 per
1435 1661 1467 1681 se
1490 1651 1541 1681 vel
1563 1650 1672 1687 alium,
1689 1650 1820 1687 occidat,
1837 1650 1970 1686 mutilet,
1986 1650 2134 1686 verberet,
2153 1651 2285 1686 claudat,
2301 1657 2372 1690 agat
2386 1651 2425 1680 ad

1364 1695 1503 1730 exilium,
1521 1694 1652 1735 accipiat
1675 1694 1769 1730 bona,
1786 1701 1841 1724 aut
1863 1693 2058 1730 huiusmodi,
2075 1704 2140 1723 non
2159 1701 2283 1725 tenetur
2301 1704 2372 1724 reus
2388 1704 2425 1725 ex

1363 1739 1431 1769 sola
1444 1739 1512 1779 lege
1527 1739 1566 1768 ad
1581 1738 1766 1769 huiusmodi
1782 1748 1904 1778 poenae
1919 1737 2146 1768 executionem.
2163 1755 2184 1761 -
2198 1739 2306 1768 Poena
2319 1745 2426 1768 autem

1363 1783 1396 1813 in
1412 1783 1596 1813 executione
1611 1792 1676 1812 non
1692 1782 1816 1822 exigens
1833 1792 1923 1822 agere
1942 1781 2154 1812 communiter
2167 1782 2266 1822 infligi
2281 1788 2386 1822 potest
2407 1792 2426 1812 a

1363 1827 1430 1858 iure
1442 1827 1492 1857 vel
1505 1837 1523 1857 a
1536 1826 1648 1857 iudice.
1669 1826 1778 1867 Itaque
1793 1826 1861 1856 sola
1874 1826 1951 1866 legis
1963 1825 2025 1856 lata
2037 1825 2188 1856 sententia
2203 1826 2321 1865 obligat
2335 1836 2426 1856 reum

1363 1871 1403 1901 ad
1426 1871 1646 1901 executionem
1669 1880 1801 1910 poenae.
1834 1870 1876 1900 Et
1897 1870 1931 1900 in
1958 1876 2111 1910 promptu
2143 1879 2235 1900 causa
2263 1876 2327 1899 est:
2351 1870 2426 1910 quia

1364 1925 1431 1945 non
1454 1915 1546 1955 exigit
1569 1914 1743 1945 necessario
1767 1914 1923 1944 actionem
1946 1913 2068 1944 iudicis.

1420 1959 1472 1990 III.
1498 1959 1549 1989 Ad
1578 1958 1714 1989 dubium
1743 1968 1817 1998 ergo
1848 1958 1962 1989 dicitur
1991 1958 2080 1998 quod
2107 1957 2250 1988 doctrina
2278 1957 2425 1988 Auctoris

1364 2003 1548 2034 universalis
1571 2010 1618 2034 est
1640 2003 1679 2033 de
1694 2012 1799 2043 poena
1818 2002 1908 2033 cuius
1923 2001 2055 2033 inflictio
2078 2001 2212 2041 pertinet
2234 2002 2274 2031 ad
2288 2001 2426 2032 iudicem

1365 2055 1401 2078 ut
1423 2047 1567 2087 propria:
1593 2047 1631 2077 de
1650 2046 1705 2077 tali
1727 2046 1813 2077 enim
1837 2046 1957 2085 optime
1981 2045 2123 2086 sequitur
2146 2044 2280 2075 redditio
2304 2055 2425 2081 causae,

1364 2091 1407 2122 Et
1430 2092 1499 2122 ideo
1522 2096 1692 2131 antequam
1715 2091 1758 2120 sit
1780 2090 2007 2121 condemnatus
2030 2099 2093 2129 per
2116 2089 2271 2126 iudicem,
2297 2099 2358 2119 non
2382 2094 2425 2119 te-

1365 2141 1460 2166 netur
1481 2136 1524 2166 ad
1546 2136 1772 2165 executionem.
1797 2134 1838 2165 Et
1860 2134 1948 2174 quod
1971 2134 2048 2164 haec
2070 2132 2110 2163 sit
2124 2143 2197 2163 vera
2211 2132 2344 2163 intentio
2359 2135 2426 2163 Au-

1365 2179 1458 2211 ctoris
1482 2186 1566 2219 patet
1589 2188 1626 2208 ex
1644 2178 1706 2209 hoc
1724 2179 1813 2219 quod
1831 2178 1973 2218 loquitur
1994 2177 2032 2207 de
2048 2176 2151 2207 iudice
2172 2184 2208 2207 ut
2226 2176 2427 2217 distinguitur

1365 2235 1382 2254 a
1405 2224 1489 2263 lege:
1519 2223 1684 2263 loquendo
1708 2222 1794 2253 enim
1817 2222 1856 2252 de
1879 2221 1982 2252 iudice
2012 2228 2048 2251 ut
2075 2220 2277 2260 distinguitur
2299 2231 2317 2250 a
2339 2220 2424 2260 lege,

1364 2274 1491 2308 oportet
1515 2267 1606 2307 loqui
1634 2267 1672 2296 de
1696 2266 1831 2306 propriis
1853 2266 1965 2301 iudici,
1990 2272 2020 2295 et
2044 2275 2108 2295 non
2139 2265 2177 2294 de
2201 2264 2426 2294 communibus

1364 2307 1471 2342 iudici
1485 2317 1521 2341 et·
1537 2310 1608 2350 legi.

1420 2356 1461 2386 Et
1488 2364 1544 2394 per
1570 2354 1646 2385 haec
1676 2360 1761 2394 patet
1783 2353 1949 2393 responsio
1977 2352 2017 2382 ad
2043 2352 2180 2392 primam
2204 2351 2425 2382 obiectionem.

1365 2399 1449 2437 Quia
1473 2398 1595 2439 punire,
1611 2398 1692 2428 idest
1710 2397 1910 2438 punitionem
1927 2403 2073 2434 statuere,
2098 2402 2144 2426 est
2166 2402 2253 2426 actus
2276 2395 2363 2435 legis.
2387 2395 2428 2426 Et

1365 2443 1477 2484 punire
1501 2442 1660 2473 executive
1689 2441 1836 2472 convenit
1863 2441 1958 2471 etiam
1980 2440 2042 2480 legi
2071 2440 2200 2480 quando
2230 2449 2334 2480 poena
2361 2449 2427 2469 non

1365 2487 1459 2527 exigit
1482 2486 1640 2517 actionem
1663 2486 1696 2516 in
1717 2485 1911 2516 executione.
1931 2502 1952 2508 -
1975 2485 2016 2515 Et
2038 2484 2079 2514 ad
2094 2483 2276 2519 secundam,
2291 2483 2366 2523 quia
2389 2483 2427 2513 de

1365 2531 1477 2572 poenis
1490 2540 1626 2571 quarum
1638 2529 1769 2560 inflictio
1782 2529 1962 2560 communis
1979 2535 2025 2558 est
2039 2528 2135 2558 iudici
2151 2534 2181 2558 et
2196 2527 2256 2567 legi
2270 2527 2428 2567 loquitur:

1364 2576 1467 2606 littera
1490 2581 1597 2606 autem
1618 2574 1762 2615 loquitur
1785 2574 1823 2604 de
1846 2583 1951 2613 poena
1973 2572 2063 2603 cuius
2077 2571 2208 2602 inflictio
2232 2578 2278 2602 est
2301 2571 2428 2611 propria

1366 2619 1474 2650 iudici.

1422 2663 1463 2693 Et
1486 2669 1521 2693 tu
1544 2662 1668 2693 notabis
1692 2669 1722 2692 et
1745 2661 1916 2701 applicabis
1938 2660 2016 2691 haec
2042 2661 2082 2691 ad
2105 2659 2222 2690 iurium
2246 2665 2276 2689 et
2298 2665 2428 2689 statuto-

1367 2717 1440 2738 rum
1462 2714 1528 2737 tam
1552 2706 1692 2737 civilium
1715 2715 1812 2746 quam
1836 2704 2062 2735 canonicorum
2078 2703 2273 2734 intellectum
2288 2709 2319 2732 et
2336 2702 2428 2732 ratio-

1367 2761 1452 2782 nem.
1469 2750 1597 2781 Videbis
1614 2750 1699 2780 enim
1715 2750 1804 2790 quod
1820 2749 1845 2779 si
1861 2759 1920 2789 pro
1936 2748 2127 2789 quibusdam
2143 2746 2336 2782 criminibus,
2352 2753 2429 2785 puta

1367 2795 1512 2830 haeresis,
1528 2795 1629 2824 laesae
1644 2793 1813 2824 maiestatis
1837 2799 1868 2823 et
1891 2792 2084 2827 huiusmodi,
2106 2801 2228 2831 poenae
2246 2789 2429 2830 privationis

1367 2840 1529 2870 bonorum
1544 2838 1615 2878 ipso
1632 2837 1714 2868 facto
1730 2837 1935 2867 incurrendae
1949 2842 2122 2876 ponuntur,
2138 2835 2329 2874 inquantum
2345 2833 2428 2863 clau-

1369 2883 1449 2913 dunt
1470 2882 1503 2912 in
1527 2892 1558 2911 se
1582 2881 1800 2922 privationem,
1818 2890 1836 2910 a
1854 2880 1922 2919 lege
1937 2879 2036 2918 infligi
2051 2879 2214 2909 dicuntur:
2238 2878 2429 2918 inquantum

1367 2936 1442 2957 vero
1466 2926 1594 2965 exigunt
1617 2924 1785 2960 actionem,
1809 2923 1921 2954 iudicis
1944 2931 2051 2954 actum
2074 2928 2246 2962 expectant.
2270 2922 2363 2952 Unde
2386 2920 2430 2950 di-

2448 411 2456 420 ·
2465 410 2487 431 1⁸
2497 410 2550 433 11³².
2559 417 2597 438 qu.
2610 416 2658 436 etv,

2447 440 2488 458 art.
2503 442 2522 464 3.

1369 2976 1483 3001 cuntur
1505 2969 1617 3009 privati
1633 2968 1778 2998 dominio
1794 2977 1899 2998 rerum
1922 2977 1940 2997 a
1963 2967 2046 3007 lege:
2071 2976 2138 2997 non
2157 2973 2262 2996 tamen
2284 2971 2430 2996 tenentur
2471 2992 2473 2994 .

1368 3024 1404 3044 ea
1427 3013 1584 3054 assignare
1607 3012 1684 3043 fisco
1708 3012 1767 3042 nisi
1789 3011 1975 3043 interveniat
1997 3010 2078 3042 actio
2101 3010 2222 3041 iudicis.

2274 3566 2288 3590 x!
