2860 4244
142 868 349 894 '1³11⁴²⁸‚qu.x‹:v1.

142 898 182 916 art.
198 900 217 915 2.

141 1556 149 1563 ·
160 1554 226 1580 Cod.,
241 1554 283 1575 loc.
297 1554 349 1580 cit.y

139 1587 159 1606 2,
175 1580 197 1601 8.

140 2461 149 2469 '⁶
164 2459 199 2480 Cf.
221 2465 259 2486 qu.
281 2466 348 2485 cxvi,

141 2490 182 2507 art.
197 2492 217 2520 3.
233 2493 256 2512 4.

396 257 465 302 148

436 334 474 370 Si
503 346 596 370 vero
627 333 756 381 aliquis
785 333 945 369 multum
975 332 1125 367 iuvetur
1154 342 1198 365 ex
1226 342 1266 365 re
1296 329 1445 365 alterius
1471 334 1474 378 l

382 399 498 434 quam
519 386 674 434 accepit,
697 386 756 422 ille
777 398 868 421 vero
891 384 955 432 qui
974 382 1146 419 vendidit
1165 380 1177 403 δ
1200 394 1279 418 non
1299 381 1445 418 damni·
1471 382 1473 408 l

381 440 514 476 fleatur
543 439 706 475 carendo
729 451 767 474 re
797 438 868 481 illa,
891 449 968 473 non
999 436 1112 472 debet
1132 447 1216 471 eam
1238 446 1446 483 superven-

382 492 482 528 dere.
520 491 618 537 Quia
647 491 782 527 utilitas
815 501 912 536 quae
943 488 1046 524 alteri
1076 487 1255 524 accrescit
1283 499 1362 523 non
1391 494 1446 523 est
1471 487 1473 511 ³

382 556 425 580 ex
448 545 638 580 vendente
659 549 681 589 Ξ,
704 543 771 579 sed
792 554 835 578 ex
866 540 1082 577 conditione
1111 540 1289 577 ementis:
1320 541 1445 576 nullus

381 605 506 633 autem
538 597 649 632 debet
677 595 844 631 vendere
865 594 969 630 alteri
999 594 1102 641 quod
1127 606 1206 630 non
1235 601 1290 630 est
1318 605 1443 640 suurn,
1471 639 1473 641 ι

380 650 462 685 licet
496 649 613 696 possit
650 647 683 683 ei
718 647 886 683 vendere
925 647 1110 683 damnum
1149 645 1255 695 quod
1293 646 1472 694 patitur.=

381 703 441 737 Ille
471 709 599 737 tamen
619 700 683 748 qui
712 712 756 736 ex
777 713 815 737 re
846 699 996 736 alterius
1022 707 1177 747 accepta
1206 700 1367 735 multum
1389 699 1444 735 iu·
1470 738 1472 746 .

378 762 498 799 vatur,
519 761 643 801 potest
662 753 815 800 propria
845 760 980 800 sponte
1005 753 1146 801 aliquid
1173 752 1354 789 vendenti
1384 764 1444 788 su-

378 818 621 854 pererogare:
653 805 758 852 quod
795 806 957 854 pertinet
990 806 1034 842 ad
1074 805 1154 841 eius
1189 806 1442 842 honestatem.
1470 802 1472 842 i

430 860 489 894 An
519 870 655 895 PRIMUM
684 870 781 895 ERGO
811 870 996 895 DICENDUM
1024 858 1142 907 quod,
1168 858 1263 895 sicut
1291 870 1406 907 supra
1425 857 1444 879 '³‘
1470 864 1472 886 ³

378 911 519 948 dictum
541 919 606 956 est,
629 913 687 947 lex
706 912 876 948 humana
895 912 1041 960 populo
1061 911 1184 958 datur,
1201 911 1238 948 in
1258 923 1336 959 quo
1359 919 1445 948 sunt
1470 891 1472 962 l

378 964 485 1001 multi
505 977 527 1000 a
554 964 692 1001 virtute
722 964 964 1001 deficientes:
993 977 1072 1001 non
1097 972 1225 1001 autem
1255 965 1366 1001 datur
1385 976 1445 1001 so-
1470 966 1472 995 ἴ

378 1016 451 1053 list
479 1017 669 1054 virtuosis.
710 1018 758 1054 Et
786 1017 874 1056 ideo
907 1019 964 1054 lex
1002 1019 1174 1055 humana
1211 1029 1289 1055 non
1322 1015 1471 1066 potuit&

377 1070 584 1119 prohibere
617 1069 803 1119 quidquid
833 1078 888 1107 est
923 1078 1054 1110 contra
1081 1070 1282 1117 virtutem,
1313 1070 1382 1106 sed
1410 1070 1443 1106 ei

377 1123 514 1160 sufficit
541 1120 587 1159 ut>
601 1123 802 1171 prohibeat
831 1136 874 1160 ea
904 1136 1003 1171 quae
1024 1125 1222 1161 destruunt
1239 1123 1443 1161 hominum

378 1176 616 1223 convictum;
654 1177 726 1213 alia
759 1189 854 1213 vero
892 1178 1033 1214 habeat
1068 1176 1177 1225 quasi
1215 1176 1332 1224 licita,
1365 1188 1471 1212 non=

378 1230 466 1278 quia
504 1241 548 1265 ea
583 1230 789 1278 approbet,
820 1229 886 1266 sed
915 1230 1004 1278 quia
1034 1242 1078 1266 ea
1107 1242 1184 1266 non
1221 1228 1341 1277 punit.
1382 1229 1444 1265 Sic
1470 1254 1471 1263 1

377 1282 487 1330 igitur
509 1283 624 1319 habet
648 1281 755 1330 quasi
773 1282 928 1329 licitum,
949 1294 1117 1330 poenam
1148 1293 1226 1318 non
1246 1282 1443 1327 inducens,

378 1336 407 1372 si
436 1336 580 1383 absque
614 1335 744 1371 fraude
774 1335 953 1372 venditor
987 1347 1068 1371 rern
1098 1347 1208 1371 suam
1237 1346 1444 1383 superven-

378 1388 440 1425 dat
469 1395 532 1424 aut
560 1395 710 1436 emptor
737 1387 847 1424 vilius
878 1395 996 1434 emat,
1027 1387 1099 1424 nisi
1133 1388 1178 1424 sit
1206 1386 1346 1423 nimius
1375 1389 1443 1423 'ex-
1470 1402 1472 1432 ε

378 1453 526 1477 cessus:
557 1441 645 1488 quia
665 1448 754 1477 tunc
783 1440 896 1477 etiam
925 1441 984 1477 lex
1002 1441 1173 1478 humana
1202 1440 1301 1488 cogit
1320 1440 1368 1477 ad
1388 1452 1445 1479 re·
1470 1434 1471 1463 ἶ

377 1494 618 1537 sumendum,
639 1501 730 1541 puta
759 1493 789 1529 si
818 1493 952 1541 aliquis
980 1492 1026 1530 sit
1055 1493 1236 1542 deceptus
1264 1494 1360 1530 ultra
1389 1491 1444 1530 di·
1470 1494 1471 1536 J

376 1546 530 1584 midiam
559 1546 644 1583 iusti
668 1546 776 1594 pretii
805 1547 1054 1594 quantitatem
1071 1546 1102 1584 ²¹⁶.
1133 1547 1211 1584 Sed
1231 1547 1290 1584 lex
1314 1546 1445 1583 divina
1470 1545 1471 1576 ἶ

377 1599 467 1636 nihil
488 1599 718 1648 impunitum
747 1600 922 1647 relinquit
951 1600 1056 1649 quod
1076 1600 1122 1636 sit
1148 1599 1278 1637 virtuti
1298 1606 1446 1636 contra-
1470 1613 1471 1647 ς

377 1652 485 1690 rium.
517 1652 627 1689 Unde
665 1653 879 1691 secundum
909 1653 1079 1691 divinam
1116 1653 1240 1701 legem
1274 1652 1444 1689 illicitum

429 1784 453 1817 ὃ)
474 1785 602 1810 vendidit.
615 1797 635 1814 .··
652 1785 743 1809 vendit
762 1784 837 1809 PEG.
1207 1795 1210 1798 >

429 1821 451 1851 ε)
471 1820 608 1845 vendente.
621 1834 640 1839 -
658 1820 808 1844 venditione
827 1819 964 1844 vendentis
983 1819 1024 1844 ed.
1041 1826 1068 1848 a,
1088 1819 1241 1844 venditione
1259 1819 1323 1844 Pstt.

429 1855 454 1887 ζ)
473 1855 546 1880 solis.
558 1869 575 1874 -
593 1856 677 1880 solum
698 1854 822 1880 PDEGK.

1046 252 1312 298 QUAEsTto
1342 251 1538 298 mxvii,
1566 252 1863 290 ARTlcULUS
1893 254 1906 288 1

1501 337 1695 377 reputatur
1730 331 1760 367 si
1787 331 1824 367 in
1861 331 2053 379 emptione
2084 339 2120 367 et
2156 331 2376 368 venditione
2411 344 2490 368 non
2518 331 2563 368 sit

1501 382 1706 430 aequalitas
1734 383 1893 420 iustitiae
1922 384 2134 420 observata.
2166 384 2214 420 Et
2241 391 2389 420 tenetur
2415 383 2473 420 ille
2499 384 2563 433 qui

1500 435 1586 482 plus
1604 435 1720 472 habet
1746 448 2040 484 recompensare
2062 436 2094 473 ei
2124 436 2189 484 qui
2210 436 2475 473 damnificatus
2496 444 2562 482 est,

1501 487 1531 523 si
1559 487 1604 523 sit
1631 486 1796 530 notabile
1835 489 2032 525 damnum.
2077 489 2193 534 Quod
2228 488 2315 525 ideo
2355 489 2439 525 dico
2473 489 2562 537 quia

1499 540 1640 576 iustum
1660 541 1824 588 pretium
1847 553 1970 578 rerum
1991 541 2226 590 quandoque
2247 547 2265 568 η
2295 553 2373 579 non
2394 548 2449 578 est
2467 553 2563 589 pun-

1500 592 1643 629 ctaliter
1670 593 1977 641 determinatum,
1998 594 2064 631 sed
2094 594 2212 642 magis
2237 593 2274 630 in
2303 594 2472 641 quadarn
2501 606 2562 630 ae-

1500 645 1714 682 stimatione
1733 647 1920 694 consistit,
1950 647 2000 684 ita
2029 647 2132 696 quod
2158 647 2311 684 modica
2339 646 2480 684 additio
2499 647 2563 683 vel

1499 698 1660 735 minutio
1681 711 1760 735 non
1779 699 1930 736 videtur
1953 701 2084 737 tollere
2104 700 2371 748 aequalitatem
2390 699 2562 736 iustitiae.

1551 754 1610 787 AD
1639 762 1829 788 SECUNDUM
1859 763 2043 790 monimum
2073 754 2189 801 quod,
2211 753 2305 790 sicut
2330 752 2564 800 Augustinus

1499 804 1642 840 ibidem
1679 803 1786 850 dicit,
1824 805 1962 841 mimus
1989 806 2050 842 ille
2082 806 2141 842 vel
2169 804 2332 854 'seipsum
2366 806 2561 852 intuendo,

1497 857 1557 894 vel
1583 857 1678 893 alios
1706 857 1932 906 experiendo
1960 858 2028 894 vili
2042 858 2136 895 velle
2163 869 2288 895 emere
2307 863 2342 895 et
2368 870 2456 895 care
2474 869 2562 895 ven·

1498 911 1597 956 dere,
1618 910 1791 946 omnihus
1810 910 1849 946 id
1874 910 2030 947 credidit
2046 923 2124 947 esse
2142 922 2352 948 commune.
2382 912 2456 948 Sed
2472 922 2563 960 quo-

1498 963 1601 1000 niam
1631 974 1764 1000 revera
1783 963 1914 1000 vitium
1934 969 1997 1010 est,
2011 969 2132 1012 potest
2150 963 2304 1013 quisque
2322 964 2478 1013 adipisci
2494 965 2562 1001 hu-

1498 1017 1660 1053 iusmodi
1687 1016 1862 1053 iustitiam
1891 1027 1966 1066 qua
1994 1017 2081 1054 huic
2108 1017 2254 1054 resistat
2279 1022 2316 1053 et
2340 1017 2476 1054 vincat.
2515 1018 2564 1054 Et

1497 1069 1606 1118 ponit
1634 1070 1851 1118 exemplum
1882 1069 1929 1106 cle
1957 1070 2129 1119 quodam
2157 1069 2221 1119 qui
2253 1068 2450 1106 modicum
2479 1081 2564 1119 pre-

1470 1153 1471 1156 ,
1497 1122 1591 1158 tium
1621 1121 1668 1159 de
1698 1122 1868 1171 quodam
1897 1122 1994 1159 libro
2021 1130 2179 1172 propter
2214 1122 2468 1171 ignorantiam
2495 1131 2564 1171 po-

1498 1174 1647 1211 stulanti
1676 1175 1816 1212 iustum
1845 1175 2010 1224 pretium
2041 1176 2153 1213 dedit.
2183 1175 2295 1213 Unde
2327 1183 2430 1226 patet
2458 1175 2564 1223 quod

1496 1227 1587 1264 illud
1617 1240 1823 1264 commune
1853 1227 2085 1266 desiderium
2114 1241 2191 1266 non
2220 1236 2276 1266 est
2303 1236 2473 1276 naturae,
2496 1227 2563 1266 sed

1470 1296 1471 1339 ᾗ
1497 1279 1587 1317 vitii.
1617 1281 1666 1317 Et
1684 1280 1771 1317 ideo
1802 1292 2010 1318 commune
2033 1289 2087 1318 est
2106 1282 2246 1328 multis,
2267 1281 2331 1330 qui
2360 1294 2428 1331 per
2447 1282 2562 1318 latam

1496 1333 1601 1369 viam
1629 1333 1811 1369 vitiorum
1840 1333 2032 1371 incedunt.

1550 1387 1611 1422 An
1637 1396 1798 1423 Tem-mn
1818 1397 2003 1423 monimum
2032 1387 2137 1435 quod
2166 1386 2204 1424 in
2228 1387 2364 1424 iustitia
2388 1399 2562 1424 commu—

1496 1438 1613 1475 tativa
1656 1438 1917 1476 consideratur
1952 1439 2207 1489 principaliter
2249 1440 2455 1489 aequalitas
2496 1440 2562 1478 rei.

1498 1491 1576 1529 Sed
1604 1491 1642 1528 in
1662 1491 1828 1529 amicitia
1855 1492 1953 1528 utilis
1978 1492 2239 1530 consideratur
2266 1493 2475 1541 aequalitas
2493 1493 2565 1530 uti-

1497 1545 1627 1582 litatis:
1655 1552 1691 1582 et
1719 1545 1806 1582 ideo
1836 1545 2142 1594 recompensatio
2170 1546 2253 1584 fieri
2287 1545 2564 1592 debenseeun-

1498 1598 1590 1635 dum
1617 1598 1815 1635 utilitatem
1836 1606 2069 1647 perceptam.
2099 1600 2141 1636 In
2162 1599 2356 1648 emptione
2377 1603 2485 1647 vern,
2503 1611 2564 1639 se-

1498 1651 1666 1688 cundum
1695 1651 1964 1700 aequalitatem
1993 1652 2058 1689 rei.

1544 1782 1570 1814 η)
1590 1781 1757 1815 quandoque.
1768 1795 1788 1801 -
1805 1781 1867 1806 Orn.
1892 1781 1920 1806 P.
1933 1794 1954 1801 -
1971 1781 2022 1805 Pro
2036 1772 2214 1812 punc-taliter,
2236 1780 2427 1812 principab’ter
2444 1780 2478 1811 L,
2492 1782 2566 1813 pun·-
2624 1806 2626 1810 .
2647 1787 2656 1803 .’
2673 1807 2675 1809 ,

1491 1818 1618 1843 ctualiter
1635 1818 1663 1848 P,
1678 1824 1733 1842 om.
1751 1817 1803 1849 pG.
2611 1816 2614 1817 ⁷

1046 1934 1381 1966 Commentariis
1402 1932 1656 1965 cardinalis
1677 1931 1880 1964 Caietam

407 2025 426 2044 N
450 2013 854 2055 principiowintroductorio
879 2012 1074 2053 quaestionis
1092 2011 1444 2053 septuagesimaesepti-
1466 2011 1468 2016 '

380 2027 487 2095 imae,
512 2058 566 2089 ubi
590 2057 730 2088 redditur
752 2067 811 2097 pro
836 2066 933 2087 causa*
953 2066 1049 2097 quare
1075 2057 1113 2087 de
1137 2056 1214 2086 solis
1238 2056 1287 2086 his
1312 2056 1440 2086 duobus
1466 2054 1467 2090 i

1494 2010 1637 2051 acceptio
1661 2009 1694 2040 in
1709 2009 1892 2041 venditione
1914 2009 2031 2040 iniusta
2056 2009 2173 2040 sciente
2197 2007 2332 2039 domino
2356 2007 2411 2038 sed
2434 2007 2565 2049 propt&

1493 2055 1709 2095 ignorantiam
1727 2054 1876 2095 patiente,
1893 2063 1959 2085 non
1975 2061 2022 2084 est
2039 2053 2159 2094 rapina,
2177 2052 2252 2094 quia
2268 2061 2335 2083 non
2351 2058 2399 2083 est
2411 2050 2565 2084 violenti!

376 2103 458 2134 vitiis
482 2102 772 2133 commutationum
795 2101 1063 2137 voluntariarum,
1089 2100 1150 2131 hoc
1174 2107 1221 2130 est
1250 2100 1289 2131 de
1313 2100 1442 2130 fraudu-
1466 2101 1468 2138 ξ
1494 2099 1554 2135 ibi;
1578 2108 1637 2129 nec
1660 2098 1791 2135 furtum,
1817 2097 1892 2139 quia
1914 2098 1950 2129 fit
1972 2097 2090 2129 sciente
2113 2103 2144 2128 et
2166 2097 2294 2128 volente
2316 2096 2563 2138 quodammodo

376 2147 470 2178 lentia
494 2154 525 2177 et
547 2156 652 2182 usura,
670 2146 868 2177 tractandum
885 2152 939 2182 est,
957 2145 1074 2176 scilicet
1095 2146 1170 2185 quia
1187 2145 1273 2176 circa
1289 2145 1373 2175 alias
1388 2154 1442 2175 νο-
1466 2143 1467 2159 ³
1495 2143 1645 2179 domium
1670 2143 1725 2173 sed
1749 2150 1796 2174 est
1818 2142 1953 2183 speciale
1976 2141 2091 2173 vitium
2114 2142 2153 2172 de
2181 2151 2248 2182 quo
2271 2150 2359 2172 nunc
2380 2147 2564 2173 tractatuum

376 2192 536 2222 luntarias
559 2191 820 2222 commutationes
843 2200 906 2220 non
924 2190 1086 2221 invenitur
1105 2189 1214 2229 aliqua
1237 2190 1357 2229 species
1367 2198 1442 2228 pec·
1494 2187 1648 2228 Acceptio
1670 2197 1745 2218 vero
1777 2197 1860 2228 quae
1887 2186 1923 2218 fit
1945 2187 2112 2227 ignorante
2134 2193 2240 2226 parte,
2265 2195 2332 2218 non
2355 2191 2402 2217 est
2423 2184 2562 2224 furtum,-

376 2237 439 2266 cati
455 2245 536 2275 quae
554 2235 774 2275 distinguatur
789 2244 808 2265 a
825 2235 941 2274 rapina
958 2234 1008 2266 vel
1021 2233 1131 2274 furto,
1145 2233 1280 2264 dubium
1296 2233 1443 2270 occurrit,
1466 2234 1467 2274 l
1494 2232 1550 2263 sed
1573 2231 1692 2263 claudit
1713 2231 1747 2262 in
1771 2239 1803 2262 se
1827 2230 1972 2264 fraudem
1995 2230 2230 2272 participatam,
2255 2237 2286 2262 et
2309 2228 2410 2261 tendit
2431 2238 2499 2261 non
2522 2229 2564 2262 ad

376 2280 460 2309 unde
489 2279 722 2309 distinctionem
752 2279 845 2308 habet
868 2277 1047 2318 specificam
1071 2288 1088 2307 a
1113 2277 1198 2308 furto
1228 2277 1443 2308 fraudulentia
1466 2283 1467 2315 f
1493 2275 1690 2306 inferendam
1706 2275 1888 2316 passionem
1910 2275 2102 2316 simpliciter,
2119 2281 2155 2306 ut
2171 2273 2295 2312 furtiva,
2311 2273 2366 2304 sed
2380 2272 2563 2318 passionem

377 2324 409 2353 in
432 2322 614 2354 venditione
639 2330 668 2353 et
691 2323 864 2363 emptione.
897 2322 937 2352 Et
961 2329 1007 2353 est
1034 2321 1113 2352 ratio
1142 2321 1247 2358 dubii,
1273 2329 1342 2352 tum
1367 2321 1442 2362 quia
1466 2338 1467 2342 =
1494 2320 1738 2361 quodammodo
1762 2319 2000 2360 provenientem
2024 2329 2042 2349 a
2065 2319 2213 2360 patiente,
2230 2325 2267 2349 ut
2289 2317 2487 2360 praedictum
2503 2322 2561 2350 est.

377 2367 562 2398 huiusmodi
578 2367 719 2407 acceptio
743 2374 797 2397 aut
820 2366 855 2397 fit
878 2367 994 2397 sciente
1011 2366 1144 2396 domino
1160 2366 1271 2402 invito,
1287 2372 1342 2396 aut
1358 2374 1440 2396 non:
1466 2372 1467 2386 ¹

377 2412 402 2442 si
427 2412 558 2447 sciente,
581 2421 647 2441 non
671 2418 718 2442 est
741 2410 970 2446 fraudulentia,
995 2411 1050 2440 sed
1073 2410 1198 2450 rapina3
1223 2410 1249 2440 si
1272 2410 1441 2445 nesciente,
1466 2434 1467 2442 ,

378 2463 424 2486 est
448 2456 578 2490 furtum,
594 2455 683 2496 quod
707 2462 752 2486 est
768 2455 891 2486 occulta
916 2456 964 2485 rei
978 2455 1104 2485 alienae
1118 2455 1258 2494 acceptio
1273 2453 1299 2485 *.
1315 2471 1337 2477 -
1353 2454 1441 2484 Tum
1466 2483 1467 2493 ¹

377 2499 451 2541 quia
491 2500 571 2530 sicut
602 2499 811 2530 committitur
841 2498 924 2529 fraus
947 2499 979 2529 in
1005 2499 1166 2538 emptione
1190 2505 1220 2528 et
1242 2498 1440 2534 venditione,

376 2545 418 2575 ita
442 2543 474 2574 in
498 2543 565 2574 aliis
589 2542 893 2574 commutationibus
916 2542 1120 2573 voluntariis:
1146 2548 1181 2572 ut
1204 2549 1290 2583 patet
1312 2542 1344 2572 in
1365 2552 1441 2573 con-

378 2587 527 2618 ductione
551 2594 582 2617 et
613 2587 786 2622 locatione,
812 2594 842 2617 et
861 2587 1007 2627 pignore;
1033 2586 1187 2626 contingit
1223 2586 1308 2616 enim
1338 2586 1442 2617 locare

378 2642 499 2673 equum
522 2631 684 2668 vitiosum,
703 2638 733 2662 et
749 2632 822 2661 dare
839 2631 954 2671 pignus
978 2631 1104 2666 falsum,
1122 2637 1180 2661 etc.
1203 2630 1278 2660 Non
1299 2637 1344 2661 est
1368 2639 1443 2670 ergo

378 2675 521 2716 specifica
551 2676 710 2708 distinctio
739 2676 811 2715 plus
834 2675 867 2706 in
892 2675 1053 2716 emptione
1077 2681 1107 2705 et
1129 2674 1312 2705 venditione
1342 2683 1441 2715 quam

377 2721 409 2751 in
434 2720 516 2756 aliis,
542 2720 567 2750 si
590 2720 623 2751 in
646 2719 714 2750 aliis
742 2720 819 2750 haec
849 2718 1087 2759 distinguuntur
1116 2729 1134 2749 a
1157 2718 1242 2749 furto
1267 2725 1297 2749 et
1320 2718 1440 2759 rapina.

433 2765 482 2795 Ad
511 2764 572 2794 hoc
601 2763 716 2795 dicitur
743 2764 831 2805 quod
860 2763 1019 2798 distinctio
1042 2762 1213 2794 iniustitiae
1244 2773 1327 2803 quae
1351 2762 1386 2794 fit
1408 2763 1442 2794 in

378 2807 593 2848 emptionibus
617 2816 647 2839 et
669 2807 905 2838 venditionibus
930 2818 946 2837 a
970 2807 1079 2847 rapina
1103 2814 1134 2837 et
1158 2806 1242 2838 furto
1273 2817 1309 2838 ex
1333 2806 1442 2838 multis

378 2852 542 2883 manifesta
567 2859 622 2882 est.
654 2852 778 2888 Primo,
803 2862 839 2882 ex
866 2852 928 2882 hoc
958 2852 1045 2892 quod
1074 2851 1227 2882 iniustitia
1256 2851 1441 2882 huiusmodi

378 2896 589 2928 communiter
611 2895 646 2926 fit
669 2896 791 2932 dolose,
811 2906 870 2926 -seu
888 2895 1116 2927 fraudulenter:
1141 2896 1227 2926 unde
1251 2903 1281 2926 et
1295 2895 1441 2936 fraudu-
1466 2918 1467 2924 ,

378 2942 475 2972 lentia
499 2940 692 2972 nominatur.
727 2941 825 2977 Quod
848 2950 914 2970 non
938 2947 984 2972 est
1007 2940 1046 2970 de
1070 2939 1192 2970 ratione
1214 2939 1289 2970 furti
1313 2947 1368 2971 aut
1390 2950 1439 2970 ra-

378 2986 479 3025 pinae.
504 3003 524 3007 -
548 2984 710 3021 Secundo,
736 2985 825 3025 quod
849 2985 989 3025 acceptio
1012 2984 1129 3015 iniusta
1152 2984 1202 3014 hic
1225 2983 1261 3015 fit
1283 2985 1441 3024 quodam-

379 3029 477 3060 modo
501 3029 617 3065 invito,
643 3036 673 3059 et
700 3029 943 3069 quodammodo
966 3029 1093 3059 volente
1116 3028 1267 3059 domino:
1298 3028 1331 3059 in
1355 3028 1440 3061 furto

379 3080 486 3104 autem
517 3079 547 3103 et
576 3072 684 3113 rapina
715 3072 750 3103 fit
778 3073 919 3112 acceptio
951 3072 1084 3103 domino
1115 3072 1214 3103 invito
1245 3072 1440 3113 simpliciter.

379 3116 543 3154 Quoniam
566 3116 598 3146 in
623 3116 784 3156 emptione
809 3123 839 3147 et
861 3116 1044 3147 venditione
1073 3116 1189 3147 iniusta
1212 3123 1346 3157 utraque
1369 3126 1440 3157 pars

378 3160 554 3192 voluntarie
578 3161 631 3190 dat
654 3161 741 3192 alteri
765 3161 853 3201 quod
877 3170 973 3191 suum
996 3168 1052 3197 est,
1078 3167 1108 3191 et
1131 3160 1174 3191 sic
1199 3167 1245 3191 est
1266 3160 1308 3191 ibi
1332 3161 1440 3202 aliquo

379 3206 478 3236 modo
502 3204 734 3235 voluntarium:
767 3205 822 3235 sed
851 3204 925 3245 quia
955 3215 1027 3245 pars
1055 3205 1186 3244 decepta
1215 3214 1280 3235 non
1305 3205 1392 3236 daret
1415 3205 1441 3236 si
1466 3245 1467 3248 Ἰ

379 3250 470 3280 sciret
493 3259 526 3279 se
542 3249 716 3288 deceptam,
741 3249 813 3279 ideo
837 3255 884 3279 est
906 3249 1001 3280 etiam
1017 3249 1059 3279 ibi
1075 3249 1336 3280 involuntarium.
1362 3250 1440 3280 Fur·
1466 3263 1468 3270 ·

378 3301 447 3324 tum
469 3300 576 3324 autem
599 3300 654 3323 aut
677 3293 820 3336 rapinam
844 3292 965 3333 patiens
982 3303 1047 3323 non
1065 3293 1127 3333 agit
1143 3293 1182 3323 ad
1201 3293 1440 3324 translationem

379 3337 422 3367 rei
445 3347 519 3367 suae
541 3348 558 3367 a
574 3347 616 3373 se,
634 3337 688 3367 sed
712 3337 937 3368 tantummodo
955 3337 1080 3377 patitur.
1106 3355 1126 3360 -
1146 3336 1266 3374 Tertio,
1291 3337 1366 3378 quia
1381 3337 1439 3368 hu—

379 3381 517 3412 iusmodi
545 3381 695 3411 iniustitia
726 3381 939 3412 communiter
969 3391 1000 3411 se
1029 3381 1123 3411 habet
1153 3381 1192 3411 ad
1219 3381 1381 3412 scientiam
1411 3389 1442 3412 et

378 3425 588 3465 ignorantiam
611 3425 766 3464 patientis.
799 3425 950 3465 Acceptio
975 3432 1082 3455 autem
1113 3432 1178 3455 tam
1202 3424 1315 3455 furtiva
1343 3435 1440 3466 quam

380 3470 506 3509 rapinae
538 3469 742 3500 determinata
773 3476 833 3500 est:
865 3469 939 3510 quia
968 3469 1077 3509 rapina
1107 3479 1174 3499 rem
1197 3468 1229 3498 in
1254 3469 1438 3506 manifesto,

380 3513 501 3544 furtum
524 3513 556 3543 in
580 3513 706 3544 occulto
731 3514 852 3553 accipit.

436 3558 484 3587 Ad
502 3557 636 3596 primam
653 3567 725 3597 ergo
743 3557 952 3588 obiectionem
970 3557 1001 3587 in
1019 3557 1205 3597 oppositum
1224 3557 1336 3588 dicitur
1352 3558 1440 3597 quod

1549 2364 1600 2395 Ad
1616 2364 1793 2395 secundum
1809 2363 1924 2394 dicitur
1946 2364 2035 2405 quod
2059 2363 2272 2404 appellatione
2295 2362 2371 2394 furti
2387 2360 2564 2403 etflrapimo

1492 2409 1526 2439 in
1545 2408 1712 2448 proposito
1735 2408 1867 2448 intelligi
1890 2414 2027 2449 possunt
2041 2407 2150 2438 omnia
2166 2413 2350 2438 enumerata
2370 2405 2462 2437 vitia:
2487 2405 2564 2448 quio

1494 2456 1617 2484 Auctor
1638 2452 1773 2483 intendit
1795 2453 1885 2494 quod
1907 2462 1964 2493 per
1986 2451 2062 2483 alias
2081 2451 2351 2482 commutationes
2363 2450 2563 2484 voluntati&

1494 2507 1559 2527 non
1584 2503 1711 2536 oportet
1734 2497 1772 2526 de
1796 2496 1904 2537 aliquo
1928 2496 1990 2527 alio
2013 2495 2091 2526 vitio
2115 2502 2258 2532 tractare,
2283 2494 2339 2526 sed
2361 2493 2478 2526 sufficit
2499 2501 2563 2526 tra-

1494 2548 1576 2571 ctare
1601 2541 1638 2570 de
1663 2540 1863 2571 enumeratis.
1896 2540 2031 2571 Constat
2058 2547 2164 2570 autem
2193 2549 2230 2570 ex
2253 2539 2355 2570 littera
2384 2539 2473 2581 quod
2495 2538 2560 2570 iam

1465 2586 1467 2609 ῑ
1494 2591 1732 2616 enumeraverat
1754 2584 2000 2615 fraudulentiam
2024 2591 2054 2614 et
2081 2593 2222 2614 usuram.
2252 2583 2344 2614 Unde
2375 2582 2456 2613 sicut
2486 2583 2562 2625 quia

1465 2649 1467 2664 .
1493 2635 1660 2660 tractatum
1684 2635 1730 2659 est
1753 2629 1792 2659 de
1815 2628 1912 2665 furto,
1937 2638 2003 2659 non
2019 2634 2147 2669 oportet
2169 2637 2226 2668 per
2241 2627 2316 2658 alias
2332 2627 2560 2658 commutatio-⁸

1465 2667 1467 2677 '
1493 2682 1549 2704 nes
1572 2672 1747 2714 specialiter
1776 2679 1906 2704 tractare
1936 2673 1974 2703 de
1997 2672 2083 2703 furto
2113 2671 2339 2704 interveniente
2365 2671 2399 2702 in
2422 2671 2500 2708 illis,
2514 2670 2563 2703 'ut

1493 2718 1519 2748 si
1533 2717 1607 2759 quis
1630 2717 1751 2748 furetur
1766 2717 1883 2757 pignus
1907 2724 1962 2748 aut
1984 2717 2181 2758 depositum;
2205 2716 2249 2748 ita
2267 2715 2345 2758 quia
2359 2715 2561 2751 tractandum

1465 2819 1467 2834 ι
1493 2806 1603 2846 ptione
1627 2812 1658 2836 et
1679 2805 1878 2842 venditione,
1903 2815 1970 2836 non
1993 2812 2040 2836 est
2064 2815 2146 2846 opus
2173 2811 2304 2836 tractare
2327 2804 2366 2834 de
2389 2803 2444 2834 illa
2466 2803 2562 2836 inter·

1492 2849 1638 2881 veniente
1667 2849 1699 2880 in
1730 2849 1917 2890 pignoribus
1946 2856 2001 2880 aut
2030 2848 2192 2890 depositis.
2227 2849 2301 2879 Non
2325 2848 2465 2879 intendit
2485 2857 2560 2890 ergo

1492 2897 1615 2925 Auctor
1638 2894 1727 2935 quod
1749 2893 1782 2924 in
1806 2893 1875 2924 aliis
1897 2893 2205 2924 commutationibus
2219 2892 2408 2924 voluntariis
2430 2892 2560 2924 fraudu-

1466 2948 1467 2958 *
1492 2938 1588 2969 lentia
1612 2938 1652 2969 sit
1672 2938 1794 2969 furtum
1817 2945 1872 2969 aut
1894 2938 2013 2978 rapina,
2029 2938 2062 2968 in
2079 2937 2295 2978 emptionibus
2315 2946 2392 2968 vero
2407 2943 2439 2968 et
2452 2937 2561 2968 vendi-

1466 2986 1467 2992 *
1493 2982 1635 3014 tionibus
1651 2982 1691 3014 sit
1706 2982 1840 3023 speciale
1851 2982 1982 3014 vitium:
2003 2982 2058 3013 sed
2073 2983 2164 3023 quod
2176 2991 2232 3023 per
2247 2981 2322 3013 alias
2334 2981 2560 3013 commutatio-

1466 3036 1467 3055 l
1494 3037 1549 3058 nes
1565 3027 1760 3059 voluntarias
1776 3036 1842 3058 non
1858 3034 1906 3058 est
1927 3027 2126 3058 tractandum
2142 3027 2182 3057 de
2196 3025 2305 3067 aliquo
2321 3025 2451 3066 speciali
2463 3025 2559 3063 vitio⁴

1494 3069 1570 3113 quia
1593 3071 1626 3101 in
1649 3070 1698 3101 his
1722 3071 1864 3107 duobus,
1889 3071 2006 3102 scilicet
2033 3070 2244 3102 fraudulentia
2266 3076 2298 3101 et
2320 3079 2427 3107 usura,
2450 3069 2560 3101 adiun-

1494 3115 1550 3146 ctis
1572 3115 1717 3156 superius
1740 3115 1887 3152 tractatis,
1905 3115 2023 3146 scilicet
2043 3114 2128 3146 furto
2154 3121 2223 3151 etc„
2247 3124 2314 3145 non
2336 3120 2431 3145 restat
2452 3113 2559 3155 aliqua

1493 3160 1559 3190 vitii
1588 3159 1708 3200 species
1736 3160 1895 3190 tractanda
1924 3159 1957 3190 in
1987 3158 2294 3190 commutationibus
2316 3157 2512 3190 voluntariis.

1525 3258 1545 3278 n
1569 3247 1701 3279 articulo
1725 3247 1831 3288 primo
1855 3246 2050 3288 quaestionis
2073 3246 2482 3288 septuagesimaeseptimne.
2501 3246 2559 3277 du-

1498 3259 1616 3323 Ibium
1632 3291 1778 3327 occurrit,
1795 3301 1836 3322 an
1851 3291 1972 3322 iustum
1996 3291 2135 3332 pretium
2158 3291 2204 3322 rei
2226 3290 2267 3323 sit
2289 3297 2447 3332 quantum
2470 3299 2559 3323 comv

1494 3336 1633 3367 munitet
1654 3335 1749 3366 vendi
1773 3335 1853 3366 solet
1876 3335 2022 3366 absolute
2044 3335 2078 3366 in
2101 3335 2155 3366 tali
2179 3335 2269 3371 loco,
2287 3342 2361 3366 etc.:
2391 3344 2431 3365 an
2457 3343 2557 3376 quan-

1466 3414 1468 3424 <
1494 3387 1565 3411 tum
1587 3381 1619 3411 in
1643 3380 1697 3410 tali
1717 3380 1816 3410 modo
1838 3379 1997 3410 vendendi
2020 3379 2187 3416 invenitur,
2212 3386 2289 3420 puta
2312 3388 2386 3410 cum
2410 3378 2493 3408 ultro
2509 3377 2558 3408 of-

1467 3425 1468 3428 ’
1495 3425 1592 3456 fertur
1612 3424 1644 3454 in
1659 3423 1908 3460 subhastatione‚
1925 3424 1974 3454 vel
1991 3434 2047 3464 per
2062 3423 2262 3460 mediatores,
2279 3429 2337 3454 etc.
2361 3422 2403 3452 Et
2421 3429 2468 3453 est
2485 3421 2558 3452 finis

1466 3474 1468 3511 J
1495 3469 1583 3499 dubii
1619 3468 1694 3509 quia
1722 3468 1794 3498 hinc
1827 3468 1943 3508 pendet
1973 3468 2090 3498 solutio
2123 3468 2296 3498 multarum
2320 3466 2557 3507 quaestionum.

1466 3516 1468 3550 i
1494 3513 1586 3543 Ratio
1611 3519 1717 3543 autern
1747 3512 1912 3543 dubitandi
1936 3520 1982 3543 est
2005 3512 2079 3553 quia
2102 3511 2128 3542 si
2149 3512 2269 3542 iustum
2292 3510 2429 3551 pretium
2458 3511 2556 3541 deter-

1495 3557 1633 3587 minatur
1649 3567 1714 3587 non
1728 3563 1847 3587 attento
1861 3557 1960 3587 modo
1975 3556 2141 3591 vendendi,
2155 3555 2298 3596 sequitur
2313 3555 2401 3595 quod
2418 3561 2558 3585 ementes

1493 2769 1540 2793 est
1563 2762 1602 2792 de
1626 2761 1838 2792 fraudulentia
1860 2761 1894 2792 in
1916 2761 2087 2802 praecipua
2108 2771 2166 2792 sua
2188 2760 2328 2797 materia,
2353 2759 2472 2791 scilicet
2495 2768 2561 2793 etu-
