2860 4244
31 3652 34 3660 ι

28 3679 49 3704 .νῖ-

20 3714 48 3742 ’,Ν

27 3753 47 3802 l,

25 3806 45 3814 m,

22 3837 45 3849 ⁴x.¹

959 250 1226 297 QUAESTIO
1256 250 1391 297 xcv1‚

278 330 533 379 Porphyrium
551 330 675 378 fateri
700 330 801 378 quod
817 329 1020 378 theurgicis
1046 329 1170 374 teletis,
1190 329 1229 366 in
1249 341 1339 378 ope-
1365 330 1366 333 ’

280 383 485 421 rationibus
514 383 770 429 daemonum,
800 381 1036 419 intellectuali
1063 382 1214 418 animae
1251 382 1341 419 nihil

274 437 516 486 purgationis
543 436 677 473 accidit
695 434 710 465 β
733 436 834 484 quod
859 446 944 472 eam
961 434 1065 483 facit
1090 435 1263 471 idoneam
1292 435 1343 471 ad

279 490 480 526 videndum
509 490 633 526 Deum
660 500 791 534 suum,
821 493 856 524 et
877 487 1135 536 perspicienda
1168 499 1212 524 ea
1246 499 1343 536 quae
1368 489 1369 492 ’

279 554 371 580 vera
399 548 495 588 sunt,
524 542 651 591 qualia
679 549 766 578 sunt
783 546 800 569 Υ
820 540 950 577 omnia
978 540 1217 577 scientiarum
1237 542 1343 577 theo·
1368 537 1370 543 '

281 603 438 633 remata.
467 616 492 622 -
521 596 684 632 Possent
711 602 840 631 tamen
869 593 1091 639 daemones,
1119 593 1248 630 verbis
1276 594 1344 630 ho·
1369 591 1371 594 ’

281 649 447 686 minibus
476 647 753 696 colloquentes,
782 646 992 695 exprimere
1021 644 1034 668 δ
1072 646 1197 695 aliqua
1225 646 1344 683 scien-

280 702 418 738 tiarum
457 700 708 737 documenta:
738 700 806 736 sed
833 700 908 736 hoc
937 711 1015 736 non
1052 700 1242 748 quaeritur
1277 711 1346 748 per

282 762 402 791 artem
432 753 635 790 notoriam.
1371 749 1374 777 ¹

335 809 394 844 An
414 817 552 843 ptumum
571 817 669 843 ERGO
689 816 875 842 DICENDUM
895 805 1000 853 quod
1015 805 1210 853 acquirere
1227 804 1346 841 scien-

282 860 375 897 tiam
394 860 541 896 bonurn
571 866 643 895 est:
673 859 739 895 sed
767 858 961 906 acquirere
989 870 1074 895 eam
1103 857 1222 894 modo
1242 856 1348 894 inde-

283 913 362 950 bito
400 924 480 949 non
515 919 572 948 est
599 912 758 948 bonum.
797 912 846 948 Et
873 912 975 948 hunc
995 916 1007 932 ⁸
1035 911 1155 948 finem
1187 909 1348 947 intendit

283 978 344 1003 ars
372 965 534 1002 notoria.

1420 249 1717 287 ARTICULUS
1747 250 1778 285 ΙΙ
2379 249 2425 286 33
2437 261 2449 285 1

1446 331 1505 365 AD
1525 340 1716 366 SECUNDUM
1744 339 1928 365 melerinum
1948 327 2053 376 quod
2072 327 2181 376 pueri
2200 327 2249 364 illi
2269 339 2348 364 non
2372 328 2458 364 abs-

1366 421 1368 430 ,
1393 381 1562 419 tinebant
1582 381 1794 418 secundum
1814 393 1955 418 vanam
1976 380 2259 418 observantiam
2279 380 2366 417 artis
2390 392 2458 416 no—

1395 435 1533 472 toriae:
1563 434 1631 471 sed
1651 434 1864 471 secundum
1885 433 2148 471 auctoritatem
2168 434 2258 482 legis
2292 433 2457 479 divinae,

1397 488 1568 524 nolentes
1588 487 1778 535 inquinari
1798 487 1890 524 cibis
1918 487 2112 535 gentilium
2128 487 2159 524 ³¹⁸.
2194 488 2243 524 Et
2270 486 2358 524 ideo
2378 499 2459 523 me-
2489 497 2497 506 ·
2512 496 2548 518 Cf·
2563 502 2622 517 vers·
2637 497 2658 517 8-

1397 541 1468 577 rito
1498 540 1738 577 obedientiae
1759 541 1952 577 consecuti
1981 549 2068 577 sunt
2086 553 2108 577 a
2135 541 2221 577 Deo
2242 539 2458 576 scientiam:

1398 593 1610 630 secundum
1640 593 1730 630 illud
1759 594 1900 630 Psalm.
1920 593 1959 630 *:
1985 595 2106 642 Super
2135 605 2241 630 senes
2275 593 2459 638 intellexi,
2489 601 2699 649 :ogs-munitus·

1398 646 1487 694 quia
1515 646 1694 683 mandata
1723 652 1786 682 tua
1815 646 1992 695 quaesivi.
2532 643 2538 648 '

1452 700 1511 734 AD
1539 710 1698 735 TERTmM
1728 711 1910 736 mci-:unum
1939 699 2044 748 quod
2065 699 2261 748 exquirere
2281 698 2462 746 cognitio·

1399 763 1489 788 nem
1527 752 1740 788 futurorum
1779 765 1801 788 a
1839 752 2092 789 daemonibus
2129 765 2208 789 non
2246 753 2369 789 solum
2409 759 2464 788 est

1399 811 1598 852 peccatum
1627 812 1781 853 propter
1808 805 1882 842 hoc
1911 806 2016 865 quod
2044 805 2115 854 ipsi
2141 806 2265 848 futura
2294 817 2372 842 non
2401 817 2463 841 co—

1401 864 1608 904 gnoscunt:
1638 857 1705 894 sed
1724 866 1880 906 propter
1899 858 2119 895 societatem
2141 870 2228 895 cum
2250 858 2302 895 eis
2321 858 2463 905 initam,

1375 953 1377 960 ἱ
1403 921 1501 958 quae
1531 909 1645 946 etiam
1674 910 1712 946 in
1741 911 1937 959 proposito
1967 912 2094 948 locum
2122 912 2237 948 habet
2265 910 2290 948 t·
2590 910 2604 938 ζ

338 1087 363 1120 β)
375 1087 465 1121 fateri
482 1087 580 1120 quod...
593 1086 731 1112 acciditoe
711 1085 858 1119 —saterim
869 1085 992 1110 accidere
1006 1085 1040 1115 P;
1059 1092 1108 1117 pro
1119 1084 1199 1117 facit,
1212 1083 1302 1117 saciat
1320 1083 1354 1108 P.

337 1124 364 1157 γ)
383 1126 484 1148 sunt.-
502 1126 565 1147 ante
583 1122 615 1151 G,
634 1125 724 1146 autem
743 1121 829 1146 ceteri.

337 1157 362 1191 ὃ)
382 1158 544 1190 exprimere.
561 1171 581 1176 -
598 1156 747 1182 hominibus
765 1155 919 1187 exprimere
938 1155 1072 1180 BDFGIK.

1457 1084 1479 1115 ε)
1499 1083 1608 1109 hunc.—
1625 1084 1663 1109 ad
1681 1084 1751 1109 hunc
1770 1084 1822 1112 Pa,·
1835 1090 1888 1116 per
1905 1084 1974 1108 hunc
1992 1084 2086 1117 (finem
2106 1083 2266 1114 intenditur)
2284 1083 2315 1107 D.

1403 1118 1587 1180 cunffflsscum
1606 1119 1693 1144 habet.
1711 1133 1730 1138 -
1748 1120 1833 1144 locum
1853 1126 1905 1143 non
1929 1118 2007 1143 habet
2025 1118 2236 1150 ABCEHLpGK.
2256 1125 2307 1142 non
2332 1118 2410 1143 habet
2429 1119 2466 1143 10-

965 1234 1298 1267 Gommentaria
1320 1233 1570 1266 Cat-dinalis
1595 1233 1796 1266 Caietam

316 1317 489 1357 ΝαηῐωῙΟ
507 1316 620 1357 primo
631 1314 827 1356 quaestionis
845 1313 1174 1354 nonagesimaesextae
1198 1314 1264 1344 duo
1288 1320 1353 1344 tan·
1375 1313 1379 1353 l

266 1328 455 1393 ᾸῚΝἩΠἋΗ
411 1361 551 1391 notanda
566 1366 746 1391 occurrunt.
770 1359 917 1389 Alterum
933 1365 979 1389 est
1001 1357 1073 1388 finis
1097 1358 1171 1388 artis
1191 1357 1351 1388 notoriae:

287 1406 403 1437 scilicet
426 1404 555 1436 scientia
577 1413 633 1444 per
655 1403 861 1434 infusionem.
885 1403 927 1433 Et
949 1409 1115 1442 propterea
1138 1401 1279 1432 inefficax
1296 1408 1352 1432 est.
1377 1412 1380 1447 χ

287 1450 321 1482 Si
344 1450 429 1481 enim
452 1448 525 1480 finis
548 1455 629 1479 esset
651 1447 780 1478 scientia
802 1457 858 1486 per
877 1447 1076 1486 disciplinam
1091 1456 1109 1476 a
1124 1446 1281 1476 daemone
1296 1446 1352 1476 do-

288 1500 378 1526 cente
400 1493 629 1534 colloquendo,
651 1492 724 1522 licet
746 1497 827 1522 esset
848 1490 972 1527 illicita,
996 1497 1154 1531 quantum
1177 1498 1283 1521 tamen
1307 1497 1354 1520 est

289 1549 326 1570 ex
348 1544 503 1579 potestate
526 1536 661 1568 naturali
685 1535 863 1572 daemonis,
889 1541 969 1565 esset
992 1534 1116 1565 efficax:
1148 1534 1223 1575 quia
1246 1541 1354 1574 posset

1052 1707 1266 1749 ARTICU
1273 1707 1371 1749 LUS

1405 1312 1494 1344 facile
1510 1314 1622 1344 docere
1639 1314 1779 1364 aliquem
1795 1313 1908 1344 melius
1927 1323 2026 1354 quam
2045 1313 2241 1354 quicumque
2257 1313 2470 1354 philosophus

1377 1360 1379 1368 '
1405 1364 1460 1388 aut
1483 1358 1671 1398 astrologus,
1696 1358 1721 1388 si
1745 1358 1832 1388 Deus
1856 1358 2059 1399 permitteret.

1460 1402 1606 1433 Alterum
1630 1410 1675 1433 est
1699 1402 1731 1432 in
1755 1402 1962 1442 responsione
1986 1402 2025 1432 ad
2049 1401 2191 1438 tertium,
2216 1402 2305 1443 quod
2328 1401 2397 1432 sola
2420 1411 2471 1431 so-

1378 1455 1380 1466 ²
1406 1446 1510 1482 detes,
1536 1456 1600 1476 non
1623 1454 1852 1482 consummata,
1869 1447 1924 1477 sed
1938 1447 2017 1477 inita
2035 1456 2109 1477 cum
2126 1447 2292 1482 daemone,
2309 1445 2472 1476 constituit

1406 1490 1553 1520 illicitum
1585 1490 1703 1530 peccati
1727 1491 1900 1520 mortalis*
1910 1491 2030 1531 'quod
2059 1497 2182 1521 constat
2210 1491 2242 1521 in
2266 1490 2472 1521 observantiis
2499 1493 2709 1547 anczffloumrdgitss

1408 1534 1480 1565 artis
1503 1534 1646 1565 notoriae
1670 1534 1836 1565 committi.
1861 1535 1959 1572 Quod
1982 1541 2068 1571 nota,
2093 1542 2221 1575 propter
2243 1545 2344 1565 casuS.
2499 1552 2564 1568 num.
2578 1552 2604 1568 ιι.

1401 1705 1703 1748 SECUNDUS

611 1802 767 1833 UTRUM
791 1800 1146 1832 OBSERVATIONES
1169 1799 1423 1831 ORDINATAE
1447 1799 1505 1830 AD
1531 1798 1772 1830 CORPORUM
1797 1797 2156 1835 IMMUTATIONEM,

647 1846 764 1877 PUTA
788 1845 846 1876 AD
871 1845 1122 1875 SANITATEM
1145 1844 1230 1875 VEL
1253 1844 1311 1874 AD
1335 1843 1513 1881 ALIQUID
1539 1842 1780 1874 HUIUSMODI
1795 1866 1803 1878 ,
1827 1842 1923 1872 SINT
1948 1841 2120 1872 LICITAE

782 1924 813 1948 111
834 1924 911 1949 Cont.
933 1924 1020 1955 Gent.,
1039 1931 1096 1956 cap.
1116 1930 1163 1953 cv;
1186 1922 1226 1947 De
1245 1922 1312 1951 Por„
1333 1930 1377 1955 qu.
1395 1930 1430 1952 w,
1450 1928 1497 1948 art.
1522 1929 1567 1951 103
1588 1921 1685 1952 Quodl.
1709 1921 1762 1950 ΧΙΙ,
1783 1929 1827 1953 qu.
1846 1929 1880 1951 ix,
1899 1925 1946 1945 art.
1967 1928 1991 1945 2.

297 2217 399 2254 enim
427 2222 483 2252 est
508 2216 563 2253 uti
590 2215 822 2253 naturalibus
845 2191 1045 2252 vii-tutibus
1077 2226 1283 2263 corporum
1313 2213 1389 2250 ad

297 2268 473 2319 proprios
510 2268 667 2307 effectus
704 2268 953 2306 inducendos.
984 2269 1062 2304 Res
1089 2274 1218 2304 autem
1255 2274 1362 2303 natu-

298 2322 394 2359 rales
422 2322 564 2358 habent
591 2321 776 2380 quasdam
804 2321 960 2358 virtutes
989 2321 1170 2379 occultas,
1199 2332 1361 2368 quarum

297 2374 392 2413 ratio
421 2375 469 2411 ab
493 2374 651 2412 homine
680 2374 859 2422 assignari
879 2386 958 2411 non
976 2380 1121 2423 potest:
1143 2372 1238 2409 sicut
1257 2373 1362 2421 quod
1389 2416 1390 2420 Ἰ

298 2427 455 2466 adamas
484 2428 594 2465 trahit
621 2428 776 2474 sermm,
806 2435 843 2464 et
870 2428 989 2464 multa
1018 2426 1089 2464 alia
1114 2438 1212 2474 quae
1232 2428 1361 2474 Augu·
1389 2431 1391 2471 g

298 2480 416 2523 stinus
449 2489 665 2527 enumerat,
695 2481 784 2517 XXI
813 2481 859 2517 de
891 2481 970 2517 Civ.
1009 2480 1083 2516 Dei
1108 2478 1140 2516 ²¹⁸.
1176 2479 1278 2526 Ergo
1307 2479 1362 2515 vi·
1389 2484 1391 2515 f

299 2534 409 2572 detur
436 2535 542 2581 quod
566 2534 619 2571 uti
646 2533 865 2571 huiusmodi
893 2534 1006 2570 rebus
1026 2533 1075 2570 ad
1100 2544 1263 2580 corpora
1292 2532 1361 2569 im-

298 2587 482 2624 mutanda
510 2599 589 2624 non
618 2586 663 2624 sit
691 2586 871 2623 illicitum.

354 2651 389 2677 2.
409 2640 644 2687 PRAETEREA,
661 2639 756 2677 sicut
776 2651 937 2688 corpora
952 2638 1134 2675 naturalia
1150 2638 1364 2674 subduntur

300 2693 525 2742 corporibus
545 2693 780 2740 caelestibus,
800 2692 851 2730 ita
871 2692 984 2729 etiam
1008 2703 1171 2740 corpora
1190 2690 1363 2727 artificia—

299 2745 358 2783 lia.
381 2746 458 2782 Sed
474 2757 635 2794 corpora
654 2746 840 2782 naturalia
859 2745 1067 2782 sortiuntur
1080 2743 1268 2792 quasdam
1287 2744 1364 2780 vir-

300 2806 411 2837 tutes.
426 2799 604 2844 occultas,
624 2798 791 2847 speciem
821 2805 1109 2846 consequentes,
1131 2809 1177 2833 ex
1205 2796 1363 2844 impres-

300 2852 408 2889 sione
437 2851 656 2888 caelestium
685 2863 905 2900 corporum.
935 2851 1037 2898 Ergo
1068 2850 1180 2886 etiam
1201 2861 1363 2897 corpora

301 2903 520 2952 artificialia,
549 2911 641 2952 puta
659 2903 856 2952 imagines,
877 2903 1083 2940 sortiuntur
1101 2902 1270 2949 aliquam
1288 2901 1362 2939 vir-

300 2965 421 2995 tutem
450 2957 639 2994 occultam
667 2969 690 2993 a
717 2956 942 3005 corporibus
971 2955 1195 2992 caelestibus
1223 2954 1272 2991 ad
1300 2954 1364 2991 ali—

301 3023 399 3060 quos
441 3010 600 3048 effectus
628 3010 853 3049 causandos.
890 3009 994 3056 Ergo
1030 3008 1084 3045 uti
1122 3007 1188 3054 eis,
1218 3015 1255 3043 et
1282 3006 1363 3044 aliis

301 3062 533 3110 huiusmodi,
563 3074 642 3100 non
671 3070 727 3099 est
753 3062 934 3099 illicitum.

326 3117 391 3154 ·3.
424 3117 667 3162 ΡιιΑΕτΕκΕΑ,
707 3115 917 3152 daemones
955 3114 1068 3151 etiam
1111 3112 1364 3162 multipliciter

301 3177 461 3219 possunt
480 3180 642 3217 corpora
659 3175 929 3206 transmutare:
955 3174 998 3204 ut
1016 3166 1104 3204 dicit
1117 3165 1360 3214 Augustinus,

302 3224 352 3260 111
381 3223 428 3260 de
457 3223 494 3259 T
490 3222 560 3259 rin.
581 3221 602 3243 *
621 3220 699 3258 Sed
727 3233 861 3258 eorum
878 3220 997 3258 virtus
1016 3232 1039 3256 a
1058 3221 1143 3257 Deo
1163 3226 1229 3257 est.
1259 3219 1362 3266 Ergo

302 3275 389 3313 licet
415 3275 470 3312 uti
498 3286 632 3312 eorum
652 3273 789 3311 virtute
809 3274 858 3312 ad
876 3273 1022 3322 aliquas
1045 3271 1265 3310 huiusmodi
1294 3271 1364 3308 im-
1390 3302 1391 3307 ,

302 3328 530 3365 mutationes
558 3327 763 3364 faciendas.
790 3348 798 3355 -

357 3451 384 3484 α)
403 3451 458 3476 sint
476 3450 573 3476 licitae.
590 3463 609 3469 -
627 3456 679 3474 non
697 3449 753 3474 sint
771 3449 880 3474 illicitae
897 3449 944 3474 Pa.

358 3486 383 3519 β)
403 3485 542 3511 medicina.
555 3499 573 3503 -
593 3484 733 3516 disciplina
752 3483 824 3509 PHa.

355 3522 382 3555 γ)
401 3522 594 3554 corporales.-
574 3520 789 3552 -particulares
808 3519 836 3543 P.

355 3529 381 3589 8)
402 3557 433 3582 Si
444 3560 532 3582 autem
552 3555 754 3581 naturaliter.-
773 3554 845 3579 Dum
857 3554 938 3579 aliter
950 3553 1103 3586 ABELpCK
1117 3557 1142 3578 et
1154 3560 1180 3582 a,
1192 3552 1264 3577 Dum
1278 3555 1367 3577 autem

1468 2001 1542 2037 SED
1563 2011 1709 2037 CONTRA
1728 2011 1794 2036 EST
1812 2000 1917 2048 quod
1936 1998 2169 2046 Augustinus
2194 1999 2292 2046 dicit,
2322 2000 2360 2036 in
2381 2001 2412 2036 II
2432 2000 2478 2036 de

1386 2059 1388 2098 ζ
1414 2055 1522 2091 Doct.
1553 2053 1684 2090 Christ.
1705 2052 1736 2099 ²¹³,
1758 2052 1863 2101 quod
1892 2053 1940 2089 ad
1965 2052 2271 2101 superstitionem
2289 2053 2478 2102 pertinent
2504 2068 2513 2078 ·
2529 2066 2585 2094 eap.
2601 2073 2639 2088 xx.

1415 2106 1610 2143 molimina
1633 2106 1874 2155 magicarum
1901 2106 2053 2151 artium,
2073 2111 2108 2141 et
2135 2105 2333 2155 ligaturae,
2359 2112 2395 2143 et
2420 2118 2476 2142 re-

1388 2185 1389 2190 ι
1415 2160 1538 2196 media
1575 2171 1672 2207 quae
1703 2159 1934 2196 medicorum
1972 2170 2119 2207 quoque
2152 2159 2336 2196 medicina
2356 2157 2371 2188 β
2390 2171 2478 2196 con-
2605 2173 2620 2206 β

1388 2214 1578 2269 demnat,
1607 2213 1685 2248 sive
1712 2212 1749 2248 in
1765 2211 2147 2260 praecantationibuS,
2175 2212 2253 2248 sive
2271 2212 2308 2248 in
2329 2212 2478 2260 quibus-

1388 2258 1504 2302 dam
1532 2266 1639 2311 notis,
1669 2276 1762 2313 quas
1789 2266 2024 2302 characteres
2050 2270 2198 2310 vocant,
2225 2265 2304 2301 sive
2331 2266 2369 2301 in
2399 2266 2479 2313 qui-

1416 2320 1645 2366 buscumque
1672 2319 1782 2355 rebus
1800 2318 2064 2366 suspendendis
2092 2323 2203 2366 atque
2230 2318 2476 2367 insignandis.

1470 2373 1696 2409 Respommo
1738 2382 1922 2408 DICENDUM
1960 2370 2064 2419 quod
2093 2370 2130 2407 in
2167 2370 2224 2407 his
2258 2382 2355 2418 quae
2384 2371 2480 2407 fiunt

1417 2425 1466 2462 ad
1496 2425 1644 2472 aliquos
1669 2424 1826 2461 effectus
1847 2424 2063 2472 corporales
2081 2429 2097 2451 Υ
2117 2423 2366 2470 inducendos,
2390 2436 2478 2460 con·
2604 2447 2620 2472 γ

1417 2477 1663 2515 siderandum
1684 2485 1739 2514 est
1756 2485 1885 2514 utrum
1906 2476 2122 2513 naturaliter
2139 2476 2342 2513 videantur
2365 2489 2479 2525 posse

1417 2532 1510 2568 tales
1530 2530 1687 2567 effectus
1708 2540 1876 2567 causare.
1904 2530 1967 2566 Sic
1987 2529 2089 2566 enim
2110 2542 2188 2566 non
2209 2530 2275 2566 erit
2294 2529 2479 2566 illicitum:

1417 2584 1502 2620 licet
1530 2584 1633 2620 enim
1654 2595 1787 2620 causas
1817 2583 2006 2620 naturales
2035 2583 2215 2619 adhibere
2236 2583 2284 2619 ad
2304 2583 2479 2631 proprios

1419 2637 1586 2673 effectus.
1607 2657 1632 2664 -
1663 2636 1703 2673 Si
1731 2644 1858 2672 autern
1893 2635 2111 2672 naturaliter
2129 2634 2142 2657 δ
2176 2648 2253 2672 non
2282 2635 2482 2672 videantur
2606 2653 2621 2678 ὅ

1417 2702 1532 2739 posse
1551 2690 1643 2726 tales
1671 2689 1827 2726 effectus
1848 2701 2017 2735 causare,
2035 2701 2275 2736 consequens
2296 2696 2351 2725 est
2374 2689 2480 2736 quod

1418 2755 1497 2790 non
1526 2742 1778 2779 adhibeantur
1806 2741 1855 2778 ad
1882 2742 1954 2778 hos
1983 2741 2140 2778 effectus
2160 2741 2374 2778 causandos
2402 2749 2481 2778 tan-

1418 2808 1536 2843 quam
1565 2807 1715 2841 causae,
1736 2794 1804 2831 sed
1824 2795 1949 2831 solum
1971 2794 2077 2842 quasi
2106 2794 2223 2841 signa.
2253 2794 2302 2830 Et
2325 2794 2379 2830 sic
2397 2806 2482 2842 per-

1417 2848 1536 2885 tinent
1563 2848 1615 2884 ad
1634 2853 1750 2896 pacta
1775 2846 2094 2896 significationum
2123 2858 2208 2883 cum
2237 2846 2481 2883 daemonibus

1390 2911 1391 2916 ¹
1417 2901 1508 2937 inita
1522 2900 1553 2936 ²¹³.
1574 2901 1685 2938 Unde
1705 2899 1938 2947 Augustinus
1958 2899 2056 2946 dicit,
2074 2899 2161 2935 XXI
2177 2899 2223 2935 de
2242 2900 2320 2936 Civ.
2336 2900 2412 2935 Dei
2423 2899 2479 2936 ²¹·*z
2509 2913 2518 2922 ·
2533 2912 2569 2935 cf.
2584 2912 2642 2934 ibid.

2508 2940 2530 2950 ⁸⁸
2544 2939 2600 2967 Cap.
2616 2945 2648 2960 vr.

1417 2954 1630 2990 Illiciuntur
1643 2958 1654 2974 ἒ
1669 2953 1871 2990 daemones
1879 2964 1952 3000 per
1969 2957 2175 2997 creaturas,
2191 2963 2285 3000 quas
2305 2964 2379 2989 non
2400 2953 2478 3001 ipsi,
2611 2984 2621 3000 ε

1416 3007 1482 3043 sed
1507 3007 1612 3043 Deus
1640 3006 1822 3051 condidit,
1859 3004 2134 3042 delectabilibus
2156 3016 2230 3053 pro
2261 3017 2331 3042 sua
2359 3006 2479 3042 diver-

1390 3100 1391 3103 *
1416 3060 1522 3096 sitate
1549 3059 1716 3104 diversis,
1746 3070 1821 3095 non
1851 3064 1891 3094 ut
1916 3057 2098 3095 animalia
2127 3058 2228 3104 cibis,
2256 3059 2322 3095 sed
2348 3064 2389 3094 ut
2408 3059 2481 3107 spi-

1418 3113 1510 3148 ritus
1533 3112 1662 3161 signis,
1683 3123 1781 3160 quae
1799 3111 1978 3159 cuiusque
1995 3111 2229 3147 delectationi
2254 3117 2479 3161 congruunt,

1390 3192 1391 3197 ,
1411 3177 1485 3214 per
1510 3165 1620 3201 varia
1647 3176 1792 3214 genera
1820 3164 1997 3224 lapidum,
2028 3164 2244 3210 herbarum,
2275 3164 2479 3213 lignorum,

1390 3215 1391 3260 ᾖ
1417 3217 1653 3263 animalium,
1683 3217 1908 3263 carminum,
1937 3217 2090 3254 rituum.

1469 3272 1529 3308 AD
1557 3282 1694 3308 ptumum
1723 3282 1824 3308 ERGO
1850 3282 2035 3307 memnon
2064 3268 2168 3317 quod
2206 3269 2236 3305 si
2265 3269 2481 3318 simpliciter

1390 3331 1391 3369 j
1417 3323 1669 3361 adhibeantur
1683 3335 1742 3360 res
1762 3324 1950 3360 naturales
1971 3322 2020 3359 ad
2039 3322 2187 3370 aliquos
2207 3321 2364 3358 effectus
2391 3335 2479 3370 pro-

1420 3447 1501 3472 aliter
1519 3446 1587 3476 DsC,
1601 3446 1674 3471 Dum
1692 3449 1782 3471 autem
1801 3446 1832 3475 H,
1847 3445 1918 3469 Dum
1937 3444 1993 3469 alia
2006 3444 2038 3474 G,
2052 3443 2084 3468 Si
2100 3447 2190 3468 autem
2209 3443 2227 3475 Ι,
2245 3443 2320 3469 Unde
2333 3444 2358 3469 si
2370 3447 2482 3469 natura-

1420 3482 1482 3507 liter
1499 3482 1528 3506 P.
1541 3495 1559 3502 —·
1578 3482 1628 3506 Pro
1647 3489 1698 3506 non
1719 3486 1778 3506 ante
1795 3480 1982 3508 adhibeantur,
2003 3486 2050 3504 nec
2066 3478 2119 3503 ΡΙ).

1475 3517 1497 3549 ε)
1518 3517 1676 3542 Illiciuntur.
1690 3530 1709 3535 -
1726 3516 1887 3541 Alliciuntur
1912 3514 2030 3547 PGILpC
2049 3519 2075 3539 et
2092 3521 2124 3544 a‚·
2148 3521 2195 3546 pro
2214 3514 2425 3544 delectabilibus„
2437 3514 2482 3539 de-

1421 3552 1606 3577 lectationibus
1625 3551 1697 3576 PGa.
