2860 4244
0 356 18 726 mrum->qnos
0 407 3 410 ·
2 379 4 382 ·
0 235 19 356 ,axem-21

58 897 68 906 ’
82 895 118 918 Cf.
133 901 171 922 qu.
190 900 268 920 uvn,

59 921 146 944 lntrod.

58 949 68 958 ·
86 947 134 975 Qu.
148 952 228 968 cxxui.

9 994 14 1001 ⁷
54 994 71 1007 ἱ
125 1010 131 1016 .
145 1000 222 1017 mrv.

25 1038 29 1044 .
55 1021 82 1036 *θ
120 1027 143 1043 ιι.
157 1026 226 1043 cxxv.

31 1055 33 1058 ·
155 1057 172 1072 α.

59 1085 70 1095 ⁸
83 1083 131 1111 Qu.
145 1088 220 1104 mvr-

3 2829 6 2834 '
62 2826 79 2849 Α·
88 2826 136 2856 Qu.
147 2833 202 2850 cxxv
222 2833 274 2855 sqq.

966 287 1232 334 QUAESTIO
1263 289 1422 335 LXXII,
1452 288 1748 326 ARTICULUS
1779 289 1791 324 I

2398 295 2466 331 127

642 504 1051 582 QUAESTIO
1102 504 2125 561 SEPTUAGESIMASECUNDA

1049 625 1146 664 DE
1194 624 1725 666 CONTUMELIA

1074 739 1109 763 IN
1139 739 1311 769 QUATUOR
1338 737 1540 764 ARTICULOS
1569 738 1685 763 DlVlSA

298 842 487 925 Damon
523 831 842 868 considerandum
880 838 935 868 est
965 831 1012 868 de
1041 831 1183 868 iniuriis
1214 831 1355 868 verbo·
1380 830 1382 891 Ι

380 896 465 922 rum
503 895 602 934 quae
637 884 848 921 inferuntur
882 891 985 921 extra
1019 883 1201 921 iudicium
1232 883 1263 920 *.
1301 884 1357 920 ·Et

293 936 434 988 primo,
451 937 497 974 de
522 936 774 984 contumelia;
800 936 982 984 secundo,
1003 938 1050 974 de
1071 936 1303 974 detractione
1317 934 1355 981 *;

294 990 416 1037 tertio,
438 990 486 1028 de
505 989 760 1027 susurratione
780 989 817 1035 *;
848 997 996 1038 quarto,
1017 990 1064 1027 de
1085 988 1275 1027 derisione
1293 987 1354 1034 *³⁸²3
1382 999 1383 1038 ᾗ

295 1043 429 1092 quinto
449 1048 478 1090 ⁰²,
509 1043 556 1080 de
585 1042 853 1080 maledictione
871 1042 903 1080 *.

295 1096 408 1133 Circa
435 1095 604 1145 primum
633 1103 867 1145 quaeruntur
893 1101 1068 1144 quatuor.

1382 1047 1385 1131 ῑ

1461 830 1613 867 Primo:
1644 831 1733 878 quid
1762 831 1808 867 sit
1837 831 2077 868 contumelia.

1464 883 1664 920 Secundo:
1694 890 1821 920 utrum
1850 884 1975 920 omnis
2005 884 2234 921 contumelia
2263 885 2308 921 sit
2334 895 2468 933 pecca-

1515 942 1596 972 tum
1625 936 1797 973 mortale.

1464 987 1616 1025 Tertio:
1652 995 1779 1025 utrum
1817 996 1990 1036 oporteat
2024 989 2321 1026 contumeliosos
2354 989 2468 1038 repri-

1518 1052 1636 1078 mere.

1465 1093 1632 1140 Quarto:
1663 1093 1710 1130 de
1739 1093 1881 1141 origine
1911 1094 2174 1130 contumeliae.

1100 1209 1421 1253 ARTICULUS
1453 1209 1658 1253 PRIMUS

895 1298 1051 1336 UTRUM
1076 1303 1365 1335 CONTUMELIA
1390 1303 1632 1335 CONSISTAT
1657 1304 1699 1334 1N
1724 1304 1872 1336 VERBis

408 1411 473 1446 zia<
484 1404 695 1440 mmmmm
722 1404 776 1431 stc
795 1403 1033 1430 mocemrua.
1066 1391 1227 1429 Videtur
1249 1392 1354 1439 quod

367 1454 383 1470 ⁷¹
401 1443 474 1485 *15³*
504 1445 737 1483 contumelia
750 1457 831 1482 non
846 1445 1026 1482 consistat
1039 1444 1078 1482 in
1091 1444 1232 1481 verbis.
1255 1445 1358 1482 Con—

304 1545 331 1578 25'
352 1546 447 1578 §em-³,
463 1544 494 1585 K
507 1559 682 1593 mentum
709 1551 886 1601 proximo
919 1551 1087 1588 illatum:
1128 1562 1216 1587 cum
1244 1549 1357 1599 perti-

1460 1374 1566 1438 *Quia
1594 1399 1725 1429 tamen
1754 1391 1867 1429 etiam
1891 1403 1959 1440 per
1978 1392 2074 1429 faeta
2093 1391 2219 1440 aliqua
2243 1391 2472 1439 significatur

1411 1444 1577 1492 aliquid,
1615 1456 1713 1494 quae
1742 1444 1780 1480 in
1807 1445 1883 1481 hoc
1915 1444 2020 1493 quod
2053 1444 2266 1492 significant
2290 1443 2306 1474 β
2332 1445 2473 1482 habent

294 1483 662 1543 ,v1;³2.'÷;sstumelia
683 1497 784 1535 enim
812 1498 992 1546 importat
1020 1498 1217 1547 quoddam
1239 1509 1357 1534 nocu—
1409 1496 1490 1534 vim
1509 1497 1719 1534 verborum
1740 1497 2048 1545 significantium
2075 1497 2162 1534 inde
2183 1505 2240 1534 est
2258 1498 2361 1546 quod
2383 1509 2471 1534 con—

1410 1548 1579 1596 tumelia,
1609 1557 1764 1586 extenso
1795 1550 1963 1596 nomine,
1994 1551 2107 1587 etiam
2135 1550 2173 1587 in
2200 1549 2306 1587 factis
2326 1550 2470 1588 dicitur.

296 1611 385 1650 neat
410 1597 709 1655 ad'ini‘ustitiam.
739 1603 818 1643 Sed
836 1602 956 1641 verba
974 1603 1120 1641 nullum
1147 1614 1357 1640 nocumen-
1383 1634 1384 1650 ἶ
1412 1601 1524 1646 Unde
1559 1603 1672 1640 Rom.
1699 1614 1712 1638 1
1737 1601 1774 1648 ²⁸,
1805 1614 1919 1651 super
1945 1603 2048 1650 illud,
2077 1603 2376 1649 contumeliosos,
2410 1615 2470 1640 su-

293 1665 379 1706 mm
403 1656 586 1698 addentur
611 1656 748 1696 inferre
775 1656 965 1705 proximo,
994 1667 1067 1693 nec
1093 1655 1132 1693 in
1152 1656 1266 1693 rebus
1286 1668 1358 1693 nec
1383 1655 1385 1694 ἓ
1407 1656 1557 1704 perbos,
1579 1654 1666 1692 dicit
1691 1655 1828 1692 Glossa
1845 1655 1864 1676 *
1882 1655 1988 1704 quod
2014 1655 2278 1693 contumeliosi
2298 1663 2384 1693 sunt
2409 1657 2474 1704 qui

294 1709 554 1758 inversum..
587 1710 698 1758 ‘Ergo
737 1708 968 1754 contumelia
1005 1721 1083 1746 non
1119 1708 1288 1746 consistit
1319 1708 1357 1745 in
1383 1711 1385 1755 Ξ
1411 1708 1517 1745 dictis
1552 1707 1612 1744 vel
1631 1708 1752 1756 factis
1787 1708 2032 1744 contumelias·
2067 1714 2102 1744 et
2133 1709 2258 1757 turpia
2294 1709 2470 1757 inserunt.

347 1809 350 1811 Β
1384 1770 1385 1807 j
1438 1771 1441 1778 “
1461 1762 1523 1805 AD
1540 1757 1677 1798 ramum
1691 1771 1789 1797 ERGO
1805 1771 1989 1798 memnon
2005 1761 2109 1810 quod
2123 1762 2242 1798 verba
2258 1762 2470 1798 secundum

293 1808 640 1868 ⁹'2PRAETEn-Ea,
666 1814 897 1852 contumelia
914 1813 1067 1852 videtur
1086 1814 1135 1851 ad
1163 1812 1357 1863 quandam
1384 1823 1385 1853 ς
1413 1825 1522 1850 suam
1542 1818 1557 1840 Υ
1587 1813 1801 1860 essentiam,
1831 1812 1928 1851 idest
1954 1813 2180 1862 inquantum
2209 1822 2297 1851 sunt
2317 1814 2471 1862 quidam

293 1855 646 1908 “dehonorationem
657 1867 859 1918 pertinere.
890 1866 968 1905 Sed
987 1867 1106 1916 magis
1125 1866 1257 1916 aliquis
1276 1874 1359 1916 pot·
1384 1868 1385 1918 i
1413 1866 1497 1904 soni
1511 1866 1709 1914 audibiles,
1719 1867 1866 1905 nullum
1880 1874 2155 1904 nocumentum
2172 1867 2276 1905 alteri
2290 1867 2470 1905 inferunt:

1384 1964 1386 1967 v
1412 1918 1483 1956 nisi
1507 1919 1603 1956 forte
1622 1919 1818 1967 gravando
1839 1919 2029 1966 auditum,
2043 1927 2136 1969 puta
2155 1932 2242 1957 cum
2266 1920 2399 1969 aliquis
2418 1920 2471 1957 ni·

1384 1972 1386 2017 ξ
1413 1973 1487 2009 mis
1506 1973 1578 2008 alte
1606 1972 1781 2021 loquitur.
1811 1974 2039 2021 Inquantum
2055 1985 2150 2010 vero
2179 1981 2266 2010 sunt
2291 1973 2397 2021 signa
2416 1985 2472 2010 re-

1384 2020 1386 2075 ᾗ
1413 2025 1691 2074 praesentantia
1728 2025 1869 2074 aliquid
1900 2025 1939 2062 in
1967 2025 2137 2063 notitiam
2166 2023 2180 2047 δ
2208 2026 2390 2074 aliorum,
2421 2026 2472 2063 sic

293 1759 436 1804 fflbis.
456 1801 459 1803 ,
1077 1777 1080 1780 ⁴

294 1929 356 1962 nst
371 1921 600 1962 ‚inhonorari
628 1932 696 1958 seu
715 1921 921 1970 vituperari
949 1920 1055 1957 factis
1074 1932 1191 1969 quam
1215 1920 1357 1957 verbis.

295 1974 401 2022 Ergo
417 1973 713 2022 :videturjquod
751 1973 981 2010 contumelia
1016 1985 1096 2010 non
1125 1972 1294 2023 consistit
1321 1973 1358 2009 in

294 2023 438 2074 zerbis,
468 2027 536 2064 sed
563 2026 684 2074 magis
712 2026 751 2063 in
779 2026 896 2069 factis.

298 2076 657 2128 ss‘''3‘.³„P*RA1'5·rEREA‚
688 2078 939 2123 dehonoratio
969 2091 1067 2128 quae
1095 2078 1138 2115 fit
1165 2078 1204 2115 in
1230 2077 1358 2115 verbis

298 2120 434 2182 fficitiir
453 2130 679 2181 *convicium
706 2133 769 2170 vel
796 2131 1085 2182 improperium.
1123 2131 1200 2168 Sed
1229 2139 1359 2168 contu-

296 2185 412 2225 melia
436 2185 589 2224 videtur
613 2185 764 2223 differre
792 2198 815 2223 a
844 2185 1018 2223 convicio
1048 2193 1084 2221 et
1111 2183 1357 2233 improperio.

298 2238 403 2287 Ergo
431 2239 662 2276 contumelia
689 2250 769 2276 non
797 2238 966 2276 consistit
993 2237 1032 2275 in
1058 2237 1199 2274 verbis.

353 2292 428 2328 sm>
444 2297 602 2338 coum,
618 2290 709 2328 nihil
724 2291 855 2328 auditu
872 2290 1078 2341 percipitur
1091 2290 1160 2327 nisi
1180 2290 1357 2327 verbum.

300 2343 378 2387 Sed
397 2344 628 2382 contumelia
647 2343 778 2381 auditu
795 2343 1017 2394 percipitur:
1039 2343 1251 2381 secundum
1271 2342 1359 2380 illud

300 2449 532 2490 conmmelia
560 2457 627 2497 est
644 2449 849 2489 in-verbis.

300 2554 642 2603 dehonorationem
662 2556 831 2592 alicuius.
862 2555 978 2603 Quod
999 2555 1155 2604 quidem
1181 2554 1361 2602 contingit

301 2606 508 2658 dupliciter.
531 2609 631 2657 Cum
653 2609 754 2646 enim
774 2608 900 2654 honor
915 2607 1082 2658 aliquam
1102 2606 1360 2644 excellentiam

301 2669 567 2712 consequatur,
596 2674 673 2699 uno
702 2661 822 2701 modo
849 2661 982 2711 aliquis
1011 2661 1127 2699 alium
1148 2661 1361 2698 dehonorat

300 2726 390 2756 mm
404 2715 529 2764 privat
550 2727 639 2752 eum
655 2714 872 2752 excellentia
891 2722 1048 2764 propter
1062 2726 1179 2763 quam
1194 2714 1360 2751 habebat
1386 2706 1387 2745 ἶ

300 2767 503 2804 honorem„
533 2768 651 2814 Quod
668 2767 827 2816 quidem
845 2768 890 2804 fit
906 2780 976 2816 per
989 2774 1145 2817 peccata
1159 2767 1358 2814 factorum,
1386 2790 1387 2815 ᾗ

302 2819 350 2856 de
369 2820 506 2869 quibus
526 2830 640 2869 supra
660 2821 679 2842 '⁸
709 2819 850 2871 dictum
871 2827 936 2857 est.
957 2841 981 2848 -
1010 2820 1096 2857 Alio
1117 2819 1248 2867 modo,
1271 2831 1359 2856 cum

301 2871 437 2921 aliquis
465 2871 502 2910 id
531 2873 636 2921 quod
666 2878 722 2910 est
745 2880 875 2910 contra
902 2873 1092 2910 honorem
1121 2871 1276 2909 alicuius
1297 2872 1361 2909 de-

300 2978 464 3027 pertinet
491 2979 538 3015 ad
568 2977 853 3015 contumeliam.
889 2978 1007 3024 Quod
1034 2977 1191 3026 quidem
1223 2977 1267 3014 fit
1293 2989 1362 3025 per

302 3031 430 3079 aliqua
465 3030 582 3079 signa.
621 3031 699 3067 Sed
734 3031 828 3067 sicut
864 3029 1095 3078 Augustinus
1125 3030 1231 3076 dicit,
1260 3030 1299 3066 in
1327 3031 1359 3066 II

301 3084 348 3120 de
374 3086 482 3121 Doct.
522 3083 654 3121 Christ.
675 3083 715 3131 ¹⁸²,
745 3083 872 3120 omnia
900 3083 1032 3134 signa,
1062 3083 1185 3120 verbis
1212 3093 1360 3131 compa·
1386 3092 1388 3099 ·

302 3142 399 3184 rata,
413 3137 644 3186 paucissima
670 3142 778 3174 sunt:
805 3137 922 3174 verba
950 3136 1048 3172 enim
1078 3136 1174 3173 inter
1194 3135 1361 3173 homines
1387 3135 1388 3150 ¹

302 3190 541 3227 obtinuerunt
561 3189 815 3238 principatum
843 3189 1086 3239 significandi
1106 3200 1362 3238 quaecumque

301 3243 430 3280 animo
455 3243 725 3291 concipiuntur.
755 3243 804 3279 Et
831 3242 919 3280 ideo
945 3243 1183 3288 contumelia,
1209 3243 1362 3291 proprie
1388 3257 1389 3296 }

301 3295 509 3345 loquendo,
530 3295 568 3332 in
586 3295 713 3332 verbis
733 3295 910 3332 consistit.
940 3295 1052 3332 Unde
1077 3294 1241 3332 Isidorus
1261 3293 1361 3341 dicit,
1388 3297 1389 3302 ’

235 3373 242 3380 -
268 3373 274 3380 -
301 3348 338 3385 in
376 3350 472 3386 libro
500 3349 666 3396 Erymol.
693 3348 730 3394 ³⁸,
759 3347 863 3396 quod
897 3348 1192 3385 contumeliosus
1229 3347 1364 3385 dicitur

303 3402 437 3450 aliquis
475 3402 563 3450 quia
600 3401 711 3437 velox
738 3406 791 3437 est
823 3407 860 3437 et
889 3406 1005 3438 tumet
1038 3401 1161 3437 verbis
1189 3401 1360 3437 iniuriae.

355 3515 382 3547 α)
403 3515 434 3539 de
453 3514 584 3539 derisione
591 3521 598 3543 ;
617 3513 718 3545 quinto.
733 3526 751 3531 -
770 3512 832 3537 Om.
850 3512 1109 3546 ABDFGHILpCEK
1128 3518 1153 3538 et
1172 3514 1219 3539 Pa.

355 3549 382 3618 εξ
401 3548 799 3610 ζὶἱνῖιζξῗυέῒὶ-Ρὶίξςηῌίεαηΐκν
817 3547 978 3579 ABEFHpe,
997 3549 1166 3581 significatur
1185 3549 1238 3574 KL.

1414 2085 1574 2126 possunt
1601 2077 1721 2115 multa
1750 2078 1890 2116 damna
1917 2078 2066 2116 inferre.
2098 2079 2196 2116 Inter
2224 2091 2324 2128 quae
2352 2091 2471 2116 unum

1414 2139 1470 2168 est
1497 2131 1603 2180 quod
1629 2132 1750 2169 homo
1780 2130 2044 2170 damnificatur
2071 2139 2256 2180 quantum
2285 2131 2334 2171 ad
2363 2131 2470 2169 detri-

1414 2192 1587 2221 mentum
1615 2184 1774 2222 honoris
1797 2184 1855 2222 sui
1882 2185 1944 2221 vel
1969 2183 2201 2223 reverentiae
2229 2184 2300 2222 sibi
2324 2185 2372 2221 ab
2392 2185 2472 2222 aliis

1385 2246 1386 2249 ’
1415 2237 1663 2274 exhibendae.
1694 2237 1744 2274 Et
1770 2237 1856 2274 ideo
1877 2237 1999 2274 maior
2019 2245 2074 2274 est
2101 2237 2331 2280 contumelia
2360 2237 2390 2274 si
2410 2237 2473 2274 ali-

1415 2290 1497 2338 quis
1526 2289 1636 2327 alicui
1666 2290 1856 2327 defectum
1894 2299 2007 2327 suum
2036 2289 2135 2327 dicat
2168 2298 2299 2327 coram
2332 2290 2470 2328 multis.

466 2391 468 2396 ,
1386 2343 1387 2362 ³
1413 2343 1463 2380 Et
1481 2349 1610 2399 tamen
1629 2342 1659 2379 si
1679 2341 1750 2380 sibi
1769 2342 1838 2380 soli
1855 2343 1964 2390 dicat,
1980 2350 2105 2392 potest
2125 2355 2207 2380 esse
2229 2343 2472 2391 contumelia,

299 2397 441 2440 larem..
454 2399 503 2435 xx
517 2396 557 2446 *rs
571 2397 717 2446 Audivi
732 2397 978 2435 contumelias
999 2397 1036 2434 in
1057 2396 1226 2435 circuitu.
1256 2396 1358 2444 Ergo
1385 2402 1387 2426 i

1414 2395 1639 2445 inquantum
1677 2396 1756 2444 ipse
1793 2396 1856 2445 qui
1893 2396 2060 2445 loquitur
2089 2395 2218 2435 contra
2245 2401 2257 2417 ε
2290 2396 2474 2435 audientis

1385 2467 1387 2489 2
1414 2448 1666 2487 reverentiam
1695 2448 1780 2496 agit.

298 2529 300 2533 -
351 2503 578 2540 Responnno
598 2514 784 2540 memnon
802 2503 907 2551 quod
929 2501 1160 2540 contumelia
1181 2501 1360 2549 importat
1386 2495 1387 2517 ³

1466 2503 1525 2538 An
1554 2513 1744 2539 SECUNDUM
1780 2513 1964 2539 mcENDuM
1993 2501 2097 2550 quod
2125 2501 2311 2539 intantum
2340 2502 2473 2550 aliquis

1415 2554 1579 2603 aliquem
1599 2553 1705 2591 factis
1725 2554 1937 2592 dehonorat
1961 2554 2187 2602 inquantum
2217 2554 2277 2591 illa
2297 2555 2393 2592 facta
2411 2556 2472 2591 vel

1413 2606 1556 2644 faciunt
1582 2607 1641 2644 vel
1671 2606 1883 2656 significant
1909 2606 2002 2644 illud
2031 2607 2134 2657 quod
2164 2615 2219 2644 est
2248 2615 2378 2644 contra
2406 2608 2474 2644 ho-

1414 2672 1548 2698 norem
1585 2658 1753 2698 alicuius.
1798 2661 1976 2707 Quorum
2003 2660 2171 2709 primum
2209 2672 2287 2697 non
2314 2660 2474 2709 pertinet

1414 2713 1463 2750 ad
1493 2713 1776 2760 contumeliam,
1797 2714 1866 2750 sed
1893 2715 1942 2751 ad
1969 2713 2060 2751 alias
2087 2713 2286 2751 iniustitiae
2315 2714 2471 2762 species,

1415 2766 1462 2803 de
1491 2766 1630 2815 quibus
1658 2778 1773 2815 supra
1807 2766 1949 2803 dictum
1979 2773 2035 2802 est
2052 2766 2082 2802 ²⁸.
2127 2766 2348 2803 Secundum
2378 2779 2471 2803 vero
2500 2802 2513 2817 a

1386 2818 1387 2865 3
1413 2819 1574 2867 pertinet
1592 2819 1641 2856 ad
1661 2819 1930 2856 contumeliam
1957 2818 2182 2866 inquantum
2208 2819 2304 2856 facta
2332 2820 2473 2856 habent

1386 2890 1387 2912 ÷
1413 2871 1494 2908 vim
1521 2872 1729 2909 verborum
1759 2871 1798 2908 in
1827 2871 2086 2919 significando.

302 2925 406 2963 ducit
432 2925 471 2963 in
491 2925 661 2963 notitiam
690 2924 770 2962 eius
791 2933 827 2962 et
845 2924 1018 2963 aliorum.
1047 2922 1101 2962 Et
1114 2925 1190 2962 hoc
1208 2924 1359 2974 proprie
1386 2916 1387 2959 Ῐ

1466 2926 1525 2961 AD
1551 2936 1711 2961 TER-rium
1740 2936 1923 2961 mcENDuM
1957 2924 2061 2972 quod
2095 2923 2310 2961 convicium
2340 2932 2375 2960 et
2402 2925 2471 2961 im-

1386 2985 1388 3021 }
1414 2977 1635 3025 properium
1674 2977 1883 3014 consistunt
1909 2977 1948 3013 in
1976 2976 2119 3024 verbis,
2154 2976 2249 3014 sicut
2277 2984 2314 3013 et
2341 2985 2471 3014 contu-

1415 3029 1545 3066 melia:
1566 3029 1655 3077 quia
1674 3041 1743 3078 per
1761 3029 1891 3066 omnia
1910 3030 2005 3066 haec
2024 3037 2326 3079 repraesentatur
2340 3029 2472 3079 aliquis

1415 3080 1582 3120 defectus
1611 3082 1766 3119 alicuius
1794 3082 1831 3119 in
1862 3082 2129 3119 detrimentum
2158 3083 2315 3119 honoris
2343 3083 2470 3131 ipsius.

1416 3134 1645 3173 Huiusmodi
1685 3142 1813 3172 autem
1849 3135 2015 3172 defectus
2055 3143 2110 3172 est
2135 3134 2277 3184 triplex.
2326 3136 2473 3172 Scilicet

1387 3220 1389 3228 ,
1416 3188 1583 3225 defectus
1622 3188 1776 3237 culpae,
1812 3188 1877 3238 qui
1915 3195 2216 3238 repraesentatur
2252 3201 2320 3238 per
2353 3189 2472 3226 verba

1387 3397 1390 3416 l

1417 3241 1703 3279 contumeliosa.
1747 3242 1796 3278 Et
1825 3241 1992 3278 defectus
2028 3241 2248 3289 generaliter
2276 3242 2409 3290 culpae
2438 3249 2473 3278 et

1416 3306 1578 3343 poenae,
1607 3294 1673 3342 qui
1701 3302 2005 3343 repraesentatur
2031 3307 2101 3343 per
2127 3294 2351 3331 convitium.-
2384 3294 2473 3343 quia

1416 3347 1547 3384 vitium
1585 3346 1784 3384 consuevit
1820 3347 1892 3384 dici
1930 3359 2009 3384 non
2045 3348 2169 3383 solum
2205 3347 2374 3393 animae,
2405 3346 2472 3384 sed

1418 3399 1531 3437 etiam
1551 3399 1731 3448 corporis.
1761 3399 1873 3437 Unde
1893 3400 1922 3436 si
1943 3399 2026 3449 quis
2045 3399 2153 3437 alicui
2178 3399 2355 3436 iniuriose
2375 3399 2473 3436 dicat

1467 3513 1492 3545 δ)
1513 3514 1646 3538 notitiam.
1659 3527 1678 3532 -
1696 3514 1791 3538 notitia
1811 3513 1840 3536 P.

1468 3549 1490 3580 ε)
1510 3552 1613 3574 contra.
1625 3562 1643 3567 -
1662 3549 1758 3573 iniuste
1775 3550 1869 3572 contra
1889 3547 1933 3572 Pa.

2599 1450 2612 1482 β

2499 1613 2508 1622 ·
2523 1611 2590 1633 Vei-s.
2606 1618 2642 1640 30.

2500 1660 2509 1670 ⁸
2523 1660 2606 1681 Lomb.
2628 1664 2649 1681 et
2671 1661 2710 1681 In-

2499 1686 2574 1708 terlin.

2501 2768 2640 2790 ‘Loc.cit.in
2646 2774 2711 2796 corp.
