2860 4244
1001 224 1267 271 QUAESTIO
1297 225 1433 271 cvm,
1462 225 1756 263 ARTICULUS
1786 225 1836 261 lv
2424 225 2499 270 415

390 303 450 338 An
479 313 640 344 QmNTUM
660 314 844 339 DlCENDuM
864 302 967 350 quod
987 302 1062 338 hoc
1080 301 1198 338 modo
1219 314 1287 350 pro
1308 314 1394 350 pec—
1423 335 1424 356 χ
1450 311 1606 351 peccato
1642 303 1754 340 unius
1790 303 1943 352 punitur
1979 302 2201 350 multitudo,
2237 303 2284 339 ad
2323 302 2501 338 unitatem

339 362 422 391 cato
453 355 568 391 Iudae
598 355 710 392 ceteri
733 355 906 404 Apostoli
934 355 1191 401 turbabantur,
1214 355 1307 391 sicut
1325 367 1395 403 pro
1423 367 1425 404 ᾗ
1452 356 1812 403 commendandam,
1841 363 1882 392 ut
1911 355 2052 392 dictum
2082 363 2137 392 est
2154 355 2185 392 ²¹⁸.
2530 346 2696 373 ’⁸⁸⁸⁹'⁸‘¹¹'

1011 449 1342 483 Commenta-ria
1363 451 1613 484 Cardinalis
1633 451 1833 484 Caietani

369 542 389 562 n
413 531 619 572 responsione
642 531 681 562 ad
706 530 846 571 primum
866 529 967 570 quarti
992 529 1113 560 articuli
1137 529 1279 560 eiusdem
1298 540 1394 570 quae·
1421 529 1424 567 Ι
1449 530 1542 560 etiam
1566 530 1633 570 ipse
1657 538 1824 571 peccasset.
1850 531 1884 560 In
1909 530 2047 561 secundo
2071 537 2187 566 autern,
2211 531 2299 571 quod
2323 530 2397 570 quia
2420 529 2503 569 prin·

341 543 489 611 Istionis,
514 575 638 606 adverte
667 575 756 615 quod
780 584 854 605 cum
877 573 990 604 dicitur
1007 579 1173 614 peccatum
1192 575 1287 605 unius
1309 574 1394 604 deri-
1449 583 1522 614 ceps
1538 582 1748 613 repraesentat
1770 575 1938 614 populum,
1963 581 1993 604 et
2016 574 2103 614 quod
2127 574 2271 614 princeps
2287 573 2360 604 facit
2382 573 2505 604 videtur

338 621 410 651 vari
425 620 457 649 in
481 619 618 649 alterum
632 628 696 659 per
711 617 836 648 modum
861 618 983 654 meriti,
1008 624 1038 648 et
1061 618 1175 648 dantur
1198 618 1340 657 exempla
1355 618 1394 648 de
1420 635 1422 656 ;
1448 627 1582 657 regnum
1598 618 1708 654 facere,
1732 619 1804 648 ideo
1827 625 1991 658 peccatum
2013 617 2092 658 regis
2107 618 2208 648 David
2231 618 2321 658 quasi
2340 624 2504 658 peccatum

337 673 408 703 rege
423 662 587 704 hypocrita
601 669 730 702 propter
745 668 871 701 peccata
893 661 1016 701 populi,
1040 669 1070 692 et
1093 669 1179 701 peste
1194 662 1306 701 populi
1322 671 1394 701 pro·
1420 668 1422 676 ’
1448 671 1503 692 seu
1528 661 1715 692 demeritum
1739 662 1852 702 populi
1874 661 2024 702 punitum
2038 661 2108 692 fuit.

337 714 406 747 pter
419 706 536 737 David:
553 723 574 729 —
589 705 727 746 intellige
742 705 775 735 in
791 705 894 745 primo
911 706 1057 746 exemplo
1069 706 1157 746 quod
1174 712 1300 745 peccata
1315 705 1395 735 mul·
1504 705 1544 735 Et
1567 705 1642 735 haec
1666 706 1704 736 de
1727 713 1793 736 tota
1816 705 1999 745 quaestione
2029 705 2308 736 centesimaoctava
2336 705 2417 735 dicta
2440 704 2504 735 suf-

337 758 445 782 torum
474 749 711 791 particularium
739 749 917 780 redundant
943 749 975 780 in
999 749 1133 780 alterum
1155 749 1393 789 particularem,
1447 747 1562 779 ficiunt.

337 795 392 836 qui
409 804 474 825 non
491 794 640 835 peccavit,
658 800 688 824 et
711 800 817 824 tamen
833 793 950 833 patitur
965 803 1072 834 regem
1094 792 1302 834 hypocritam,
1318 802 1353 822 ac
1370 793 1395 822 si
1420 823 1422 826 ,
