2860 4244
146 678 154 687 ‘
170 676 205 699 cf.
221 682 283 698 num.
306 681 354 696 vm.

150 1824 159 1833 ⁸
183 1822 307 1844 Lombard.
332 1828 360 1843 ex

150 1851 210 1876 Aug.

151 1878 170 1887 ⁸·
177 1877 212 1897 Ps.
223 1882 290 1901 uxv,
302 1881 361 1896 vers.

152 1910 181 1925 12.

152 1978 160 1986 “
175 1975 242 1996 Vers.
258 1981 288 1996 21.

151 2192 159 2200 ⁸
175 2190 242 2211 Vers.
257 2195 290 2217 32.

152 2244 160 2253 ⁸
176 2242 241 2264 Vers.
256 2248 292 2270 39.

248 2834 265 2850 α

152 2931 160 2940 ’
176 2930 241 2951 Vers.
257 2936 288 2951 22.

152 3038 161 3047 ·
177 3038 225 3058 Art.
238 3037 340 3064 praeced.

382 245 456 282 238

381 325 531 356 ctandum
555 330 610 353 est.
635 323 782 357 Possunt,
806 321 831 350 si
855 319 978 354 volunt,
1002 318 1052 348 isti
1075 316 1210 347 ministri
1234 316 1323 346 facile
1337 316 1444 346 videre

380 378 518 399 errorem
542 376 637 397 suum
661 366 700 396 ad
723 365 836 395 similia
860 362 1067 402 respiciendo.
1092 361 1124 391 Si
1140 361 1226 391 enim
1250 360 1289 390 de
1313 359 1443 400 proprio

381 412 488 443 animo
518 410 673 441 contrario
698 407 832 449 publicis
855 406 942 437 factis
966 416 1002 436 ac
1025 405 1114 435 dictis
1137 415 1155 434 a
1178 414 1211 434 se
1240 403 1318 434 fides
1342 403 1446 434 danda

381 463 427 487 est
452 455 581 490 iuranti,
610 453 753 494 quotidie
782 450 984 481 matrimonia
1015 449 1244 484 dissolventur,
1269 448 1445 478 sacerdotes

380 500 456 530 fient
478 499 557 534 laici,
582 503 760 528 contractus
783 504 893 525 omnes
917 493 1050 524 rescindi
1073 499 1213 533 possent,
1238 499 1278 528 et,
1302 491 1445 527 breviter,

381 544 526 574 universa
549 552 614 571 non
638 540 744 571 solum
768 538 982 574 ecclesiastica,
1007 538 1062 568 sed
1084 538 1226 567 humana
1249 536 1446 567 conversatio

381 589 600 617 destrueretur.
623 602 644 607 -
668 585 709 614 Et
732 593 787 623 per
810 583 885 612 haec
909 582 1004 612 etiarn
1029 588 1115 621 patet
1137 587 1295 622 quantum
1318 581 1447 611 scanda-

381 632 450 661 lum
474 631 599 660 daretur
621 638 688 658 non
712 627 865 657 servando
885 625 1072 657 huiusmodi
1095 633 1179 656 vota.

437 675 490 704 XI.
515 674 562 703 Ex
585 673 632 702 his
655 679 763 702 autem
786 671 892 701 haberi
921 676 1027 710 potest
1054 669 1172 700 solutio
1203 668 1398 710 q‘uaestionis
1415 668 1446 698 *:

382 719 470 759 quod
480 717 596 747 scilicet
606 723 720 746 votum
734 725 800 745 non
815 721 1059 745 monstruosum
1070 714 1199 754 requirit
1214 714 1282 744 illas
1298 720 1360 744 tres
1377 723 1448 743 con-

382 762 516 792 ditiones
532 761 575 791 sic
591 760 679 800 quod
695 759 740 789 illi
755 766 816 790 tres
832 766 929 795 actus,
943 758 1060 789 scilicet
1076 758 1256 794 deliberare,
1270 767 1448 798 proponere

381 813 412 836 et
435 805 628 845 promittere,
652 804 765 834 cadant
784 813 879 844 super
894 803 1059 833 materiam
1075 802 1151 833 voti.
1175 803 1268 833 Unde
1291 802 1324 832 in
1346 801 1449 832 littera

383 850 495 880 dicitur
513 849 602 890 quod
621 847 792 888 promissio
809 848 910 878 oritur
925 857 962 878 ex
978 846 1146 887 proposito
1155 846 1315 887 faciendi,
1333 852 1363 876 et
1382 855 1448 876 non

383 894 495 924 dicitur
518 904 555 924 ex
578 892 745 933 proposito
769 891 985 932 promittendi.
1009 891 1151 922 Naturali
1175 900 1313 931 namque
1337 890 1448 920 ordine

382 947 560 978 proponere
575 937 696 978 aliquid
718 936 819 967 facere
835 944 891 967 aut
905 936 1051 966 omittere
1073 935 1235 966 deliberati
1252 934 1350 965 animi
1369 934 1446 965 circa

382 983 460 1012 illud
483 988 571 1012 actus
595 988 659 1012 est:
690 988 720 1011 et
742 980 886 1011 similiter
915 980 1100 1020 promittere
1123 979 1243 1020 aliquid
1272 989 1308 1009 ex
1331 989 1448 1020 propo-

1005 238 1272 284 QUAESTIO
1303 237 1551 284 LXXXVIII,
1580 238 1878 275 ARTICULUS
1909 239 1940 274 II

1498 315 1558 346 sito
1581 315 1662 346 illud
1683 316 1769 346 idem
1793 316 1927 347 faciendi
1951 315 2115 356 provenit,
2139 316 2194 347 ubi
2218 316 2286 346 sine
2308 315 2431 348 fallacia
2453 318 2566 358 agitur.

1497 359 1707 399 Assignantur
1730 368 1837 392 autem
1860 359 2046 391 huiusmodi
2069 366 2131 390 tres
2155 360 2354 391 conditiones
2374 362 2567 392 necessariae

1499 403 1539 433 ad
1554 410 1668 434 votum
1690 404 1876 444 perfectum,
1894 414 1961 435 non
1984 404 2024 434 ad
2047 411 2160 435 votum
2184 403 2390 436 diminutum.
2418 405 2516 442 Sicut,
2541 406 2567 436 si

1499 447 1653 478 diceretur
1682 449 1771 489 quod
1794 455 1897 489 partes
1921 447 2111 479 necessariae
2134 448 2174 478 ad
2198 458 2368 488 personam
2391 448 2567 480 humanam

1499 498 1573 522 sunt
1596 501 1720 528 manus,
1743 493 1850 532 pede‘s,
1875 502 1939 528 cor,
1955 500 2032 529 etc.,
2055 502 2168 523 verum
2191 492 2346 523 diceretur
2368 493 2407 523 de
2430 503 2568 534 persona

1499 535 1640 566 humana
1662 536 1799 576 perfecta
1822 536 2044 577 intelligendo:
2076 546 2151 567 cum
2174 546 2241 577 quo
2265 543 2372 567 tamen
2396 543 2456 568 stat
2478 538 2568 578 quod

1499 579 1640 610 humana
1662 590 1798 620 persona
1821 587 1929 621 posset
1950 581 2083 611 inveniri
2105 581 2173 611 sine
2197 581 2344 611 manibus
2368 587 2399 612 et
2421 581 2566 621 pedibus.

1500 624 1541 654 Et
1563 623 1626 654 hoc
1648 625 1748 655 modo
1774 632 1885 655 votum
1907 625 2066 656 invenitur
2092 635 2166 656 cum
2190 625 2259 656 sola
2282 625 2495 665 promissione
2518 635 2568 656 ca-

1500 668 1593 698 dente
1616 678 1713 708 super
1736 669 1900 699 materiam
1922 669 2008 706 voti,
2034 670 2153 711 absque
2176 669 2304 710 reliquis
2329 669 2568 700 conditionibus

1501 722 1557 742 seu
1582 712 1702 743 actibus
1719 713 1903 745 cadentibus
1927 723 2022 753 super
2038 715 2181 744 eandem.
2206 713 2375 744 Distinctio
2390 714 2486 753 igitur
2501 713 2568 744 voti

1501 756 1533 786 in
1554 763 1668 787 votum
1691 756 1867 796 perfectum
1891 763 1922 788 et
1949 765 2192 789 monstruosum
2219 758 2441 798 quaestionem
2464 757 2567 789 solvit.

1556 801 1624 831 XII.
1650 801 1684 831 In
1713 801 1920 841 responsione
1942 802 1982 831 ad
2010 802 2188 833 secundum
2209 802 2352 832 eiusdem
2375 802 2470 842 primi
2497 802 2569 832 arti-

1502 845 1575 881 culi,
1592 852 1668 876 nota
1686 845 1771 875 unde
1785 845 1872 875 venit
1894 855 2013 876 nomen
2030 847 2104 884 voti,
2122 853 2152 877 et
2166 846 2378 886 transumptio
2398 847 2438 877 ad
2452 845 2568 886 signifi-

1502 890 1640 920 candum
1663 889 1864 920 desiderium.
1889 889 2012 920 Dicitur
2036 890 2121 920 enim
2144 890 2216 931 quis
2239 891 2303 921 voti
2325 900 2469 931 compos,
2495 900 2569 921 cum

1502 933 1695 964 desiderium
1718 944 1814 964 suum
1837 933 1990 974 implevit.

1160 1114 1477 1157 ARTICULUS
1507 1113 1808 1156 SECUNDUS

827 1217 981 1248 UTRUM
1006 1216 1164 1247 VOTUM
1189 1215 1356 1246 SEMPER
1380 1214 1554 1245 DEBEAT
1578 1214 1689 1244 FIERI
1714 1214 1771 1245 DE
1797 1214 1978 1245 MELIORI
2003 1214 2122 1246 BONO

1144 1294 1178 1318 IV
1198 1293 1280 1322 Sent„
1296 1293 1359 1329 udIst.
1378 1299 1479 1320 xxxvm,
1500 1299 1545 1324 qu.
1564 1299 1582 1323 1,
1602 1296 1648 1316 art.
1672 1299 1693 1322 1,
1712 1291 1762 1324 qu*
1783 1299 1806 1317 2.

597 1397 619 1422 D
635 1396 823 1421 SECUNDUM
839 1395 892 1420 sm
907 1394 1148 1420 raom-:mrum
1169 1382 1328 1420 Videtur
1343 1381 1447 1430 quod

596 1445 731 1474 votum
752 1449 830 1474 non
860 1448 1012 1485 semper
1031 1436 1168 1473 debeat
1191 1436 1273 1472 fieri
1302 1435 1349 1472 de
1369 1447 1449 1471 me-

415 1403 480 1444 >5235
497 1405 554 1437 m<

400 1492 514 1552 ‘fffiaef
536 1496 564 1535 Υ,
597 1491 678 1528 liori
697 1491 813 1527 bono.
843 1489 988 1527 Dicitur
1017 1502 1119 1527 emm
1139 1489 1274 1526 melius
1303 1489 1449 1526 bonum

440 1521 537 1579 ἐῷ)
552 1536 586 1579 K
598 1544 703 1593 quod
718 1544 766 1581 ad
786 1543 1163 1592 supererogationem
1178 1542 1350 1591 pertinet.
1373 1541 1450 1578 Sed

385 1605 521 1635 votum
541 1609 620 1634 non
647 1598 772 1634 solum
800 1597 843 1633 fit
863 1596 910 1633 de
938 1596 995 1633 his
1014 1608 1113 1644 quae
1142 1603 1228 1632 sunt
1253 1607 1451 1644 superero·
1476 1600 1478 1609 ¹

387 1650 558 1700 gationis,
580 1651 647 1687 sed
676 1651 788 1687 etiam
817 1650 865 1687 de
893 1649 950 1686 his
980 1661 1077 1698 quae
1101 1648 1290 1698 pertinent
1317 1648 1366 1685 ad
1394 1660 1451 1684 sa—

387 1706 516 1741 lutem.
547 1704 651 1740 Nam
681 1712 717 1740 et
745 1704 781 1740 in
810 1703 992 1751 baptismo
1030 1708 1166 1739 vovent
1190 1702 1359 1739 homines
1387 1702 1451 1738 ab·

388 1757 604 1794 renuntiare
631 1757 779 1794 diabolo
817 1762 851 1792 et
872 1756 1023 1804 pompis
1050 1756 1148 1801 eius,
1175 1761 1211 1791 et
1225 1755 1346 1803 fidem
1375 1766 1451 1791 ser-

388 1823 500 1848 vare:
529 1819 570 1847 ut
590 1810 678 1847 dicit
698 1811 836 1847 Glossa
850 1809 881 1856 ²⁸,
902 1821 1016 1857 super
1035 1808 1126 1845 illud
1145 1808 1284 1844 Psalm.
1304 1807 1356 1855 *ἦ
1383 1807 1453 1844 Vo-
1478 1814 1480 1838 l

388 1870 468 1902 vete
495 1869 530 1900 et
557 1864 697 1900 reddite
724 1863 889 1900 Domino
918 1863 1000 1898 Deo
1028 1867 1161 1898 vestro.
1193 1861 1307 1897 Iacob
1337 1860 1450 1896 etiam

388 1917 496 1954 vovit
515 1918 617 1965 quod
638 1922 731 1953 esset
757 1917 793 1952 ei
818 1915 1005 1952 Dominus
1032 1915 1069 1950 in
1100 1915 1235 1960 Deum,
1264 1921 1306 1950 ut
1338 1914 1453 1950 habe-

388 1979 449 2007 tur
480 1970 572 2007 Gen.
593 1969 760 2006 xxvl11*:
790 1969 864 2004 hoc
883 1976 1009 2004 autem
1039 1975 1093 2003 est
1121 1967 1287 2003 maxime
1317 1967 1364 2004 de
1389 1979 1453 2004 ne-

390 2023 560 2060 cessitate
593 2022 731 2059 salutis.
763 2022 864 2069 Ergo
894 2028 1028 2057 votum
1065 2032 1142 2057 non
1176 2021 1301 2057 solum
1334 2020 1377 2056 fit
1405 2021 1452 2058 de

389 2076 534 2113 meliori
562 2075 678 2112 bono.

443 2141 477 2166 2.
498 2130 732 2174 PRAETEREA,
750 2128 879 2176 Iephte
895 2127 933 2164 in
954 2127 1125 2174 catalogo
1142 2127 1453 2175 Sanctorum-po-

388 2182 498 2228 nitur,
519 2190 561 2218 ut
579 2189 681 2230 patet
698 2182 798 2218 Heb.
819 2192 854 2217 XI
874 2180 904 2216 ⁵¹².
937 2180 1013 2217 Sed
1033 2180 1113 2228 ipse
1134 2179 1251 2216 filiam
1272 2179 1452 2217 innocen-

387 2243 464 2272 tem
486 2235 622 2272 occidit
639 2242 795 2284 propter
814 2241 962 2281 votum,
982 2241 1023 2270 ut
1046 2234 1207 2270 habetur
1226 2233 1345 2270 Iudic.
1365 2245 1401 2270 xl
1421 2232 1451 2270 ³¹⁸.

391 2290 489 2326 Cum
518 2288 627 2337 igitur
655 2287 794 2325 occisio
819 2287 1031 2324 innocentis
1060 2299 1139 2324 non
1159 2286 1205 2323 sit
1231 2287 1366 2323 melius
1385 2287 1453 2323 bo-

367 2387 369 2390 ·
389 2355 491 2389 num,
514 2343 580 2378 sed
600 2342 645 2378 sit
674 2341 886 2379 secundum
909 2353 949 2377 se
978 2339 1158 2386 illicitum,
1178 2339 1329 2377 videtur
1348 2341 1453 2388 quod

388 2404 523 2432 votum
552 2395 634 2432 fieri
663 2395 782 2443 possit
818 2406 897 2431 non
925 2394 1050 2430 solum
1080 2394 1126 2430 de
1155 2393 1301 2430 meliori
1335 2394 1452 2440 bono,

389 2450 456 2486 sed
486 2449 598 2485 etiarn
629 2449 675 2485 de
704 2448 848 2484 illicitis.

445 2503 478 2539 3.
499 2503 733 2548 PRAETEREA,
755 2513 799 2538 ea
823 2512 921 2548 quae
951 2500 1164 2536 redundant
1182 2499 1220 2536 in
1250 2500 1453 2536 detrimen-

388 2564 469 2592 tum
499 2567 698 2604 personae,
718 2555 780 2591 vel
811 2565 910 2601 quae
939 2554 987 2590 ad
1007 2552 1098 2589 nihil
1127 2560 1214 2589 sunt
1240 2551 1354 2598 utilia,
1375 2565 1453 2589 non

390 2610 531 2646 habent
560 2608 746 2645 rationem
776 2606 942 2644 melioris
971 2606 1073 2643 boni.
1114 2606 1190 2643 Sed
1220 2605 1454 2654 quandoque

390 2663 486 2699 fiunt
515 2661 639 2710 aliqua
661 2668 758 2710 *vota
782 2661 829 2697 de
858 2659 1120 2696 immoderatis
1137 2658 1271 2707 vigiliis
1301 2666 1338 2695 et
1363 2659 1454 2695 ieiu—

391 2715 473 2763 niis,
495 2727 592 2764 quae
612 2721 773 2762 vergunt
792 2713 830 2750 in
856 2712 1068 2761 periculum
1088 2724 1286 2761 personae.
1323 2712 1454 2759 Quan-

392 2769 518 2817 doque
555 2768 667 2804 etiam
696 2767 793 2804 fiunt
829 2766 955 2815 aliqua
981 2773 1073 2802 vota
1102 2766 1150 2803 de
1179 2765 1367 2813 aliquibus
1399 2765 1453 2803 in-

392 2821 650 2859 differentibus
679 2828 715 2857 et
735 2825 752 2841 ‘²
781 2820 828 2857 ad
863 2819 953 2856 nihil
981 2819 1206 2856 valentibus.
1244 2819 1346 2866 Ergo
1376 2831 1454 2856 non

391 2887 543 2923 semper
569 2881 705 2910 votum
735 2880 790 2910 est
818 2872 986 2909 melioris
1014 2872 1117 2909 boni.

446 2929 520 2964 SED
550 2938 695 2964 CONTRA
723 2938 789 2963 EST
817 2926 923 2974 quod
951 2925 1086 2963 dicitur
1108 2926 1384 2962 Deut.xx111*:
1415 2926 1456 2962 Si

394 2981 556 3017 nolueris
578 2980 761 3028 polliceri,
782 2980 922 3027 absque
943 2984 1099 3027 peccato
1128 2979 1211 3015 eris.
1412 3003 1415 3006 -

445 3035 669 3070 RESPONDEO
698 3044 881 3069 mCENDUM
910 3032 1027 3080 quod,
1053 3032 1148 3068 sicut
1178 3031 1318 3068 dictum
1348 3038 1403 3068 est
1421 3031 1452 3078 ³¹⁶,

390 3091 525 3123 votu'm
546 3092 602 3122 est
628 3084 828 3133 promissio
850 3085 933 3121 Deo
953 3085 1060 3121 facta.
1092 3084 1297 3121 Promissio
1327 3092 1454 3121 autem

392 3148 447 3176 est
474 3138 631 3175 alicuius
659 3137 763 3185 quod
791 3137 874 3185 quis
908 3150 977 3185 pro
1007 3137 1132 3185 aliquo
1160 3137 1373 3174 voluntarie
1402 3138 1454 3174 fa—

392 3192 451 3229 cit.
481 3192 571 3228 Non
601 3190 703 3227 enirn
733 3197 830 3226 esset
858 3189 1072 3238 promissio,
1094 3190 1162 3226 sed
1191 3190 1452 3236 comminatio,

393 3245 422 3282 si
451 3245 534 3293 quis
563 3244 702 3281 diceret
730 3255 770 3279 se
800 3250 929 3280 contra
966 3242 1132 3290 aliquem
1161 3243 1357 3280 facturum.
1398 3242 1453 3279 Si-

393 3298 527 3335 militer
555 3309 655 3335 vana
674 3303 772 3333 esset
798 3295 1002 3345 promissio
1023 3295 1052 3332 si
1081 3295 1214 3344 aliquis
1238 3295 1347 3332 alicui
1366 3307 1453 3344 pro-

393 3351 554 3388 mitteret
573 3351 611 3387 id
640 3350 746 3398 quod
766 3349 801 3386 ei
826 3362 904 3386 non
925 3356 1023 3386 esset
1043 3356 1253 3397 acceptum.
1285 3349 1333 3385 Et
1351 3347 1452 3395 ideo,

394 3416 480 3440 cum
511 3416 625 3440 omne
654 3410 853 3452 peccatum
883 3402 927 3439 sit
955 3409 1086 3439 contra
1114 3403 1261 3447 Deum;
1291 3414 1362 3439 nec
1390 3401 1454 3439 ali-

447 3515 474 3547 α)
494 3519 527 3540 et.
541 3530 558 3534 -
576 3515 637 3540 Om.
656 3515 738 3546 BCH;
763 3519 790 3540 et
807 3516 844 3540 ad
862 3523 916 3540 om.
934 3515 969 3545 E;
994 3518 1021 3540 er
1038 3515 1075 3539 ad
1094 3515 1160 3541 nihil
1178 3515 1326 3540 valentibus
1348 3522 1401 3539 om.
1420 3515 1451 3539 D.

448 3549 473 3583 ,3)
492 3551 608 3576 omnino.
620 3564 638 3570 —
657 3558 708 3575 non
728 3551 823 3583 BleG
837 3556 862 3575 et
875 3558 919 3579 aa,
939 3557 1000 3575 vere
1014 3551 1046 3581 H,
1066 3558 1119 3575 om.
1139 3550 1213 3580 sAG3
1233 3549 1338 3575 abrasae
1357 3550 1452 3582 pAcx.

1502 1381 1609 1430 quod
1638 1394 1736 1430 opus
1756 1382 1802 1418 sit
1830 1383 1914 1418 Deo
1944 1389 2144 1430 acceptum
2164 1382 2233 1419 nisi
2262 1382 2308 1419 sit
2334 1383 2569 1420 virtuosum:

1504 1446 1744 1482 consequens
1764 1442 1819 1472 est
1846 1434 1952 1484 quod
1981 1434 2029 1472 de
2049 1435 2153 1472 nullo
2183 1434 2320 1483 illicito,
2340 1448 2411 1473 nec
2440 1437 2486 1474 de
2507 1436 2573 1473 ali-

1505 1501 1582 1537 quo
1602 1487 1831 1525 indifferenti
1860 1489 1997 1525 debeat
2019 1488 2103 1525 fieri
2122 1496 2270 1535 votum,
2291 1489 2358 1527 sed
2378 1489 2502 1526 solum
2524 1489 2573 1527 de

1505 1541 1633 1590 aliquo
1663 1549 1750 1578 actu
1775 1541 1936 1580 virtutis.

1560 1594 1636 1632 Sed
1673 1594 1763 1642 quia
1798 1602 1934 1631 votum
1979 1594 2276 1642 promissionem
2317 1595 2573 1632 voluntariam

1506 1647 1704 1696 importat,
1734 1648 1937 1684 necessitas
1966 1654 2093 1684 autem
2122 1648 2361 1686 voluntatem
2389 1648 2571 1696 excludit,

1506 1700 1543 1738 id
1574 1701 1678 1748 quod
1712 1709 1768 1738 est
1796 1701 1967 1737 absolute
2005 1701 2262 1738 necessarium
2293 1713 2374 1738 esse
2402 1703 2465 1739 vel
2493 1714 2573 1740 non

1507 1766 1589 1790 esse
1619 1754 1722 1790 nullo
1753 1754 1871 1791 modo
1906 1753 2005 1791 cadit
2040 1755 2110 1791 sub
2138 1756 2254 1792 voto:
2284 1756 2440 1792 stultum
2469 1756 2573 1793 enim

1508 1814 1606 1843 esset
1634 1807 1664 1843 si
1692 1807 1777 1855 quis
1804 1814 1966 1844 voveret
1993 1819 2034 1843 se
2063 1819 2146 1844 esse
2174 1807 2414 1855 moriturum,
2440 1810 2504 1846 vel
2532 1821 2573 1846 se

1507 1872 1587 1897 non
1615 1872 1698 1897 esse
1725 1860 1958 1896 volaturum.
1978 1860 2118 1897 -Illud
2144 1872 2240 1897 vero
2269 1861 2374 1909 quod
2403 1873 2481 1899 non
2505 1863 2571 1899 ha-

1479 1953 1481 1963 ,
1507 1913 1571 1949 bet
1586 1914 1799 1950 absolutam
1821 1912 2096 1959 necessitatem,
2113 1913 2180 1950 sed
2195 1914 2460 1952 necessitatem
2475 1915 2573 1963 finis,

1480 1994 1481 1997 η
1507 1974 1599 2015 puta
1628 1966 1716 2016 quia
1753 1967 1834 2003 sine
1864 1979 1910 2003 eo
1945 1978 2024 2003 non
2051 1973 2177 2015 potest
2205 1978 2288 2003 esse
2325 1967 2445 2014 salus,
2476 1967 2575 2007 cadit

1509 2019 1664 2068 quidem
1693 2020 1763 2056 sub
1792 2027 1885 2056 voto
1915 2019 2142 2067 inquantum
2170 2020 2382 2057 voluntarie
2410 2021 2465 2068 fit,
2494 2033 2574 2061 non

1509 2081 1638 2110 autem
1667 2072 1892 2121 inquantum
1923 2080 1978 2109 est
2013 2072 2256 2110 necessitatis.
2277 2074 2417 2111 -Illud
2445 2082 2575 2112 autem

1509 2127 1615 2175 quod
1635 2138 1761 2175 neque
1790 2126 1890 2164 cadit
1910 2127 1981 2163 sub
2001 2126 2223 2163 necessitate
2252 2127 2425 2164 absoluta
2449 2139 2576 2176 neque

1509 2180 1580 2216 sub
1610 2179 1830 2216 necessitate
1858 2179 1968 2227 finis,
1996 2179 2155 2216 omnino
2175 2177 2191 2209 β
2218 2187 2274 2216 est
2303 2180 2574 2218 voluntarium.

1509 2233 1558 2270 Et
1595 2233 1681 2270 ideo
1710 2234 1785 2270 hoc
1822 2232 2079 2282 propriissime
2114 2232 2213 2270 cadit
2247 2233 2318 2271 sub
2346 2240 2451 2271 voto.
2489 2233 2576 2271 Hoc

1509 2294 1637 2324 autem
1657 2286 1791 2324 dicitur
1812 2298 1894 2323 esse
1918 2285 2042 2323 maius
2061 2286 2210 2323 bonum
2229 2286 2267 2324 in
2288 2286 2574 2336 comparatione

1509 2340 1558 2377 ad
1585 2340 1733 2376 bonum
1761 2340 1868 2387 quod
1906 2339 2161 2377 communiter
2190 2347 2245 2377 est
2272 2339 2320 2377 de
2353 2340 2576 2379 necessitate

1509 2393 1649 2430 salutis.
1680 2394 1728 2429 Et
1747 2393 1847 2439 ideo,
1867 2393 2020 2441 proprie
2049 2393 2256 2440 loquendo,
2276 2401 2412 2429 votum
2442 2393 2577 2430 dicitur

1510 2459 1591 2483 esse
1622 2446 1668 2483 de
1698 2447 1802 2482 bono
1831 2445 1991 2482 meliori.

1562 2502 1620 2536 AD
1645 2510 1781 2536 PmMUM
1801 2509 1899 2535 ERGO
1928 2509 2113 2535 morannum
2133 2498 2239 2546 quod
2267 2499 2343 2535 hoc
2363 2498 2482 2536 modo
2503 2499 2574 2536 sub

1508 2559 1600 2588 voto
1622 2552 1897 2600 baptizatorum
1919 2551 2018 2593 cadit
2037 2551 2302 2589 abrenuntiare
2322 2552 2477 2600 pompis
2497 2551 2575 2590 dia-

1509 2605 1587 2642 boli
1607 2612 1643 2642 et
1670 2605 1789 2642 fidem
1820 2604 1956 2642 Christi
1982 2617 2147 2651 servare,
2169 2605 2259 2653 quia
2286 2605 2500 2642 voluntarie
2519 2605 2574 2653 fit,

1508 2659 1593 2695 licet
1622 2658 1668 2694 sit
1696 2659 1742 2695 de
1763 2657 1986 2694 necessitate
2015 2658 2154 2694 salutis.

1563 2712 1612 2748 Et
1630 2711 1797 2748 similiter
1815 2718 1940 2760 potest
1960 2710 2032 2748 dici
2053 2711 2099 2747 de
2119 2717 2213 2747 voto
2229 2711 2356 2747 Iacob.
2387 2710 2576 2758 Quamvis

1510 2764 1623 2802 etiam
1642 2764 1762 2814 possit
1789 2764 1940 2813 intelligi
1960 2764 2064 2813 quod
2094 2764 2208 2801 Iacob
2235 2763 2343 2801 vovit
2366 2776 2406 2800 se
2434 2764 2575 2803 habere

1508 2818 1722 2855 Dominum
1757 2817 1796 2854 in
1831 2818 1958 2854 Deum
1987 2829 2055 2866 per
2080 2817 2297 2866 specialem
2335 2817 2494 2864 cultum,
2525 2817 2575 2860 ad

1509 2883 1624 2919 quem
1650 2883 1728 2908 non
1755 2871 1971 2908 tenebatur:
2001 2869 2096 2907 sicut
2114 2882 2183 2919 per
2206 2870 2442 2908 decimarum
2470 2871 2575 2910 obla-

1509 2924 1664 2971 tionem,
1691 2932 1727 2961 et
1754 2924 1826 2961 alia
1852 2923 2072 2961 huiusmodi
2102 2935 2201 2972 quae
2229 2923 2320 2960 ibi*
2348 2924 2573 2961 subduntur.

1561 2980 1620 3014 Ao
1657 2989 1846 3015 SECUNDUM
1889 2988 2073 3014 DICENDUM
2110 2976 2216 3025 quod
2258 2977 2449 3026 quaedam
2487 2983 2576 3014 sunt

1509 3043 1607 3080 quae
1627 3030 1665 3067 in
1695 3042 1852 3067 omnem
1873 3037 2055 3067 eventum
2085 3037 2172 3067 sunt
2189 3030 2311 3067 bona:
2341 3029 2437 3067 sicut
2455 3041 2572 3080 opera

1507 3084 1653 3121 virtutis
1689 3091 1724 3120 et
1762 3084 1833 3120 alia
1865 3095 1964 3131 quae
1987 3088 2003 3111 Υ
2031 3083 2204 3120 absolute
2240 3091 2402 3132 possunt
2436 3082 2574 3121 cadere

1509 3138 1579 3174 sub
1607 3144 1713 3173 voto.
1734 3157 1759 3165 -
1779 3136 1981 3183 Quaedam
2010 3147 2103 3174 vero
2131 3136 2170 3173 in
2199 3147 2356 3174 ornnem
2391 3143 2572 3174 eventum

1509 3197 1596 3226 sunt
1614 3190 1732 3226 mala:
1762 3189 1855 3226 sicut
1876 3201 1920 3226 ea
1948 3201 2046 3237 quae
2067 3189 2278 3226 secundum
2299 3202 2340 3227 se
2368 3196 2456 3226 sunt
2482 3200 2570 3238 pec—

1509 3250 1601 3279 cata.
1632 3243 1680 3279 Et
1708 3243 1803 3279 haec
1830 3242 1934 3279 nullo
1964 3242 2083 3279 modo
2111 3249 2273 3291 possunt
2300 3243 2371 3280 sub
2395 3249 2488 3279 voto
2513 3253 2572 3278 ca-

1509 3295 1611 3332 dere.
1634 3317 1657 3324 -
1678 3295 1882 3342 Quaedam
1914 3307 2007 3332 vero
2037 3303 2124 3332 sunt
2159 3295 2316 3344 quidem
2345 3294 2383 3332 in
2412 3307 2451 3332 se
2481 3306 2570 3331 con-

1509 3348 1671 3385 siderata
1699 3348 1814 3395 bona,
1836 3356 1871 3384 et
1899 3348 2111 3385 secundum
2146 3349 2220 3386 hoc
2248 3355 2409 3398 possunt
2437 3347 2572 3384 cadere

1508 3402 1578 3438 sub
1607 3408 1719 3438 voto:
1748 3409 1908 3450 possunt
1939 3409 2068 3439 tamen
2101 3402 2244 3439 habere
2277 3401 2422 3438 malum
2457 3412 2571 3437 even—

1560 3516 1586 3548 γ)
1606 3515 1662 3539 alia
1677 3522 1752 3546 quae.
1765 3528 1783 3534 -
1795 3515 1849 3539 alia
1863 3515 1931 3540 bona
1945 3521 2013 3547 quae
2026 3514 2094 3539 Plsc
2109 3519 2134 3539 et
2147 3521 2190 3544 κα,
2207 3513 2263 3539 alia
2279 3515 2367 3538 autem
2383 3513 2431 3546 pK,
2445 3513 2512 3538 ralia
2527 3513 2572 3538 sK.

2602 2931 2612 2942 ⁸
2625 2930 2693 2953 Vera.
2707 2937 2742 2953 υ.
