2860 4244
170 830 291 878 iniigdfw'

163 1773 174 1783 ‘⁵
190 1772 256 1794 Vers.
276 1779 303 1801 45
323 1779 376 1802 sqq.

165 1928 173 1937 ⁴
189 1927 254 1949 Vers.
269 1934 288 1955 5,
303 1933 336 1954 41.

163 2138 247 2164 Ἀροε.
257 2142 307 2164 cap.
315 2142 374 2163 xvu,

162 2169 261 2190 vers.14;
270 2169 374 2191 cap.xrx‚

161 2196 220 2211 vers.
232 2189 264 2211 16.

162 2301 172 2311 ⁸
184 2300 240 2328 Cap.
254 2300 320 2322 Licet
332 2306 375 2322 ra-

173 2327 241 2354 ione,
259 2327 288 2349 de
313 2327 375 2349 Foro

165 2353 243 2381 Comp.

166 2677 175 2686 ⁸
186 2676 275 2703 Regist.
286 2676 326 2697 lib.
335 2675 368 2697 XI

166 2703 232 2730 epist.
256 2708 310 2724 uuv
317 2718 323 2730 ‚
348 2708 361 2723 a

166 2757 207 2778 hb·
231 2735 288 2783 Xfl,
310 2758 377 2784 epmt·

166 2789 181 2803 x
214 2789 229 2804 1.

167 2811 177 2821 ⁸
191 2809 257 2831 Vers.
273 2814 305 2837 25.

287 3105 311 3121 n.
318 3104 379 3126 n,12.

170 3099 323 3148 Issffffssfff...
331 3132 379 3148 m.

1082 221 1348 268 QUAesrlo
1382 222 1543 270 van,
1571 223 1867 262 AercULus
1897 226 1910 261 1

814 407 1227 480 QUAESTIO
1272 408 2176 468 SEXAGESIMASEPTIMA

913 527 997 566 DE
1029 526 1357 601 1N1UST1T1A
1390 528 1612 569 IUDICIS
1646 529 1707 569 1N
1738 530 2081 572 IUDICANDO

1192 641 1227 666 1N
1256 641 1431 672 QUATUOR
1457 642 1661 668 ARTICULOS
1689 643 1807 671 DIVISA

410 733 599 814 DEiNDE
638 723 959 761 considerandum
998 731 1054 762 est
1078 725 1126 762 de
1153 725 1254 763 vitiis
1289 726 1474 775 oppositis

493 776 789 813 commutativae
832 777 994 814 iustitiae
1039 790 1137 826 quae
1184 779 1395 816 consistunt
1435 779 1474 817 in

311 836 380 858 mv,
407 828 536 864 verbis
564 828 602 865 in
631 829 769 878 quibus
793 830 956 867 laeditur
982 831 1179 879 proximus
1197 831 1229 869 *.
1259 833 1308 869 Et
1334 832 1474 881 primo,

408 881 454 917 de
484 880 542 917 his
571 893 670 930 quae
689 882 879 932 pertinent
907 883 956 920 ad
982 883 1187 931 iudicium;
1217 886 1401 932 secundo,
1429 886 1475 923 de

407 935 647 972 nocumentis
692 936 903 973 verborum
954 949 1054 986 quae
1096 937 1193 975 fiunt
1235 945 1338 976 extra
1381 939 1475 977 iudi-

408 986 510 1024 cium
529 987 560 1024 ³⁸.

460 1039 571 1076 Circa
607 1040 776 1089 primum
814 1041 982 1090 quinque
1026 1042 1304 1080 consideranda
1344 1056 1476 1081 occur-

405 1100 512 1129 runt:
542 1093 668 1142 primo
698 1094 871 1142 quidem,
903 1095 950 1132 de
982 1095 1161 1132 iniustitia
1188 1096 1322 1133 iudicis
1356 1096 1394 1133 in
1422 1097 1478 1133 iu·
1502 1134 1503 1145 ¹

407 1145 591 1192 dicando;
622 1147 806 1195 secundo,
827 1147 874 1184 de
893 1147 1072 1185 iniustitia
1095 1149 1327 1186 accusatoris
1351 1149 1390 1186 in
1417 1162 1476 1186 ac-

407 1199 577 1236 cusando
605 1199 644 1246 '¹‘;
675 1200 807 1248 tertio,
839 1200 886 1237 de
924 1201 1103 1238 iniustitia
1139 1213 1184 1238 ex
1212 1209 1318 1250 parte
1357 1201 1411 1239 rei
1439 1202 1478 1239 in

405 1263 474 1288 sua
503 1252 724 1290 defensione
748 1252 788 1299 *ς
819 1261 977 1301 quart0,
1014 1254 1061 1291 de
1094 1254 1272 1291 iniustitia
1308 1254 1413 1291 testis
1441 1254 1479 1291 in

1526 727 1764 765 testificando
1788 727 1825 774 *3
1856 729 2007 778 quium,
2041 731 2089 768 de
2126 731 2304 770 iniustitia
2340 733 2518 772 advocati
2553 733 2592 772 in
2618 743 2629 754 ·
2644 743 2759 771 Qu-m-

2619 786 2629 797 ·
2645 786 2693 814 Qu.
2707 792 2769 808 ιω.

1526 780 1801 830 patrocinando
1821 780 1851 818 ³¹⁶.

1528 834 1639 871 Circa
1667 834 1834 882 primurn
1862 842 2096 882 quaeruntur
2123 844 2299 884 quatuor.

1580 886 1733 924 Primo:
1763 894 1891 924 utrum
1911 887 2044 936 aliquis
2062 889 2183 937 possit
2200 890 2296 928 iuste
2315 890 2483 929 iudicare
2505 904 2593 930 eum

1634 940 1698 988 qui
1727 952 1806 976 non
1835 948 1890 978 est
1918 940 1988 978 sibi
2017 941 2202 979 subditus.

1582 992 1784 1030 Secundo:
1814 1000 1942 1031 utrum
1970 993 2080 1030 liceat
2102 993 2286 1033 iudicium
2314 996 2412 1035 ferre
2428 1002 2445 1018 ²
2464 1005 2596 1036 contra

1633 1046 1833 1083 veritatem
1863 1058 1979 1095 quam
2008 1046 2127 1095 novit,
2147 1055 2304 1097 propter
2332 1062 2378 1087 ea
2397 1061 2497 1098 quae
2525 1050 2596 1088 sibi

1634 1106 1914 1147 proponuntur.

1582 1151 1737 1188 Tertio:
1766 1158 1893 1189 utrum
1913 1151 2027 1190 iudex
2053 1153 2174 1201 possit
2193 1153 2362 1202 aliquem
2391 1155 2486 1193 iuste
2507 1168 2598 1194 con·
2627 1201 2634 1204 ⁴
2692 1200 2695 1204 r

1638 1204 1820 1242 demnare
1849 1217 1928 1242 non
1956 1214 2191 1244 accusatum.

1585 1256 1752 1302 Quarto:
1783 1265 1911 1294 utrum
1939 1258 2036 1295 licite
2065 1259 2185 1307 possit
2211 1272 2380 1308 poenam
2418 1262 2598 1307 relaxare,

1221 1361 1540 1405 ARTICULUS
1570 1363 1777 1406 PRIMUS

649 1454 806 1485 UTRUM
829 1455 1001 1492 ALIQUIS
1025 1455 1172 1487 Possrr
1197 1456 1322 1488 IUSTE
1347 1456 1553 1491 luchRE
1577 1457 1671 1491 EUM
1694 1458 1770 1496 QUI
1794 1458 1886 1490 NON
1909 1459 1990 1490 EST
2013 1459 2089 1491 SIBI
2114 1460 2352 1493 sumEcTth

1331 1535 1423 1567 Supra,
1443 1543 1488 1568 qu.
1507 1543 1548 1567 Lx,
1568 1541 1615 1561 art.
1635 1535 1660 1561 6.

462 1795 464 1797 -
556 1780 562 1792 ’
594 1785 605 1794 x
624 1781 675 1806 111
694 1768 714 1790 ²⁵
742 1770 848 1817 quod
870 1770 1007 1806 Daniel
1027 1770 1198 1807 seniores
1228 1770 1276 1807 de
1304 1770 1399 1807 falso
1419 1778 1473 1807 te-

402 1821 582 1859 stimonio
605 1822 804 1859 convictos
824 1834 894 1859 suo
914 1822 1054 1860 iudicio
1080 1823 1365 1861 condemnavit.
1396 1824 1475 1861 Sed

401 1874 452 1912 illi
471 1874 642 1912 seniores
662 1887 741 1912 non
761 1882 868 1912 erant
886 1875 1026 1913 subditi
1053 1876 1224 1913 Danieli:
1253 1876 1473 1925 quinimmo

401 1928 471 1978 ipsi
507 1935 614 1965 erant
650 1929 792 1966 iudices
819 1929 951 1977 populi
977 1928 1008 1966 ²¹⁶.
1048 1929 1151 1977 Ergo
1189 1929 1323 1978 aliquis
1350 1937 1477 1978 potest

401 1981 499 2018 licite
529 1981 696 2018 iudicare
725 1982 796 2019 sibi
822 1994 903 2019 non
921 1980 937 2011 β
964 1982 1174 2020 subditum.

456 2046 491 2071 2.
522 2035 765 2082 PRAETEREA,
796 2035 970 2072 Christus
999 2047 1079 2073 non
1107 2042 1188 2073 erat
1218 2035 1376 2073 alicuius
1404 2037 1473 2073 ho·

402 2087 515 2124 minis
534 2087 723 2125 subditus:
759 2087 977 2136 quinimmo
1006 2089 1088 2137 ipse
1118 2095 1198 2126 erat
1221 2089 1310 2126 Rex
1336 2101 1472 2139 regum

401 2146 436 2177 et
463 2141 651 2178 Dominus
678 2142 954 2178 dominantium
973 2141 1004 2179 ³⁸.
1036 2142 1114 2179 Sed
1133 2142 1214 2191 ipse
1243 2142 1414 2180 exhibuit
1433 2155 1474 2180 se

402 2193 543 2231 iudicio
572 2194 749 2232 hominis.
779 2195 883 2243 Ergo
906 2194 1059 2232 videtur
1080 2196 1185 2244 quod
1214 2195 1348 2244 aliquis
1375 2195 1474 2233 licite

402 2247 523 2296 possit
541 2246 708 2291 iudicare
728 2248 897 2296 aliquem
916 2248 982 2297 qui
1010 2260 1089 2286 non
1110 2256 1166 2285 est
1184 2249 1359 2286 subditus
1380 2249 1472 2286 eius.

458 2302 492 2338 3.
523 2301 758 2348 PRAETEREA,
786 2302 1001 2339 secundum
1031 2302 1114 2338 iura
1132 2301 1152 2324 ’³‘
1180 2302 1338 2350 quilibet
1365 2302 1474 2340 sorti—

402 2361 463 2390 tur
490 2354 616 2391 forum
638 2354 852 2392 secundum
880 2355 1069 2392 rationem
1089 2355 1226 2392 delicti.
1258 2355 1335 2393 Sed
1355 2367 1473 2404 quan-

404 2407 533 2456 doque
553 2408 613 2444 ille
642 2408 707 2457 qui
727 2408 911 2458 delinquit
938 2420 1018 2445 non
1047 2415 1103 2445 est
1121 2407 1295 2445 subditus
1324 2409 1406 2446 eius
1425 2410 1473 2447 ad

404 2472 522 2510 quem
558 2461 720 2510 pertinet
753 2462 879 2499 forum
917 2461 1014 2498 illius
1042 2461 1136 2498 loci:
1166 2468 1258 2510 puta
1295 2474 1384 2499 curn
1419 2470 1475 2500 est

403 2513 555 2551 alterius
583 2514 791 2562 dioecesis,
822 2515 886 2553 vel
915 2526 1004 2551 cum
1034 2522 1089 2551 est
1118 2522 1329 2563 exemptus.
1369 2516 1472 2563 Ergo

402 2567 553 2605 videtur
572 2568 678 2616 quod
706 2567 839 2617 aliquis
858 2568 978 2617 possit
995 2567 1163 2605 iudicare
1191 2579 1280 2605 eum
1306 2568 1370 2617 qui
1394 2580 1472 2606 non

404 2627 460 2658 est
487 2620 560 2657 sibi
587 2621 772 2659 subditus.

459 2674 532 2711 SED
561 2685 708 2711 CONTRA
735 2685 801 2711 EST
829 2673 936 2722 quod
961 2673 1169 2721 Gregorius
1197 2673 1285 2711 dicit
1305 2674 1337 2722 *,
1358 2686 1473 2723 super

404 2727 497 2765 illud
517 2728 627 2765 Dent.
648 2739 733 2765 xxm
751 2727 783 2775 *,
805 2728 847 2764 Si
864 2727 1063 2764 intraveris
1083 2732 1247 2777 segetem
1267 2733 1355 2764 etc.:
1384 2728 1472 2764 Fal-

405 2792 486 2817 cem
514 2780 644 2818 iudicii
669 2782 814 2818 mittere
841 2793 916 2817 non
939 2786 1063 2829 potest
1088 2780 1125 2817 in
1154 2792 1239 2817 eam
1267 2792 1347 2817 rem
1375 2792 1474 2829 quae

405 2833 516 2871 alteri
542 2834 690 2871 videtur
717 2846 795 2871 esse
822 2833 1034 2871 commissa.

459 2888 685 2925 RESPONDEO
714 2899 900 2925 mcENnuM
920 2886 1026 2935 quod
1055 2885 1240 2923 sententia
1264 2885 1399 2923 iudicis
1419 2893 1474 2924 est

407 2940 514 2989 quasi
534 2942 724 2988 quaedam
751 2940 985 2989 particularis
1004 2940 1065 2976 lex
1093 2939 1132 2976 in
1154 2939 1281 2988 aliquo
1310 2939 1474 2988 particu-

406 2992 474 3030 lari
502 2993 613 3031 facto.
642 2995 692 3030 Et
719 2993 805 3030 ideo
843 2993 938 3030 sicut
965 2993 1024 3029 lex
1052 2991 1237 3040 generalis
1266 2992 1380 3030 debet
1406 2993 1472 3030 ha-

406 3046 497 3083 bere
524 3045 604 3084 vim
634 3046 858 3092 coactivam,
885 3054 927 3083 ut
953 3052 1057 3094 patet
1083 3057 1153 3093 per
1180 3045 1470 3094 Philosophum,

407 3099 446 3136 in
475 3099 510 3135 X
528 3099 648 3137 Ethic.
669 3099 708 3145 *;
738 3099 788 3136 ita
808 3098 921 3135 etiam
942 3106 979 3135 et
997 3098 1180 3135 sententia
1199 3098 1334 3135 iudicis
1359 3098 1472 3135 debet

407 3152 549 3189 habere
577 3153 656 3190 vim
685 3151 919 3199 coactivam,
947 3164 1018 3200 per
1045 3163 1162 3200 quam
1197 3150 1474 3198 constringatur

407 3212 568 3252 utraque
596 3218 684 3254 pars
713 3205 761 3242 ad
796 3204 1027 3243 servandam
1064 3203 1290 3240 sententiam
1319 3203 1471 3240 iudicis:

410 3257 578 3306 alioquin
606 3258 786 3296 iudicium
815 3270 894 3295 non
922 3265 1021 3295 esset
1057 3256 1202 3293 efficax.
1240 3257 1473 3296 potestatem

464 3371 491 3403 α)
512 3371 638 3396 iudicium
650 3372 737 3404 ferre.
749 3385 768 3390 —-
787 3371 869 3397 iudici
890 3371 1050 3397 sententiam
1062 3372 1141 3404 ferre
1154 3371 1192 3400 D.
1211 3371 1293 3397 iudici
1311 3372 1431 3397 iudicare
1445 3372 1474 3397 P.

465 3405 490 3438 β)
510 3406 559 3431 sibi
573 3414 635 3431 non.
648 3421 665 3426 -
683 3414 759 3432 suum
774 3407 902 3439 BEFpCK
918 3412 943 3431 et
955 3415 981 3438 Κ,
1001 3414 1053 3432 non
1073 3413 1149 3432 suum
1169 3407 1301 3432 GHLsCK
1316 3411 1378 3436 eta,
1395 3414 1473 3432 suum

412 3447 463 3466 non
483 3441 501 3471 1,
520 3449 579 3466 eum
599 3442 644 3473 qui
662 3449 714 3466 non
733 3445 772 3467 est
790 3442 841 3467 sibi
859 3442 1003 3475 (subditus)
1022 3443 1053 3467 Α.

464 3476 491 3509 γ)
510 3477 657 3502 ordinarie.
670 3491 690 3496 -
708 3477 875 3502 ordinariam
895 3478 923 3502 P.

465 3511 489 3544 ὃ)
509 3512 586 3544 quasi
604 3513 778 3537 commissam.
791 3526 809 3532 -
828 3513 899 3544 quod
917 3513 1084 3538 commissum
1105 3512 1198 3545 Bpr,
1217 3513 1288 3545 quod
1306 3513 1474 3538 commissum

1499 2066 1501 2078 1
1528 2044 1664 2075 statem
1693 2038 1938 2076 ordinariam.

1528 1620 1658 1650 autem
1687 1614 1901 1652 coactivam
1935 1627 2014 1652 non
2040 1616 2157 1654 habet
2192 1616 2289 1654 licite
2318 1618 2358 1654 in
2387 1618 2502 1656 rebus
2529 1621 2599 1658 hu-

1529 1666 1651 1703 manis
1680 1666 1751 1703 nisi
1770 1666 1830 1703 ille
1859 1668 1924 1717 qui
1951 1668 2117 1716 fungitur
2138 1669 2293 1718 publica
2320 1678 2519 1719 potestate.
2549 1674 2600 1711 Et

1528 1719 1593 1766 qui
1622 1731 1667 1755 ea
1695 1719 1902 1767 funguntur
1930 1722 2147 1769 superiores
2175 1719 2398 1772 reputantur
2423 1732 2600 1776 respuam

1530 1780 1664 1808 eorum
1693 1772 1731 1809 in
1760 1784 1870 1821 quos,
1891 1773 1987 1811 sicut
2005 1775 2045 1811 in
2073 1775 2258 1824 subditos,
2277 1773 2598 1826 potestatem'fiid-

1530 1824 1692 1873 cipiunt:
1721 1825 1802 1863 sive
1830 1827 1998 1865 habeant
2025 1827 2217 1865 ordinarie
2235 1834 2264 1878 ἵ,
2285 1830 2367 1868 sive
2394 1840 2494 1881 per
2554 1830 2598 1862 ''⁴-

1527 1878 1764 1916 missionem.
1794 1880 1844 1916 Et
1871 1879 1959 1917 ideo
1981 1881 2226 1919 manifestum
2255 1890 2312 1920 est
2337 1879 2460 1932 quod*
2507 1883 2510 1887 ”
2551 1875 2565 1890 “’

1527 1938 1652 1980 potest
1679 1931 1847 1969 iudicare
1867 1932 2034 1983 aliquem
2063 1934 2134 1971 nisi
2155 1934 2203 1971 sit
2221 1934 2351 1985 aliquo
2370 1935 2493 1975 modo
2507 1939 2600 1976 ¹suth·

1529 1984 1628 2021 ditus
1656 1984 1749 2033 eius,
1769 1986 1832 2023 vel
1858 1998 1929 2034 per
1956 1987 2271 2026 commissionem
2303 1989 2367 2027 vel

1580 2092 1639 2129 AD
1668 2103 1806 2128 PRIMUM
1834 2103 1933 2129 ERGO
1961 2103 2148 2130 manDuM
2182 2094 2289 2141 quod
2316 2095 2455 2133 Daniel
2486 2107 2598 2134 ncce-

1524 2143 1580 2192 pit
1597 2151 1827 2192 potestatem
1848 2145 1898 2182 ad
1925 2145 2174 2183 iudicandum
2194 2146 2279 2184 illos
2298 2148 2475 2186 seniores·
2487 2150 2598 2198 quasi

1527 2196 1775 2235 commissam
1794 2195 1807 2219 δ
1836 2210 1883 2235 ex
1909 2198 2087 2236 instinctu
2124 2198 2268 2237 divino.
2298 2200 2418 2247 Quod
2454 2202 2486 2240 si
2513 2203 2598 2241 nifiss
2657 2211 2662 2230 ³

1528 2257 1634 2287 catur
1650 2262 1720 2299 per
1746 2251 1822 2287 hoc
1850 2252 1956 2299 quod
1983 2252 2035 2289 ibi
2058 2252 2079 2274 ’¹‘
2107 2251 2253 2301 dicitur,
2274 2254 2380 2303 quod
2406 2214 2601 2294 maffia&

1525 2303 1714 2340 Dominus
1739 2304 1912 2352 spiritum
1936 2306 2051 2353 pueri
2075 2306 2248 2343 iunioris.
2527 2308 2594 2346 '171ss‘

1579 2358 1638 2393 An
1675 2367 1867 2395 SECUNDUM
1894 2369 2080 2396 monimum
2117 2359 2223 2407 quod
2250 2358 2290 2396 in
2317 2360 2432 2397 rebus
2458 2361 2596 2400 huma-
2622 2356 2626 2359 ’

1526 2409 1584 2446 nis
1603 2409 1720 2458 aliqui
1734 2410 1889 2459 propria
1908 2420 2044 2460 sponte
2063 2419 2225 2460 possunt
2238 2423 2281 2449 se
2299 2413 2487 2451 subiicere
2502 2414 2596 2452 alio-

1527 2474 1612 2499 rum
1649 2462 1811 2510 iudicio,
1841 2465 2020 2512 quamvis
2047 2476 2127 2502 non
2154 2465 2229 2502 sint
2263 2465 2317 2502 eis
2353 2467 2596 2516 superiores:

1526 2515 1622 2552 sicut
1647 2523 1751 2564 patet
1778 2516 1817 2553 in
1844 2516 1903 2554 his
1931 2517 1996 2566 qui
2033 2518 2349 2566 compromittunt
2375 2519 2414 2557 in
2446 2520 2596 2571 aliquos

1526 2568 1700 2605 arbitros.
1731 2569 1780 2606 Et
1798 2569 1886 2607 inde
1915 2578 1972 2608 est
1997 2571 2105 2620 quod
2126 2582 2283 2608 necesse
2312 2579 2370 2609 est
2395 2573 2599 2617 arbitrium

1524 2634 1652 2670 poena
1670 2621 1821 2659 vallari:
1850 2623 1945 2672 quia
1969 2623 2109 2671 arbitri,
2130 2625 2195 2673 qui
2213 2636 2292 2662 non
2320 2633 2408 2663 sunt
2425 2627 2597 2676 superio*-

1526 2687 1598 2722 res,
1620 2686 1700 2712 non
1726 2675 1870 2713 habent
1898 2675 1945 2713 de
1973 2688 2016 2713 se
2042 2677 2198 2726 plenam
2228 2685 2458 2727 potestatem
2487 2690 2595 2718 coer·

1527 2727 1648 2765 cendi.
1680 2727 1742 2765 Sic
1770 2728 1882 2776 igitur
1910 2736 1946 2766 et
1974 2729 2148 2767 Christus
2173 2730 2328 2780 propria
2360 2739 2502 2781 sponte
2524 2733 2596 2771 hu-

1526 2793 1643 2818 mano
1658 2780 1797 2819 iudicio
1813 2794 1855 2819 se
1869 2782 2055 2820 subdidit:
2076 2783 2172 2820 sicut
2186 2783 2300 2821 etiam
2316 2791 2352 2821 et
2367 2785 2448 2822 Leo
2460 2786 2595 2836 Papa*=

1525 2833 1666 2871 iudicio
1697 2835 1942 2883 Imperatoris
1969 2847 2009 2872 se
2037 2836 2207 2874 subdidit
2223 2836 2256 2874 ²¹³.

1527 2939 1693 2978 dioecesi
1729 2940 1863 2990 aliquis
1892 2941 2093 2990 delinquit,
2124 2943 2285 2980 efficitur
2313 2944 2486 2994 superior
2513 2945 2594 2984 eius

1526 2993 1672 3030 ratione
1701 2993 1836 3041 delicti,
1863 2994 1978 3032 etiarn
2007 2995 2037 3032 si
2064 2995 2110 3032 sit
2147 3004 2366 3045 exemptus:
2394 2997 2466 3037 nisi
2495 2997 2594 3041 forte

1526 3046 1722 3094 delinquat
1740 3047 1780 3084 in
1807 3059 1848 3084 re
1876 3047 2004 3096 aliqua
2024 3055 2200 3097 exempta
2218 3049 2275 3096 ⁸¹¹⁸,
2295 3058 2388 3099 puta
2416 3050 2455 3089 in
2474 3050 2593 3090 admi-
2619 3086 2630 3098 ,

1526 3099 1747 3136 nistratione
1766 3100 1961 3137 bonorum
1990 3100 2147 3138 alicuius
2167 3104 2391 3140 monasterii
2415 3103 2591 3154 exempti.

1527 3152 1606 3188 Sed
1634 3152 1664 3188 si
1700 3151 1834 3200 aliquis
1872 3160 2069 3201 exemptus
2108 3155 2321 3193 committat
2357 3157 2501 3195 furtum
2527 3157 2592 3195 vel

1525 3204 1778 3242 homicidium
1796 3205 1859 3242 vel
1888 3205 2027 3254 aliquid
2046 3206 2280 3256 huiusmodi,
2300 3217 2426 3258 potest
2443 3221 2513 3260 per
2531 3222 2592 3248 or·
2613 3243 2621 3250 .

1526 3256 1716 3295 dinarium
1745 3257 1840 3294 iuste
1869 3259 2118 3297 condemnari
2135 3259 2167 3297 *.

1526 3375 1565 3397 est
1583 3372 1612 3402 E,
1633 3372 1710 3404 quasi
1727 3373 1896 3398 commissum
1910 3376 1951 3398 est
1963 3373 1992 3404 C,
2012 3374 2090 3406 quasi
2107 3373 2275 3400 commissum
2295 3375 2338 3405 m,
2352 3383 2406 3401 om.
2419 3375 2456 3407 A3
2475 3376 2516 3400 vel
2527 3375 2592 3408 quia

1526 3407 1693 3433 commissum
1713 3411 1752 3433 est
1770 3408 1794 3433 ei
1813 3415 1903 3441 margo
1922 3408 1954 3432 K.

1579 3443 1601 3475 ε)
1620 3443 1712 3475 aliqua
1725 3446 1860 3475 exempta.
1869 3457 1888 3462 -
1901 3443 1992 3476 aliqua
2013 3451 2066 3469 non
2079 3447 2206 3476 exempta
2219 3444 2381 3478 ABEFLpD,
2399 3445 2490 3479 aliqua
2509 3445 2590 3471 etiam

1526 3481 1652 3510 exempta
1671 3479 1704 3509 H,
1718 3479 1806 3504 aliena
1826 3478 1858 3504 G.

2394 1988 2600 2050 perpete}
2743 1999 2762 2005 ’·

2622 2264 2634 2278 ·
2648 2255 2721 2288 Vei-n.
2731 2271 2768 2294 45.

2620 2797 2757 2827 ’Qun-tus.

2579 2844 2597 2857 ”
2621 2847 2632 2859 ’
2652 2845 2710 2870 Οιιι.
2726 2844 2779 2868 Noe
2795 2845 2834 2868 ἅ·

1579 2889 1640 2924 An
1658 2898 1820 2925 TER-rrum
1847 2899 2033 2926 monimum
2061 2889 2166 2938 quod
2186 2889 2390 2939 episeopus
2418 2891 2458 2928 in
2485 2891 2597 2931 euius
2619 2873 2819 2928 mi

2643 3085 2672 3108 D.
2686 3091 2732 3114 55²·

2618 3269 2734 3298 ’9.589.

2850 4037 2852 4039 ,
2854 3921 2860 3952 .-
2852 3832 2860 3836 =
2848 3533 2860 3825 m-—n—AQ
2849 3505 2860 3532 Aa
