2860 4244
42 1769 83 1806 ,ῥ’
94 1768 164 1794 Vere.
176 1775 230 1800 3¹·.

47 1870 62 1910 j⁴
70 1867 83 1881 ⁴·
96 1867 165 1892 Vm.
177 1872 203 1896 9.

69 2193 151 2245 han.
167 2191 284 2222 named„

73 2297 157 2321 ⁸016.

46 2339 47 2342 Ἴ
73 2350 202 2390 ’Vns-'5-

43 2539 46 2542 ,
73 2510 151 2561 2¹th-
171 2510 288 2540 maced-2

44 2611 288 2720 ‘',ffiffitoeoppi

43 2843 55 2852 .
76 2825 182 2857 ξω.
193 2833 288 2856 etp-71,

50 2872 59 2890 ,ἲ
76 2858 136 2877 m.
151 2859 182 2876 η.

238 419 245 427 ·
307 395 405 432 libro
443 395 718 432 Sententiarum
749 394 928 442 Prospera·
944 393 981 430 *z
1018 394 1196 430 Fideliter
1230 394 1366 443 suppli·
1392 396 1393 441 j

920 209 1186 256 QUAESTIO
1217 210 1428 258 LXXXIII,
1457 209 1756 247 ARTICULUS
1785 209 1871 246 XVI

309 290 445 327 mereri
462 289 581 327 vitam
601 297 807 336 aeternam,
836 301 915 326 non
933 296 1062 325 tamen
1090 296 1257 325 meretur
1275 289 1365 326 illud
1391 303 1393 316 ¹

308 342 479 380 obtinere
508 342 614 391 quod
644 342 748 391 petit.
791 341 902 379 Unde
931 340 1163 389 Augustinus
1193 341 1297 389 dicit,
1327 341 1366 378 in

309 459 399 485 cans
431 449 512 485 Deo
534 460 609 496 pro
644 447 918 484 necessitatibus
943 446 1053 483 huius
1083 447 1202 492 vitae,
1231 453 1268 483 et
1298 447 1367 483 mi-

307 501 545 537 sericorditer
559 501 721 546 auditur,
741 505 777 536 et
795 499 1085 536 misericorditer
1104 511 1178 536 non
1203 500 1365 536 auditur.
1392 519 1394 522 ·

313 553 413 595 Quid
438 554 537 590 enim
566 553 716 600 infirmo
744 552 790 588 sit
818 552 904 588 utile
931 552 1055 601 magis
1084 552 1187 588 nouit
1204 552 1367 588 medicus

309 617 423 654 quam
443 610 631 655 aegrotus.
664 605 713 641 Et
731 611 887 652 propter
904 604 979 640 hoc
996 604 1110 640 etiarn
1130 605 1270 641 Paulus
1290 617 1368 641 non

311 666 366 695 est
395 658 596 706 exauditus
630 664 763 705 petens
797 656 969 693 amoveri
1004 657 1199 694 stimulum
1233 657 1367 704 carnis,

309 711 398 759 quia
424 722 503 747 non
532 709 767 758 expediebat.
784 729 808 736 -
829 709 869 746 Si
896 721 990 746 vero
1024 709 1062 747 id
1091 710 1196 758 quod
1232 710 1370 758 petitur

309 763 356 800 sit
382 763 471 799 utile
490 763 538 800 ad
561 762 834 799 beatitudinem
853 762 1029 809 hominis,
1050 763 1158 811 quasi
1179 762 1369 812 pertinens

309 815 359 853 ad
378 815 458 852 eius
477 815 648 861 salutem,
669 821 836 852 meretur
854 814 945 852 illud
963 827 1042 852 non
1061 816 1186 852 solum
1206 814 1367 861 orando,

308 868 376 905 sed
405 868 520 905 etiam
541 868 614 904 alia
642 867 745 905 bona
764 880 882 917 opera
910 867 1098 906 faciendo.
1127 869 1177 905 Et
1202 867 1290 904 ideo
1315 867 1368 903 in-

310 921 525 958 dubitanter
544 920 679 969 accipit
707 920 811 969 quod
839 920 946 969 petit,
978 921 1046 957 sed
1073 920 1228 968 quando
1258 919 1372 956 debet

309 973 502 1023 accipere:
532 975 717 1023 quaedam
751 974 850 1010 enim
887 986 961 1010 non
999 978 1207 1022 negantur,
1235 971 1301 1008 sed
1333 978 1372 1008 ut

309 1038 481 1077 congruo
502 1027 636 1064 dentur
663 1032 839 1075 tempore,
859 1025 1097 1075 differuntur,
1126 1032 1167 1062 ut
1193 1024 1370 1072 Augusti-

310 1092 381 1117 nus
402 1080 500 1127 dicit,
519 1092 633 1129 super
649 1081 758 1116 Ioan.
781 1079 801 1100 *
818 1099 843 1106 -
873 1078 990 1124 Quod
1010 1086 1139 1115 tamen
1157 1085 1283 1127 potest
1301 1077 1371 1114 im·
1396 1085 1398 1092 ·

308 1133 441 1182 pediri,
465 1133 497 1170 si
523 1133 561 1170 in
589 1132 755 1181 petendo
784 1143 863 1168 non
881 1138 1112 1180 perseveret.
1143 1131 1192 1168 Et
1215 1138 1371 1179 propter

308 1186 384 1223 hoc
404 1186 492 1223 dicit
511 1185 670 1222 Basilius
691 1185 729 1221 *ε
759 1185 850 1221 Ideo
874 1184 1098 1233 quandoque
1119 1184 1223 1232 petis„
1233 1189 1268 1220 et
1295 1196 1369 1221 non

308 1239 457 1287 accipis,
473 1239 562 1287 quia
574 1249 779 1287 perperam
793 1237 1000 1286 postulasti,
1017 1237 1076 1274 vel
1099 1237 1296 1286 infideliter
1313 1237 1373 1274 vel
1397 1257 1399 1277 ;

2405 221 2480 257 209

1418 289 1567 335 leuiter,
1596 289 1657 325 vel
1683 300 1758 325 non
1795 288 2028 337 conferentia
2057 287 2140 333 tibi,
2170 287 2231 324 vel
2262 288 2435 324 destitisti.
2456 308 2479 315 -

1420 341 1521 389 Quia
1548 354 1642 378 vero
1677 342 1797 378 homo
1834 353 1913 378 non
1940 348 2065 390 potest
2093 339 2154 377 alii
2191 340 2329 377 mereri
2362 341 2481 377 vitam

1420 402 1614 431 aeternam
1650 406 1696 430 ex
1734 394 1944 442 condigno,
1973 401 2015 430 ut
2053 405 2168 442 supra
2188 394 2208 415 ’¹‘
2236 393 2378 430 dictum
2409 401 2482 440 est;
2511 399 2520 409 “

1392 480 1394 485 .
1419 447 1507 483 ideo
1536 459 1605 495 per
1631 459 1872 495 consequens
1900 458 1971 484 nec
1999 459 2044 483 ea
2063 458 2163 495 quae
2191 446 2241 483 ad
2273 446 2391 483 vitam
2421 458 2482 482 ae—

1420 507 1567 536 ternam
1587 499 1775 547 pertinent
1794 507 1918 548 potest
1936 499 2142 548 aliquando
2167 499 2301 548 aliquis
2322 511 2366 536 ex
2395 511 2483 535 con—

1422 551 1535 599 digno
1560 552 1663 588 alteri
1693 553 1842 589 mereri.
1872 554 1921 589 Et
1939 560 2095 601 propter
2121 553 2196 589 hoc
2225 564 2302 589 non
2332 564 2485 600 semper

1422 604 1481 640 ille
1520 603 1670 640 auditur
1698 605 1763 653 qui
1798 617 1870 654 pro
1899 605 1971 642 alio
2001 613 2100 652 orat,
2130 612 2171 641 ut
2198 617 2314 653 supra
2331 605 2351 626 ’¹‘
2378 604 2485 641 habi-

1422 664 1503 693 tum
1532 664 1598 692 est.

1475 709 1525 744 Et
1551 708 1639 745 ideo
1668 717 1865 757 ponuntur
1884 717 2049 758 quatuor
2068 710 2316 757 conditiones,
2347 711 2484 759 quibus

1422 761 1749 809 concurrentibus,
1770 775 1924 811 semper
1943 763 2077 811 aliquis
2099 763 2275 812 impetrat
2294 763 2398 812 quod
2419 776 2484 813 pe-

1421 813 1479 850 tit:
1507 820 1548 850 ut
1568 813 1708 850 scilicet
1720 826 1795 862 pro
1823 827 1863 851 se
1882 823 1996 864 petat,
2018 817 2227 853 necessaria
2247 817 2298 853 ad
2313 816 2482 862 salutem,

1418 867 1482 914 pie
1510 873 1546 902 et
1567 873 1865 914 perseueranter.

1476 920 1535 954 AD
1550 930 1711 956 TERTtUM
1731 931 1915 957 mCENDUM
1935 920 2040 968 quod
2060 921 2179 957 oratio
2199 921 2367 958 innititur
2385 922 2487 970 prin-

1424 970 1593 1020 cipaliter
1621 971 1711 1008 fidei
1749 985 1827 1009 non
1857 980 2043 1020 quantum
2081 973 2129 1010 ad
2158 974 2367 1011 efficaciam
2407 987 2486 1011 me-

1423 1024 1543 1071 rendi,
1566 1024 1655 1072 quia
1683 1025 1736 1061 sic
1761 1025 1930 1062 innititur
1953 1025 2208 1074 principaliter
2228 1027 2388 1064 caritati:
2419 1029 2486 1065 sed

1424 1085 1609 1126 quantum
1639 1077 1688 1114 ad
1717 1078 1927 1115 efficaciam
1957 1078 2195 1127 impetrandi.
2227 1080 2327 1126 Quia
2354 1092 2422 1128 per
2443 1081 2487 1117 fi-

1426 1131 1516 1168 dem
1530 1131 1660 1178 ⁴habet
1678 1131 1796 1168 homo
1817 1131 1989 1168 notitiam
2017 1131 2316 1180 omnipotentiae
2337 1132 2486 1170 divinae

1425 1191 1461 1220 et
1489 1184 1783 1232 misericordIae‚
1807 1196 1851 1221 ex
1872 1184 2011 1232 quibus
2040 1185 2160 1221 oratio
2189 1185 2364 1234 impetrat
2383 1186 2487 1234 quod

1424 1244 1526 1285 pent.

994 1397 1311 1440 ARTICULUS
1353 1397 1833 1453 SEXTUSDECIMUS·

737 1491 893 1522 UTRUM
916 1489 1202 1521 PECCATORES
1226 1490 1409 1521 ORANDO
1436 1490 1690 1521 IMPETRENT
1713 1490 1892 1527 ALIQUID
1917 1493 1947 1520 A
1969 1491 2059 1522 1)Εο

500 1571 576 1600 Infra,
595 1578 640 1604 qu.
659 1577 776 1601 cuxvxu,
796 1575 843 1595 art.
863 1577 888 1600 2,
907 1570 939 1594 ad
962 1577 970 1594 1
981 1577 989 1600 ;
1009 1570 1040 1595 111
1061 1570 1137 1594 Cont.
1158 1571 1245 1599 Gent„
1265 1577 1320 1602 cap.
1339 1576 1412 1600 xcv13

344 1664 406 1703 323.
427 1667 435 1682 s
447 1677 495 1707 Ἢ
521 1662 544 1687 1)
559 1661 864 1692 snxruunEcmuM
879 1661 932 1687 s1c
949 1661 1190 1687 pnocnmrua.
1210 1649 1371 1687 Videtur

344 1690 626 1761 5³³³}ss
652 1710 873 1752 peccatores
899 1705 1045 1740 orando
1066 1715 1144 1740 non
1169 1703 1372 1751 impetrent

331 1755 449 1805 xva
466 1759 492 1797 ’6,
523 1756 663 1805 aliquid
689 1768 711 1793 a
729 1757 827 1793 Deo.
856 1756 1000 1793 Dicitur
1026 1755 1128 1793 enirn
1158 1757 1261 1793 Ioan.
1284 1755 1370 1793 lx*:

332 1802 339 1809 ’
369 1799 514 1842 35⁴&
523 1810 669 1846 Scimus
688 1810 777 1858 quia
797 1815 1015 1858 peccatores
1032 1811 1138 1846 Deus
1155 1821 1230 1846 non
1254 1809 1369 1846 audit.

310 1862 427 1911 Quod
448 1870 633 1899 consonat
653 1862 687 1899 ei
707 1862 812 1911 quod
832 1862 967 1899 dicitur
980 1863 1094 1899 Ρνον.
1109 1874 1218 1899 xxvm
1233 1861 1270 1899 *z
1300 1862 1375 1904 Qui

309 1916 471 1954 declinat
495 1927 608 1952 aures
634 1927 723 1952 suas
751 1927 798 1952 ne
824 1916 955 1952 audiat
981 1916 1115 1966 legem,
1144 1915 1265 1952 oratio
1293 1916 1372 1952 eius

310 1970 382 2006 erit
397 1969 639 2006 execrabilis:
668 1968 789 2005 oratio
810 1976 935 2005 autem
962 1968 1180 2006 execrabilis
1204 1981 1283 2005 non
1302 1968 1372 2005 im-

309 2029 433 2071 petrat
460 2021 602 2070 aliquid
631 2034 653 2058 a
680 2023 778 2059 Deo.
813 2022 915 2070 Ergo
944 2030 1164 2071 peccatores
1197 2034 1276 2059 non
1305 2022 1372 2058 im-

310 2082 460 2125 petrant
487 2074 626 2124 aliquid
655 2086 677 2111 a
704 2075 802 2112 Deo.

366 2139 401 2165 2.
423 2129 656 2174 PRAETEREA‚
685 2127 772 2165 iusti
790 2128 994 2176 impetrant
1013 2140 1035 2165 a
1053 2129 1139 2164 Deo
1158 2128 1247 2165 illud
1268 2127 1374 2177 quod

311 2188 517 2229 merentur,
537 2189 580 2218 ut
598 2193 713 2229 supra
725 2180 746 2202 ’¹‘
765 2181 939 2218 habitum
961 2187 1026 2218 est.
1056 2180 1134 2218 Sed
1153 2184 1374 2230 peccatores

312 2234 404 2272 nihil
422 2242 584 2284 possunt
602 2234 761 2271 mereri:
791 2234 881 2283 quia
899 2234 1018 2282 gratia
1039 2243 1176 2280 carent,
1203 2242 1239 2271 et
1258 2234 1373 2271 etiam

313 2287 478 2336 caritate,
495 2300 593 2337 quae
609 2294 664 2324 est
676 2287 795 2324 uirtus
809 2287 969 2336 pietatis,
985 2294 1026 2324 ut
1039 2287 1128 2325 dicit
1143 2288 1280 2325 Glossa
1293 2286 1324 2334 *‚
1342 2288 1373 2323 ΙΙ

312 2341 364 2378 ad
385 2341 479 2378 Tim.
501 2353 549 2388 111,
579 2353 693 2389 super
721 2340 812 2377 illud
831 2340 862 2388 ²¹²,
894 2341 1089 2377 Habentes
1117 2341 1265 2389 quidem
1295 2352 1375 2389 spe-

313 2394 407 2432 ciem
429 2394 590 2442 pietatis,
610 2394 783 2431 virtutem
803 2399 928 2430 autem
956 2394 1034 2430 eius
1061 2394 1291 2443 abnegantes
1298 2407 1312 2438 ;
1341 2401 1376 2430 et

312 2447 364 2484 ita
392 2459 471 2484 non
498 2447 561 2496 pie
590 2454 710 2494 orant,
741 2448 845 2495 quod
875 2446 1075 2495 requiritur
1099 2446 1147 2484 ad
1175 2447 1250 2484 hoc
1270 2446 1375 2495 quod

314 2500 435 2538 oratio
454 2499 639 2549 impetret,
659 2507 702 2536 ut
720 2512 835 2549 supra
853 2499 874 2521 ’¹‘
902 2499 1044 2536 dictum
1066 2508 1131 2536 est.
1162 2501 1264 2548 Ergo
1288 2511 1375 2548 pec-

315 2560 461 2591 catores
489 2553 578 2590 nihil
609 2553 812 2602 impetrant
840 2553 999 2590 orando.

370 2607 405 2644 3.
417 2607 650 2653 ΡΜΕΤΕΒΕΑ,
663 2607 960 2655 Chrysostomus
971 2605 1070 2652 dicit,
1080 2605 1376 2654 superMatth.*:

314 2659 428 2696 Pater
446 2671 521 2696 non
545 2660 701 2697 libenter
719 2659 875 2696 exaudit
897 2659 1105 2696 orationem
1125 2671 1239 2707 quam
1258 2659 1376 2695 Filius

315 2725 390 2749 non
410 2712 570 2749 dictavit.
592 2713 668 2750 Sed
685 2712 721 2749 in
737 2713 923 2750 Oratione
939 2724 1056 2761 quam
1073 2712 1245 2749 Christus
1261 2711 1376 2748 dicta-

314 2764 371 2802 vit
397 2764 552 2812 dicitur,
581 2765 735 2802 Dimitte
762 2765 867 2802 nobis
899 2765 1020 2802 debita
1048 2770 1194 2811 nostra,
1222 2764 1318 2801 sicut
1343 2770 1380 2801 et

316 2830 384 2855 nos
397 2818 613 2855 dimittimus
635 2818 860 2855 debitoribus
874 2818 1009 2854 nostris
1020 2817 1057 2854 *t
1082 2818 1188 2866 quod
1202 2824 1377 2866 peccato-

316 2883 376 2908 res
391 2883 470 2908 non
485 2868 634 2908 faciunt.
660 2871 763 2918 Ergo
778 2871 840 2908 vel
855 2871 1090 2908 mentiuntur
1102 2871 1178 2908 hoc
1196 2870 1375 2917 dicentes,

317 2931 354 2961 et
381 2924 434 2961 sie
462 2936 541 2961 non
577 2931 664 2961 sunt
693 2923 933 2961 exauditione
962 2923 1084 2971 digni:
1120 2924 1203 2970 vel,
1233 2923 1264 2959 si
1298 2935 1378 2960 non

317 2977 454 3023 dicant,
484 2989 562 3014 non
591 2976 854 3024 exaudiuntur,
884 2976 972 3025 quia
1001 2976 1165 3013 formam
1194 2976 1328 3013 orandi
1354 2988 1375 3012 a

317 3030 468 3067 Christo
497 3029 703 3067 institutam
732 3042 811 3067 non
839 3036 1004 3067 servant.

372 3083 447 3120 SED
476 3094 621 3120 CONTRA
649 3094 716 3120 EST
742 3083 849 3132 quod
875 3082 1108 3130 Augustinus
1137 3081 1236 3128 dicit,
1265 3093 1377 3130 super

316 3137 425 3173 Ioan.
445 3136 486 3173 *ε
521 3137 563 3173 Si
581 3141 799 3184 peccatores
827 3148 901 3173 non
930 3135 1128 3172 exaudiret
1152 3135 1267 3180 Deus,
1282 3135 1376 3183 sru-

315 3195 394 3226 stra
415 3189 642 3238 publicanus
667 3189 840 3226 dixisset:
877 3189 1059 3234 Domine,
1082 3188 1269 3237 propitius
1300 3193 1375 3224 esto

315 3243 411 3279 mihi
443 3243 646 3292 peccatori.
693 3242 743 3279 Et
779 3242 1077 3290 Chrysostomus
1116 3241 1223 3288 dicit,
1264 3252 1377 3290 super

315 3295 452 3333 Matth.
474 3295 512 3332 *ε
554 3295 683 3332 Omnis
710 3295 776 3343 qui
795 3295 888 3343 petit
914 3294 1068 3343 accipit.-
1096 3294 1197 3341 idest,
1215 3294 1294 3331 sive
1321 3294 1376 3330 iu-

315 3354 392 3385 stus
418 3349 464 3385 sit
489 3349 567 3385 sive
589 3353 778 3397 peccator.

370 3402 597 3439 Responmzo
634 3412 818 3438 mceunum
858 3399 962 3449 quod
998 3401 1037 3437 in
1064 3407 1265 3449 peccatore
1298 3399 1375 3437 duo

372 3515 398 3547 α)
418 3515 475 3540 hoc.
487 3529 507 3534 -
525 3515 551 3540 in
571 3515 619 3541 hoc
637 3515 707 3544 PDa,
727 3515 776 3540 hoc
795 3513 875 3539 modo
892 3514 924 3540 L.

458 3567 569 3592 Summe
587 3567 690 3592 Tumor.
707 3567 739 3591 D.
753 3566 868 3591 Tnomm
887 3565 920 3591 Τ.
934 3565 976 3589 Vl.

1433 1569 1475 1594 De
1493 1569 1562 1598 Por„
1583 1577 1627 1602 qu.
1645 1577 1679 1600 Vl,
1699 1574 1745 1594 art.
1764 1577 1789 1602 9,
1808 1570 1841 1594 ad
1861 1569 1874 1594 5
1881 1577 1888 1600 ;
1909 1570 1940 1594 In
1960 1570 2043 1599 Ioan„
2063 1578 2118 1602 cap.
2136 1578 2169 1600 ix,
2188 1571 2246 1596 lect.
2264 1578 2302 1595 111.

1424 1657 1511 1686 sunt
1539 1649 1837 1686 consideranda:
1877 1649 2015 1686 scilicet
2043 1657 2198 1697 natura,
2230 1663 2346 1699 quam
2377 1651 2491 1699 diligit

1426 1703 1552 1748 Deus;
1590 1709 1627 1739 et
1663 1703 1786 1750 culpa,
1825 1715 1942 1751 quam
1980 1702 2069 1739 odit.
2110 1703 2150 1740 Si
2188 1715 2276 1751 ergo
2314 1713 2492 1752 peccator

1427 1755 1575 1792 orando
1613 1755 1755 1804 aliquid
1788 1755 1881 1804 petit
1908 1755 2134 1804 inquantum
2167 1764 2366 1804 peccator,
2396 1757 2493 1794 idest

1427 1808 1641 1845 secundum
1672 1808 1904 1845 desiderium
1933 1809 2091 1857 peccati,
2121 1810 2196 1845 hoc
2216 1815 2233 1830 ‘²
2261 1821 2283 1845 a
2302 1811 2386 1846 Deo
2413 1822 2492 1847 non

1427 1862 1578 1899 auditur
1604 1873 1649 1897 ex
1675 1861 1954 1908 misericordia,
1984 1862 2052 1898 sed
2081 1862 2313 1910 quandoque
2343 1863 2493 1900 auditur

1427 1915 1477 1952 ad
1504 1914 1734 1962 vindictam,
1765 1914 1858 1951 dum
1896 1915 2002 1952 Deus
2034 1915 2215 1963 permittit
2248 1923 2490 1964 peccatorem

1427 1967 1553 2005 adhuc
1573 1968 1737 2016 amplius
1756 1980 1867 2005 ruere
1886 1967 1926 2005 in
1939 1975 2111 2016 peccata:
2132 1969 2236 2005 Deus
2257 1969 2359 2005 enim
2379 1981 2492 2017 quae-

1427 2022 1516 2058 dam
1541 2026 1656 2070 negat
1674 2021 1860 2069 propitius
1879 2032 1976 2069 quae
2003 2022 2171 2058 concedit
2195 2022 2324 2068 iratus,
2354 2030 2395 2058 ut
2413 2024 2491 2058 Au-

1428 2074 1600 2123 gustinus
1630 2074 1719 2111 dicit
1736 2073 1767 2110 ²¹⁸.

1482 2127 1709 2164 Orationem
1741 2139 1837 2164 vero
1871 2126 2081 2176 peccatoris
2118 2139 2164 2163 ex
2192 2128 2297 2164 bono
2332 2135 2491 2164 naturae

1430 2179 1616 2217 desiderio
1652 2180 1926 2229 procedentem
1964 2181 2071 2217 Deus
2108 2179 2233 2229 audit,
2271 2192 2350 2217 non
2383 2181 2492 2229 quasi

1430 2245 1475 2270 ex
1502 2232 1650 2280 iustitia,
1681 2233 1768 2282 quia
1795 2241 1975 2282 peccator
2002 2233 2077 2270 hoc
2104 2245 2183 2270 non
2211 2240 2391 2281 meretur,
2424 2234 2491 2271 sed

1430 2299 1475 2323 ex
1502 2298 1598 2335 pura
1627 2285 1909 2323 misericordia:
1939 2286 2151 2323 observatis
2179 2293 2308 2323 tamen
2328 2293 2493 2334 quatuor

1429 2339 1648 2388 praemissis
1662 2339 1682 2360 '¹‘
1702 2339 1994 2385 conditionibus,
2015 2347 2057 2376 ut
2076 2339 2213 2376 scilicet
2231 2352 2302 2389 pro
2318 2352 2358 2376 se
2377 2347 2491 2389 petat,

1429 2392 1643 2429 necessaria
1672 2392 1720 2429 ad
1748 2393 1920 2440 salutem,
1949 2392 2011 2441 pie
2041 2400 2076 2429 et
2104 2400 2404 2441 perseveranter.

1483 2447 1542 2482 AD
1571 2457 1709 2482 ptumum
1737 2457 1836 2482 ERGO
1873 2457 2058 2483 mcENDUM
2087 2446 2212 2493 quod,
2242 2446 2337 2482 sicut
2365 2448 2494 2494 Augu-

1431 2498 1549 2535 stinus
1571 2498 1670 2544 dicit⁷
1698 2510 1811 2547 super
1828 2500 1937 2535 Ioan.
1958 2499 1989 2545 *,
2019 2498 2111 2535 illud
2129 2500 2293 2536 verbum
2315 2506 2370 2535 est
2393 2499 2494 2536 caeci

1429 2552 1553 2588 adhuc
1580 2552 1731 2598 inuncti,
1761 2551 1857 2588 idest
1886 2552 2061 2589 nondum
2089 2552 2254 2600 perfecte
2283 2552 2492 2589 illuminati.

1431 2605 1480 2641 Et
1507 2604 1594 2641 ideo
1624 2617 1703 2641 non
1733 2613 1788 2641 est
1816 2612 1951 2641 ratum.
1973 2627 1997 2633 -
2027 2605 2215 2652 Quamvis
2251 2605 2370 2654 possit
2396 2606 2494 2643 veri-

1430 2658 1535 2694 ficari
1564 2658 1594 2694 si
1623 2657 1848 2705 intelligatur
1877 2658 1924 2695 de
1952 2665 2153 2706 peccatore
2181 2658 2405 2707 inquantum
2438 2666 2494 2696 est

1429 2718 1618 2760 peccator.
1660 2711 1734 2747 Per
1761 2723 1877 2760 quem
1917 2711 2029 2747 etiam
2065 2711 2226 2748 modurn
2264 2711 2383 2748 oratio
2414 2712 2493 2749 eius

1431 2763 1566 2800 dicitur
1595 2763 1825 2800 execrabilis.

1483 2819 1543 2855 AD
1558 2828 1748 2854 SECUNDUM
1764 2828 1948 2853 DlCENDUM
1963 2817 2068 2864 quod
2082 2824 2262 2865 peccator
2276 2829 2354 2854 non
2369 2824 2494 2867 potest

1429 2869 1491 2918 pie
1520 2881 1629 2906 orare
1659 2869 1766 2918 quasi
1795 2869 1875 2906 eius
1896 2869 2015 2906 oratio
2046 2881 2090 2905 ex
2118 2869 2250 2906 habitu
2269 2870 2414 2906 virtutis
2438 2870 2493 2907 in-

1430 2922 1627 2959 formetur.
1649 2923 1780 2958 Potest
1797 2929 1926 2959 tamen
1947 2921 2028 2959 eius
2049 2922 2169 2959 oratio
2191 2934 2272 2959 esse
2293 2922 2355 2971 pia
2375 2935 2493 2971 quan-

1430 2982 1512 3012 tum
1533 2974 1582 3012 ad
1610 2975 1686 3011 hoc
1713 2975 1817 3023 quod
1844 2975 1937 3023 petit
1964 2974 2107 3024 aliquid
2131 2975 2180 3012 ad
2209 2976 2389 3024 pietatem
2409 2989 2493 3025 per-

1430 3028 1570 3065 tinens:
1601 3028 1696 3065 sicut
1714 3028 1775 3064 ille
1795 3028 1860 3076 qui
1879 3039 1958 3066 non
1985 3028 2100 3065 habet
2123 3028 2296 3066 habitum
2319 3029 2491 3075 iustitiae,

1430 3088 1555 3130 potest
1590 3080 1732 3130 aliquid
1761 3081 1901 3118 iustum
1929 3081 2048 3128 velle,
2078 3089 2120 3118 ut
2159 3094 2202 3118 ex
2232 3082 2455 3131 supradictis
2474 3082 2494 3104 '¹‘

1431 3141 1544 3183 patet.
1575 3135 1624 3170 Et
1652 3134 1830 3183 quamvis
1860 3134 1939 3171 eius
1969 3134 2089 3171 oratio
2118 3147 2198 3171 non
2226 3135 2271 3172 sit
2290 3135 2492 3183 meritoria,

1432 3194 1557 3237 potest
1584 3194 1713 3224 tamen
1733 3199 1816 3224 esse
1845 3187 2101 3236 impetrativa:
2132 3187 2220 3235 quia
2243 3188 2420 3224 meritum
2439 3188 2493 3225 in-

1431 3240 1559 3277 nititur
1587 3239 1759 3288 iustitiae,
1790 3240 1857 3277 sed
1885 3240 2099 3289 impetratio
2119 3238 2135 3269 β
2161 3240 2314 3288 gratiae.

1483 3295 1543 3330 An
1562 3304 1723 3330 reanum
1752 3305 1936 3330 mei-:unum
1957 3293 2074 3342 quod,
2104 3293 2199 3330 sicut
2228 3293 2370 3330 dictum
2391 3301 2446 3330 est
2459 3293 2491 3340 ²⁸,
2521 3301 2531 3312 ·

1432 3346 1564 3383 Oratio
1589 3346 1794 3383 Dominica
1821 3347 2009 3395 profertur
2028 3358 2072 3382 ex
2100 3358 2265 3395 persona
2294 3347 2491 3383 communi

1431 3399 1544 3436 totius
1573 3399 1778 3436 Ecclesiae.
1809 3400 1858 3435 Et
1885 3399 1972 3436 ideo
2000 3398 2030 3435 si
2049 3398 2182 3448 aliquis
2210 3400 2345 3437 nolens
2369 3399 2494 3437 dimit-

1488 3512 1513 3546 β)
1533 3513 1696 3545 impetratio.
1708 3526 1727 3531 -
1747 3513 1872 3538 {nnititur
1890 3512 1987 3537 addunt
2006 3512 2059 3538 ΡΙ).

2320 3573 2351 3598 27

2555 398 2723 446 Igffiqumxiv,

2511 612 2520 621 ·
2531 610 2583 632 Art.
2594 615 2615 637 7,
2626 609 2654 631 ad
2666 615 2724 638 ²⁷3·

2518 2077 2529 2087 ⁸
2538 2076 2565 2097 In
2578 2076 2644 2097 Ioan.
2665 2080 2729 2098 tract.

2518 2102 2729 2128 LXXIIhDeVer-b.

2518 2129 2614 2150 Domini
2628 2135 2731 2150 sermon.

2519 2155 2730 2182 CCCLlV‚al.L111‚

2518 2187 2570 2210 cap.
2579 2188 2617 2204 vn.

2521 2348 2531 2358 ⁸
2546 2348 2599 2369 Art.
2616 2347 2730 2375 praeced„

2521 2373 2549 2395 ad
2564 2379 2585 2395 2.

2521 2506 2531 2516 ⁸
2544 2505 2622 2527 Tract.
2636 2505 2718 2527 XLIV.
