2860 4244
97 746 194 794 baum.
215 753 232 773 ι,
251 746 309 768 Tm

91 1725 100 1734 ·
106 1723 303 1752 intuso-amun.

88 1984 303 2020 'md-tm·-

1002 313 1269 359 QUAESTIO
1299 314 1434 361 XCIX,
1463 314 1760 351 ARTICULUS
1790 315 1841 350 lV

1428 392 1430 411 ἵ
1456 399 1502 422 est
1525 399 1631 422 sancta
1659 392 1766 432 quoad
1797 392 1858 422 hoc
1882 392 1970 432 quod
1999 401 2065 421 non
2097 398 2201 431 potest
2229 390 2340 420 subiici
2364 390 2519 430 'potestati

337 391 413 421 estis
429 396 566 430 propter
593 401 771 422 sermonem
799 401 892 432 quem
923 393 1048 422 locutus
1070 401 1140 421 sum
1171 392 1275 422 vobis:
1304 400 1332 422 et
1356 402 1401 422 re-

337 435 583 474 praesentativus
611 443 657 466 est
679 435 752 472 Dei,
778 435 859 466 sicut
887 445 991 466 sermo
1023 435 1161 465 hominis
1192 443 1403 476 repraesentat

336 478 512 510 hominem.
538 480 629 510 Unde
653 480 734 510 sicut
757 487 1026 510 sacramentorum
1052 487 1082 509 et
1105 480 1281 519 imaginum
1302 490 1400 511 sacra-

2444 314 2490 349 35
2502 325 2514 349 1

1456 436 1621 472 saeculam
1647 443 1677 466 et
1700 435 1842 466 similiter
1872 436 1962 466 locus
1986 436 2094 475 quoad
2118 435 2180 465 hoc
2210 435 2298 475 quod
2323 444 2387 464 non
2416 441 2520 474 potest

1427 483 1429 503 ἴ
1454 480 1497 510 ibi
1515 480 1631 510 extrahi
1647 480 1760 520 aliquis
1777 480 1942 515 violenter;
1960 487 1991 510 et
2005 479 2222 520 possessiones
2238 479 2395 509 Ecclesiae
2411 479 2519 518 quoad

336 533 408 553 rum
431 523 545 554 iniuria
570 524 663 554 estin
678 524 766 554 tertia
790 524 902 564 specie,
927 524 970 554 ita
992 523 1105 554 iniuria
1130 524 1226 554 divini
1241 525 1336 555 verbi.
1362 526 1402 555 Et
1427 517 1429 546 'r
1454 524 1516 554 hoc
1540 525 1629 565 quod
1652 534 1718 554 non
1745 531 1880 564 possunt
1910 524 2038 560 donari,
2069 531 2144 555 etc.:
2176 523 2200 553 si
2232 523 2303 564 quis
2332 522 2518 562 oppositum

335 574 441 598 tenere
456 567 580 598 videtur
596 568 737 608 primum
749 569 859 599 locum
875 577 948 608 post
964 576 1166 599 sacramenta.
1193 569 1258 599 Nec
1275 576 1401 608 oportet

335 612 368 642 in
391 612 493 642 littera
516 612 624 642 omnia
647 613 806 652 sacrilegia
830 619 1011 643 enumerata
1035 613 1181 652 intelligi:
1212 614 1265 643 sed
1290 621 1336 644 sat
1355 620 1401 643 est
1426 616 1428 652 j

1427 658 1428 662 ’
1454 664 1621 696 propterea
1633 664 1679 687 est
1694 657 1872 696 sacrilegus.
1891 657 1932 687 Et
1948 657 1973 687 si
1989 664 2022 687 tu
2040 657 2099 687 eris
2115 667 2240 687 mernor
2256 656 2415 686 doctrinae
2432 656 2518 685 habi-

336 663 367 687 et
390 656 509 696 species
533 664 564 687 et
586 657 720 696 gradus,
745 657 784 686 ad
808 667 887 697 quas
910 665 940 688 et
963 667 1046 698 quos
1071 657 1162 687 ceteri
1187 658 1398 693 reducuntur,

335 700 502 740 accepisse.

391 745 430 775 V.
453 745 505 775 Ad
527 744 655 775 tertium
686 744 820 774 dubium
835 742 851 759 *
875 745 988 775 dicitur
1011 746 1114 786 quod,
1138 745 1211 775 licet
1241 746 1272 775 in
1298 745 1400 775 littera

335 798 400 819 non
424 795 573 829 appareat
595 788 738 827 explicite
753 788 785 818 in
810 798 876 829 quo
901 790 1049 820 consistat
1069 789 1127 819 ista
1151 789 1311 820 diversitas
1335 789 1399 819 for-

335 832 436 869 malis,
459 833 583 863 videtur
605 840 711 863 tamen
735 833 892 863 insinuata
916 844 972 874 per
994 833 1061 874 ipsa
1084 835 1249 870 vocabula,
1274 841 1304 864 et
1327 843 1400 873 pro-

334 883 440 916 pterea
462 887 528 907 non
552 876 640 907 aliter
655 885 816 917 expressa:
842 885 877 908 ut
900 878 1016 908 scilicet
1041 878 1119 908 ratio
1138 887 1309 918 personae,
1327 878 1397 914 loci,

334 927 364 951 et
387 922 436 951 rei
458 928 494 952 ut
515 920 718 961 distinguitur
741 930 850 952 contra
867 932 1035 963 personam
1060 930 1090 953 et
1113 923 1232 958 locum,
1260 922 1399 952 diversae

333 964 463 995 rationis
487 965 683 997 sanctitatem
708 966 818 1007 exigat.
846 967 928 997 Nam
951 977 1084 1008 persona
1110 966 1306 997 sanctitatem
1329 975 1399 1006 per·
1426 994 1427 997 ,

333 1009 487 1045 sonalem,
508 1019 590 1050 quae
605 1009 781 1041 formaliter
803 1019 949 1042 sanctum
973 1011 1056 1046 facit,
1076 1018 1112 1041 ut
1127 1010 1304 1041 subiectum
1328 1019 1398 1039 san—
1426 1029 1427 1036 η

1425 1058 1427 1078 ³
1453 1055 1650 1094 sacrilegium
1677 1054 1886 1084 commissum
1917 1062 2025 1085 contra
2048 1055 2279 1086 Eucharistiam
2303 1062 2349 1086 est
2372 1055 2515 1095 gravissi-

333 1052 446 1084 etitatis
470 1054 578 1094 exigit;
607 1055 697 1085 locus
720 1065 805 1090 vero,
830 1061 867 1085 ut
890 1055 1090 1086 contentivus
1120 1063 1327 1095 personarum
1359 1053 1399 1082 ad

333 1097 478 1128 divinum
502 1099 641 1135 cultum,
666 1099 862 1130 sanctitatem
893 1100 1046 1139 exposcit;
1071 1109 1119 1129 res
1133 1104 1232 1134 vero,
1256 1098 1329 1128 licet
1352 1097 1398 1126 di-
1425 1130 1426 1135 ¹

332 1142 511 1173 versimode
541 1150 666 1174 sanctae
697 1144 773 1179 sint,
797 1143 830 1173 in
858 1144 920 1174 hoc
944 1153 1056 1174 ornnes
1085 1142 1280 1173 conveniunt
1309 1142 1397 1182 quod

331 1186 460 1217 relative
479 1194 604 1218 sanctae
626 1195 718 1224 sunt,
743 1188 794 1218 vel
817 1187 892 1228 quia
918 1193 1065 1218 sanctum
1087 1186 1218 1223 faciunt,
1242 1186 1292 1217 vel
1323 1186 1398 1226 quia

332 1231 372 1260 ad
396 1238 521 1262 sanctos
545 1232 741 1268 ordinantur,
765 1238 823 1262 etc.

387 1275 429 1313 Et
450 1276 589 1316 perrrhoc
619 1282 706 1316 patet
735 1275 900 1316 responsio
932 1275 971 1305 ad
995 1275 1225 1311 obiectionem,
1250 1275 1396 1315 negando

310 1316 420 1360 ‘duod
443 1319 483 1350 sit
505 1319 608 1350 maior
631 1319 792 1350 diversitas
808 1320 889 1350 inter
904 1320 1019 1359 gradus
1043 1320 1139 1350 unius
1162 1319 1277 1359 speciei
1299 1329 1397 1359 quam

330 1362 412 1394 inter
430 1363 559 1403 species.
584 1364 750 1401 Quoniam
765 1364 846 1394 sicut
868 1364 949 1394 inter
964 1364 1074 1394 locum
1096 1371 1126 1394 et
1149 1363 1336 1394 relationem
1351 1369 1398 1394 est

330 1406 490 1439 distinctio
512 1408 666 1448 gemetica,
682 1418 749 1439 non
770 1406 975 1439 autem'inter
996 1408 1165 1439 relationes
1184 1408 1266 1438 inter
1280 1417 1328 1444 se;
1353 1407 1397 1438 sic

329 1451 412 1483 inter
427 1453 624 1484 sanctitatem
646 1453 783 1484 localem
799 1460 830 1483 et
853 1452 1025 1483 relativam.
1050 1453 1098 1483 De
1114 1452 1272 1493 personali
1288 1459 1396 1482 autem

329 1496 496 1527 manifesta
520 1504 567 1528 est
589 1497 737 1528 distantia
754 1507 819 1527 non
835 1498 941 1527 solum
964 1497 1117 1537 generica,
1134 1497 1189 1526 sed
1205 1496 1301 1526 etiam
1321 1496 1397 1537 quia
1422 1513 1424 1519 ι

330 1541 398 1572 sola
421 1551 558 1581 persona
581 1548 627 1572 est
650 1541 834 1582 simpliciter
849 1549 879 1572 et
895 1541 1039 1572 absolute
1058 1548 1174 1576 sancta,
1192 1540 1273 1571 sicut
1289 1541 1395 1571 solum

329 1585 448 1616 animal
471 1593 518 1616 est
540 1585 722 1626 simpliciter
745 1593 776 1616 et
804 1586 948 1616 absolute
976 1594 1106 1615 sanum:
1131 1592 1162 1615 et
1188 1591 1289 1615 cetera
1321 1592 1396 1615 sunt
1422 1625 1423 1628 Ἴ

330 1637 439 1661 sancta
462 1630 638 1661 secundum
658 1630 747 1671 quid,
771 1629 852 1661 sicut
882 1637 983 1660 cetera
1012 1636 1086 1660 sunt
1115 1639 1190 1659 sana
1217 1629 1395 1659 secundum

329 1674 418 1715 quid.
434 1692 453 1698 -
477 1676 520 1705 At
535 1674 560 1704 si
583 1674 677 1705 alicui
692 1675 769 1704 haec
785 1683 851 1704 non
868 1673 1073 1709 satisfaciunt,
1090 1673 1230 1703 inveniat
1251 1673 1394 1704 meliora.

384 1718 438 1750 VI.
461 1719 513 1749 Ad
535 1725 685 1759 quartum
707 1717 843 1749 dubium
861 1717 879 1737 *
901 1717 1015 1748 dicitur
1033 1718 1136 1759 quod,
1160 1717 1233 1748 licet
1256 1717 1395 1748 diversae

328 1763 506 1794 sanctitates
531 1762 625 1793 unius
651 1772 804 1803 personae
833 1772 871 1792 ex
903 1762 1034 1792 diversis
1058 1761 1160 1792 causis
1190 1761 1394 1802 proveniant,
1422 1775 1423 1782 ¹

328 1814 406 1847 puta
428 1817 466 1838 ex
488 1814 584 1844 voto,
609 1817 645 1838 ex
669 1806 796 1843 ordine,
821 1813 893 1843 etc.;
919 1816 1032 1837 omnes
1062 1814 1168 1837 tamen
1201 1806 1397 1837 conveniunt

327 1851 360 1883 in
383 1851 447 1883 hoc
469 1851 556 1892 quod
582 1851 762 1892 personales
787 1858 870 1882 sunt.
901 1851 943 1882 Et
965 1858 1132 1891 propterea
1162 1851 1257 1881 unius
1280 1851 1396 1890 speciei

328 1895 527 1936 sacrilegium
551 1895 700 1926 constitui
724 1895 848 1931 dicitur,
868 1905 1091 1936 quaecumque
1118 1895 1265 1926 sanctitas
1288 1905 1396 1935 perso·
1422 1934 1423 1939 1

328 1938 388 1972 nae
410 1940 558 1972 violetur.

385 1985 450 2016 VII.
475 1985 526 2015 Ad
556 1983 708 2024 quintum
738 1977 874 2014 dubium
888 1983 906 2003 *
929 1983 1042 2014 dicitur
1073 1984 1162 2024 quod
1193 1983 1274 2015 sicut
1304 1993 1396 2023 agere
1421 1982 1423 2006 ἲ

307 2050 310 2053 <
327 2036 438 2060 contra
452 2029 670 2059 iuramentum
684 2035 731 2059 est
747 2028 854 2059 solum
869 2028 980 2064 facere,
995 2028 1046 2058 vel
1061 2028 1141 2058 velle
1158 2027 1270 2064 facere,
1287 2036 1397 2059 contra
1422 2039 1424 2068 ᾗ

327 2073 409 2106 illud
431 2074 521 2114 quod
544 2073 724 2104 iuramento
740 2072 902 2104 firmatum
918 2079 978 2109 est;
999 2079 1030 2103 et
1052 2072 1194 2103 similiter
1217 2083 1308 2113 agere
1325 2083 1399 2103 con-

327 2124 375 2148 tra
395 2124 511 2148 votum
534 2124 580 2149 est
607 2117 807 2148 committere
837 2117 1036 2158 oppositum,
1059 2117 1110 2148 vel
1140 2117 1287 2148 omittere
1316 2117 1397 2149 illud
1422 2133 1423 2158 3

328 2162 418 2203 quod
440 2169 518 2193 voto
540 2161 703 2193 firmatum
727 2169 788 2192 est:
813 2161 856 2192 ita
871 2171 961 2202 agere
986 2168 1094 2192 contra
1118 2162 1315 2192 sanctitatem
1340 2161 1395 2192 ali·
1422 2167 1424 2203 ῖς

327 2216 427 2247 quam
451 2213 497 2237 est
512 2207 670 2237 incurrere
685 2206 863 2237 voluntarie
881 2206 914 2236 in
938 2206 1018 2236 illud
1034 2206 1074 2236 ad
1093 2206 1183 2237 cuius
1203 2205 1396 2237 contrarium

327 2250 411 2282 inest
433 2251 579 2282 sanctitas
602 2250 664 2282 ina.
684 2250 781 2282 Verbi
804 2250 919 2291 gratia,
944 2259 1080 2290 persona
1104 2250 1272 2282 cuiuslibet
1296 2250 1398 2281 clerici
1422 2264 1425 2291 ’ἦ

1426 577 1429 599 z
1454 568 1556 605 faciat,
1574 568 1742 608 sacrilegus
1766 576 1820 599 est.
1845 568 1877 599 Si
1896 569 1967 609 quis
1989 575 2095 599 autem
2118 567 2238 608 aliquid
2261 567 2357 603 aliud,
2373 567 2518 607 quamvis

1453 613 1549 652 longe
1573 613 1678 653 peius,
1703 613 1810 649 faciat,
1836 620 1871 643 ut
1901 613 1926 643 si
1951 613 2080 643 clericus
2112 612 2326 652 blasphemet,
2352 619 2426 647 etc.,
2452 621 2516 641 non

1453 707 1502 731 tae
1518 701 1549 730 in
1567 701 1763 740 praecedenti
1781 701 1876 731 Libro
1893 699 1918 737 *‚
1935 702 2054 732 videbis
2070 702 2159 742 quod
2174 700 2250 731 iuris
2265 700 2392 741 positivi
2408 707 2517 730 aucto-

1454 745 1543 775 ritate
1563 752 1669 784 potest
1695 746 1733 775 de
1757 752 1827 775 actu
1850 746 1905 786 qui
1929 746 2028 776 modo
2052 753 2098 776 est
2121 745 2319 785 sacrilegium
2349 744 2416 774 fieri
2438 754 2517 774 non-

1453 789 1660 828 sacrilegium,
1674 797 1709 819 ut
1722 789 1746 819 si
1762 790 1900 820 Ecclesia
1917 797 2064 820 statueret
2079 790 2168 830 quod
2183 790 2290 820 nullus
2306 789 2466 819 homicida
2482 799 2519 819 ex

1453 833 1620 873 proposito
1638 834 1807 864 salvaretur
1822 834 1854 864 in
1870 835 2018 864 ecclesia:
2044 842 2074 864 et
2094 844 2110 864 e
2135 841 2241 865 contra
2262 841 2367 873 potest
2383 834 2421 864 de
2438 843 2517 863 non-

1453 877 1614 916 sacrilegio
1647 877 1746 908 facere
1771 878 1978 918 sacrilegium,
1996 886 2031 908 ut
2055 879 2080 908 si
2103 878 2243 909 Ecclesia
2266 885 2415 909 statueret
2428 878 2518 918 quod

1458 929 1634 952 nocturnus
1662 922 1835 961 populator
1865 930 1946 953 esset
1969 923 2074 953 salvus
2103 923 2136 952 in
2160 922 2299 953 ecclesia.
2341 922 2518 954 Substernit

2546 706 2554 713 '
2571 704 2618 753 Ἣ.
2633 710 2695 729 xcvi,
2715 709 2755 726 art.

2544 738 2568 757 4,
2606 736 2718 753 omment.
2733 738 2755 753 n.

2544 764 2566 779 V.

1454 976 1592 1006 namque
1616 966 1665 995 lex
1689 974 1776 996 actus
1803 966 1971 996 virtutibus
1994 967 2044 997 vel
2066 967 2164 1003 vitiis,
2190 974 2225 997 ut
2247 966 2291 997 ibi
2315 966 2435 998 dictum
2459 974 2514 998 est.
2538 990 2543 994 .

1509 1010 1591 1040 V111.
1616 1010 1667 1040 Ad
1691 1017 1814 1040 sextum
1837 1011 1971 1040 dubium
1986 1011 2003 1030 *
2026 1011 2140 1041 dicitur
2163 1012 2251 1052 quod
2275 1012 2387 1051 procul
2417 1010 2515 1041 dubio

1452 1109 1543 1129 mum
1568 1098 1716 1128 omnium
1740 1098 1990 1137 sacrilegiorum:
2016 1100 2170 1138 quoniam
2198 1107 2244 1130 est
2267 1099 2382 1130 directe
2406 1108 2515 1131 contra

1451 1143 1555 1183 ipsam
1578 1142 1810 1173 humanitatem
1834 1142 1951 1173 Christi
1975 1150 2157 1173 contentam
2179 1144 2212 1173 in
2228 1151 2424 1174 sacramento
2446 1144 2514 1174 illo.

1452 1188 1545 1218 Unde
1568 1187 1693 1227 gravius
1717 1187 1916 1227 sacrilegium
1940 1194 1985 1217 est
2007 1187 2148 1217 iniuriari
2180 1188 2394 1218 Eucharistiae
2417 1198 2515 1228 quam

1424 1232 1425 1235 ’
1452 1231 1594 1262 occidere
1618 1232 1748 1271 Papam.
1773 1231 1813 1262 Et
1837 1231 1908 1267 hoc,
1928 1231 2091 1271 loquendo
2112 1233 2150 1262 de
2166 1233 2315 1271 gravitate
2335 1233 2453 1272 peccati
2479 1243 2515 1262 ex

1452 1286 1508 1306 sua
1525 1276 1644 1317 specie:
1670 1283 1705 1306 ut
1728 1275 1823 1306 etiam
1847 1275 1942 1306 habes
1967 1286 1984 1305 a
2008 1283 2116 1306 sancto
2140 1276 2282 1312 Thoma,
2307 1277 2338 1306 in
2357 1277 2397 1306 ΙΙΙ
2414 1274 2514 1312 Parte,

1451 1331 1505 1362 qu.
1530 1330 1619 1356 Lxxx,
1644 1327 1699 1351 art.
1727 1321 1756 1350 5.

1507 1365 1559 1395 IX.
1586 1365 1637 1395 Ad
1666 1364 1838 1404 septimum
1869 1364 2003 1394 dubium
2026 1364 2044 1383 *
2074 1364 2188 1395 dicitur
2218 1365 2307 1405 quod
2337 1365 2515 1404 percutiens

1450 1408 1682 1439 Eucharistiam
1707 1419 1773 1438 non
1798 1415 1844 1439 est
1867 1409 2171 1439 excommunicatus.
2202 1409 2243 1439 Et
2266 1409 2345 1439 ratio
2370 1417 2416 1439 est
2440 1409 2515 1450 quia

1450 1453 1512 1483 hoc
1532 1453 1741 1493 sacrilegium,
1767 1460 1802 1484 ut
1825 1453 1858 1482 in
1880 1453 1982 1483 littera
1997 1452 2015 1470 ⁴*
2039 1459 2133 1493 patet,
2159 1463 2225 1483 non
2249 1460 2295 1483 est
2310 1460 2419 1484 contra
2444 1463 2514 1483 san-

1451 1497 1590 1528 ctitatem
1614 1507 1777 1537 personae,
1802 1497 1857 1526 sed
1881 1504 1989 1527 contra
2013 1498 2210 1529 sanctitatem
2234 1497 2287 1528 rei.
2304 1497 2515 1537 Distinguitur

1450 1541 1536 1572 enim
1560 1541 1663 1581 specie
1687 1541 1719 1571 in
1743 1541 1845 1572 littera
1869 1541 2068 1581 sacrilegium
2092 1548 2199 1572 contra
2224 1542 2422 1573 sanctitatem
2444 1552 2514 1582 per-

1450 1596 1547 1616 sonae
1571 1596 1588 1615 a
1617 1585 1778 1625 sacrilegio
1810 1592 1920 1616 contra
1949 1586 2148 1618 sanctitatem
2166 1586 2225 1616 rei:
2258 1593 2288 1616 et
2315 1587 2514 1627 sacrilegium

1450 1637 1559 1660 contra
1582 1629 1814 1660 Eucharistiam
1828 1630 1959 1669 ponitur
1974 1630 2007 1659 in
2030 1630 2133 1671 specie
2149 1630 2300 1670 sacrilegii
2320 1638 2428 1662 contra
2443 1641 2514 1661 san—

1450 1675 1588 1705 ctitatem
1621 1674 1674 1704 rei.
1705 1674 1746 1704 Et
1769 1674 1848 1704 ratio
1872 1674 1968 1704 huius
1999 1682 2045 1705 est
2068 1674 2142 1715 quia
2171 1685 2286 1715 corpus
2310 1675 2428 1706 Christi
2447 1685 2513 1706 non

1449 1726 1496 1749 est
1518 1718 1552 1749 in
1575 1717 1772 1748 Eucharistia
1788 1728 1844 1758 per
1867 1718 2003 1748 modum
2022 1719 2181 1758 corporis:
2206 1726 2241 1749 ut
2262 1719 2392 1750 inferius
2415 1719 2447 1750 in
2473 1719 2512 1750 111

1450 1763 1539 1793 Parte
1555 1760 1570 1777 ”⁸
1593 1770 1688 1803 patet,
1714 1769 1744 1792 et
1766 1762 1800 1792 in
1824 1762 1866 1792 IV
1889 1762 2030 1793 Sentent.
2045 1763 2080 1782 **

1504 1807 1556 1837 Ad
1579 1806 1792 1837 obiectionem
1822 1816 1896 1846 ergo
1921 1807 1953 1837 in
1978 1807 2166 1847 oppositum
2189 1807 2303 1838 dicitur
2332 1808 2421 1848 quod
2445 1808 2512 1838 vio-

1448 1851 1546 1882 lentia
1567 1851 1600 1881 in
1625 1861 1741 1891 corpus
1765 1851 1893 1887 Christi,
1913 1852 1954 1881 ad
1977 1851 2039 1881 hoc
2062 1852 2151 1891 quod
2167 1852 2206 1882 sit
2222 1851 2421 1891 sacrilegium
2444 1862 2513 1892 per-

1449 1896 1568 1931 sonale,
1593 1902 1720 1936 oportet
1743 1896 1831 1936 quod
1855 1894 2006 1926 inferatur
2021 1895 2147 1936 corpori
2170 1895 2287 1927 Christi
2303 1906 2359 1936 per
2378 1897 2514 1926 modum

1450 1940 1592 1980 corporis
1617 1939 1776 1970 existenti:
1801 1949 1867 1980 quo
1890 1940 1991 1970 modo
2015 1950 2082 1970 non
2106 1947 2152 1971 est
2175 1940 2208 1970 in
2232 1947 2439 1977 sacramento,
2459 1942 2514 1971 sed

1449 1985 1482 2015 in
1507 1984 1609 2015 coelo.
1634 1984 1794 2014 Violentia
1823 1984 1910 2015 enim
1933 1994 2015 2025 quae
2038 1984 2171 2015 infertur
2193 1985 2221 2015 ei
2245 1985 2278 2015 in
2301 1985 2513 2021 Eucharistia,

1448 2029 1582 2059 infertur
1604 2028 1736 2068 quidem
1760 2028 1886 2069 corpori
1911 2028 2039 2065 Christi,
2059 2039 2126 2059 non
2139 2039 2195 2068 per
2210 2029 2346 2060 modum
2361 2030 2513 2070 corporis,

1450 2074 1504 2104 sed
1528 2083 1584 2113 per
1607 2073 1744 2104 modum
1767 2073 1811 2103 rei
1826 2073 1945 2103 velatae
1969 2073 2028 2103 sub
2045 2073 2209 2113 speciebus
2225 2074 2513 2104 sacramentalibus.

1450 2118 1490 2149 Et
1515 2124 1682 2157 propterea
1705 2127 1771 2148 non
1790 2117 1913 2148 inducit
1932 2118 2297 2149 excommunicationem
2319 2119 2416 2149 latam
2440 2129 2514 2149 con-

1449 2169 1496 2193 tra
1519 2161 1700 2202 personales
1723 2161 1853 2192 iniurias
1877 2172 2036 2192 sacrarum
2059 2172 2278 2202 personarum.

1506 2206 1546 2237 Et
1570 2205 1646 2237 haec
1670 2207 1709 2236 de
1732 2214 1799 2237 tota
1822 2206 2008 2247 quaestione
2032 2207 2070 2236 de
2094 2207 2256 2247 sacrilegio
2276 2206 2432 2237 sufficiant
2455 2217 2513 2247 pro

1451 2254 1548 2283 nund

2544 1013 2755 1040 ’Num.1‚Sextum.

2543 1369 2551 1375 '
2575 1367 2650 1393 1bid.‚
2674 1367 2751 1395 Septi·
2774 1375 2782 1376 ff

2541 1399 2609 1415 mum.

2542 1456 2552 1464 ⁸
2566 1455 2618 1476 Art.
2632 1461 2652 1483 3.

2540 1763 2547 1770 “
2578 1764 2750 1788 mmmmm-5.

2515 1801 2520 1805 -
2541 1790 2559 1796 “”
2596 1786 2635 1808 iot.
2645 1793 2668 1813 x,
2678 1791 2719 1808 art.
2730 1793 2750 1816 3,

2540 1814 2585 1841 qu*
2600 1819 2616 1835 1.
