2860 4238
22 1815 25 1819 ,
45 1782 242 1816 nemme-

68 1817 126 1840 ..1111
137 1817 174 1847 11,
187 1822 240 1847 eap-

24 1845 244 1894 ''atium-Det·

62 1896 214 1926 ...Χειρι-

162 1946 168 1962 t

17 2006 171 2038 frium-n.

7 3398 23 3467 ’Ξ

6 3472 25 3642 Ξ

926 219 1193 266 QUAESTIO
1222 220 1382 268 CXXII,
1410 221 1707 259 ARTICULUS
1737 223 1788 259 IV

269 294 447 326 multorum
480 295 626 335 apposita
649 296 857 336 quibusdam,
888 307 953 327 non
981 297 1105 328 videtur
1133 298 1327 328 extendenda

270 338 310 369 ad
333 338 457 369 omnia:
482 349 557 369 nam
581 339 606 370 si
631 341 848 371 extenderetur
871 341 911 370 ad
934 341 1053 377 omnia,
1077 341 1184 372 minus
1209 342 1328 372 erudite

269 381 482 422 apponeretur
505 383 697 424 quibusdam
720 391 846 415 tantum
862 392 1131 416 enumeratorum.
1156 386 1206 416 Sic
1223 393 1329 417 autem

270 426 376 457 est·in
401 427 580 467 proposito.
611 428 696 465 Quia
724 428 756 458 in
787 438 856 468 cap.
885 428 1018 466 Omnes,
1049 430 1240 460 enumeratis
1268 430 1329 460 illis

269 477 422 511 quatuor,
447 471 562 502 scilicet
585 476 736 509 mercato,
765 473 894 512 placito,
923 472 1039 503 iudicio
1062 478 1093 503 et
1113 479 1329 510 sacramento,

269 524 335 544 non
362 515 535 555 apponitur
564 515 706 556 exceptio
740 515 930 546 necessitatis
960 516 1011 546 vel
1040 517 1162 556 pietatis
1194 518 1254 548 nisi
1285 518 1331 548 ul-

269 557 359 589 timo.
383 575 404 582 -
427 559 515 589 Tum
538 559 623 599 quia,
647 559 722 590 dato
746 560 835 599 quod
859 560 1000 599 exceptio
1026 560 1121 591 unius
1148 562 1332 592 extendatur

269 602 309 632 ad
329 601 439 632 omnia
453 603 578 639 similia,
595 613 660 634 non
676 610 782 633 tamen
799 603 975 634 extenditur
997 604 1037 634 ad
1053 605 1183 635 maiora.
1209 606 1243 635 In
1259 615 1331 646 pro-

269 645 375 685 posito
399 653 506 677 autem
522 653 596 677 sunt
619 647 685 677 duo
708 656 821 686 genera
837 647 1082 687 prohibitorum,
1103 649 1220 680 scilicet
1235 659 1331 689 opera

269 689 405 726 servilia,
430 698 460 721 et
482 691 640 731 quaedam
663 700 729 720 non
752 690 890 721 servilia:
915 698 946 722 et
973 698 1096 723 constat
1118 693 1207 733 quod
1231 693 1331 733 magis

268 733 426 774 prohibita
449 741 524 765 sunt
547 743 644 774 opera
666 734 789 765 servilia
813 745 910 775 quam
932 735 986 766 illa
1009 746 1075 766 non
1099 737 1232 772 servilia,
1257 737 1331 778 quia

267 777 322 807 illa
344 784 418 808 sunt
441 777 599 828 prohibita
621 788 678 818 per
692 788 735 814 50,
751 778 810 809 ista
831 789 887 819 per
910 779 1063 810 accidens.
1087 780 1239 820 Exceptio
1255 791 1331 812 vero

268 829 315 852 est
338 822 482 861 apposita
497 822 537 852 ad
553 832 650 862 opera
673 822 779 853 minus
794 823 962 863 prohibita,
982 823 1100 854 scilicet
1115 834 1181 855 non
1197 825 1330 861 servilia,

268 871 305 896 ut
327 871 402 896 sunt
432 876 610 906 processus,
635 866 823 903 sententiae,
849 874 1053 898 sacramenta.
1077 868 1162 908 Ergo
1190 878 1256 899 non
1280 879 1331 899 ex-

268 909 425 940 tendenda
449 917 495 941 est
510 910 651 951 exceptio
667 911 726 941 ista
742 911 782 941 ad
801 921 898 950 opera
921 911 1053 948 servilia,
1070 922 1151 952 quae
1168 919 1242 943 sunt
1264 922 1330 942 ma-

267 953 315 994 gis
338 953 506 993 prohibita.
535 957 583 984 Ac
611 964 667 994 per
695 955 773 990 hoc,
798 965 864 985 non
892 963 939 986 est
962 955 1082 986 licitum
1114 966 1210 995 opera
1237 956 1331 986 servi—

266 997 309 1028 lia
331 997 363 1028 in
388 997 468 1029 festo
493 997 594 1029 facere
617 999 833 1029 universaliter
855 1009 948 1029 causa
975 1000 1166 1030 necessitatis
1189 1007 1244 1030 aut
1267 1000 1332 1040 pie-

268 1048 350 1073 taus.

324 1085 360 1115 111
383 1085 571 1125 oppositum
589 1093 696 1116 autem
713 1085 806 1116 multi
829 1093 904 1116 sunt
922 1086 978 1126 qui
994 1087 1032 1116 de
1048 1086 1203 1117 festorum
1227 1088 1332 1118 obser-

267 1129 395 1160 vatione
418 1129 619 1169 scripserunt.

323 1173 391 1204 VII.
415 1173 466 1204 Ad
481 1173 543 1204 hoc
562 1172 707 1208 dubium,
723 1173 799 1213 quia
814 1173 892 1203 duas
915 1181 1018 1213 partes
1038 1174 1132 1204 habet
1155 1176 1331 1206 secundum

267 1216 347 1247 duas
363 1227 482 1253 causas,
499 1217 615 1248 scilicet
630 1216 822 1248 necessitatis
837 1223 868 1248 et
884 1217 1019 1256 pietatis,
1032 1218 1213 1258 singillatim
1228 1220 1331 1250 dicen-

267 1260 346 1291 dum
365 1268 421 1292 est.
435 1261 485 1295 Et
492 1261 616 1300 primo,
633 1262 723 1302 quod
745 1262 774 1292 si
797 1262 968 1292 necessitas
991 1268 1120 1303 urgeat,
1138 1270 1174 1294 ut
1196 1270 1300 1294 textus
1314 1263 1332 1283 *

267 1303 352 1340 dicit,
375 1297 503 1336 nullum
525 1312 572 1336 est
595 1315 688 1344 opus,
712 1305 777 1335 sive
801 1305 911 1335 servile
935 1305 999 1336 sive
1023 1316 1089 1336 non
1105 1307 1224 1344 servile,
1242 1309 1331 1348 quod

268 1358 335 1380 uon
357 1347 412 1380 fiat
434 1349 556 1380 ratione
583 1349 775 1380 necessitatis
801 1349 939 1389 urgentis
969 1350 1093 1381 licitum
1115 1350 1148 1381 in
1172 1351 1263 1382 festo.
1292 1352 1333 1383 Et

267 1392 301 1424 111
315 1392 419 1424 littera
433 1392 529 1423 huius
552 1393 675 1424 articuli
689 1393 706 1412 *
722 1393 801 1424 ratio
821 1393 976 1424 redditur:
1002 1394 1076 1435 quia
1090 1395 1235 1426 videlicet
1257 1406 1331 1426 cum

265 1437 443 1469 necessario
467 1437 638 1468 exercenda
656 1437 835 1473 imminent,
851 1437 915 1468 iam
938 1447 1005 1467 non
1028 1445 1103 1468 sunt
1117 1439 1250 1475 servilia,
1275 1440 1330 1470 sed

267 1481 452 1514 eommunia
473 1481 578 1512 liberis
601 1488 633 1512 et
655 1481 766 1518 servis;
791 1481 866 1522 quia
888 1481 1022 1522 quilibet
1045 1483 1137 1513 debet
1159 1483 1199 1513 ad
1222 1483 1271 1513 sui
1295 1494 1331 1514 ac

267 1525 490 1566 proximorum
513 1525 795 1561 conservationem,
813 1532 843 1556 et
858 1526 905 1562 ,ad
925 1526 1080 1556 damnum
1098 1526 1269 1557 imminens
1287 1527 1331 1558 vi-

266 1568 412 1605 tandum,
435 1569 643 1600 necessariam
666 1570 882 1609 provisionem
906 1569 1016 1600 facere.

321 1613 370 1644 De
393 1613 508 1654 pietate
530 1623 605 1644 vero
628 1613 780 1644 suadente
803 1613 1063 1652 distinguendum
1087 1621 1142 1645 est.
1167 1615 1331 1652 Quoniam

266 1657 366 1698 pietas
388 1657 550 1698 tripliciter
572 1657 726 1688 sumitur:
751 1657 869 1688 scilicet
883 1668 943 1697 pro
962 1658 1132 1697 religione;
1156 1669 1215 1699 pro
1239 1659 1332 1690 mise-

170 1722 175 1729 ·
211 1711 217 1718 ¹⁴
239 1712 241 1714 ·
266 1701 416 1738 deorditu
447 1711 506 1741 pro
530 1701 658 1742 speciali
681 1699 768 1741 parte
791 1701 927 1732 iustitiae
955 1712 1037 1742 quae
1059 1709 1191 1733 vocatur
1214 1702 1330 1743 pietas,

261 1755 325 1786 per
346 1755 443 1786 quam
465 1747 628 1787 sanguine
652 1746 769 1777 iunctis·
786 1747 978 1786 patriaeque
1003 1746 1162 1777 benevolis
1184 1746 1327 1788 officium

267 1794 299 1823 et
311 1789 452 1831 diligens
465 1790 619 1821 tribuitur
633 1790 750 1827 cultus,
766 1797 802 1820 ut
817 1800 835 1820 a
851 1790 962 1820 Tullio
973 1790 991 1809 *
1006 1789 1134 1821 definita
1149 1797 1205 1822 est.
1222 1791 1330 1822 Primo

267 1834 368 1867 modo
392 1833 516 1874 pietatis
535 1834 666 1865 nomine
688 1834 786 1865 utitur
807 1834 1047 1874 Augustinus*;
1068 1835 1208 1869 secundo
1230 1835 1331 1866 modo

267 1877 367 1911 utitur
389 1878 519 1917 vulgus,
549 1878 709 1909 intantum
733 1885 768 1909 ut
799 1878 894 1909 etiam
925 1878 1031 1909 Deum
1061 1879 1152 1919 pium
1174 1880 1328 1920 appellet;

266 1922 359 1954 tertio
386 1922 487 1952 modo
515 1929 648 1953 utuntur
671 1922 866 1963 philosophi.
897 1922 930 1953 Si
962 1930 1106 1954 sumatur
1133 1933 1208 1963 ergo
1232 1924 1331 1964 pietas
1355 1920 1357 1943 ἕ

266 1976 326 2008 pro
349 1966 511 2006 religione,
536 1973 573 1997 ut
595 1966 708 1998 Glossa
731 1966 849 1997 ibidem
873 1966 1012 2007 exponit,
1037 1973 1112 1998 tunc
1136 1967 1330 2007 distinguen-
1355 1968 1357 1979 '

266 2010 347 2043 dum
365 2017 421 2047 est,
445 2017 481 2042 ut
503 2010 633 2041 1111011115
647 2010 677 2047 *,
698 2011 860 2042 tractando
884 2011 1024 2051 primum
1049 2021 1158 2042 casum
1180 2011 1261 2043 inter
1283 2022 1329 2043 se-

266 2061 356 2095 ptem
381 2054 531 2085 collectos
554 2064 592 2086 ex
612 2054 724 2091 littera,
752 2055 881 2091 dicetur,
902 2055 1123 2086 concludendo
1146 2057 1235 2097 quod
1259 2056 1328 2087 uni-

265 2098 426 2132 versaliter
447 2108 515 2129 non
539 2106 585 2129 est
606 2099 740 2130 licitum.

320 2142 353 2174 Si
376 2151 452 2173 vero
475 2151 620 2173 sumatur
642 2153 700 2183 pro
724 2143 947 2179 misericordia,
965 2149 1001 2173 ut
1017 2143 1112 2174 etiam
1136 2143 1249 2174 Glossa
1271 2144 1328 2174 ibi-

267 2186 341 2218 dem
361 2186 484 2226 accipit,
500 2193 532 2217 et
554 2187 650 2217 bene:
675 2187 718 2217 sic
734 2187 904 2218 dicendum
928 2194 974 2218 est
992 2188 1080 2227 quod
1097 2188 1243 2228 quamvis
1262 2188 1330 2219 sola

267 2230 501 2263 misericordiae
516 2230 596 2261 ratio
612 2230 746 2262 sufficiat
761 2231 800 2262 ad
817 2231 1032 2262 excusandum
1049 2231 1209 2262 iudicialia
1232 2242 1328 2272 opera

265 2273 300 2306 111
322 2274 414 2311 10510,
439 2284 505 2304 11011
529 2281 634 2305 tamen
658 2274 773 2306 sufficit
795 2275 835 2306 ad
851 2275 1066 2306 excusandum
1089 2286 1185 2316 opera
1207 2276 1330 2306 servilia

265 2318 373 2350 omnia
389 2319 422 2349 in
438 2318 530 2353 festo,
546 2318 607 2348 11151
622 2319 704 2351 adsit
719 2319 815 2349 simul
830 2320 997 2350 necessitas
1020 2326 1075 2350 aut
1089 2320 1200 2351 vitatio
1219 2321 1327 2350 damni
1354 2359 1355 2364 1

265 2362 469 2395 imminentis
493 2363 535 2394 Et
557 2363 637 2393 ratio
657 2370 703 2394 est
718 2363 792 2404 quia
809 2370 1013 2404 praeceptum
1036 2364 1075 2393 de
1091 2363 1247 2395 festorum
1270 2365 1328 2395 ob-

266 2406 444 2439 servatione
461 2413 507 2437 est
523 2407 562 2437 de
578 2413 649 2438 actu
662 2407 833 2447 religionis,
851 2414 886 2438 ut
898 2417 1046 2438 vacemus
1062 2408 1145 2438 Deo:
1164 2418 1221 2439 nec
1237 2409 1329 2439 debet

265 2450 534 2492 impedimentum
558 2451 706 2490 praestari
730 2451 829 2482 cultui
852 2451 960 2482 divino
977 2461 1014 2481 ex
1034 2452 1244 2491 occupatione
1267 2463 1328 2483 ser-

264 2494 319 2526 vili
341 2494 421 2526 circa
443 2495 616 2534 111-01111105,
633 2502 717 2525 extra
740 2495 908 2526 articulum
932 2495 1134 2526 necessitatis
1160 2497 1258 2533 Quod
1273 2507 1328 2527 au-

265 2545 332 2571 tem
354 2538 430 2570 dicit
451 2539 495 2569 ibi
519 2538 643 2576 Glossa,
663 2539 750 2579 quod
776 2541 808 2570 in
833 2540 980 2579 operibus
1003 2540 1241 2571 misericordiae
1264 2551 1327 2571 non

266 2588 313 2614 est
322 2582 472 2614 discretio
486 2582 624 2621 dierum,
637 2583 878 2623 intelligendum
894 2590 940 2614 est
960 2593 1031 2614 cum
1043 2594 1150 2624 grano
1160 2585 1251 2622 salis,
1267 2585 1329 2616 hoc

266 2633 322 2663 est,
341 2626 375 2658 in
397 2626 459 2657 illis
481 2627 631 2666 operibus
654 2637 736 2668 quae
753 2628 791 2657 de
817 2637 930 2667 genere
944 2637 1003 2658 suo
1027 2635 1101 2659 sunt
1117 2638 1213 2668 opera
1235 2629 1328 2660 mise-

266 2669 435 2707 ricordiae,
459 2670 565 2711 qualia
587 2677 661 2701 sunt
683 2671 795 2702 vestire
818 2672 952 2708 nudum,
977 2682 1102 2711 pascere
1125 2672 1327 2711 esurientem,

265 2721 382 2754 potum
397 2714 470 2744 dare
485 2714 610 2751 sitienti,
627 2714 751 2745 visitare
765 2714 939 2751 infirmum,
957 2723 987 2746 et
1006 2722 1107 2746 cetera
1130 2726 1212 2756 quae
1229 2727 1326 2756 opera

232 2777 238 2788 ‚
266 2758 498 2790 misericordiae
513 2759 713 2798 appellantur
727 2758 762 2788 *ε
789 2765 821 2789 01
836 2769 901 2789 11011
924 2759 1108 2798 intelligitur
1123 2760 1162 2790 de
1178 2760 1328 2791 omnibus

267 2802 417 2843 operibus
440 2802 603 2832 servilibus
619 2811 701 2842 quae
724 2812 819 2832 causa
841 2802 1072 2833 misericordiae
1094 2803 1161 2834 fieri
1180 2811 1326 2843 possent;

267 2846 422 2888 quoniam
445 2846 522 2876 haec
545 2856 601 2885 per
624 2846 766 2876 accidens
793 2854 868 2878 511111
895 2856 991 2886 opera
1024 2846 1274 2884 misericordiae,
1299 2855 1329 2879 et
1353 2882 1354 2887 ¹

266 2900 323 2931 per
345 2900 379 2920 se
402 2897 477 2920 511111
499 2890 632 2920 servilia.
655 2890 787 2929 Propter
811 2890 919 2930 quod,
939 2900 1006 2920 non
1033 2897 1080 2921 est
1108 2891 1231 2922 licitum
1255 2902 1328 2931 pro·
1353 2895 1354 2907 ³

266 2941 335 2975 pter
358 2933 607 2965 misericordiam
639 2934 741 2964 colere
765 2944 857 2973 agros
883 2944 1077 2974 pauperum,
1102 2942 1157 2965 aut
1175 2935 1248 2966 ,5115
1270 2936 1328 2966 1111-

266 2978 405 3010 1115ωοἀί
429 2977 539 3013 150010,
563 2977 596 3008 111
620 2977 674 3011 die,
693 2977 784 3008 festo.

321 3021 355 3053 Si
378 3029 486 3053 autem
509 3021 608 3061 pietas
625 3028 768 3052 sumatur
782 3021 920 3061 proprie,
939 3021 1031 3052 tertio
1054 3022 1164 3058 modo,
1189 3029 1264 3054 tunc
1281 3023 1324 3053 di-

266 3066 404 3097 cendum
428 3073 473 3096 est
496 3066 586 3106 quod
608 3075 626 3095 a
649 3065 739 3096 nullo
770 3065 931 3105 prohibito
962 3075 1056 3104 opere
1081 3066 1178 3105 pietas
1202 3074 1328 3097 excusat

266 3110 299 3141 in
318 3110 410 3141 festo.
435 3109 599 3147 Quoniam
622 3119 680 3140 nec
701 3115 831 3150 propter
854 3110 1106 3148 consanguineos
1136 3117 1191 3141 aut
1209 3111 1326 3150 patriae

265 3154 439 3185 benevolos
460 3153 533 3184 licet
555 3153 586 3183 in
611 3153 697 3184 festis
720 3153 878 3184 iudicialia
901 3162 1057 3184 exercere:
1087 3160 1119 3184 et
1140 3155 1244 3185 multo
1269 3155 1326 3184 mi-

267 3208 327 3229 nus
350 3197 472 3228 servilia
487 3207 594 3237 opera.
619 3198 710 3228 Unde
734 3197 876 3237 sequitur
900 3197 1015 3227 falsum
1031 3207 1098 3228 0550
1114 3199 1202 3238 quod
1226 3198 1325 3235 liceat,

266 3242 292 3273 si
315 3241 482 3272 necessitas
509 3251 574 3272 non
601 3241 697 3277 adsit,
722 3242 863 3272 laborare
892 3241 925 3271 111
955 3241 1041 3272 festis
1068 3251 1126 3281 pro
1157 3242 1326 3273 refectione

267 3286 374 3326 pontis
397 3292 452 3316 aut
474 3285 552 3322 viae,
577 3292 706 3325 propter
728 3285 877 3325 pietatem
895 3285 1039 3325 publicae
1062 3285 1221 3316 utilitatis:
1246 3286 1327 3317 sicut

265 3340 332 3361 non
354 3330 427 3360 licet
449 3336 579 3369 propter
602 3329 752 3369 pietatem
780 3329 1092 3369 consanguineorum
1114 3329 1191 3360 haec
1214 3330 1323 3360 eadem

265 3373 376 3410 150010,
401 3383 475 3404 011111
498 3373 609 3403 eadem
627 3373 724 3404 virtus
747 3373 871 3413 pietatis
894 3373 934 3403 sit
956 3373 1000 3409 ad,
1019 3374 1272 3414 consanguineos
1296 3381 1326 3405 et
1352 3407 1353 3410 Ἰ

265 3417 415 3458 patriam
440 3425 471 3448 et
486 3417 567 3448 sicut
583 3427 647 3448 non
671 3417 744 3447 licet
759 3427 852 3457 agros
867 3427 977 3453 serere,
993 3424 1120 3454 metere,
1141 3427 1236 3454 arare,
1254 3424 1323 3454 etc„

266 3469 396 3502 propter
419 3461 570 3501 patriam,
594 3468 678 3492 extra
707 3460 899 3492 necessitatis
927 3461 1104 3492 articulum.
1135 3462 1176 3492 Et
1202 3461 1326 3501 decepti

265 3505 411 3537 videntur
435 3505 572 3536 dicentes
596 3505 784 3545 oppositum
807 3515 844 3536 ex
852 3506 985 3545 pietatis
1000 3506 1171 3536 vocabulo:
1196 3512 1226 3536 et
1249 3506 1325 3546 quia

267 3559 331 3580 non
356 3549 594 3580 considerarunt
623 3550 711 3590 quod
735 3549 895 3589 religionis
926 3559 1023 3589 opera
1047 3559 1112 3580 non
1139 3556 1214 3580 sunt
1236 3559 1325 3589 prae-

408 3612 516 3637 Sumur:
535 3611 636 3636 Tui-701..
656 3611 686 3635 D.
702 3611 815 3635 Tnomn
834 3610 866 3635 Τ.
884 3611 927 3636 Vl.

2362 227 2434 271 481

1381 299 1582 330 termittenda
1605 306 1734 340 propter
1757 300 1907 341 pietatem
1930 311 2011 342 quae
2029 309 2075 333 est
2098 302 2137 332 ad
2161 302 2334 341 proximos,
2359 309 2442 333 extra

1382 343 1572 374 necessitatis
1595 343 1774 380 articulum,
1799 345 1832 375 in
1856 345 2019 376 servilibus
2043 346 2202 386 operibus.

1438 387 1707 418 Concludendum
1731 395 1777 419 est
1801 398 1874 428 ergo
1898 390 2004 430 quod,
2029 390 2068 419 ad
2093 389 2247 425 litteram,
2276 389 2443 420 decretales

1355 455 1357 475 4
1382 431 1453 461 illae
1483 429 1703 471 intelligendae
1733 439 1806 463 sunt
1836 440 1871 463 ut
1898 441 2027 469 sonant,
2055 433 2172 464 scilicet
2200 434 2232 463 in
2261 434 2383 463 casibus
2410 433 2443 464 in

1383 474 1499 515 quibus
1523 474 1722 515 applicantur
1744 483 1775 506 et
1797 476 1973 507 similibus:
1997 477 2069 508 licet
2094 477 2216 517 possint
2239 484 2368 518 propter
2389 488 2445 507 ve-

1383 518 1507 549 ritatem
1539 519 1761 550 subsistentem
1792 521 1899 560 quoad
1927 531 2035 551 casum
2065 521 2256 552 necessitatis
2286 521 2442 561 urgentis,

1384 562 1518 592 extendi.
1542 563 1634 593 Unde
1658 573 1724 593 non
1748 571 1874 603 oportet
1897 565 1937 594 ad
1960 565 2082 595 obiecta
2104 565 2192 595 aliter
2214 566 2414 605 respondere.

1439 606 1522 636 VIII.
1539 606 1714 637 Redeundo
1733 607 1828 646 igitur
1847 609 1886 638 ad
1902 608 2131 639 discussionem
2142 609 2160 628 *
2174 616 2295 648 septem
2312 619 2443 639 casuum

1385 659 1422 690 ex
1444 649 1545 679 littera
1568 651 1790 687 collectorum,
1814 651 1847 681 in
1874 652 1977 692 primo
2001 663 2073 683 casu
2089 650 2115 688 *,
2138 653 2282 683 videlicet
2309 653 2348 683 de
2367 663 2444 693 ope-

1383 693 1469 723 ribus
1493 694 1720 732 pertinentibus
1744 695 1783 725 ad
1807 695 1865 725 Dei
1889 696 2060 732 servitium,
2085 696 2221 727 dubium
2244 696 2388 736 occurrit,
2405 707 2445 727 an

1383 736 1506 767 licitum
1525 737 1564 767 sit
1579 737 1611 767 in
1628 737 1708 768 festo
1732 739 1897 779 quodlibet
1920 740 2029 770 servile
2053 750 2136 780 opus
2152 741 2191 770 ad
2207 740 2265 771 Dei
2282 740 2445 771 servitium

1384 780 1494 811 facere.
1526 781 1659 812 Videtur
1687 782 1772 812 enim
1800 783 1888 823 quod
1919 783 1972 813 sic.
2007 784 2095 814 Tum
2123 784 2198 824 quia
2229 794 2295 814 non
2321 784 2446 815 videtur

1385 824 1487 854 maior
1518 824 1596 855 ratio
1625 826 1663 855 de
1687 835 1752 856 uno
1785 836 1883 866 quam
1907 827 1945 857 de
1974 828 2038 858 alio
2061 828 2164 858 servili
2196 837 2307 868 opere:
2332 838 2367 859 ac
2390 838 2446 868 per

1384 867 1456 903 hoc,
1477 875 1531 898 aut
1554 869 1661 899 omnia
1684 869 1767 900 licita
1791 877 1865 901 sunt
1888 871 1926 900 ad
1950 871 2008 901 Dei
2032 872 2210 906 servitium,
2235 878 2290 902 aut
2319 872 2445 902 nullum

1384 911 1507 941 licitum
1530 912 1595 942 erit.
1619 930 1640 935 -
1664 913 1751 943 Tum
1775 914 1850 954 quia
1873 915 2101 956 quodcumque
2124 926 2207 955 opus
2234 926 2299 946 non
2324 916 2445 946 malum

1385 955 1556 992 moraliter,
1573 966 1609 986 011
1623 956 1684 986 hoc
1708 957 1795 997 quod
1812 957 1846 987 fit
1861 958 1900 987 ad
1924 958 1982 988 Dei
2006 959 2177 995 servitium,
2194 959 2229 990 fit
2248 967 2278 991 et
2296 967 2342 990 est
2358 967 2446 991 actus

1384 999 1561 1038 religionis:
1587 1010 1622 1030 ac
1646 1010 1702 1039 per
1724 1000 1800 1035 hoc,
1825 1009 1979 1032 consonat
2002 1002 2057 1032 fini
2080 1003 2175 1034 huius
2199 1003 2366 1044 praecepti,
2390 1004 2446 1044 qui

1386 1050 1441 1078 est,
1466 1043 1592 1073 omissis
1616 1044 1694 1079 aliis,
1719 1054 1826 1074 vacare
1846 1045 1995 1084 operibus
2019 1047 2057 1076 ad
2082 1047 2141 1077 Dei-
2171 1048 2353 1079 servitutem
2377 1058 2445 1087 per-

1384 1087 1567 1122 tinentibus,
1592 1094 1627 1117 ut
1650 1087 1682 1117 in
1702 1088 1803 1119 littera
1826 1088 1950 1120 dicitur.

1442 1131 1476 1160 In
1500 1131 1686 1171 oppositum
1717 1139 1824 1162 autem
1847 1140 1894 1163 est
1912 1133 2002 1173 quia,
2028 1134 2053 1163 51
2077 1134 2120 1164 510
2144 1142 2240 1170 05501,
2264 1135 2369 1166 1100101
2396 1145 2444 1165 00-

1385 1174 1567 1210 010515111111,
1597 1183 1895 1217 quantumcumque
1918 1177 2068 1213 divitum,
2093 1187 2184 1217 agros
2208 1179 2326 1214 colere,
2351 1186 2446 1209 terras

1384 1218 1502 1254 fodere,
1527 1219 1645 1249 domos
1666 1219 1826 1257 fabricare,
1847 1227 1877 1251 et
1902 1221 1963 1251 alia
1987 1221 2172 1252 huiusmodi
2201 1222 2301 1253 facere
2325 1224 2363 1252 ad
2387 1223 2446 1253 Dei

1385 1262 1557 1294 servitium.
1583 1263 1681 1300 Quod
1705 1270 1752 1294 est
1774 1263 1900 1296 falsum.

1441 1307 1493 1337 1X.
1518 1308 1568 1337 Ad
1585 1307 1645 1338 hoc
1669 1307 1782 1338 dicitur
1797 1309 1886 1348 quod
1909 1309 2084 1348 corporalia
2099 1319 2195 1349 opera
2212 1310 2250 1340 ad
2270 1310 2329 1340 Dei
2352 1310 2446 1340 servi—

1384 1357 1485 1381 tutem
1509 1351 1695 1390 pertinentia
1718 1359 1791 1382 sunt
1806 1353 1934 1392 triplicis
1952 1353 2080 1383 ordinis.
2099 1354 2266 1391 Quaedam
2282 1361 2355 1385 sunt
2370 1364 2445 1384 con-

1384 1394 1524 1424 sistentia
1547 1395 1580 1425 in
1602 1395 1673 1435 ipso
1699 1396 1785 1426 cultu
1810 1396 1934 1427 divino:
1959 1404 1994 1427 ut
2017 1397 2095 1427 olim
2119 1404 2184 1428 0151
2198 1405 2318 1437 gestare
2341 1408 2445 1429 arcam

1356 1466 1358 1488 1
1383 1438 1525 1474 Domini,
1550 1446 1580 1470 et
1603 1439 1702 1469 modo
1727 1447 1773 1470 est
1795 1447 1914 1479 gestare
1937 1447 2120 1471 sanctorum
2144 1449 2261 1473 statuas
2284 1450 2445 1482 argenteas

1383 1483 1434 1512 vel
1457 1492 1567 1513 aureas
1590 1482 1623 1513 in
1646 1484 1912 1523 processionibus,
1930 1492 1960 1515 et
1981 1485 2100 1516 deferre
2124 1495 2258 1522 crucem,
2284 1494 2314 1517 et
2336 1487 2445 1517 huius-

1384 1526 1483 1556 modi.
1508 1527 1549 1557 Et
1571 1527 1648 1557 haec
1676 1534 1750 1558 sunt
1773 1529 1907 1559 omnino
1926 1529 2029 1565 licita,
2054 1536 2084 1560 et
2112 1530 2345 1569 amplectenda:
2370 1531 2445 1570 quia

1384 1577 1459 1601 sunt
1482 1581 1553 1610 pars
1577 1571 1673 1601 divini
1698 1572 1810 1603 cultus.

1440 1614 1607 1651 Quaedam
1629 1625 1704 1645 vero
1728 1623 1803 1646 sunt
1825 1617 2058 1656 praeparatoria
2080 1617 2119 1647 ad
2143 1617 2286 1648 divinum
2311 1618 2443 1648 cultum.

1384 1658 1425 1688 Et
1447 1658 1524 1689 haec
1539 1659 1572 1689 in
1588 1659 1653 1689 duo
1677 1666 1822 1690 secantur
1840 1670 1963 1699 genera.
1986 1661 2070 1691 Nam
2085 1662 2241 1701 quaedam
2258 1669 2332 1692 sunt
2355 1672 2443 1702 prae-

1383 1703 1541 1742 paratoria
1563 1702 1753 1733 simultanea
1777 1714 1851 1734 cum
1874 1704 1977 1734 cultu:
2002 1711 2038 1735 ut
2060 1705 2139 1734 olim
2163 1712 2228 1736 erat
2248 1706 2444 1746 praeparatio

1382 1746 1594 1783 victimarum,
1612 1747 1811 1784 excoriando,
1830 1748 1966 1778 lavando
1983 1755 2014 1779 et
2029 1748 2231 1785 huiusmodi;
2252 1757 2282 1780 et
2298 1759 2382 1780 nunc
2399 1757 2446 1780 est

1384 1791 1509 1830 pulsare
1533 1801 1702 1831 campanas
1726 1792 1766 1822 ad
1789 1792 1933 1829 missam,
1957 1802 2116 1832 vesperos,
2148 1793 2188 1823 Et
2215 1793 2291 1823 haec
2315 1804 2445 1834 quoque

1383 1835 1496 1875 procul
1519 1835 1618 1866 dubio
1634 1842 1708 1866 sunt
1723 1837 1857 1868 omnino
1880 1836 1965 1868 licita
1988 1843 2019 1867 et
2041 1843 2162 1867 sancta:
2187 1844 2217 1868 et
2241 1844 2315 1867 sunt
2337 1837 2390 1868 illa
2406 1838 2444 1868 de

1383 1879 1499 1920 quibus
1520 1879 1634 1910 dicitur
1657 1880 1769 1911 Matth.
1786 1891 1838 1916 xn,
1863 1881 1952 1920 quod
1974 1881 2156 1912 sacerdotes
2181 1883 2212 1911 in
2237 1882 2352 1921 templo
2374 1882 2444 1912 sab-

1383 1923 1489 1954 batum
1514 1924 1646 1961 violant,
1663 1929 1694 1954 et
1711 1925 1781 1955 sine
1796 1925 1930 1955 crimine
1943 1930 2028 1955 sunt.
2053 1942 2074 1948 -
2098 1925 2263 1962 Quaedam
2278 1935 2354 1955 vero
2371 1933 2445 1956 sunt

1383 1968 1615 2007 praeparatoria
1638 1977 1720 2008 quae
1736 1975 1872 2008 possunt
1887 1969 2083 2008 praecedenti
2100 1969 2150 1999 die
2173 1968 2254 1999 fieri:
2279 1976 2314 2000 ut
2333 1979 2444 2000 ornare

1382 2011 1549 2051 templum,
1572 2012 1726 2042 mundare
1749 2013 1839 2048 illud,
1864 2012 2016 2043 conficere
2039 2013 2159 2044 hostias
2186 2023 2245 2053 pro
2269 2013 2372 2044 missis
2397 2024 2444 2044 ce-

1382 2055 1549 2086 lebrandis.
1574 2057 1615 2086 Et
1638 2056 1715 2087 haec
1737 2056 1803 2087 sine
1827 2056 2005 2087 rationabili
2022 2067 2115 2088 causa
2138 2067 2204 2088 non
2220 2058 2334 2088 debent
2349 2057 2381 2088 in
2394 2058 2444 2088 die

1382 2099 1462 2130 festo
1485 2099 1569 2130 fieri:
1595 2110 1631 2130 ex
1654 2110 1747 2131 causa
1770 2107 1877 2131 autem
1900 2101 2076 2131 rationabili
2099 2102 2182 2132 licita
2205 2108 2279 2132 sunt
2300 2101 2332 2131 in
2351 2101 2443 2132 festo.

1382 2144 1422 2175 Et
1444 2144 1523 2175 ratio
1547 2151 1593 2174 est
1615 2144 1690 2184 quia
1717 2145 1782 2175 dies
1806 2145 1903 2175 festus
1927 2145 2047 2175 dicatus
2077 2152 2123 2176 est
2146 2145 2254 2175 divino
2283 2146 2382 2176 cultui
2414 2153 2445 2176 et

1381 2188 1509 2218 annexis
1532 2188 1590 2218 sibi
1613 2198 1672 2228 pro
1688 2195 1831 2228 tempore
1855 2189 1939 2219 illius
1956 2189 2032 2225 diei;
2056 2189 2133 2220 haec
2156 2196 2263 2220 autem
2283 2199 2380 2229 opera
2403 2190 2443 2219 ad

1382 2232 1525 2262 divinum
1546 2232 1630 2262 issius
1650 2233 1711 2262 diei
1728 2233 1849 2263 cultum
1873 2241 2190 2273 praesupponuntur;
2215 2240 2246 2264 et
2265 2240 2441 2273 propterea,

1382 2276 1441 2306 nisi
1465 2276 1658 2306 rationabilis
1682 2287 1775 2307 causa
1798 2277 1886 2312 adsit,
1905 2278 2020 2308 debent
2043 2287 2185 2317 congruo
2209 2285 2363 2317 tempore,
2381 2277 2443 2308 hoc

1382 2327 1428 2351 est
1450 2327 1522 2350 ante
1546 2320 1678 2355 festum,
1702 2320 1784 2357 fieri,
1810 2328 1840 2351 et
1867 2331 1931 2351 non
1956 2322 1988 2351 in
2019 2321 2069 2351 die
2097 2322 2187 2352 festo.
2219 2322 2309 2351 Esset
2336 2328 2443 2351 autern

1382 2364 1574 2395 rationabilis
1599 2375 1691 2395 causa
1714 2364 1848 2395 faciendi
1871 2365 1948 2395 haec
1971 2366 2003 2395 in
2027 2365 2107 2396 festo
2127 2365 2152 2395 si
2175 2365 2291 2395 festum
2313 2365 2444 2406 aliquod

1382 2409 1528 2444 eveniret,
1548 2409 1632 2438 verbi
1655 2409 1763 2448 gratia,
1787 2409 1819 2438 in
1843 2409 1979 2439 Sabbato
2003 2409 2133 2439 Sancto:
2159 2416 2233 2440 tunc
2257 2409 2352 2445 enim,
2370 2419 2443 2440 cum

1382 2463 1446 2483 non
1471 2453 1610 2483 decuerit
1630 2453 1719 2492 -prius
1751 2462 1861 2483 ornare
1891 2453 2049 2493 templum
2073 2459 2201 2493 propter
2223 2453 2347 2483 luctum
2373 2454 2444 2483 Pas-

1381 2497 1479 2527 sionis
1502 2497 1644 2532 Domini,
1661 2496 1774 2527 rationi
1794 2504 1949 2527 consonat
1965 2504 1999 2528 ut
2019 2497 2085 2527 sine
2101 2497 2230 2527 crimine
2253 2504 2363 2536 parent
2385 2507 2443 2537 pro

1381 2541 1519 2580 paschali
1542 2540 1750 2571 solemnitate.
1775 2541 1924 2571 Similiter
1946 2541 1981 2577 si,
2007 2541 2196 2572 continuatis
2213 2541 2307 2577 festis,
2325 2542 2443 2580 templa

1381 2585 1423 2615 ob
1448 2594 1639 2621 concursum
1662 2585 1828 2615 immunda
1851 2585 1972 2615 reddita
1995 2592 2079 2621 sunt,
2097 2585 2280 2615 mundanda
2304 2592 2386 2621 sunt,
2404 2595 2443 2615 ne

1381 2628 1583 2664 immunditia
1614 2629 1694 2659 inter
1721 2629 1936 2660 solemnitates
1960 2629 2059 2659 duret.
2087 2630 2128 2659 Et
2151 2629 2194 2659 sic
2214 2629 2253 2658 de
2276 2629 2441 2659 similibus.

1381 2673 1421 2703 Et
1442 2673 1515 2703 licet
1537 2672 1723 2702 huiusmodi
1746 2672 1977 2712 praeparatoria
2007 2682 2104 2712 opera
2125 2683 2161 2702 ex
2185 2683 2278 2702 causa
2306 2673 2441 2703 rationa-

1380 2716 1436 2746 bili
1458 2716 1543 2747 licita
1565 2717 1627 2746 sint
1650 2723 1681 2746 et
1703 2716 1770 2746 sine
1796 2726 1832 2746 ea
1853 2716 1974 2752 illicita,
1999 2716 2024 2746 si
2047 2716 2181 2755 simplici
2214 2723 2318 2746 tamen
2349 2717 2442 2747 corde

1381 2759 1457 2790 fiant
1479 2760 1513 2790 in
1527 2760 1618 2796 festo,
1637 2760 1758 2790 veniale
1773 2767 1896 2790 tantum
1921 2767 2086 2800 peccatum
2102 2767 2162 2792 est:
2183 2760 2257 2800 quia
2274 2767 2347 2790 sunt
2362 2761 2442 2791 infra

1382 2814 1418 2834 ea
1441 2814 1522 2844 quae
1546 2814 1602 2844 per
1625 2814 1657 2834 se
1681 2804 1867 2834 ordinantur
1890 2805 1928 2834 ad
1953 2804 2097 2834 divinum
2117 2804 2254 2840 cultum,
2277 2811 2307 2834 et
2331 2815 2386 2843 per
2409 2815 2441 2834 50

1381 2855 1522 2888 spectant
1545 2848 1584 2877 ad
1608 2848 1667 2878 Dei
1690 2848 1863 2879 servitium.

1437 2891 1602 2929 Quaedam
1625 2901 1700 2922 vero
1725 2899 1798 2922 sunt
1821 2902 1876 2931 per
1903 2892 2045 2922 accidens
2074 2892 2217 2922 ordinata
2240 2891 2278 2921 ad
2296 2891 2440 2922 divinum

1381 2936 1516 2966 cultum:
1542 2935 1616 2975 quia
1639 2935 1755 2966 scilicet
1771 2945 1807 2966 ex
1822 2935 1883 2966 hoc
1907 2936 1976 2966 solo
2000 2942 2141 2975 spectant
2158 2936 2197 2965 ad
2214 2935 2356 2965 divinum
2375 2937 2441 2966 cul-

1381 2988 1450 3010 tum
1474 2979 1549 3020 quia
1572 2979 1614 3009 ob
1637 2979 1696 3010 Dei
1719 2979 1880 3010 servitium
1899 2979 1990 3015 fiunt,
2010 2990 2084 3010 cum
2108 2989 2145 3009 ex
2161 2989 2220 3009 suo
2243 2989 2355 3019 genere
2375 2990 2440 3010 non

1380 3023 1566 3054 ordinentur
1589 3023 1628 3053 ad
1648 3023 1770 3053 cultum
1786 3023 1942 3059 divinum;
1967 3030 2002 3054 ut
2025 3033 2120 3059 arare,
2137 3030 2263 3059 metere,
2282 3023 2439 3060 fabricare,

1380 3067 1487 3097 fodere
1511 3075 1541 3097 et
1563 3066 1758 3098 huiusmodi.
1792 3067 1833 3098 Et
1854 3067 1932 3098 haec
1960 3077 2026 3097 non
2050 3067 2109 3098 nisi
2134 3067 2323 3098 necessitatis
2347 3078 2440 3098 causa

1379 3111 1462 3141 licita
1486 3118 1559 3140 sunt
1582 3110 1615 3140 in
1635 3110 1730 3141 festo:
1755 3118 1831 3151 puta
1855 3111 1880 3141 si
1905 3111 2032 3141 ecclesia
2055 3118 2101 3141 est
2124 3112 2324 3151 paupercula,
2348 3112 2390 3142 ita
2406 3119 2440 3142 ut

1380 3165 1445 3184 non
1470 3154 1569 3194 possit
1592 3154 1757 3194 providere
1780 3155 1838 3185 sibi
1855 3155 1893 3185 de
1912 3155 2097 3186 huiusmodi
2114 3155 2304 3186 necessariis.
2328 3156 2439 3196 Neque

1379 3199 1441 3229 hoc
1464 3199 1613 3229 auderem
1636 3198 1738 3229 dicere
1771 3199 1830 3228 nisi
1853 3199 1928 3239 quia
1956 3199 2048 3229 multi
2072 3199 2134 3229 hoc
2162 3199 2316 3234 sentiunt,
2342 3207 2371 3229 et
2401 3200 2439 3229 de

1380 3242 1462 3273 facto
1481 3243 1677 3283 quandoque
1692 3241 1727 3272 fit
1741 3243 1860 3283 absque
1878 3243 2129 3283 reprehensione.
2154 3244 2195 3274 Et
2209 3243 2329 3273 nullam
2345 3243 2438 3273 video

1379 3286 1475 3317 huius
1498 3286 1663 3322 rationem,
1681 3286 1739 3316 nisi
1763 3287 1838 3326 quia
1852 3294 1963 3317 vacant
1985 3287 2018 3316 in
2034 3286 2160 3317 veritate
2177 3287 2302 3317 servitio
2320 3287 2438 3323 divino,

1380 3338 1410 3361 et
1429 3330 1569 3361 Ecclesia
1585 3340 1650 3360 non
1666 3330 1873 3370 reprehendit.
1897 3331 2003 3368 Quare
2026 3338 2133 3361 autem
2149 3338 2232 3361 extra
2249 3331 2438 3362 necessitatis

1378 3374 1547 3404 articulum
1570 3374 1676 3405 illicita
1700 3374 1762 3404 sint
1794 3374 1870 3404 11500
1898 3384 1994 3414 opera
2017 3374 2049 3404 in
2073 3374 2169 3411 festo,
2193 3375 2272 3405 ratio
2295 3382 2341 3406 est
2364 3375 2440 3415 quia

1380 3418 1438 3449 ista
1461 3425 1535 3448 sunt
1563 3428 1660 3458 opera
1690 3428 1728 3448 ex
1752 3427 1811 3448 suo
1834 3428 1947 3457 genere
1975 3418 2113 3454 servilia,
2138 3428 2203 3448 non
2227 3429 2282 3458 per
2306 3429 2338 3449 se
2368 3429 2438 3459 spe-

1381 3462 1494 3492 ctantia
1510 3462 1549 3492 ad
1565 3462 1623 3492 Dei
1639 3461 1831 3498 servitutem,
1847 3462 1927 3492 sicut
1943 3469 2083 3502 spectant
2106 3463 2226 3503 reliqua
2250 3463 2358 3493 omnia
2373 3470 2438 3494 tam

1382 3506 1476 3546 primi
1499 3515 1597 3546 quam
1620 3505 1748 3536 secundi
1772 3506 1891 3536 ordinis
1915 3516 2020 3546 opera.
2044 3524 2064 3529 -
2089 3506 2128 3537 Et
2151 3505 2355 3538 confirmatur
2377 3507 2439 3537 hoc

1382 3560 1418 3580 ex
1442 3549 1670 3580 consuetudine
1693 3549 1806 3590 populi
1830 3549 2009 3586 Christiani,
2030 3560 2111 3591 quae
2128 3557 2173 3581 est
2197 3552 2313 3590 optima
2331 3552 2437 3591 legum

2263 3611 2292 3636 61

2471 609 2532 631 '-Cf
2546 616 2610 632 num.
2625 616 2647 637 v,

2471 636 2567 684 ξῗέξιξ
2579 668 2610 684 ιι.
