2860 4244
114 679 124 689 ⁸
138 678 196 700 Cod.
211 678 240 703 11.
253 683 284 702 iv.
297 677 325 699 de

118 704 251 731 Trans-act„
265 703 297 726 18.

211 783 227 799 α

212 935 226 967 β

113 1043 122 1053 ⁸
137 1042 192 1064 Can.
212 1042 240 1063 Si
257 1047 323 1070 quem

109 1070 196 1096 poenit.

111 1252 121 1262 ⁸
136 1252 201 1273 vers.
216 1252 247 1273 16.

111 2635 121 2645 ⁸
137 2635 183 2661 Qu.
198 2640 234 2660 ιν,
251 2637 295 2656 art.
310 2639 322 2661 3

111 2667 162 2689 sqq.

360 271 429 296 110

997 256 1262 303 QUAESTIO
1293 256 1431 303 LXIX,

1461 255 1756 293 ARTICULUS
1786 257 1817 292 11

1113 380 1428 422 ARTICULUS
1459 380 1759 423 SECUNDUS

811 474 966 504 UTRUM
990 472 1224 503 AccusATo
1249 471 1408 503 LICEAT
1433 470 1712 503 CALUMNIOSE
1736 472 1784 503 SE
1808 472 2068 504 DEFENDERE

384 578 444 606 >fa
466 582 476 600 ν

378 587 539 675 QZ&
563 622 738 652 accusato
755 614 863 651 liceat
883 613 1117 650 calumniose
1138 626 1178 650 se
1194 613 1409 651 defendere.

399 666 403 673 '
452 653 663 714 νὨυἱε
691 667 902 704 secundum
932 667 1012 703 iura
1042 666 1165 703 civilia
1178 665 1209 713 ²¹³,
1230 666 1268 703 in
1298 678 1411 703 causa

429 684 449 699 N

370 672 755 767 ‘'«w'ksanguinis
783 719 925 756 licitum
965 727 1020 756 est
1051 719 1201 756 cuilibet
1235 720 1411 756 adversa—

352 772 450 808 rium
474 777 491 793 ‘²
519 784 777 821 corrumpere.
821 772 899 809 Sed
926 772 1001 808 hoc
1031 771 1198 809 maxime
1230 780 1285 808 est
1313 773 1411 809 calu-

352 824 499 861 mniose
529 837 568 861 se
599 825 815 862 defendere.
859 826 961 872 Ergo
990 837 1068 862 non
1096 832 1230 874 peccat
1258 837 1410 869 accusa-

350 884 408 913 tus
429 877 467 914 in
496 890 611 914 causa
631 878 823 926 sanguinis
852 878 882 915 si
899 877 1135 914 calumniose
1154 890 1195 914 se
1220 876 1409 915 defendat.

405 941 440 966 2.
469 931 711 978 PRAETEREA,
745 936 943 968 accusator
960 929 975 960 β
1003 942 1089 967 cum
1125 936 1300 967 accusato
1337 931 1411 967 col-

349 982 479 1020 ludens
500 995 667 1032 poenam
696 984 827 1032 recipit
843 984 988 1034 legibus
1008 983 1255 1029 constitutam,
1285 991 1327 1020 ut
1345 984 1410 1021 ha-

351 1036 461 1072 betur
490 1037 534 1082 11,
565 1049 627 1086 qu.
657 1049 692 1073 111
711 1037 749 1074 *ε
784 1050 863 1074 non
891 1044 1019 1073 autem
1047 1036 1257 1085 imponitur
1283 1049 1410 1085 poena
1436 1071 1438 1083 ,

350 1096 527 1126 accusato
557 1098 713 1138 propter
740 1091 815 1127 hoc
840 1092 945 1138 quod
974 1101 1061 1126 cum
1091 1096 1310 1126 accusatore
1334 1090 1409 1126 col-

349 1141 453 1179 ludit.
502 1143 604 1190 Ergo
632 1143 783 1180 videtur
810 1142 916 1192 quod
953 1142 1062 1179 liceat
1099 1149 1276 1178 accusato
1311 1143 1410 1179 calu-

351 1195 499 1231 mniose
529 1208 568 1231 se
598 1195 814 1232 defendere.

405 1249 439 1285 3.
461 1247 694 1295 ΡκΑΕτΕκΕΑ,
714 1249 827 1285 Ρνον.
843 1260 903 1284 xlv
916 1247 936 1269 '¹‘
952 1247 1105 1284 dicitur:
1135 1247 1291 1294 Sapiens
1310 1247 1412 1283 timet

350 1306 386 1336 et
411 1300 571 1338 declinat
605 1313 628 1338 a
657 1301 781 1338 malo:
820 1300 950 1337 stultus
986 1299 1147 1335 transilit
1181 1305 1217 1335 et
1246 1299 1408 1346 confidit.

350 1354 426 1390 Sed
455 1353 545 1390 illud
574 1354 678 1402 quod
705 1354 749 1390 fit
781 1365 850 1401 per
877 1352 1101 1401 sapientiam
1131 1363 1209 1388 non
1240 1359 1296 1388 est
1323 1364 1409 1400 pec-

350 1413 488 1442 catum.
519 1407 620 1454 Ergo
650 1406 680 1442 si
709 1405 842 1453 aliquis
862 1405 1186 1454 qualitercumque
1210 1416 1251 1441 se
1278 1404 1411 1441 liberet

349 1470 370 1495 a
399 1459 514 1506 malo,
544 1471 623 1496 non
651 1466 794 1507 peccat.

402 1512 476 1548 SED
506 1523 652 1548 CONTRA
679 1523 746 1549 EST
765 1511 869 1560 quod
899 1510 1011 1547 etiam
1030 1515 1047 1538 Υ
1075 1510 1113 1546 in
1143 1522 1257 1546 causa
1285 1509 1409 1546 crimi-

348 1564 422 1601 nali
451 1564 707 1602 iuramentum
736 1564 783 1602 de
813 1563 1003 1601 calumnia
1032 1570 1088 1599 est
1118 1563 1408 1611 praestandum:

347 1625 389 1653 ut
415 1618 577 1655 habetur
605 1619 732 1663 Extra,
761 1618 807 1654 de
833 1618 1053 1654 Iuramento
1087 1615 1245 1660 Catum„
1272 1617 1409 1652 Inhae-

348 1676 480 1707 rentes.
511 1671 629 1718 Quod
658 1683 736 1708 non
757 1678 856 1707 esset
884 1670 914 1706 si
943 1668 1178 1706 calumniose
1204 1669 1409 1706 defendere

348 1735 388 1759 se
417 1723 556 1761 liceret.
601 1724 702 1771 Ergo
731 1735 810 1760 non
843 1730 899 1760 est
931 1722 1073 1759 licitum
1102 1729 1278 1758 accusato
1308 1723 1408 1759 calu-

347 1776 497 1813 mniose
526 1790 566 1814 se
595 1776 811 1814 defendere.

401 1830 626 1867 RESPONDEO
655 1841 838 1866 mensuum
867 1828 972 1877 quod
1002 1827 1103 1864 aliud
1132 1834 1188 1863 est
1207 1827 1407 1864 veritatem

346 1890 484 1930 tacere,
514 1883 616 1920 aliud
645 1891 701 1919 est
729 1882 926 1919 falsitatem
955 1892 1184 1929 proponere.
1229 1880 1406 1926 Quorum

347 1935 515 1984 primum
545 1936 582 1972 in
611 1936 739 1983 aliquo
770 1947 858 1972 casu
887 1934 981 1971 licet.
1020 1934 1112 1970 Non
1141 1932 1244 1969 enim
1274 1933 1407 1982 aliquis

346 1996 495 2025 tenetur
514 2000 671 2025 ornnem
691 1988 889 2025 veritatem
920 1987 1103 2032 confiteri,
1134 1985 1200 2022 sed
1226 1985 1327 2022 illam
1347 1999 1408 2023 so-

347 2042 426 2078 lum
452 2053 568 2089 quam
599 2042 647 2078 ab
668 2053 714 2077 eo
734 2048 859 2089 potest
887 2047 923 2077 et
943 2040 1056 2077 debet
1083 2038 1273 2088 requirere
1293 2038 1406 2076 iudex

348 2094 559 2131 secundum
598 2094 774 2131 ordinem
803 2093 913 2130 iuris:
951 2100 1044 2141 puta
1082 2104 1170 2128 cum
1204 2092 1408 2140 praecessit

346 2147 501 2184 infamia
522 2159 636 2195 super
655 2147 780 2195 aliquo
808 2146 976 2191 crimine,
996 2145 1058 2182 vel
1084 2144 1210 2193 aliqua
1230 2155 1407 2193 expressa

347 2200 484 2237 indicia
523 2208 799 2248 apparuerunt,
834 2199 896 2236 vel
931 2199 1043 2235 etiarn
1077 2210 1165 2234 cum
1203 2198 1408 2245 praecessit

346 2252 521 2302 probatio
542 2253 762 2302 semiplena.
792 2252 1007 2289 Falsitatem
1033 2259 1162 2287 tamen
1190 2262 1406 2300 proponere

348 2307 386 2344 in
415 2307 518 2343 nullo
548 2319 638 2343 casu
665 2306 751 2343 licet
778 2305 899 2342 alicui.

400 2360 461 2396 Ad
490 2359 528 2396 id
562 2366 689 2396 autem
718 2358 822 2407 quod
856 2357 997 2394 licitum
1033 2363 1089 2392 est
1115 2363 1242 2404 potest
1273 2357 1407 2405 aliquis

348 2412 556 2461 procedere
579 2412 642 2449 vel
670 2424 739 2460 per
764 2411 848 2448 vias
876 2410 993 2447 licitas
1021 2416 1058 2445 et
1085 2409 1152 2445 fini
1180 2409 1323 2446 intento
1348 2422 1407 2446 ac-

350 2465 587 2511 commodas,
609 2464 714 2513 quod
734 2464 896 2512 pertinet
915 2463 963 2500 ad
983 2461 1242 2510 prudentiam:
1262 2463 1324 2499 vel
1340 2474 1408 2511 per

349 2518 494 2566 aliquas
512 2518 595 2554 vias
623 2517 764 2554 illicitas
794 2524 829 2553 et
847 2515 1044 2565 proposito
1074 2514 1140 2551 fini
1167 2514 1407 2563 incongruas,

349 2571 458 2618 quod·
483 2571 643 2619 pertinet
680 2570 729 2606 ad
757 2570 951 2615 astutiam,
982 2579 1081 2615 quae
1111 2575 1305 2604 exercetur
1340 2580 1409 2616 per

349 2624 521 2661 fraudem
558 2631 594 2660 et
631 2623 780 2669 dolum,
819 2630 860 2659 ut
897 2634 942 2658 ex
979 2620 1203 2669 supradictis
1240 2621 1260 2641 *
1293 2628 1406 2669 patet.

349 2677 527 2723 Quorum
556 2676 722 2725 primurn
754 2682 809 2712 est
835 2674 1041 2718 laudabile;
1072 2673 1284 2710 secundum
1313 2686 1407 2710 vero

402 2785 429 2817 a)
448 2785 643 2809 adversarium.
655 2798 675 2804 -
692 2792 768 2809 suum
788 2785 887 2809 addunt
905 2785 957 2810 PD.

388 2820 426 2852 ᾧ)
446 2824 595 2845 accusator.
609 2834 627 2839 —
644 2820 668 2845 si
685 2823 826 2845 accusator
844 2821 880 2851 D;
906 2828 954 2853 pro
977 2821 1129 2850 mandens,
1147 2821 1266 2846 colludat
1290 2821 1408 2851 BCEFK,

347 2856 489 2923 Ξοιιιρεὲιὲἷίἶςῖ
503 2856 540 2915 {31¹
551 2855 662 2880 colludit
675 2855 755 2887 ADH,
769 2855 904 2881 concludit
917 2863 942 2887 x,
962 2855 986 2880 si
999 2856 1117 2881 colludat
1138 2856 1181 2881 GI.
1194 2869 1213 2876 —
1231 2856 1282 2880 Pro
1300 2856 1408 2889 legibus,

487 592 508 603 s,
563 576 585 600 n
600 574 789 599 SECUNDUM
804 573 856 598 sm
872 572 1112 598 PROCEDITUR.
1128 561 1288 598 Videtur
1307 560 1411 609 quod
1437 565 1440 618 Ι
1464 559 1657 597 vitiosum.
1689 560 1751 597 Sic
1771 560 1880 608 igitur
1899 572 1964 597 reo
1985 560 2050 608 qui
2078 568 2276 598 accusatur
2300 561 2384 599 licet
2404 575 2444 599 se
2464 563 2528 601 de-

1464 611 1619 648 fendere
1638 613 1838 650 veritatem
1859 613 2085 651 occultando
2106 626 2222 663 quam
2250 615 2423 652 confiteri
2450 628 2528 653 non

1464 672 1625 711 tenetur,
1655 677 1724 714 per
1750 666 1897 715 aliquos
1927 666 2198 703 convenientes
2232 667 2393 704 modos:
2435 676 2528 717 puta

1464 717 1569 767 quod
1605 730 1684 755 non
1713 719 1942 767 respondeat
1971 719 2019 756 ad
2048 731 2147 767 quae
2182 720 2415 769 respondere
2449 733 2528 759 non

1464 777 1624 807 tenetur.
1654 772 1740 810 Hoc
1761 779 1889 807 autem
1909 783 1988 808 non
2007 779 2063 808 est
2082 772 2316 810 calumniose
2338 786 2378 810 se
2398 773 2528 812 defen·-

1466 824 1567 870 dere,
1589 824 1656 860 sed
1677 823 1796 871 magis
1815 825 2021 872 prudenter
2040 825 2216 863 evadere.
2233 846 2257 853 -
2282 826 2374 863 Non
2397 834 2526 864 autem

1464 876 1550 913 licet
1570 876 1603 913 ei
1621 877 1683 913 vel
1710 876 1910 913 falsitatem
1935 876 2072 924 dicere,
2091 878 2155 914 vel
2177 879 2377 916 veritatem
2402 887 2526 917 tacere

1465 941 1582 978 quam
1599 929 1770 966 confiteri
1789 937 1953 974 tenetur3
1973 941 2097 978 neque
2113 930 2226 968 etiam
2245 931 2412 980 aliquam
2428 933 2527 970 frau-

1465 983 1554 1019 dem
1583 983 1645 1019 vel
1672 983 1805 1020 dolum
1825 980 1838 1003 ⁶
1867 982 2067 1028 adhibere,
2097 983 2186 1031 quia
2222 984 2324 1022 fraus
2353 992 2390 1021 et
2417 985 2526 1022 dolus

1463 1035 1543 1072 vim
1574 1035 1761 1072 mendacii
1789 1035 1942 1072 habent.
1972 1035 2021 1072 Et
2048 1035 2123 1071 hoc
2152 1043 2208 1072 est
2227 1037 2461 1074 calumniose
2486 1051 2526 1075 se

1465 1088 1682 1125 defendere.

1517 1142 1576 1178 An
1605 1152 1742 1178 prunum
1771 1151 1869 1177 ERGO
1898 1152 2083 1178 memnon
2111 1141 2217 1190 quod
2246 1142 2365 1178 multa
2393 1154 2527 1180 secun-

1464 1194 1558 1231 dum
1586 1193 1687 1241 leges
1715 1194 1904 1230 humanas
1930 1193 2117 1241 impunita
2146 1193 2408 1243 relinquuntur
2426 1207 2526 1244 quae

1464 1247 1676 1283 secundum
1705 1246 1878 1283 divinum
1907 1246 2090 1292 iudicium
2118 1254 2206 1283 sunt
2232 1255 2400 1295 peccata,
2431 1248 2527 1285 sicut

1463 1306 1566 1347 patet
1593 1299 1632 1335 in
1661 1299 1821 1347 simplici
1849 1298 2118 1336 fornicatione:
2155 1300 2244 1348 quia
2271 1301 2331 1338 lex
2358 1301 2526 1338 humana

1463 1364 1542 1388 non
1563 1351 1674 1399 exigit
1693 1352 1740 1388 ab
1756 1350 1914 1387 homine
1930 1351 2198 1389 omnimodam
2213 1353 2404 1401 virtutem,
2427 1366 2525 1405 quae

1462 1416 1676 1453 paucorum
1713 1411 1786 1450 est,
1817 1410 1854 1440 et
1882 1415 1960 1440 non
1995 1411 2121 1452 potest
2155 1405 2331 1445 inveniris
2351 1406 2391 1447 in
2407 1407 2526 1458 ,tanta

1462 1457 1702 1494 multitudine
1736 1456 1868 1506 populi
1897 1464 2080 1505 quantam
2117 1458 2176 1494 lex
2208 1459 2380 1497 humana
2408 1459 2526 1501 ¹sitisti—

1462 1522 1552 1547 nere
1586 1510 1701 1547 habet
1734 1521 1902 1546 necesse.
1950 1510 2068 1556 Quod
2106 1517 2235 1548 autem
2274 1510 2526 1560 aliquisvsnon

1460 1563 1553 1600 velit
1589 1562 1742 1612 aliquo'd
1780 1571 1979 1611 peccatum
2014 1563 2254 1601 committere
2289 1571 2336 1602 ut.
2350 1561 2525 1603 ‘ffiomffi
2570 1568 2571 1573 ¹
2607 1566 2636 1579 w
2676 1579 2677 1584 ,
2708 1580 2710 1582 .

1462 1616 1701 1665 corporalem
1722 1616 1870 1662 evadat,
1892 1615 1998 1652 cuius
2017 1616 2230 1665 periculum
2251 1617 2289 1654 in
2305 1629 2420 1666 causa
2439 1630 2525 1656 san-

1461 1669 1583 1717 guinis
1611 1668 1785 1706 imminet
1813 1680 1896 1716 reo,
1927 1675 1982 1706 est
2010 1669 2198 1718 perfectae
2224 1670 2392 1709 virtutis:
2437 1670 2528 1720 quta>

1461 1722 1629 1759 omnium
1649 1721 1911 1769 temporalium
1930 1726 1943 1742 ⁸
1966 1722 2136 1759 maxime
2154 1723 2319 1760 terribile
2336 1731 2391 1761 est
2407 1736 2524 1773 mors,

1461 1783 1501 1812 ut
1530 1775 1665 1812 dicitur
1692 1774 1730 1811 in
1751 1775 1800 1810 III
1820 1775 1940 1811 Ethic.
1960 1774 1981 1796 ¹³
2010 1776 2058 1812 Et
2076 1775 2164 1812 ideo
2192 1776 2223 1813 si
2243 1789 2330 1814 reus
2349 1777 2387 1815 in
2409 1789 2525 1815 causa
2550 1785 2562 1796 ⁸

1461 1827 1651 1876 sanguinis
1680 1834 1900 1876 corrumpat
1936 1828 2197 1866 adversarium
2227 1841 2361 1878 suurn,
2390 1839 2526 1880 peccat

1461 1881 1619 1929 quidem
1647 1880 1866 1917 inducendo
1895 1892 1985 1917 eum
2010 1881 2058 1918 ad
2077 1881 2257 1930 illicitum,
2287 1895 2367 1920 non
2394 1891 2523 1922 autem

1460 1934 1549 1971 huic
1577 1941 1734 1982 peccato
1755 1934 1814 1970 lex
1835 1933 1955 1970 civilis
1983 1933 2139 1971 adhibet
2165 1947 2347 1984 poenam.
2377 1937 2428 1974 Et
2451 1949 2523 1987 pro

1460 1994 1564 2024 tanto
1593 1985 1736 2023 licitum
1766 1998 1848 2023 esse
1877 1986 2014 2023 dicitur
2031 1985 2055 2023 ἔ.

1512 2041 1571 2076 An
1600 2051 1791 2076 SECUNDUM
1812 2051 1996 2076 met-:unum
2024 2039 2131 2089 quod
2150 2048 2360 2088 accusator,
2389 2042 2420 2079 si
2449 2042 2528 2080 col-³

1460 2092 1566 2130 ludat
1593 2104 1681 2129 cum
1710 2103 1776 2128 reo
1797 2092 1862 2140 qui
1891 2092 2026 2129 noxius
2056 2099 2121 2139 est,
2151 2105 2318 2141 poenam
2347 2094 2525 2132 incurrit:

1461 2157 1507 2182 ex
1526 2157 1605 2193 quo
1633 2151 1736 2194 patet
1763 2146 1868 2193 quod
1896 2153 2040 2194 peccat.
2070 2146 2195 2193 Unde,
2225 2156 2315 2184 cum
2341 2147 2524 2186 inducere

1461 2198 1627 2250 aliquem
1646 2198 1694 2234 ad
1715 2198 1954 2246 peccandum
1975 2198 2021 2235 sit
2037 2206 2251 2247 peccatum,
2266 2200 2329 2237 vel
2349 2201 2525 2250 qualiter-

1461 2263 1626 2300 cumque
1654 2251 1799 2299 peccati
1827 2251 2049 2300 participem
2080 2264 2175 2300 esse,
2201 2264 2290 2290 cum
2315 2255 2525 2303 Apostolus

1462 2304 1560 2342 dicat
1587 2303 1607 2325 ’¹‘
1635 2303 1768 2351 dignos
1797 2312 1920 2341 morte
1955 2317 2021 2341 eos
2050 2307 2116 2352 qui
2153 2306 2399 2354 peccantibus
2433 2310 2529 2345 con-i

1461 2357 1640 2403 sentiunt,
1671 2356 1915 2394 manifestum
1941 2364 1998 2394 est
2015 2358 2120 2406 quod
2141 2358 2254 2396 etiam
2280 2370 2367 2398 reus
2390 2369 2525 2409 peccat

2549 2316 2754 2345 ·uRo-1.e·p.1‚

2550 2349 2657 2372 νειμ.

1461 2422 1550 2447 curn
1579 2409 1798 2446 adversario
1828 2410 2070 2447 colludendo.
2114 2412 2206 2448 Non
2234 2419 2362 2450 tamen
2391 2425 2525 2451 secun*
2556 2423 2563 2429 ·

1462 2464 1555 2500 dum
1584 2463 1685 2510 leges
1713 2463 1901 2499 humanas
1929 2463 2138 2512 imponitur
2166 2464 2237 2501 sibi
2264 2477 2404 2514 poena,
2435 2478 2525 2516 pro-

1461 2523 1545 2564 pter
1572 2515 1759 2552 rationem
1787 2515 1864 2552 iam
1883 2515 1904 2537 ’¹‘
1932 2516 2082 2553 dictam.

1514 2570 1572 2604 An
1600 2579 1760 2605 TERTmM
1798 2580 1982 2606 mCENDUM
2011 2569 2116 2618 quod
2144 2570 2295 2619 sapiens
2333 2584 2411 2609 non
2441 2573 2526 2609 abs-

1463 2620 1592 2658 condit
1619 2633 1659 2656 se
1689 2621 1935 2668 calumniose,
1966 2622 2034 2659 sed
2061 2623 2278 2670 prudenter.

1515 2790 1542 2819 γ)
1561 2787 1652 2811 etiam.
1667 2800 1686 2806 -
1703 2788 1764 2811 Om.
1784 2786 1941 2819 PGHKLpC
1960 2791 1985 2811 et
2003 2794 2028 2812 a.

1514 2820 1540 2854 δ)
1559 2821 1703 2854 aliquam...
1722 2822 1822 2848 dolum.
1833 2835 1852 2841 -
1869 2822 1984 2854 aliquem
2003 2822 2094 2847 dolum
2114 2823 2155 2848 vel
2164 2824 2296 2857 fraudem
2318 2824 2363 2849 Pa.

1515 2857 1537 2889 ε)
1557 2857 1750 2889 temporalium.
1764 2871 1783 2876 —
1801 2857 1959 2882 terribilium
1979 2857 2031 2888 PG,
2051 2857 2276 2884 terribilissimam
2297 2859 2337 2884 ed.
2358 2867 2385 2884 a.

1514 2892 1540 2924 ζ)
1560 2892 1669 2917 dicitur.
1682 2907 1702 2912 —
1719 2892 1840 2917 creditur
1858 2893 1890 2922 G,
1910 2893 2016 2918 videtur
2034 2892 2064 2917 P.

1015 2969 1350 3004 Commenta-ia
1371 2970 1624 3004 cardinalis
1646 2971 1847 3005 Caietam

380 3058 399 3078 N
424 3048 562 3079 articulis
577 3047 682 3088 primo
707 3055 737 3078 et
760 3049 901 3079 secundo
925 3049 1119 3089 quaestionis
1139 3049 1407 3090 sexagesimaeno—

353 3060 449 3128 Inae,
474 3093 554 3122 circa
578 3092 810 3122 confessionem
835 3093 971 3123 accusati
990 3103 1046 3123 seu
1063 3093 1116 3129 rei,
1141 3100 1217 3124 nota
1240 3100 1301 3124 tres
1317 3103 1407 3124 casus

348 3136 381 3166 in
404 3136 535 3167 littera*
557 3136 590 3166 in
613 3135 728 3176 quibus
753 3136 859 3165 solum
883 3142 1006 3166 tenetur
1028 3147 1099 3167 reus
1123 3137 1210 3167 fateri
1233 3138 1406 3168 veritatem.

349 3181 473 3211 Primus
497 3187 543 3210 est
572 3189 646 3210 cum
669 3179 836 3219 praecessit
858 3179 987 3210 infamia
1010 3190 1105 3220 super
1128 3180 1236 3220 aliquo
1260 3181 1406 3217 crimine;

349 3225 515 3259 secundus,
541 3234 615 3254 cum
638 3223 743 3264 aliqua
759 3233 901 3264 expressa
917 3223 1031 3254 indicia
1045 3224 1262 3264 apparuerint;
1288 3224 1407 3261 tertius,

351 3278 424 3299 cum
448 3268 614 3308 praecessit
637 3267 809 3307 semiplena
830 3267 986 3308 probatio.
1011 3268 1052 3298 Et
1067 3268 1220 3309 quoniam
1235 3268 1346 3308 triplex
1363 3275 1409 3299 est

351 3313 466 3342 modus
485 3312 676 3352 procedendi
691 3312 724 3342 in
740 3311 933 3348 criminibus,
950 3311 1070 3342 scilicet·
1087 3321 1142 3352 per
1158 3312 1407 3352 inquisitionem,

349 3356 622 3387 denuntiationem
659 3363 689 3387 et
721 3356 973 3392 accusationem,
1009 3356 1133 3387 adverte
1171 3356 1407 3396 diligentissime

350 3401 437 3440 quod
468 3401 597 3440 quando
626 3410 681 3440 per
709 3400 793 3430 viam
824 3399 1037 3440 inquisitionis
1061 3400 1257 3440 proceditur,
1282 3407 1409 3440 oportet

350 3445 533 3483 praecedere
557 3443 729 3475 infamiam.
754 3444 795 3475 Et
809 3451 939 3475 vocatur
954 3444 1083 3474 infamia
1103 3453 1167 3474 non
1184 3444 1331 3485 frequens
1349 3455 1408 3475 vox

351 3487 555 3524 discolorum,
579 3489 631 3518 sed
657 3488 803 3528 frequens
819 3499 880 3518 vox
896 3488 966 3519 talis
990 3495 1025 3518 ut
1048 3489 1133 3528 apud
1154 3489 1273 3528 probos
1289 3495 1319 3519 et
1335 3498 1408 3528 pro—

350 3531 440 3561 vidos
463 3532 547 3562 viros
571 3532 717 3562 reddatur
740 3542 875 3572 persona
899 3533 937 3562 de
955 3532 1084 3563 crimine
1107 3532 1161 3563 tali
1185 3532 1408 3563 rationabiliter

1458 3057 1614 3090 suspecta.
1639 3051 1719 3081 Dico
1744 3058 1851 3082 autem
1874 3051 1914 3082 de
1928 3053 2061 3083 crimine
2083 3053 2159 3084 tali:
2182 3053 2258 3094 quia
2273 3053 2438 3095 inquisitio
2458 3054 2525 3085 noti

1459 3101 1563 3134 potest
1585 3094 1652 3125 fieri
1682 3095 1742 3125 nisi
1767 3095 1806 3125 de
1830 3095 1960 3126 crimine
1983 3096 2040 3126 illo
2071 3097 2110 3127 de
2133 3106 2200 3137 quo
2224 3097 2338 3138 aliquis
2361 3106 2408 3129 est
2437 3098 2524 3129 dm.

1459 3145 1574 3168 matus.
1598 3139 1663 3169 Nec
1679 3146 1725 3169 est
1740 3149 1852 3169 verum
1874 3140 1907 3169 id
1930 3141 2019 3180 quod
2042 3140 2174 3181 quidam
2190 3142 2392 3182 scripserunt,
2407 3141 2525 3176 scilicet

1458 3182 1546 3222 quod
1567 3181 1746 3212 diffamatus
1763 3183 1801 3213 de
1817 3193 1884 3213 uno
1900 3183 2030 3214 crimine
2049 3185 2150 3224 possit
2167 3185 2286 3226 inquiri
2303 3186 2342 3216 de
2356 3185 2436 3217 aliis.
2460 3186 2523 3218 Sed

1459 3225 1521 3255 hoc
1544 3232 1590 3256 est
1614 3226 1777 3256 manifeste
1802 3233 1911 3257 contra
1934 3227 2131 3265 decretalem,
2156 3229 2260 3266 Extra,
2284 3230 2324 3260 de
2337 3228 2522 3265 Accusatio-

1460 3269 1561 3306 nibus,
1587 3279 1655 3310 cap.
1673 3269 1903 3310 Inquisitionis,
1929 3271 1983 3302 ubi
2009 3272 2164 3304 habentur
2186 3273 2263 3304 haec
2277 3272 2387 3304 verba:
2411 3270 2523 3314 Inqui-

1459 3314 1531 3344 sitio
1551 3313 1625 3351 fieri
1647 3313 1736 3344 debet
1757 3314 1955 3346 solummodo
1978 3325 2076 3356 super
2090 3317 2154 3347 illis
2177 3317 2217 3348 de
2231 3317 2346 3358 quibus
2363 3316 2522 3348 clamores

1459 3357 1560 3397 aliqui
1576 3364 1834 3397 praecesserunt.
1858 3359 1900 3390 Et
1922 3359 2081 3391 intantum
2106 3360 2267 3392 decretalis
2286 3361 2340 3391 ina
2356 3360 2438 3400 exigi
2453 3362 2522 3393 vult

1460 3401 1698 3441 praecedentem
1716 3402 1882 3433 infamiam
1903 3413 1997 3444 super
2013 3404 2122 3445 aliquo
2139 3405 2278 3441 crimine,
2299 3405 2387 3445 quod
2407 3406 2436 3435 si
2457 3405 2522 3436 duo

1461 3446 1511 3475 vel
1527 3445 1641 3485 plures
1665 3447 1764 3476 iurati
1778 3446 1947 3487 affirmant
1963 3449 2100 3489 aliquem
2121 3449 2239 3479 crimen
2254 3449 2385 3489 aliquod
2403 3449 2520 3480 eisdem

1461 3489 1638 3520 videntibus
1660 3491 1863 3528 commisisse,
1888 3491 1927 3522 de
1942 3502 2004 3532 quo
2020 3493 2130 3533 aliqua
2146 3502 2208 3522 non
2224 3493 2351 3523 laborat
2369 3492 2520 3534 infamia,

1461 3543 1523 3563 non
1543 3539 1590 3564 est
1612 3539 1723 3564 contra
1741 3544 1812 3565 eum
1830 3541 2004 3575 propterea
2021 3536 2258 3576 inquirendum,
2276 3543 2334 3567 etc.
2359 3536 2425 3567 Nec
2441 3537 2520 3568 ratio

2550 2520 2597 2543 ⁸111
2610 2525 2674 2548 resp.
2687 2520 2716 2542 nd
2731 2526 2748 2542 ι.

2851 2454 2860 2988 ,μῳ-ᾓῌ,....--Δ..
2857 2417 2860 2432 ..
2858 2380 2860 2382 .
2856 2315 2860 2324 Δ
