2860 4244
412 260 463 306 64
1072 255 1339 302 QUAESTIO
1369 255 1507 302 LXIII,
1537 256 1834 293 ARTICULUS
1865 257 1914 292 III

273 350 289 374 γ
412 338 469 374 nis
489 337 526 373 in
556 336 836 385 dispensatione
857 334 1116 383 spiritualium,
1137 345 1302 381 quorum
1322 338 1338 361 Υ
1364 344 1472 380 prae·
1499 336 1501 393 Ι
1579 336 1638 370 AD
1666 345 1824 371 Ti-:Rrium
1861 345 2046 371 montinum
2075 333 2180 381 quod
2215 341 2400 382 quantum
2429 334 2477 372 ad
2515 335 2591 371 hoc

412 392 508 427 latus
528 388 799 426 ecclesiasticus
818 400 896 424 non
926 394 981 423 est
1009 386 1199 432 dominus,
1221 393 1261 421 ut
1289 385 1407 434 possit
1427 397 1472 421 ea
1527 386 1632 434 quod
1661 387 1793 423 electio
1822 386 2035 436 impugnari
2064 398 2143 423 non
2171 386 2290 434 possit
2317 386 2355 423 in
2384 387 2467 424 foro
2496 387 2590 424 iudi-

413 444 502 480 dare
530 454 599 490 pro
629 441 744 487 libito,
765 441 833 476 sed
862 439 1110 487 dispensator,
1140 438 1351 475 secundum
1380 437 1472 474 illud
1499 436 1501 488 ξ
1528 437 1622 485 ciali,
1644 439 1781 476 sufficit
1810 439 1943 487 eligere
1973 440 2140 486 bonurn,
2171 451 2242 475 nec
2270 444 2421 487 oportet
2454 440 2590 487 eligere

173 506 182 515 ·
199 506 263 526 vers·
278 511 294 526 ι-
414 497 426 531 I
448 495 499 532 ad
516 496 601 531 Cor.
624 494 711 530 iv*:
738 494 799 529 Sic
818 504 884 529 nos
898 491 1083 528 existimet
1099 492 1211 527 homo
1228 496 1267 526 ut
1284 490 1473 527 ministros
1499 499 1501 555 ἶ
1527 491 1745 528 meliorem:
1775 492 1861 540 quia
1890 493 1943 529 sic
1971 492 2095 529 omnis
2125 491 2257 528 electio
2293 499 2422 540 posset
2450 493 2591 530 habere

271 552 285 576 δ
418 548 572 593 Christi,
602 553 637 583 et
671 547 941 594 dispensatores
981 544 1248 592 mysteriorum
1283 541 1297 565 δ
1334 544 1417 580 Dei.
1447 564 1471 571 -
1500 559 1502 592 1
1529 544 1772 581 calumniam.
1812 545 1887 582 Sed
1916 552 2101 594 quantum
2138 545 2186 581 ad
2221 545 2492 582 conscientiam
2526 545 2592 582 eli-

415 601 658 647 Quandoque
686 611 780 635 vero
810 596 1079 644 consanguinei
1116 596 1272 645 praelati
1300 596 1474 633 ecclesia·
1500 593 1502 626 ἶ
1528 596 1659 644 gentis,
1681 609 1835 634 necesse
1856 605 1911 634 est
1940 598 2074 646 eligere
2099 598 2298 634 meliorem
2325 598 2388 635 vel
2418 597 2592 646 simplici-

382 654 385 657 '
414 653 493 690 stici
521 659 607 689 sunt
625 663 746 699 aeque
767 650 868 697 digni
897 657 937 686 ut
960 649 1030 686 alii.
1062 650 1111 685 Et
1138 649 1191 686 sic
1211 649 1308 686 licite
1337 657 1472 698 potest,
1528 657 1603 695 ter,
1634 651 1696 686 vel
1725 649 1762 686 in
1791 651 2076 698 comparatione
2105 650 2152 688 ad
2186 651 2334 688 bonum
2370 662 2590 688 commune.

414 707 559 752 absque
595 714 846 752 personarum
889 702 1134 750 acceptione,
1169 702 1474 750 consanguineos
1501 746 1502 751 ¹
1530 702 1630 749 Quia
1658 702 1689 738 si
1717 710 1841 751 potest
1859 703 1991 740 haberi
2020 703 2151 752 aliquis
2171 704 2292 751 magis
2322 703 2483 740 idoneus
2503 715 2592 751 erga

274 765 285 781 ε
414 771 503 794 suos
522 763 534 778 ε
562 757 771 805 praeferre:
811 755 898 804 quia
935 756 1068 791 saltem
1106 755 1143 792 in
1182 756 1256 792 hoc
1287 755 1473 804 praeemi-
1501 793 1502 804 ἶ
1529 756 1696 803 aliquam
1727 755 1945 802 dignitatem
1975 763 2011 792 et
2039 756 2132 792 alius
2161 757 2412 805 praeferatur,
2443 763 2594 806 oportet

413 818 523 856 nent,
554 809 659 858 quod
687 810 733 846 de
772 808 861 857 ipsis
894 808 1012 856 magis
1051 807 1245 845 confidere
1274 815 1399 857 potest
1434 815 1475 844 ut
1501 808 1502 812 ’
1529 808 1634 857 quod
1655 809 1729 844 hoc
1758 809 1803 844 sit
1821 815 1977 856 propter
1995 808 2162 857 aliquam
2184 822 2351 846 causam.
2383 810 2492 856 Quae
2513 809 2594 858 qui-

412 862 641 899 unanimiter
669 874 800 898 secum
829 861 978 908 negotia
998 861 1179 898 ecclesiae
1207 868 1375 898 tractent.
1406 862 1474 898 Es·
1501 855 1503 886 ἶ
1531 862 1619 898 dem
1649 861 1679 897 si
1708 860 1893 909 pertineat
1920 861 1968 897 ad
1996 861 2203 908 negotium,
2230 869 2413 910 quantum
2442 863 2491 900 ad
2519 863 2594 899 hoc

412 923 468 952 set
496 923 622 952 tamen
650 915 725 951 hoc
754 923 908 963 propter
936 914 1157 951 scandalum
1188 914 1472 960 dimittendum,
1531 914 1598 951 erit
1626 914 1683 950 ille
1713 914 1778 962 qui
1807 913 1953 962 eligitur
1972 913 2091 961 magis
2120 914 2293 952 idoneus.
2324 915 2363 951 Si
2391 927 2485 952 vero
2516 927 2594 952 non

413 969 442 1005 si
472 980 515 1005 ex
535 969 609 1005 hoc
628 967 742 1017 aliqui
772 968 987 1016 exemplum
1008 975 1214 1014 sumerent,
1235 967 1347 1004 etiam
1369 979 1475 1016 prae·
1502 997 1503 1014 1
1529 967 1714 1016 pertineat
1741 967 1788 1003 ad
1827 966 2022 1014 negotium
2051 966 2090 1003 id
2119 967 2223 1015 quod
2261 968 2522 1005 consideratur
2553 976 2595 1005 ut

412 1029 468 1058 ter
483 1021 714 1069 dignitatem,
728 1021 830 1057 bona
846 1021 1025 1057 ecclesiae
1042 1021 1332 1068 consanguineis
1348 1020 1474 1057 dandi.
1502 1015 1503 1020 ¹
1531 1033 1657 1067 causa,
1679 1020 1746 1056 erit
1773 1019 1972 1056 manifeste
2002 1019 2170 1068 acceptio
2199 1031 2399 1068 personae.

468 1076 524 1111 An
553 1085 742 1111 SECUNDUM
778 1086 962 1111 monimum
990 1073 1095 1122 quod
1134 1073 1365 1122 dispensatio
1395 1085 1476 1109 ma·
1585 1075 1642 1110 An
1673 1079 1846 1115 QUARTUM
1865 1084 2050 1109 monianum
2075 1072 2179 1121 quod
2208 1072 2268 1109 ille
2297 1072 2362 1121 qui
2381 1073 2429 1109 de
2449 1072 2595 1121 gremio

412 1127 579 1164 trimonii
608 1127 854 1164 contrahendi
880 1127 1136 1176 principaliter
1168 1126 1250 1163 fieri
1280 1125 1477 1163 consuevit
1503 1120 1504 1127 ¹
1532 1125 1713 1163 ecclesiae
1732 1125 1947 1172 assumitur,
1968 1133 2010 1162 ut
2037 1125 2076 1162 in
2094 1125 2265 1175 pluribus
2295 1125 2494 1164 consuevit
2514 1138 2597 1163 esse

411 1188 567 1229 propter
596 1180 731 1217 foedus
760 1180 864 1228 pacis
901 1179 1156 1216 firmandum:
1187 1179 1292 1228 quod
1320 1179 1476 1227 quidem
1504 1218 1505 1225 ἵ
1531 1178 1656 1216 utilior
1675 1186 1862 1226 quantum
1882 1178 1929 1216 ad
1950 1179 2098 1216 bonurn
2118 1191 2347 1216 commune:
2369 1178 2458 1227 quia
2477 1178 2598 1227 magis

413 1234 534 1281 magis
555 1241 610 1270 est
624 1233 882 1270 necessarium
904 1232 1100 1269 communi
1114 1232 1258 1268 utilitati
1280 1232 1376 1268 circa
1392 1244 1476 1280 per-
1532 1231 1648 1279 diligit
1668 1231 1866 1268 ecclesiam
1882 1231 1919 1268 in
1936 1244 2011 1280 qua
2027 1239 2082 1268 est
2096 1232 2266 1268 nutritus.
2293 1233 2342 1268 Et
2354 1239 2510 1280 propter
2524 1233 2598 1268 hoc

270 1292 283 1321 ζ
413 1299 526 1323 sonas
548 1287 782 1323 excellentes.
814 1287 904 1323 Ideo
925 1285 936 1309 ἵ
967 1298 1053 1321 cum
1080 1284 1133 1321 eis
1158 1285 1302 1321 facilius
1327 1284 1477 1332 dispen-
1504 1293 1506 1305 ’
1533 1284 1647 1320 etiam
1667 1284 1869 1321 mandatur
1889 1285 1998 1320 Deut.
2018 1297 2090 1321 xvu
2109 1284 2150 1321 *ε
2179 1286 2270 1322 Non
2284 1285 2427 1333 poteris
2445 1285 2599 1322 alterius
2627 1294 2636 1304 ¹
2651 1293 2718 1316 νοη-
2733 1297 2761 1319 ¹⁵·

413 1347 514 1376 satur
542 1340 686 1387 absque
715 1346 872 1387 peccato
903 1338 1133 1386 acceptionis
1161 1349 1422 1385 personarum.
1504 1336 1507 1386 j
1531 1337 1653 1386 gentis
1672 1342 1690 1363 ⁷¹
1707 1338 1847 1385 jacere
1871 1349 2012 1386 regem,
2034 1339 2098 1385 qui
2117 1350 2191 1374 non
2210 1338 2258 1374 sit
2269 1339 2394 1385 frater
2422 1343 2516 1375 tuus.
2724 1350 2740 1373 η

462 1453 489 1485 γ)
509 1459 631 1484 quorum.
641 1466 659 1471 -
669 1459 784 1484 quarum
797 1451 873 1483 ApC;
889 1458 936 1483 pro
948 1458 988 1480 ea,
999 1457 1044 1475 eas
1058 1450 1202 1481 ABEFKL,
1215 1457 1308 1475 earum
1325 1458 1369 1483 px,
1382 1458 1435 1476 om.
1447 1450 1478 1475 C.
1585 1450 1611 1482 ζ)
1632 1450 1704 1475 Ideo.
1717 1463 1736 1468 -
1755 1450 1791 1474 Et
1810 1449 1869 1475 ideo
1887 1449 2002 1475 PDGsC.

465 1486 489 1520 ὃ)
510 1487 710 1520 mysteriorum.
723 1500 742 1507 ·-
761 1486 970 1511 ministeriorum
991 1485 1247 1510 PACDEGHKan.
1587 1487 1613 1517 η)
1632 1486 1728 1518 gentis.
1740 1499 1760 1504 -
1777 1485 1908 1510 hominem
1928 1485 1998 1510 addit
2017 1486 2045 1510 P.

465 1523 486 1555 ε)
506 1529 576 1547 suos.
588 1537 607 1541 —-
625 1522 725 1547 scilicet
737 1522 912 1554 ABEFIpr,
932 1527 992 1554 post
1000 1523 1144 1555 praeferre
1158 1522 1230 1554 ponit
1243 1521 1275 1551 G.
1289 1529 1343 1546 om.
1355 1528 1372 1545 a
1377 1528 1387 1550 ,¹
1406 1521 1479 1546 abra-

412 1566 440 1583 sa
459 1558 507 1590 pC.
520 1572 539 1576 —
557 1558 625 1582 Ante
645 1558 670 1582 in
690 1558 740 1583 hoc
758 1558 796 1582 Pa
817 1558 913 1582 addunt
932 1557 1030 1590 magis.

1085 1625 1420 1660 Commenta-ia
1443 1625 1696 1659 Cardinalis
1719 1625 1920 1660 Caietam·

442 1710 462 1730 N
491 1699 622 1729 articulo
654 1699 794 1729 secundo
824 1698 967 1728 eiusdem
999 1697 1194 1739 quaestionis
1226 1704 1302 1728 nota
1333 1704 1480 1738 quatuor.
1510 1710 1511 1737 j
1591 1698 1676 1728 Nota
1699 1698 1856 1734 secundo,
1882 1698 1971 1738 quod
1999 1707 2112 1728 omnes
2140 1697 2394 1738 comparationes
2417 1691 2604 1739 eligibffidh

415 1711 570 1780 IPrimo‚
595 1743 684 1783 quod
716 1742 897 1773 communis
926 1742 1043 1773 utilitas
1072 1742 1110 1772 ad
1141 1752 1239 1783 quam
1270 1741 1484 1782 principaliter
1510 1755 1511 1768 2
1537 1742 1576 1771 ad
1599 1741 1806 1772 ecclesiastica
1829 1741 2002 1773 ministeria
2023 1749 2289 1783 praesupponunt
2309 1741 2487 1775 bonitatem
2508 1741 2610 1786 ubam,

413 1788 600 1818 ordinantur
621 1786 794 1817 ministeria
818 1786 1041 1822 ecclesiastica,
1066 1796 1132 1816 non
1157 1792 1203 1816 est
1229 1785 1347 1816 utilitas
1371 1795 1484 1825 corpo·
1509 1784 1511 1821 ξ
1536 1786 1617 1822 lute;
1646 1786 1708 1816 hoc
1731 1792 1786 1822 est,
1812 1795 1879 1816 esse
1902 1787 2026 1817 bonum
2049 1786 2169 1823 viru'm;
2194 1786 2257 1817 hoc
2279 1793 2336 1825 est,
2361 1784 2602 1827 quantum‘ffiur-

413 1833 494 1869 ralis,
519 1832 574 1862 sed
598 1831 785 1872 spiritualis:
810 1830 975 1871 quoniam,
1000 1837 1035 1860 ut
1058 1840 1095 1860 ex
1116 1830 1206 1860 dictis
1229 1830 1261 1859 in
1286 1827 1486 1869 praecedenti
1509 1827 1511 1860 ἑ
1536 1839 1631 1860 mana
1663 1829 1811 1869 fragilitas
1840 1830 2001 1867 concedit,
2033 1841 2204 1871 personam
2234 1830 2323 1862 illam
2346 1840 2413 1862 esse
2442 1830 2476 1862 in
2506 1831 2604 1872 gratia

174 1881 386 1913 Ὠιι-πωπω»
413 1877 509 1908 Libro
525 1876 543 1895 *
566 1883 660 1916 patet,
685 1875 825 1915 regimen
844 1874 1088 1905 ecclesiasticum
1111 1874 1144 1904 in
1163 1874 1225 1904 hoc
1246 1873 1347 1904 differt
1366 1884 1383 1904 a
1400 1873 1484 1904 civili
1509 1865 1511 1912 ξ
1536 1873 1605 1905 Dei.
1631 1874 1724 1904 Unde
1752 1873 1809 1914 qui
1838 1874 2004 1906 manifeste
2033 1882 2119 1906 tenet
2147 1875 2378 1912 concubinam,
2402 1876 2453 1906 vel
2483 1875 2516 1907 in
2540 1875 2605 1907 alio

174 1914 195 1936 3'
211 1909 343 1929 comment.
413 1921 503 1962 quod
526 1920 588 1951 hoc
618 1919 782 1950 ordinatur
805 1919 844 1949 ad
871 1929 1044 1949 commune
1070 1919 1194 1949 bonum
1224 1918 1374 1955 exterius,
1407 1925 1484 1958 puta
1536 1925 1667 1958 peccato
1697 1918 1825 1949 mortali
1855 1918 1991 1950 creditur
2020 1919 2151 1956 versari,
2176 1926 2262 1950 extra
2286 1919 2489 1956 latitudinem
2517 1919 2606 1962 eligi-

413 1975 535 2005 pacem,
560 1963 790 1999 sufficientiam,
809 1971 881 1999 etc.;
906 1963 985 1994 illud
1004 1973 1078 1993 vero
1103 1963 1143 1993 ad
1159 1962 1343 1992 interiorem
1358 1962 1484 1992 animae
1536 1962 1650 1994 bilium
1673 1973 1729 1993 seu
1753 1963 2050 2003 promovendorum
2063 1971 2118 1995 est.
2136 1964 2306 2004 Propterea
2320 1963 2354 1994 in
2368 1963 2472 1995 littera
2489 1963 2609 2001 didtur,

413 2019 534 2050 pacem.
559 2009 698 2046 Quando
715 2018 789 2047 ergo
807 2007 919 2048 aliquis
943 2015 1073 2048 propter
1096 2006 1273 2047 potentiam
1289 2007 1484 2037 saecularem
1536 2007 1627 2048 quod
1650 2008 1758 2038 minus
1780 2007 1863 2045 boni,
1888 2014 1919 2038 et
1942 2018 2008 2038 non
2033 2007 2147 2039 dicitur
2167 2008 2257 2050 quod
2283 2007 2363 2038 mali
2384 2004 2610 2054 praeferuntur

413 2054 470 2085 erit
493 2053 593 2092 magis
617 2052 702 2083 utilis
726 2051 892 2082 communi
911 2051 1005 2083 saluti
1025 2051 1215 2087 animarum,
1236 2057 1314 2091 puta
1333 2051 1408 2092 quia
1427 2051 1485 2082 erit
1537 2051 1736 2082 melioribus.
2171 2072 2174 2078 -

413 2098 571 2129 sufficiens
602 2098 641 2127 ad
671 2096 851 2127 evellendos
882 2096 1055 2127 haereticos
1079 2095 1252 2126 inficientes
1276 2095 1394 2126 Christi
1416 2105 1484 2135 gre·
1592 2096 1676 2126 Nota
1698 2095 1810 2132 tertio,
1835 2096 1923 2136 quod
1948 2105 2023 2127 cum
2044 2096 2078 2126 in
2101 2095 2310 2137 responsione
2333 2096 2373 2126 ad
2396 2091 2610 2136 primum'diss'

412 2153 494 2184 gem,
514 2142 563 2172 vel
582 2142 621 2171 ad
638 2141 818 2180 cogendum
838 2147 983 2180 potentes
1009 2140 1138 2171 clericos
1166 2147 1202 2170 ut
1217 2147 1379 2171 serventur
1402 2150 1483 2180 quae
1537 2140 1617 2172 citur
1647 2140 1736 2181 quod
1764 2140 1921 2180 praelatus
1949 2140 2175 2171 ecclesiasticus
2206 2150 2274 2171 non
2302 2146 2350 2171 est
2378 2140 2546 2179 dominus,
2569 2146 2610 2173 ut

413 2194 486 2218 sunt
502 2186 541 2216 de
555 2185 619 2216 vita
635 2192 665 2216 et
682 2185 844 2216 honestate
861 2185 1059 2221 clericorum,
1075 2185 1126 2215 vel
1141 2184 1261 2225 aliquid
1281 2183 1483 2221 huiusmodi;
1536 2184 1638 2225 possit
1660 2184 1832 2215 ministeria
1856 2184 2062 2216 ecclesiastica
2085 2185 2158 2216 dare
2181 2195 2240 2225 pro
2263 2183 2354 2215 libito
2366 2207 2374 2221 ‚
2399 2185 2455 2217 sed
2481 2184 2612 2231 disque>

413 2241 480 2262 non
498 2230 632 2261 habetur
654 2229 733 2260 ratio
757 2239 921 2270 personae,
939 2230 994 2259 sed
1013 2239 1136 2260 causae.
1161 2228 1192 2260 Si
1209 2228 1281 2270 quis
1298 2228 1393 2259 etiam
1410 2239 1484 2260 con·
1535 2235 1630 2265 sator,
1644 2229 1703 2259 sub
1719 2229 1850 2259 nomine
1867 2229 2066 2260 ecclesiastici
2079 2229 2210 2269 praelati
2224 2229 2381 2261 clauditur
2395 2229 2492 2260 etiam
2505 2229 2606 2272 Papa:

414 2276 527 2306 siderat
551 2274 640 2315 quod
662 2274 836 2316 spiritualia
852 2274 918 2304 sine
933 2273 1173 2313 temporalibus,
1197 2279 1327 2313 propter
1343 2280 1484 2304 nostram
1536 2281 1572 2304 ut
1594 2280 1680 2314 patet
1708 2283 1763 2314 per
1787 2273 2007 2305 auctoritatem
2029 2273 2120 2304 Pauli
2143 2272 2293 2314 Apostoli
2317 2273 2444 2304 allatam
2470 2274 2510 2305 ad
2531 2283 2607 2314 pro-

413 2319 638 2355 infirmitatem,
652 2319 734 2348 male
747 2318 936 2354 subsistunt;
960 2318 1100 2359 quando,
1118 2317 1227 2348 ceteris
1243 2317 1382 2358 paribus,
1397 2328 1484 2358 prae·
1536 2318 1679 2348 bandum
1702 2317 1877 2354 intentum;
1909 2325 1955 2349 est
1979 2327 2118 2359 namque
2148 2318 2234 2359 Papa
2266 2317 2387 2349 Christi
2409 2316 2608 2359 minister'n'et

414 2370 586 2405 poneretur
607 2363 659 2393 ille
690 2363 744 2403 qui
770 2362 877 2393 utilior
900 2369 980 2393 esset
1011 2362 1050 2392 ad
1073 2362 1261 2402 temporalia
1284 2362 1384 2398 bona,
1417 2372 1482 2392 non
1537 2363 1738 2403 dispensator
1761 2363 2011 2393 ministeriorum
2030 2362 2048 2382 *
2069 2363 2143 2393 Dei.
2594 2359 2596 2361 ’
2634 2359 2697 2383 ’Cf-
2715 2359 2807 2408 ῑοῑὶξῑῖ
2824 2364 2846 2381 ²¹

414 2415 495 2439 esset
514 2417 677 2448 personae,
695 2407 749 2438 sed
769 2417 879 2438 causae
896 2407 1048 2446 acceptio.
1073 2407 1134 2437 Sed
1154 2406 1284 2447 quando
1301 2413 1402 2437 cetera
1418 2416 1483 2436 non
1593 2407 1677 2437 Nota
1700 2413 1824 2447 quarto,
1848 2407 1937 2447 quod
1961 2416 2035 2437 cum
2057 2406 2091 2436 in
2114 2405 2323 2446 responsione
2345 2406 2386 2436 ad
2408 2406 2538 2437 tertium
2560 2405 2608 2437 Δί’·
2635 2392 2846 2440 &hfflfinnlx'd

415 2459 489 2484 sunt
512 2452 608 2492 paria,
633 2459 711 2492 puta
735 2452 809 2492 quia
833 2461 891 2491 pro
915 2451 1144 2491 temporalibus
1169 2451 1321 2491 optimus,
1347 2451 1402 2481 sed
1425 2451 1485 2490 spi·
1537 2451 1618 2481 citur
1628 2451 1717 2491 quod
1733 2457 1860 2491 oportet
1874 2450 1907 2481 in
1920 2450 1992 2481 foro
2004 2450 2214 2481 conscientiae
2225 2450 2339 2490 eligere
2351 2450 2608 2488 meliorem,ete.‚
2634 2440 2673 2462 ω’·

415 2497 538 2528 ritualia
562 2496 704 2536 negligit;
730 2495 934 2536 praeferenda
957 2503 1003 2526 est
1027 2495 1143 2526 utilitas
1166 2494 1337 2535 spiritualis
1361 2502 1484 2535 tempo·
1537 2494 1721 2535 intelligitur
1744 2495 1782 2524 de
1806 2492 2010 2535 possibilibus
2033 2494 2150 2526 haberi.
2175 2494 2218 2525 Hi
2234 2494 2320 2525 enim
2344 2494 2383 2525 de
2398 2494 2515 2536 quibus
2531 2504 2609 2527 con»-

415 2541 487 2572 rali:
513 2540 588 2582 quia
610 2540 663 2570 illa
687 2547 733 2570 est
754 2539 835 2576 finis,
860 2539 1014 2581 quoniam
1038 2539 1226 2580 temporalia
1242 2539 1313 2570 data
1330 2546 1404 2570 sunt
1425 2539 1484 2570 Ec·
1538 2545 1599 2569 stat
1621 2539 1711 2579 quod
1733 2538 1840 2569 haberi
1856 2549 1921 2569 non
1941 2545 2085 2579 possunt,
2103 2546 2186 2570 extra
2204 2538 2407 2570 latitudinem
2420 2538 2614 2579 eligIbilium

416 2585 527 2617 clesiae
551 2592 680 2625 propter
703 2584 887 2625 spiritualia.
1539 2583 1746 2623 computandi
1771 2589 1853 2614 sunt.

1221 2719 1540 2769 ARTICULUS
1569 2718 1798 2761 TERTIUS

610 2811 766 2842 UTRUM
791 2811 834 2842 IN
858 2811 1141 2842 EXHIBITIONE
1165 2810 1358 2842 HONORIS
1382 2811 1440 2842 ET
1463 2810 1771 2842 REVERENTIAE
1795 2810 1950 2842 LOCUM
1974 2810 2152 2842 HABEAT
2175 2809 2415 2842 PECCATUM

1219 2855 1507 2886 ACCEPTIONIS
1530 2854 1824 2886 PERSONARUM

1329 2934 1425 2964 Quodl.
1445 2935 1476 2965 X,
1496 2942 1541 2967 qu.
1559 2941 1594 2966 v1‚
1613 2939 1661 2958 art.
1684 2941 1706 2959 1.

2572 2893 2573 2902 ¹
2611 2886 2617 2908 l

451 3029 512 3069 >12:³2
539 3035 606 3075 eff<
633 3026 655 3050 D
683 3025 842 3051 TERTmM
862 3026 914 3050 su:
938 3025 1179 3051 Paocnmrun.
1199 3013 1360 3051 Videtur
1380 3013 1486 3062 quod
1539 3013 1708 3051 cundum
1746 3013 1838 3052 illud
1867 3014 1881 3050 I
1911 3013 1962 3050 ad
1992 3013 2088 3050 Tim.
2117 3025 2153 3050 vi
2177 3012 2215 3049 *τ
2240 3012 2485 3062 ‘Quicumque
2521 3016 2617 3065 sunt,
2634 3029 2726 3052 ’νει-ι
2742 3036 2758 3051 ι.

449 3063 501 3120 §.7¹¹
549 3055 606 3126 (ἧς
634 3066 671 3103 in
689 3066 917 3104 exhibitione
932 3067 1089 3103 honoris
1110 3075 1145 3103 et
1160 3066 1393 3104 reverentiae
1407 3079 1486 3104 non
1511 3058 1513 3070 '
1537 3067 1606 3103 sub
1625 3067 1716 3116 iugo
1743 3066 1854 3112 servi,
1874 3066 2048 3104 dominos
2065 3078 2152 3103 suos
2180 3067 2324 3103 honore
2351 3065 2486 3116 dignos
2504 3061 2605 3112 arbi:

440 3110 558 3167 ‘fon
578 3123 601 3162 ’ἦ
620 3159 625 3163 .
634 3120 773 3156 habeat
788 3120 916 3156 locum
937 3127 1136 3168 peccatum
1153 3119 1384 3168 acceptionis
1403 3131 1486 3168 per·
1539 3125 1694 3156 trentur.
1716 3120 1818 3167 Ergo
1838 3119 1990 3156 videtur
2005 3120 2110 3168 quod
2131 3118 2302 3167 acceptio
2317 3128 2506 3168 personae
2522 3128 2615 3162 non

440 3165 453 3177 ”
477 3163 829 3209 x'⁴*''Ksonarum.
860 3173 997 3209 Honor
1026 3172 1127 3208 enim
1157 3172 1247 3209 nihil
1272 3172 1374 3209 aliud
1404 3185 1486 3209 esse
1541 3172 1586 3208 sit
1613 3179 1814 3220 peccatum
1842 3171 1880 3209 in
1910 3171 2140 3208 exhibitione
2168 3171 2339 3209 honoris.
2507 3213 2509 3222 Α
2545 3170 2570 3210 j

422 3225 573 3263 videtur
593 3237 709 3273 quam
739 3225 950 3262 reverentia
969 3226 1160 3273 quaedam
1190 3224 1299 3262 alicui
1325 3225 1488 3262 exhibita
1596 3236 1630 3261 2.
1652 3225 1886 3270 PRAETEREA,
1912 3225 2030 3261 Levit.
2056 3236 2116 3261 xrx
2134 3224 2154 3246 ’¹‘
2181 3224 2435 3274 praecipitum
2465 3224 2606 3266 Coram
2635 3239 2645 3250 ⁸
2660 3238 2726 3260 Vm.
2741 3243 2776 3267 32.

424 3279 462 3315 in
481 3278 743 3316 testimonium
758 3277 921 3315 virtutis:
942 3285 983 3314 ut
997 3285 1100 3327 patet
1113 3290 1182 3326 per
1196 3277 1487 3326 Philosophum,
1541 3289 1637 3314 cano
1665 3278 1785 3326 capite
1811 3289 2010 3327 consurge,
2031 3283 2067 3314 et
2093 3278 2240 3315 honora
2262 3288 2473 3327 personam.
2495 3277 2605 3317 senis.

187 3343 397 3391 {Crafi'1ve'mn'v⁵”
425 3332 464 3368 in
494 3332 507 3368 1
527 3331 646 3369 Ethic.
667 3331 688 3354 ⁸¹²
716 3332 793 3368 Sed
813 3331 967 3380 praelati
988 3338 1024 3368 et
1042 3330 1231 3380 principes
1261 3338 1347 3368 sunt
1366 3331 1489 3367 hono·
1543 3330 1620 3367 Sed
1640 3330 1714 3367 hoc
1732 3330 1883 3368 videtur
1902 3330 1952 3367 ad
1970 3330 2233 3380 acceptionem
2250 3341 2500 3380 personarum
2520 3341 2605 3380 per-

206 3386 210 3390 ”
323 3385 328 3390 ’
355 3385 360 3390 “
426 3384 553 3431 randi,
586 3385 699 3422 etiam
728 3384 757 3421 si
787 3384 858 3421 sint
887 3384 994 3430 mali;
1024 3383 1119 3421 sicut
1148 3383 1262 3421 etiam
1292 3391 1328 3420 et
1354 3395 1489 3433 paren·
1542 3383 1682 3421 tinere:
1712 3383 1801 3432 quia
1821 3383 2054 3432 quandoque
2083 3396 2196 3422 senes
2216 3396 2294 3422 non
2322 3389 2411 3422 sunt
2435 3382 2613 3430 virtuosi,

187 3445 197 3455 ⁴
215 3443 279 3464 Vers-
295 3449 324 3464 ¹2·
426 3445 493 3484 tes,
516 3437 562 3474 de
583 3438 720 3486 quibus
740 3437 943 3474 mandatur
961 3437 1085 3474 Exod.
1106 3449 1152 3473 xx
1171 3437 1211 3473 *z
1239 3437 1404 3474 Honora
1420 3449 1488 3485 pa·
1544 3436 1756 3474 secundum
1785 3436 1877 3474 illud
1897 3437 1995 3474 Dan.
2016 3436 2131 3474 X111*:
2160 3437 2327 3487 Egressa
2355 3441 2409 3472 est
2432 3434 2606 3484 iniquitas
2636 3451 2645 3461 ·
2661 3450 2726 3472 vm.
2741 3456 2761 3478 5.

427 3496 521 3527 trem
559 3496 663 3527 tuum
701 3497 737 3527 et
771 3496 930 3528 matrem
965 3496 1069 3527 tuam
1079 3503 1092 3535 ‚·
1122 3498 1158 3527 et
1195 3490 1307 3526 etiam
1345 3489 1489 3527 domini
1543 3501 1567 3526 a
1594 3490 1802 3526 senioribus
1835 3490 1975 3538 populi.
2010 3491 2112 3538 Ergo
2151 3489 2319 3538 acceptio
2353 3501 2605 3538 personarum

429 3551 514 3580 sunt
542 3556 563 3580 a
593 3543 711 3581 servis
738 3543 964 3591 honorandi,
995 3545 1106 3580 etiam
1135 3543 1165 3580 si
1193 3542 1266 3580 sint
1292 3542 1402 3589 mali,
1433 3555 1489 3580 se·
1545 3555 1623 3579 non
1653 3550 1708 3579 est
1735 3550 1935 3591 peccatum
1964 3542 2002 3579 in
2032 3541 2261 3580 exhibitione
2289 3541 2458 3579 honoris.
