<?xml version="1.0" encoding="UTF-8"?>
<!DOCTYPE html PUBLIC "-//W3C//DTD XHTML 1.0 Transitional//EN"
    "http://www.w3.org/TR/xhtml1/DTD/xhtml1-transitional.dtd">
<html xmlns="http://www.w3.org/1999/xhtml" xml:lang="en" lang="en">
 <head>
  <title>
</title>
<meta http-equiv="Content-Type" content="text/html;charset=utf-8" />
  <meta name='ocr-system' content='tesseract 3.04.00' />
  <meta name='ocr-capabilities' content='ocr_page ocr_carea ocr_par ocr_line ocrx_word'/>
</head>
<body>
  <div class='ocr_page' id='page_1' title='image "./operaomniaiussui09thom/operaomniaiussui09thom_0430.png"; bbox 0 0 2860 4244; ppageno 0'>
   <div class='ocr_carea' id='block_1_1' title="bbox 182 732 368 754">
    <p class='ocr_par' dir='ltr' id='par_1_1' title="bbox 182 732 368 754">
     <span class='ocr_line' id='line_1_1' title="bbox 182 732 368 754; baseline -0.016 1"><span class='ocrx_word' id='word_1_1' title='bbox 182 733 191 743; x_wconf 60' lang='lat'>³</span> <span class='ocrx_word' id='word_1_2' title='bbox 207 732 242 754; x_wconf 88' lang='lat' dir='ltr'>Cf.</span> <span class='ocrx_word' id='word_1_3' title='bbox 258 738 321 753; x_wconf 90' lang='lat' dir='ltr'>num.</span> <span class='ocrx_word' id='word_1_4' title='bbox 336 738 368 753; x_wconf 79' lang='lat' dir='ltr'>xi.</span> 
     </span>
    </p>
   </div>
   <div class='ocr_carea' id='block_1_2' title="bbox 185 1520 375 1542">
    <p class='ocr_par' dir='ltr' id='par_1_2' title="bbox 185 1520 375 1542">
     <span class='ocr_line' id='line_1_2' title="bbox 185 1520 375 1542; baseline -0.005 0"><span class='ocrx_word' id='word_1_5' title='bbox 185 1521 195 1532; x_wconf 72' lang='lat'>⁸</span> <span class='ocrx_word' id='word_1_6' title='bbox 206 1520 240 1542; x_wconf 83' lang='lat' dir='ltr'>Cf.</span> <span class='ocrx_word' id='word_1_7' title='bbox 255 1526 319 1542; x_wconf 85' lang='lat' dir='ltr'>num.</span> <span class='ocrx_word' id='word_1_8' title='bbox 333 1526 375 1542; x_wconf 83' lang='lat' dir='ltr'>xu.</span> 
     </span>
    </p>
   </div>
   <div class='ocr_carea' id='block_1_3' title="bbox 180 2182 319 2204">
    <p class='ocr_par' dir='ltr' id='par_1_3' title="bbox 180 2182 319 2204">
     <span class='ocr_line' id='line_1_3' title="bbox 180 2182 319 2204; baseline -0.014 0"><span class='ocrx_word' id='word_1_9' title='bbox 180 2182 189 2191; x_wconf 84' lang='grc'><em>·</em></span> <span class='ocrx_word' id='word_1_10' title='bbox 203 2182 240 2204; x_wconf 85' lang='lat' dir='ltr'>Cf.</span> <span class='ocrx_word' id='word_1_11' title='bbox 254 2187 319 2203; x_wconf 88' lang='lat' dir='ltr'>num.</span> 
     </span>
    </p>
   </div>
   <div class='ocr_carea' id='block_1_4' title="bbox 187 2975 395 2998">
    <p class='ocr_par' dir='ltr' id='par_1_4' title="bbox 187 2975 395 2998">
     <span class='ocr_line' id='line_1_4' title="bbox 187 2975 395 2998; baseline -0.01 0"><span class='ocrx_word' id='word_1_12' title='bbox 187 2976 195 2984; x_wconf 85' lang='grc'><em>·</em></span> <span class='ocrx_word' id='word_1_13' title='bbox 212 2975 247 2998; x_wconf 82' lang='lat' dir='ltr'>ef.</span> <span class='ocrx_word' id='word_1_14' title='bbox 263 2981 327 2997; x_wconf 90' lang='lat' dir='ltr'>num.</span> <span class='ocrx_word' id='word_1_15' title='bbox 347 2982 395 2998; x_wconf 78' lang='lat' dir='ltr'>xiv.</span> 
     </span>
    </p>
   </div>
   <div class='ocr_carea' id='block_1_5' title="bbox 332 2181 388 2207">
    <p class='ocr_par' dir='ltr' id='par_1_5' title="bbox 332 2181 388 2207">
     <span class='ocr_line' id='line_1_5' title="bbox 332 2181 388 2207; baseline -0.018 -4"><span class='ocrx_word' id='word_1_16' title='bbox 332 2181 388 2207; x_wconf 73' lang='lat' dir='ltr'>{xtu-</span> 
     </span>
    </p>
   </div>
   <div class='ocr_carea' id='block_1_6' title="bbox 418 261 493 309">
    <p class='ocr_par' dir='ltr' id='par_1_6' title="bbox 418 261 493 309">
     <span class='ocr_line' id='line_1_6' title="bbox 418 261 493 309; baseline -0.013 -11"><span class='ocrx_word' id='word_1_17' title='bbox 418 261 493 309; x_wconf 84' lang='lat'>398</span> 
     </span>
    </p>
   </div>
   <div class='ocr_carea' id='block_1_7' title="bbox 414 330 1483 3628">
    <p class='ocr_par' dir='ltr' id='par_1_7' title="bbox 418 330 1474 723">
     <span class='ocr_line' id='line_1_7' title="bbox 418 330 1471 374; baseline -0.011 -5"><span class='ocrx_word' id='word_1_18' title='bbox 418 339 449 368; x_wconf 90' lang='lat' dir='ltr'>in</span> <span class='ocrx_word' id='word_1_19' title='bbox 474 348 515 374; x_wconf 87' lang='lat' dir='ltr'>se,</span> <span class='ocrx_word' id='word_1_20' title='bbox 532 338 581 368; x_wconf 89' lang='lat' dir='ltr'>vel</span> <span class='ocrx_word' id='word_1_21' title='bbox 604 337 687 367; x_wconf 91' lang='lat' dir='ltr'>huic.</span> <span class='ocrx_word' id='word_1_22' title='bbox 712 337 795 367; x_wconf 81' lang='lat' dir='ltr'>Sed·</span> <span class='ocrx_word' id='word_1_23' title='bbox 788 347 820 365; x_wconf 93' lang='lat' dir='ltr'>1n</span> <span class='ocrx_word' id='word_1_24' title='bbox 844 334 1001 365; x_wconf 88' lang='lat' dir='ltr'>beneficiis</span> <span class='ocrx_word' id='word_1_25' title='bbox 1018 331 1226 363; x_wconf 86' lang='lat' dir='ltr'>constitutivis</span> <span class='ocrx_word' id='word_1_26' title='bbox 1246 330 1386 370; x_wconf 85' lang='lat' dir='ltr'>ipsarum</span> <span class='ocrx_word' id='word_1_27' title='bbox 1403 339 1471 368; x_wconf 93' lang='lat' dir='ltr'>per-</span> 
     </span>
     <span class='ocr_line' id='line_1_8' title="bbox 418 376 1472 419; baseline -0.011 -6"><span class='ocrx_word' id='word_1_28' title='bbox 418 392 567 412; x_wconf 87' lang='lat' dir='ltr'>sonarum</span> <span class='ocrx_word' id='word_1_29' title='bbox 591 382 623 411; x_wconf 92' lang='lat' dir='ltr'>in</span> <span class='ocrx_word' id='word_1_30' title='bbox 647 381 799 415; x_wconf 85' lang='lat' dir='ltr'>bonitate,</span> <span class='ocrx_word' id='word_1_31' title='bbox 824 378 989 419; x_wconf 90' lang='lat' dir='ltr'>supposita</span> <span class='ocrx_word' id='word_1_32' title='bbox 1021 376 1206 416; x_wconf 83' lang='lat' dir='ltr'>aequalitate</span> <span class='ocrx_word' id='word_1_33' title='bbox 1236 382 1381 409; x_wconf 87' lang='lat' dir='ltr'>naturae,</span> <span class='ocrx_word' id='word_1_34' title='bbox 1407 382 1472 402; x_wconf 92' lang='lat' dir='ltr'>non</span> 
     </span>
     <span class='ocr_line' id='line_1_9' title="bbox 419 417 1472 460; baseline -0.011 -3"><span class='ocrx_word' id='word_1_35' title='bbox 419 427 511 456; x_wconf 86' lang='lat' dir='ltr'>habet</span> <span class='ocrx_word' id='word_1_36' title='bbox 534 426 643 456; x_wconf 90' lang='lat' dir='ltr'>locum</span> <span class='ocrx_word' id='word_1_37' title='bbox 666 423 850 454; x_wconf 90' lang='lat' dir='ltr'>huiusmodi</span> <span class='ocrx_word' id='word_1_38' title='bbox 875 421 1049 451; x_wconf 83' lang='lat' dir='ltr'>distinctio:</span> <span class='ocrx_word' id='word_1_39' title='bbox 1075 419 1149 460; x_wconf 90' lang='lat' dir='ltr'>quia</span> <span class='ocrx_word' id='word_1_40' title='bbox 1167 426 1324 459; x_wconf 89' lang='lat' dir='ltr'>quantum</span> <span class='ocrx_word' id='word_1_41' title='bbox 1348 424 1394 447; x_wconf 90' lang='lat' dir='ltr'>est</span> <span class='ocrx_word' id='word_1_42' title='bbox 1416 417 1472 446; x_wconf 88' lang='lat' dir='ltr'>do-</span> 
     </span>
     <span class='ocr_line' id='line_1_10' title="bbox 419 460 1473 504; baseline -0.009 -4"><span class='ocrx_word' id='word_1_43' title='bbox 419 480 497 500; x_wconf 90' lang='lat' dir='ltr'>num</span> <span class='ocrx_word' id='word_1_44' title='bbox 520 470 552 499; x_wconf 93' lang='lat' dir='ltr'>in</span> <span class='ocrx_word' id='word_1_45' title='bbox 584 479 632 504; x_wconf 90' lang='lat' dir='ltr'>se,</span> <span class='ocrx_word' id='word_1_46' title='bbox 657 476 779 498; x_wconf 89' lang='lat' dir='ltr'>tanturn</span> <span class='ocrx_word' id='word_1_47' title='bbox 808 475 853 497; x_wconf 92' lang='lat' dir='ltr'>est</span> <span class='ocrx_word' id='word_1_48' title='bbox 876 466 948 495; x_wconf 89' lang='lat' dir='ltr'>huic</span> <span class='ocrx_word' id='word_1_49' title='bbox 976 465 1026 495; x_wconf 93' lang='lat' dir='ltr'>cui</span> <span class='ocrx_word' id='word_1_50' title='bbox 1051 464 1156 499; x_wconf 87' lang='lat' dir='ltr'>datur,</span> <span class='ocrx_word' id='word_1_51' title='bbox 1185 472 1281 503; x_wconf 87' lang='lat' dir='ltr'>quem</span> <span class='ocrx_word' id='word_1_52' title='bbox 1312 460 1473 491; x_wconf 90' lang='lat' dir='ltr'>constituit</span> 
     </span>
     <span class='ocr_line' id='line_1_11' title="bbox 419 504 1472 551; baseline -0.009 -7"><span class='ocrx_word' id='word_1_53' title='bbox 419 515 549 544; x_wconf 88' lang='lat' dir='ltr'>bonum.</span> <span class='ocrx_word' id='word_1_54' title='bbox 575 515 620 542; x_wconf 86' lang='lat' dir='ltr'>Ac</span> <span class='ocrx_word' id='word_1_55' title='bbox 637 522 692 551; x_wconf 89' lang='lat' dir='ltr'>per</span> <span class='ocrx_word' id='word_1_56' title='bbox 705 512 776 546; x_wconf 92' lang='lat' dir='ltr'>hoc,</span> <span class='ocrx_word' id='word_1_57' title='bbox 795 520 866 540; x_wconf 90' lang='lat' dir='ltr'>cum</span> <span class='ocrx_word' id='word_1_58' title='bbox 883 508 1062 539; x_wconf 90' lang='lat' dir='ltr'>innocentia</span> <span class='ocrx_word' id='word_1_59' title='bbox 1077 506 1246 537; x_wconf 88' lang='lat' dir='ltr'>constituat</span> <span class='ocrx_word' id='word_1_60' title='bbox 1260 504 1472 540; x_wconf 78' lang='lat' dir='ltr'>innocentem,</span> 
     </span>
     <span class='ocr_line' id='line_1_12' title="bbox 419 549 1473 598; baseline -0.009 -11"><span class='ocrx_word' id='word_1_61' title='bbox 419 563 574 598; x_wconf 90' lang='lat' dir='ltr'>quantum</span> <span class='ocrx_word' id='word_1_62' title='bbox 597 556 718 585; x_wconf 89' lang='lat' dir='ltr'>donum</span> <span class='ocrx_word' id='word_1_63' title='bbox 743 562 788 584; x_wconf 90' lang='lat' dir='ltr'>est</span> <span class='ocrx_word' id='word_1_64' title='bbox 811 553 991 583; x_wconf 90' lang='lat' dir='ltr'>innocentia</span> <span class='ocrx_word' id='word_1_65' title='bbox 1015 551 1190 582; x_wconf 88' lang='lat' dir='ltr'>secundum</span> <span class='ocrx_word' id='word_1_66' title='bbox 1207 560 1249 586; x_wconf 90' lang='lat' dir='ltr'>se,</span> <span class='ocrx_word' id='word_1_67' title='bbox 1267 556 1392 580; x_wconf 87' lang='lat' dir='ltr'>tantum</span> <span class='ocrx_word' id='word_1_68' title='bbox 1417 549 1473 578; x_wconf 93' lang='lat' dir='ltr'>do-</span> 
     </span>
     <span class='ocr_line' id='line_1_13' title="bbox 420 593 1473 647; baseline -0.009 -16"><span class='ocrx_word' id='word_1_69' title='bbox 420 611 497 631; x_wconf 89' lang='lat' dir='ltr'>num</span> <span class='ocrx_word' id='word_1_70' title='bbox 528 606 574 630; x_wconf 89' lang='lat' dir='ltr'>est</span> <span class='ocrx_word' id='word_1_71' title='bbox 606 599 679 629; x_wconf 89' lang='lat' dir='ltr'>huic</span> <span class='ocrx_word' id='word_1_72' title='bbox 707 598 765 647; x_wconf 42' lang='lat' dir='ltr'>qui.</span> <span class='ocrx_word' id='word_1_73' title='bbox 794 605 839 627; x_wconf 89' lang='lat' dir='ltr'>est</span> <span class='ocrx_word' id='word_1_74' title='bbox 868 597 1030 627; x_wconf 85' lang='lat' dir='ltr'>innocens.</span> <span class='ocrx_word' id='word_1_75' title='bbox 1061 596 1101 625; x_wconf 90' lang='lat' dir='ltr'>Et</span> <span class='ocrx_word' id='word_1_76' title='bbox 1129 599 1374 634; x_wconf 85' lang='lat' dir='ltr'>consequenter,</span> <span class='ocrx_word' id='word_1_77' title='bbox 1399 593 1473 633; x_wconf 88' lang='lat' dir='ltr'>quia</span> 
     </span>
     <span class='ocr_line' id='line_1_14' title="bbox 419 637 1474 677; baseline -0.008 -3"><span class='ocrx_word' id='word_1_78' title='bbox 419 645 520 674; x_wconf 88' lang='lat' dir='ltr'>maius</span> <span class='ocrx_word' id='word_1_79' title='bbox 544 644 666 672; x_wconf 90' lang='lat' dir='ltr'>donum</span> <span class='ocrx_word' id='word_1_80' title='bbox 690 649 735 672; x_wconf 88' lang='lat' dir='ltr'>est</span> <span class='ocrx_word' id='word_1_81' title='bbox 758 642 790 671; x_wconf 90' lang='lat' dir='ltr'>in</span> <span class='ocrx_word' id='word_1_82' title='bbox 814 651 856 677; x_wconf 90' lang='lat' dir='ltr'>se,</span> <span class='ocrx_word' id='word_1_83' title='bbox 881 648 916 671; x_wconf 92' lang='lat' dir='ltr'>ut</span> <span class='ocrx_word' id='word_1_84' title='bbox 938 641 970 670; x_wconf 92' lang='lat' dir='ltr'>in</span> <span class='ocrx_word' id='word_1_85' title='bbox 994 640 1096 670; x_wconf 90' lang='lat' dir='ltr'>littera</span> <span class='ocrx_word' id='word_1_86' title='bbox 1119 639 1247 669; x_wconf 87' lang='lat' dir='ltr'>dicitur:</span> <span class='ocrx_word' id='word_1_87' title='bbox 1273 648 1347 677; x_wconf 89' lang='lat' dir='ltr'>ergo</span> <span class='ocrx_word' id='word_1_88' title='bbox 1372 637 1474 667; x_wconf 88' lang='lat' dir='ltr'>maius</span> 
     </span>
     <span class='ocr_line' id='line_1_15' title="bbox 419 681 1472 723; baseline -0.007 -5"><span class='ocrx_word' id='word_1_89' title='bbox 419 689 540 718; x_wconf 90' lang='lat' dir='ltr'>donum</span> <span class='ocrx_word' id='word_1_90' title='bbox 565 693 610 716; x_wconf 91' lang='lat' dir='ltr'>est</span> <span class='ocrx_word' id='word_1_91' title='bbox 634 686 727 716; x_wconf 88' lang='lat' dir='ltr'>etiam</span> <span class='ocrx_word' id='word_1_92' title='bbox 748 685 830 716; x_wconf 89' lang='lat' dir='ltr'>huic.</span> <span class='ocrx_word' id='word_1_93' title='bbox 855 684 957 715; x_wconf 91' lang='lat' dir='ltr'>Cuius</span> <span class='ocrx_word' id='word_1_94' title='bbox 977 683 1163 723; x_wconf 88' lang='lat' dir='ltr'>oppositum</span> <span class='ocrx_word' id='word_1_95' title='bbox 1178 682 1211 712; x_wconf 90' lang='lat' dir='ltr'>in</span> <span class='ocrx_word' id='word_1_96' title='bbox 1234 682 1336 712; x_wconf 89' lang='lat' dir='ltr'>littera</span> <span class='ocrx_word' id='word_1_97' title='bbox 1351 681 1472 711; x_wconf 87' lang='lat' dir='ltr'>dicitur.</span> 
     </span>
    </p>

    <p class='ocr_par' dir='ltr' id='par_1_8' title="bbox 414 724 1478 1509">
     <span class='ocr_line' id='line_1_16' title="bbox 473 724 1474 767; baseline -0.006 -6"><span class='ocrx_word' id='word_1_98' title='bbox 473 732 524 761; x_wconf 89' lang='lat' dir='ltr'>IV.</span> <span class='ocrx_word' id='word_1_99' title='bbox 549 730 692 760; x_wconf 88' lang='lat' dir='ltr'>Dubium</span> <span class='ocrx_word' id='word_1_100' title='bbox 716 730 807 759; x_wconf 86' lang='lat' dir='ltr'>tertio</span> <span class='ocrx_word' id='word_1_101' title='bbox 823 729 840 747; x_wconf 89' lang='lat'><strong>*</strong></span> <span class='ocrx_word' id='word_1_102' title='bbox 864 728 1007 763; x_wconf 86' lang='lat' dir='ltr'>occurrit,</span> <span class='ocrx_word' id='word_1_103' title='bbox 1037 727 1112 767; x_wconf 90' lang='lat' dir='ltr'>quia</span> <span class='ocrx_word' id='word_1_104' title='bbox 1136 724 1370 766; x_wconf 79' lang='lat' dir='ltr'>magnitudines</span> <span class='ocrx_word' id='word_1_105' title='bbox 1394 726 1474 755; x_wconf 88' lang='lat' dir='ltr'>duae</span> 
     </span>
     <span class='ocr_line' id='line_1_17' title="bbox 418 769 1475 814; baseline -0.006 -9"><span class='ocrx_word' id='word_1_106' title='bbox 418 775 494 805; x_wconf 91' lang='lat' dir='ltr'>doni</span> <span class='ocrx_word' id='word_1_107' title='bbox 518 783 599 814; x_wconf 88' lang='lat' dir='ltr'>quae</span> <span class='ocrx_word' id='word_1_108' title='bbox 622 774 654 804; x_wconf 90' lang='lat' dir='ltr'>in</span> <span class='ocrx_word' id='word_1_109' title='bbox 676 773 777 803; x_wconf 88' lang='lat' dir='ltr'>littera</span> <span class='ocrx_word' id='word_1_110' title='bbox 801 773 1004 812; x_wconf 84' lang='lat' dir='ltr'>explicantur,</span> <span class='ocrx_word' id='word_1_111' title='bbox 1029 771 1146 802; x_wconf 89' lang='lat' dir='ltr'>scilicet</span> <span class='ocrx_word' id='word_1_112' title='bbox 1170 771 1347 801; x_wconf 89' lang='lat' dir='ltr'>secundum</span> <span class='ocrx_word' id='word_1_113' title='bbox 1370 775 1410 800; x_wconf 83' lang='lat' dir='ltr'>se&#39;</span> <span class='ocrx_word' id='word_1_114' title='bbox 1426 769 1475 799; x_wconf 91' lang='lat' dir='ltr'>vel</span> 
     </span>
     <span class='ocr_line' id='line_1_18' title="bbox 418 814 1475 857; baseline -0.006 -8"><span class='ocrx_word' id='word_1_115' title='bbox 418 819 593 849; x_wconf 89' lang='lat' dir='ltr'>secundum</span> <span class='ocrx_word' id='word_1_116' title='bbox 614 817 858 857; x_wconf 87' lang='lat' dir='ltr'>proportionem</span> <span class='ocrx_word' id='word_1_117' title='bbox 880 817 919 846; x_wconf 88' lang='lat' dir='ltr'>ad</span> <span class='ocrx_word' id='word_1_118' title='bbox 942 825 1016 847; x_wconf 89' lang='lat' dir='ltr'>eurn</span> <span class='ocrx_word' id='word_1_119' title='bbox 1044 815 1096 846; x_wconf 87' lang='lat' dir='ltr'>cui</span> <span class='ocrx_word' id='word_1_120' title='bbox 1118 816 1220 850; x_wconf 86' lang='lat' dir='ltr'>datur,</span> <span class='ocrx_word' id='word_1_121' title='bbox 1245 822 1319 845; x_wconf 91' lang='lat' dir='ltr'>sunt</span> <span class='ocrx_word' id='word_1_122' title='bbox 1341 814 1475 844; x_wconf 87' lang='lat' dir='ltr'>diversa-</span> 
     </span>
     <span class='ocr_line' id='line_1_19' title="bbox 417 858 1474 901; baseline -0.006 -8"><span class='ocrx_word' id='word_1_123' title='bbox 417 873 488 893; x_wconf 88' lang='lat' dir='ltr'>rum</span> <span class='ocrx_word' id='word_1_124' title='bbox 504 862 676 892; x_wconf 88' lang='lat' dir='ltr'>rationum:</span> <span class='ocrx_word' id='word_1_125' title='bbox 695 871 729 891; x_wconf 90' lang='lat' dir='ltr'>ac</span> <span class='ocrx_word' id='word_1_126' title='bbox 745 871 800 901; x_wconf 94' lang='lat' dir='ltr'>per</span> <span class='ocrx_word' id='word_1_127' title='bbox 812 860 884 896; x_wconf 88' lang='lat' dir='ltr'>hoc,</span> <span class='ocrx_word' id='word_1_128' title='bbox 896 860 1021 892; x_wconf 88' lang='lat' dir='ltr'>iunctae</span> <span class='ocrx_word' id='word_1_129' title='bbox 1037 859 1133 890; x_wconf 89' lang='lat' dir='ltr'>simul</span> <span class='ocrx_word' id='word_1_130' title='bbox 1149 869 1214 889; x_wconf 89' lang='lat' dir='ltr'>non</span> <span class='ocrx_word' id='word_1_131' title='bbox 1227 858 1346 890; x_wconf 86' lang='lat' dir='ltr'>faciunt</span> <span class='ocrx_word' id='word_1_132' title='bbox 1362 858 1474 894; x_wconf 87' lang='lat' dir='ltr'>maius,</span> 
     </span>
     <span class='ocr_line' id='line_1_20' title="bbox 417 902 1474 946; baseline -0.005 -9"><span class='ocrx_word' id='word_1_133' title='bbox 417 907 471 937; x_wconf 91' lang='lat' dir='ltr'>sed</span> <span class='ocrx_word' id='word_1_134' title='bbox 484 906 664 946; x_wconf 89' lang='lat' dir='ltr'>multiplex;</span> <span class='ocrx_word' id='word_1_135' title='bbox 682 904 763 935; x_wconf 91' lang='lat' dir='ltr'>sicut</span> <span class='ocrx_word' id='word_1_136' title='bbox 777 904 945 944; x_wconf 86' lang='lat' dir='ltr'>longitudo</span> <span class='ocrx_word' id='word_1_137' title='bbox 958 911 988 934; x_wconf 94' lang='lat' dir='ltr'>et</span> <span class='ocrx_word' id='word_1_138' title='bbox 1003 902 1137 935; x_wconf 90' lang='lat' dir='ltr'>latitudo</span> <span class='ocrx_word' id='word_1_139' title='bbox 1149 913 1214 933; x_wconf 93' lang='lat' dir='ltr'>non</span> <span class='ocrx_word' id='word_1_140' title='bbox 1230 902 1350 933; x_wconf 89' lang='lat' dir='ltr'>faciunt</span> <span class='ocrx_word' id='word_1_141' title='bbox 1361 902 1474 937; x_wconf 79' lang='lat' dir='ltr'>maius,</span> 
     </span>
     <span class='ocr_line' id='line_1_21' title="bbox 417 946 1476 989; baseline -0.004 -9"><span class='ocrx_word' id='word_1_142' title='bbox 417 951 470 980; x_wconf 90' lang='lat' dir='ltr'>sed</span> <span class='ocrx_word' id='word_1_143' title='bbox 494 950 660 989; x_wconf 83' lang='lat' dir='ltr'>multiplex</span> <span class='ocrx_word' id='word_1_144' title='bbox 683 955 849 989; x_wconf 90' lang='lat' dir='ltr'>quantum.</span> <span class='ocrx_word' id='word_1_145' title='bbox 874 948 914 978; x_wconf 91' lang='lat' dir='ltr'>Et</span> <span class='ocrx_word' id='word_1_146' title='bbox 931 949 1106 979; x_wconf 90' lang='lat' dir='ltr'>secundum</span> <span class='ocrx_word' id='word_1_147' title='bbox 1131 947 1202 983; x_wconf 90' lang='lat' dir='ltr'>hoc,</span> <span class='ocrx_word' id='word_1_148' title='bbox 1219 946 1343 977; x_wconf 90' lang='lat' dir='ltr'>donum</span> <span class='ocrx_word' id='word_1_149' title='bbox 1366 946 1476 986; x_wconf 92' lang='lat' dir='ltr'>poeni-</span> 
     </span>
     <span class='ocr_line' id='line_1_22' title="bbox 416 989 1477 1032; baseline -0.005 -8"><span class='ocrx_word' id='word_1_150' title='bbox 416 994 518 1030; x_wconf 92' lang='lat' dir='ltr'>tentis,</span> <span class='ocrx_word' id='word_1_151' title='bbox 543 994 662 1023; x_wconf 89' lang='lat' dir='ltr'>habens</span> <span class='ocrx_word' id='word_1_152' title='bbox 685 993 764 1023; x_wconf 89' lang='lat' dir='ltr'>duas</span> <span class='ocrx_word' id='word_1_153' title='bbox 784 992 1026 1032; x_wconf 81' lang='lat' dir='ltr'>magnitudines,</span> <span class='ocrx_word' id='word_1_154' title='bbox 1043 1002 1141 1022; x_wconf 82' lang='lat' dir='ltr'>unam</span> <span class='ocrx_word' id='word_1_155' title='bbox 1164 991 1239 1032; x_wconf 89' lang='lat' dir='ltr'>quia</span> <span class='ocrx_word' id='word_1_156' title='bbox 1263 998 1310 1022; x_wconf 90' lang='lat' dir='ltr'>est</span> <span class='ocrx_word' id='word_1_157' title='bbox 1323 991 1356 1020; x_wconf 90' lang='lat' dir='ltr'>in</span> <span class='ocrx_word' id='word_1_158' title='bbox 1373 1000 1405 1020; x_wconf 88' lang='lat' dir='ltr'>se</span> <span class='ocrx_word' id='word_1_159' title='bbox 1423 989 1477 1020; x_wconf 89' lang='lat' dir='ltr'>ali-</span> 
     </span>
     <span class='ocr_line' id='line_1_23' title="bbox 417 1034 1476 1085; baseline -0.004 -17"><span class='ocrx_word' id='word_1_160' title='bbox 417 1039 506 1069; x_wconf 89' lang='lat' dir='ltr'>cuius</span> <span class='ocrx_word' id='word_1_161' title='bbox 536 1037 702 1073; x_wconf 85' lang='lat' dir='ltr'>bonitatis,</span> <span class='ocrx_word' id='word_1_162' title='bbox 734 1043 764 1067; x_wconf 90' lang='lat' dir='ltr'>et</span> <span class='ocrx_word' id='word_1_163' title='bbox 787 1036 819 1066; x_wconf 91' lang='lat' dir='ltr'>in</span> <span class='ocrx_word' id='word_1_164' title='bbox 842 1037 901 1067; x_wconf 92' lang='lat' dir='ltr'>hac</span> <span class='ocrx_word' id='word_1_165' title='bbox 931 1036 1089 1067; x_wconf 87' lang='lat' dir='ltr'>exceditur</span> <span class='ocrx_word' id='word_1_166' title='bbox 1112 1046 1129 1066; x_wconf 90' lang='lat' dir='ltr'>a</span> <span class='ocrx_word' id='word_1_167' title='bbox 1153 1036 1240 1066; x_wconf 91' lang='lat' dir='ltr'>dono</span> <span class='ocrx_word' id='word_1_168' title='bbox 1263 1034 1476 1085; x_wconf 79' lang='lat' dir='ltr'>innocentiae;</span> 
     </span>
     <span class='ocr_line' id='line_1_24' title="bbox 416 1079 1478 1121; baseline -0.004 -9"><span class='ocrx_word' id='word_1_169' title='bbox 416 1089 447 1113; x_wconf 86' lang='lat' dir='ltr'>et</span> <span class='ocrx_word' id='word_1_170' title='bbox 470 1082 600 1112; x_wconf 88' lang='lat' dir='ltr'>alteram</span> <span class='ocrx_word' id='word_1_171' title='bbox 623 1091 660 1112; x_wconf 84' lang='lat' dir='ltr'>ex</span> <span class='ocrx_word' id='word_1_172' title='bbox 683 1080 890 1121; x_wconf 88' lang='lat' dir='ltr'>proportione</span> <span class='ocrx_word' id='word_1_173' title='bbox 914 1081 953 1111; x_wconf 87' lang='lat' dir='ltr'>ad</span> <span class='ocrx_word' id='word_1_174' title='bbox 977 1091 1051 1111; x_wconf 91' lang='lat' dir='ltr'>eum</span> <span class='ocrx_word' id='word_1_175' title='bbox 1075 1080 1126 1111; x_wconf 93' lang='lat' dir='ltr'>cui</span> <span class='ocrx_word' id='word_1_176' title='bbox 1157 1080 1264 1116; x_wconf 85' lang='lat' dir='ltr'>datur,</span> <span class='ocrx_word' id='word_1_177' title='bbox 1289 1079 1364 1120; x_wconf 89' lang='lat' dir='ltr'>quia</span> <span class='ocrx_word' id='word_1_178' title='bbox 1387 1079 1478 1109; x_wconf 88' lang='lat' dir='ltr'>datur</span> 
     </span>
     <span class='ocr_line' id='line_1_25' title="bbox 415 1123 1477 1167; baseline -0.004 -11"><span class='ocrx_word' id='word_1_179' title='bbox 415 1126 556 1162; x_wconf 88' lang='lat' dir='ltr'>inimico,</span> <span class='ocrx_word' id='word_1_180' title='bbox 574 1125 629 1167; x_wconf 91' lang='lat' dir='ltr'>qui</span> <span class='ocrx_word' id='word_1_181' title='bbox 653 1126 779 1156; x_wconf 85' lang='lat' dir='ltr'>deberet</span> <span class='ocrx_word' id='word_1_182' title='bbox 798 1125 913 1166; x_wconf 90' lang='lat' dir='ltr'>puniri,</span> <span class='ocrx_word' id='word_1_183' title='bbox 931 1132 962 1155; x_wconf 92' lang='lat' dir='ltr'>et</span> <span class='ocrx_word' id='word_1_184' title='bbox 983 1125 1016 1155; x_wconf 88' lang='lat' dir='ltr'>in</span> <span class='ocrx_word' id='word_1_185' title='bbox 1036 1125 1094 1155; x_wconf 87' lang='lat' dir='ltr'>hac</span> <span class='ocrx_word' id='word_1_186' title='bbox 1111 1124 1232 1154; x_wconf 85' lang='lat' dir='ltr'>excellit</span> <span class='ocrx_word' id='word_1_187' title='bbox 1251 1123 1477 1158; x_wconf 80' lang='lat' dir='ltr'>innocentiam,</span> 
     </span>
     <span class='ocr_line' id='line_1_26' title="bbox 416 1166 1477 1211; baseline -0.003 -11"><span class='ocrx_word' id='word_1_188' title='bbox 416 1170 490 1211; x_wconf 91' lang='lat' dir='ltr'>quia</span> <span class='ocrx_word' id='word_1_189' title='bbox 513 1169 693 1200; x_wconf 91' lang='lat' dir='ltr'>innocentia</span> <span class='ocrx_word' id='word_1_190' title='bbox 720 1169 801 1200; x_wconf 90' lang='lat' dir='ltr'>hanc</span> <span class='ocrx_word' id='word_1_191' title='bbox 825 1169 1078 1209; x_wconf 82' lang='lat' dir='ltr'>magnitudinem</span> <span class='ocrx_word' id='word_1_192' title='bbox 1102 1178 1167 1198; x_wconf 93' lang='lat' dir='ltr'>non</span> <span class='ocrx_word' id='word_1_193' title='bbox 1192 1168 1285 1198; x_wconf 88' lang='lat' dir='ltr'>habet</span> <span class='ocrx_word' id='word_1_194' title='bbox 1309 1166 1404 1210; x_wconf 91' lang='lat' dir='ltr'>(sicut</span> <span class='ocrx_word' id='word_1_195' title='bbox 1426 1177 1477 1196; x_wconf 89' lang='lat' dir='ltr'>su—</span> 
     </span>
     <span class='ocr_line' id='line_1_27' title="bbox 417 1213 1477 1264; baseline -0.004 -20"><span class='ocrx_word' id='word_1_196' title='bbox 417 1214 557 1254; x_wconf 87' lang='lat' dir='ltr'>perficies</span> <span class='ocrx_word' id='word_1_197' title='bbox 588 1213 772 1264; x_wconf 87' lang='lat' dir='ltr'>parvissima</span> <span class='ocrx_word' id='word_1_198' title='bbox 803 1213 922 1244; x_wconf 89' lang='lat' dir='ltr'>excedit</span> <span class='ocrx_word' id='word_1_199' title='bbox 951 1213 1068 1243; x_wconf 88' lang='lat' dir='ltr'>lineam</span> <span class='ocrx_word' id='word_1_200' title='bbox 1091 1219 1387 1253; x_wconf 90' lang='lat' dir='ltr'>quantumcumque</span> <span class='ocrx_word' id='word_1_201' title='bbox 1411 1220 1477 1240; x_wconf 90' lang='lat' dir='ltr'>ma-</span> 
     </span>
     <span class='ocr_line' id='line_1_28' title="bbox 416 1252 1476 1299; baseline -0.004 -11"><span class='ocrx_word' id='word_1_202' title='bbox 416 1268 521 1298; x_wconf 85' lang='lat' dir='ltr'>gnam,</span> <span class='ocrx_word' id='word_1_203' title='bbox 546 1258 621 1299; x_wconf 86' lang='lat' dir='ltr'>quia</span> <span class='ocrx_word' id='word_1_204' title='bbox 643 1257 736 1288; x_wconf 88' lang='lat' dir='ltr'>habet</span> <span class='ocrx_word' id='word_1_205' title='bbox 759 1252 968 1294; x_wconf 87' lang='lat' dir='ltr'>latitudinem,</span> <span class='ocrx_word' id='word_1_206' title='bbox 993 1267 1056 1297; x_wconf 92' lang='lat' dir='ltr'>qua</span> <span class='ocrx_word' id='word_1_207' title='bbox 1079 1256 1160 1286; x_wconf 91' lang='lat' dir='ltr'>linea</span> <span class='ocrx_word' id='word_1_208' title='bbox 1184 1263 1266 1286; x_wconf 84' lang='lat' dir='ltr'>caret</span> <span class='ocrx_word' id='word_1_209' title='bbox 1320 1273 1341 1278; x_wconf 97' lang='lat'>—</span> <span class='ocrx_word' id='word_1_210' title='bbox 1365 1264 1476 1285; x_wconf 92' lang='lat' dir='ltr'>secun-</span> 
     </span>
     <span class='ocr_line' id='line_1_29' title="bbox 417 1300 1477 1351; baseline -0.005 -18"><span class='ocrx_word' id='word_1_211' title='bbox 417 1304 495 1333; x_wconf 88' lang='lat' dir='ltr'>dum</span> <span class='ocrx_word' id='word_1_212' title='bbox 510 1303 582 1338; x_wconf 91' lang='lat' dir='ltr'>hoc,</span> <span class='ocrx_word' id='word_1_213' title='bbox 598 1302 741 1351; x_wconf 80' lang='lat' dir='ltr'>inquam,</span> <span class='ocrx_word' id='word_1_214' title='bbox 757 1312 824 1331; x_wconf 89' lang='lat' dir='ltr'>non</span> <span class='ocrx_word' id='word_1_215' title='bbox 841 1302 966 1332; x_wconf 91' lang='lat' dir='ltr'>deberet</span> <span class='ocrx_word' id='word_1_216' title='bbox 982 1300 1130 1331; x_wconf 91' lang='lat' dir='ltr'>concludi</span> <span class='ocrx_word' id='word_1_217' title='bbox 1146 1300 1234 1340; x_wconf 89' lang='lat' dir='ltr'>quod</span> <span class='ocrx_word' id='word_1_218' title='bbox 1255 1300 1378 1329; x_wconf 91' lang='lat' dir='ltr'>donum</span> <span class='ocrx_word' id='word_1_219' title='bbox 1402 1308 1477 1338; x_wconf 90' lang='lat' dir='ltr'>poe-</span> 
     </span>
     <span class='ocr_line' id='line_1_30' title="bbox 417 1343 1477 1385; baseline -0.004 -8"><span class='ocrx_word' id='word_1_220' title='bbox 417 1347 544 1377; x_wconf 78' lang='lat' dir='ltr'>nitentis</span> <span class='ocrx_word' id='word_1_221' title='bbox 568 1353 614 1376; x_wconf 90' lang='lat' dir='ltr'>est</span> <span class='ocrx_word' id='word_1_222' title='bbox 636 1346 758 1381; x_wconf 90' lang='lat' dir='ltr'>maius,</span> <span class='ocrx_word' id='word_1_223' title='bbox 783 1346 837 1375; x_wconf 91' lang='lat' dir='ltr'>sed</span> <span class='ocrx_word' id='word_1_224' title='bbox 869 1346 956 1385; x_wconf 91' lang='lat' dir='ltr'>quod</span> <span class='ocrx_word' id='word_1_225' title='bbox 981 1351 1026 1375; x_wconf 92' lang='lat' dir='ltr'>est</span> <span class='ocrx_word' id='word_1_226' title='bbox 1055 1344 1199 1384; x_wconf 89' lang='lat' dir='ltr'>pluribus</span> <span class='ocrx_word' id='word_1_227' title='bbox 1222 1343 1327 1374; x_wconf 90' lang='lat' dir='ltr'>modis</span> <span class='ocrx_word' id='word_1_228' title='bbox 1354 1344 1477 1373; x_wconf 90' lang='lat' dir='ltr'>bonum</span> 
     </span>
     <span class='ocr_line' id='line_1_31' title="bbox 416 1388 1476 1431; baseline -0.003 -11"><span class='ocrx_word' id='word_1_229' title='bbox 416 1401 514 1431; x_wconf 91' lang='lat' dir='ltr'>quam</span> <span class='ocrx_word' id='word_1_230' title='bbox 546 1390 667 1420; x_wconf 90' lang='lat' dir='ltr'>donum</span> <span class='ocrx_word' id='word_1_231' title='bbox 694 1389 904 1420; x_wconf 82' lang='lat' dir='ltr'>innocentiae.</span> <span class='ocrx_word' id='word_1_232' title='bbox 937 1389 977 1419; x_wconf 90' lang='lat' dir='ltr'>Et</span> <span class='ocrx_word' id='word_1_233' title='bbox 1006 1395 1235 1429; x_wconf 82' lang='lat' dir='ltr'>consequenter</span> <span class='ocrx_word' id='word_1_234' title='bbox 1265 1388 1297 1418; x_wconf 93' lang='lat' dir='ltr'>in</span> <span class='ocrx_word' id='word_1_235' title='bbox 1326 1397 1476 1428; x_wconf 90' lang='lat' dir='ltr'>processu</span> 
     </span>
     <span class='ocr_line' id='line_1_32' title="bbox 414 1432 1476 1473; baseline -0.004 -8"><span class='ocrx_word' id='word_1_236' title='bbox 414 1435 534 1465; x_wconf 85' lang='lat' dir='ltr'>litterae</span> <span class='ocrx_word' id='word_1_237' title='bbox 564 1434 773 1464; x_wconf 88' lang='lat' dir='ltr'>committitur</span> <span class='ocrx_word' id='word_1_238' title='bbox 800 1433 964 1473; x_wconf 86' lang='lat' dir='ltr'>sophisma</span> <span class='ocrx_word' id='word_1_239' title='bbox 994 1432 1110 1472; x_wconf 84' lang='lat' dir='ltr'>figurae</span> <span class='ocrx_word' id='word_1_240' title='bbox 1134 1432 1296 1468; x_wconf 91' lang='lat' dir='ltr'>dictionis,</span> <span class='ocrx_word' id='word_1_241' title='bbox 1322 1432 1476 1469; x_wconf 82' lang='lat' dir='ltr'>mutando</span> 
     </span>
     <span class='ocr_line' id='line_1_33' title="bbox 416 1478 710 1509; baseline -0.003 0"><span class='ocrx_word' id='word_1_242' title='bbox 416 1479 516 1509; x_wconf 88' lang='lat' dir='ltr'>multa</span> <span class='ocrx_word' id='word_1_243' title='bbox 540 1478 572 1507; x_wconf 93' lang='lat' dir='ltr'>in</span> <span class='ocrx_word' id='word_1_244' title='bbox 596 1479 710 1508; x_wconf 88' lang='lat' dir='ltr'>maius.</span> 
     </span>
    </p>

    <p class='ocr_par' dir='ltr' id='par_1_9' title="bbox 414 1520 1479 2181">
     <span class='ocr_line' id='line_1_34' title="bbox 470 1520 1476 1561; baseline -0.004 -8"><span class='ocrx_word' id='word_1_245' title='bbox 470 1523 509 1553; x_wconf 87' lang='lat' dir='ltr'>V.</span> <span class='ocrx_word' id='word_1_246' title='bbox 533 1522 676 1552; x_wconf 89' lang='lat' dir='ltr'>Dubium</span> <span class='ocrx_word' id='word_1_247' title='bbox 705 1526 820 1561; x_wconf 82' lang='lat' dir='ltr'>quarto</span> <span class='ocrx_word' id='word_1_248' title='bbox 838 1521 856 1540; x_wconf 89' lang='grc'><strong>*</strong></span> <span class='ocrx_word' id='word_1_249' title='bbox 879 1528 925 1551; x_wconf 93' lang='lat' dir='ltr'>est</span> <span class='ocrx_word' id='word_1_250' title='bbox 948 1520 1038 1561; x_wconf 88' lang='lat' dir='ltr'>quia,</span> <span class='ocrx_word' id='word_1_251' title='bbox 1071 1521 1144 1551; x_wconf 91' lang='lat' dir='ltr'>dato</span> <span class='ocrx_word' id='word_1_252' title='bbox 1176 1521 1265 1561; x_wconf 93' lang='lat' dir='ltr'>quod</span> <span class='ocrx_word' id='word_1_253' title='bbox 1290 1520 1367 1550; x_wconf 88' lang='lat' dir='ltr'>istae</span> <span class='ocrx_word' id='word_1_254' title='bbox 1395 1520 1476 1549; x_wconf 85' lang='lat' dir='ltr'>duae</span> 
     </span>
     <span class='ocr_line' id='line_1_35' title="bbox 415 1564 1475 1606; baseline -0.003 -10"><span class='ocrx_word' id='word_1_255' title='bbox 415 1566 649 1606; x_wconf 87' lang='lat' dir='ltr'>magnitudines</span> <span class='ocrx_word' id='word_1_256' title='bbox 671 1566 796 1596; x_wconf 89' lang='lat' dir='ltr'>iunctae</span> <span class='ocrx_word' id='word_1_257' title='bbox 820 1565 915 1596; x_wconf 88' lang='lat' dir='ltr'>simul</span> <span class='ocrx_word' id='word_1_258' title='bbox 945 1564 1060 1595; x_wconf 83' lang='lat' dir='ltr'>faciant</span> <span class='ocrx_word' id='word_1_259' title='bbox 1090 1564 1208 1601; x_wconf 87' lang='lat' dir='ltr'>maius,</span> <span class='ocrx_word' id='word_1_260' title='bbox 1233 1574 1299 1595; x_wconf 89' lang='lat' dir='ltr'>non</span> <span class='ocrx_word' id='word_1_261' title='bbox 1328 1570 1475 1603; x_wconf 88' lang='lat' dir='ltr'>apparet,</span> 
     </span>
     <span class='ocr_line' id='line_1_36' title="bbox 416 1607 1476 1651; baseline -0.002 -11"><span class='ocrx_word' id='word_1_262' title='bbox 416 1620 472 1641; x_wconf 90' lang='lat' dir='ltr'>nec</span> <span class='ocrx_word' id='word_1_263' title='bbox 495 1611 662 1651; x_wconf 90' lang='lat' dir='ltr'>probatur,</span> <span class='ocrx_word' id='word_1_264' title='bbox 687 1609 777 1650; x_wconf 90' lang='lat' dir='ltr'>quod</span> <span class='ocrx_word' id='word_1_265' title='bbox 799 1609 832 1639; x_wconf 91' lang='lat' dir='ltr'>in</span> <span class='ocrx_word' id='word_1_266' title='bbox 855 1610 1022 1649; x_wconf 90' lang='lat' dir='ltr'>proposito</span> <span class='ocrx_word' id='word_1_267' title='bbox 1046 1609 1100 1639; x_wconf 89' lang='lat' dir='ltr'>illa</span> <span class='ocrx_word' id='word_1_268' title='bbox 1127 1618 1191 1639; x_wconf 86' lang='lat' dir='ltr'>una</span> <span class='ocrx_word' id='word_1_269' title='bbox 1218 1607 1406 1648; x_wconf 83' lang='lat' dir='ltr'>magnitudo</span> <span class='ocrx_word' id='word_1_270' title='bbox 1430 1607 1476 1638; x_wconf 91' lang='lat' dir='ltr'>in-</span> 
     </span>
     <span class='ocr_line' id='line_1_37' title="bbox 415 1652 1476 1694; baseline -0.003 -9"><span class='ocrx_word' id='word_1_271' title='bbox 415 1654 579 1690; x_wconf 80' lang='lat' dir='ltr'>nocentiae</span> <span class='ocrx_word' id='word_1_272' title='bbox 603 1654 769 1685; x_wconf 84' lang='lat' dir='ltr'>excedatur</span> <span class='ocrx_word' id='word_1_273' title='bbox 791 1654 829 1684; x_wconf 89' lang='lat' dir='ltr'>ab</span> <span class='ocrx_word' id='word_1_274' title='bbox 846 1660 979 1694; x_wconf 90' lang='lat' dir='ltr'>utraque</span> <span class='ocrx_word' id='word_1_275' title='bbox 999 1653 1094 1683; x_wconf 89' lang='lat' dir='ltr'>simul</span> <span class='ocrx_word' id='word_1_276' title='bbox 1112 1652 1219 1683; x_wconf 89' lang='lat' dir='ltr'>iuncta</span> <span class='ocrx_word' id='word_1_277' title='bbox 1241 1653 1274 1684; x_wconf 90' lang='lat' dir='ltr'>in</span> <span class='ocrx_word' id='word_1_278' title='bbox 1294 1653 1381 1683; x_wconf 90' lang='lat' dir='ltr'>dono</span> <span class='ocrx_word' id='word_1_279' title='bbox 1401 1661 1476 1692; x_wconf 91' lang='lat' dir='ltr'>poe-</span> 
     </span>
     <span class='ocr_line' id='line_1_38' title="bbox 415 1697 1476 1738; baseline -0.002 -10"><span class='ocrx_word' id='word_1_280' title='bbox 415 1699 572 1730; x_wconf 87' lang='lat' dir='ltr'>nitentiae.</span> <span class='ocrx_word' id='word_1_281' title='bbox 597 1699 671 1729; x_wconf 91' lang='lat' dir='ltr'>Non</span> <span class='ocrx_word' id='word_1_282' title='bbox 689 1698 774 1728; x_wconf 88' lang='lat' dir='ltr'>enim</span> <span class='ocrx_word' id='word_1_283' title='bbox 790 1705 920 1738; x_wconf 87' lang='lat' dir='ltr'>apparet</span> <span class='ocrx_word' id='word_1_284' title='bbox 935 1697 1013 1728; x_wconf 91' lang='lat' dir='ltr'>ratio</span> <span class='ocrx_word' id='word_1_285' title='bbox 1030 1707 1127 1738; x_wconf 90' lang='lat' dir='ltr'>quare</span> <span class='ocrx_word' id='word_1_286' title='bbox 1143 1697 1260 1728; x_wconf 91' lang='lat' dir='ltr'>iustitia</span> <span class='ocrx_word' id='word_1_287' title='bbox 1277 1704 1313 1728; x_wconf 91' lang='lat' dir='ltr'>ut</span> <span class='ocrx_word' id='word_1_288' title='bbox 1328 1703 1476 1737; x_wconf 87' lang='lat' dir='ltr'>quatuor,</span> 
     </span>
     <span class='ocr_line' id='line_1_39' title="bbox 414 1740 1475 1783; baseline -0.003 -10"><span class='ocrx_word' id='word_1_289' title='bbox 414 1743 499 1773; x_wconf 88' lang='lat' dir='ltr'>verbi</span> <span class='ocrx_word' id='word_1_290' title='bbox 523 1743 630 1782; x_wconf 91' lang='lat' dir='ltr'>gratia,</span> <span class='ocrx_word' id='word_1_291' title='bbox 655 1743 726 1772; x_wconf 87' lang='lat' dir='ltr'>data</span> <span class='ocrx_word' id='word_1_292' title='bbox 749 1741 889 1783; x_wconf 85' lang='lat' dir='ltr'>utrique,</span> <span class='ocrx_word' id='word_1_293' title='bbox 915 1741 1031 1772; x_wconf 91' lang='lat' dir='ltr'>scilicet</span> <span class='ocrx_word' id='word_1_294' title='bbox 1052 1741 1213 1772; x_wconf 89' lang='lat' dir='ltr'>innocenti</span> <span class='ocrx_word' id='word_1_295' title='bbox 1237 1748 1268 1772; x_wconf 90' lang='lat' dir='ltr'>et</span> <span class='ocrx_word' id='word_1_296' title='bbox 1290 1740 1475 1782; x_wconf 89' lang='lat' dir='ltr'>poenitenti,</span> 
     </span>
     <span class='ocr_line' id='line_1_40' title="bbox 415 1784 1477 1826; baseline -0.002 -9"><span class='ocrx_word' id='word_1_297' title='bbox 415 1788 454 1818; x_wconf 93' lang='lat' dir='ltr'>sit</span> <span class='ocrx_word' id='word_1_298' title='bbox 477 1787 580 1817; x_wconf 90' lang='lat' dir='ltr'>maius</span> <span class='ocrx_word' id='word_1_299' title='bbox 599 1785 789 1817; x_wconf 88' lang='lat' dir='ltr'>beneficium</span> <span class='ocrx_word' id='word_1_300' title='bbox 812 1786 887 1826; x_wconf 88' lang='lat' dir='ltr'>quia</span> <span class='ocrx_word' id='word_1_301' title='bbox 906 1786 977 1816; x_wconf 86' lang='lat' dir='ltr'>data</span> <span class='ocrx_word' id='word_1_302' title='bbox 994 1785 1166 1815; x_wconf 79' lang='lat' dir='ltr'>demetenti</span> <span class='ocrx_word' id='word_1_303' title='bbox 1190 1795 1288 1826; x_wconf 89' lang='lat' dir='ltr'>quam</span> <span class='ocrx_word' id='word_1_304' title='bbox 1311 1784 1386 1825; x_wconf 89' lang='lat' dir='ltr'>quia</span> <span class='ocrx_word' id='word_1_305' title='bbox 1406 1785 1477 1815; x_wconf 89' lang='lat' dir='ltr'>data</span> 
     </span>
     <span class='ocr_line' id='line_1_41' title="bbox 415 1829 1476 1871; baseline -0.002 -10"><span class='ocrx_word' id='word_1_306' title='bbox 415 1832 455 1861; x_wconf 88' lang='lat' dir='ltr'>ad</span> <span class='ocrx_word' id='word_1_307' title='bbox 478 1831 745 1871; x_wconf 87' lang='lat' dir='ltr'>praeservandum</span> <span class='ocrx_word' id='word_1_308' title='bbox 768 1840 807 1860; x_wconf 92' lang='lat' dir='ltr'>ne</span> <span class='ocrx_word' id='word_1_309' title='bbox 831 1831 1044 1860; x_wconf 82' lang='lat' dir='ltr'>demereatur:</span> <span class='ocrx_word' id='word_1_310' title='bbox 1069 1829 1146 1859; x_wconf 92' lang='lat' dir='ltr'>haec</span> <span class='ocrx_word' id='word_1_311' title='bbox 1169 1829 1255 1859; x_wconf 89' lang='lat' dir='ltr'>enim</span> <span class='ocrx_word' id='word_1_312' title='bbox 1271 1829 1413 1860; x_wconf 89' lang='lat' dir='ltr'>conditio</span> <span class='ocrx_word' id='word_1_313' title='bbox 1430 1829 1476 1859; x_wconf 89' lang='lat' dir='ltr'>vi-</span> 
     </span>
     <span class='ocr_line' id='line_1_42' title="bbox 416 1873 1476 1915; baseline -0.003 -9"><span class='ocrx_word' id='word_1_314' title='bbox 416 1876 507 1906; x_wconf 91' lang='lat' dir='ltr'>detur</span> <span class='ocrx_word' id='word_1_315' title='bbox 529 1875 629 1915; x_wconf 87' lang='lat' dir='ltr'>magis</span> <span class='ocrx_word' id='word_1_316' title='bbox 652 1873 830 1905; x_wconf 88' lang='lat' dir='ltr'>beneficum</span> <span class='ocrx_word' id='word_1_317' title='bbox 849 1874 993 1904; x_wconf 88' lang='lat' dir='ltr'>animum</span> <span class='ocrx_word' id='word_1_318' title='bbox 1017 1874 1218 1904; x_wconf 88' lang='lat' dir='ltr'>concedentis</span> <span class='ocrx_word' id='word_1_319' title='bbox 1241 1873 1416 1904; x_wconf 88' lang='lat' dir='ltr'>ostendere.</span> <span class='ocrx_word' id='word_1_320' title='bbox 1442 1873 1476 1904; x_wconf 89' lang='lat' dir='ltr'>In</span> 
     </span>
     <span class='ocr_line' id='line_1_43' title="bbox 415 1917 1476 1959; baseline -0.002 -9"><span class='ocrx_word' id='word_1_321' title='bbox 415 1919 505 1950; x_wconf 89' lang='lat' dir='ltr'>cuius</span> <span class='ocrx_word' id='word_1_322' title='bbox 525 1920 662 1959; x_wconf 88' lang='lat' dir='ltr'>signum,</span> <span class='ocrx_word' id='word_1_323' title='bbox 688 1919 822 1949; x_wconf 88' lang='lat' dir='ltr'>dicimus</span> <span class='ocrx_word' id='word_1_324' title='bbox 846 1919 934 1959; x_wconf 93' lang='lat' dir='ltr'>quod</span> <span class='ocrx_word' id='word_1_325' title='bbox 958 1918 1060 1948; x_wconf 90' lang='lat' dir='ltr'>maius</span> <span class='ocrx_word' id='word_1_326' title='bbox 1084 1917 1274 1948; x_wconf 85' lang='lat' dir='ltr'>beneficium</span> <span class='ocrx_word' id='word_1_327' title='bbox 1290 1927 1476 1949; x_wconf 85' lang='lat' dir='ltr'>concessum</span> 
     </span>
     <span class='ocr_line' id='line_1_44' title="bbox 415 1961 1476 2002; baseline -0.002 -8"><span class='ocrx_word' id='word_1_328' title='bbox 415 1963 476 1994; x_wconf 89' lang='lat' dir='ltr'>fuit</span> <span class='ocrx_word' id='word_1_329' title='bbox 498 1964 610 1994; x_wconf 87' lang='lat' dir='ltr'>Beatae</span> <span class='ocrx_word' id='word_1_330' title='bbox 635 1962 755 2002; x_wconf 89' lang='lat' dir='ltr'>Virgini</span> <span class='ocrx_word' id='word_1_331' title='bbox 780 1962 805 1992; x_wconf 93' lang='lat' dir='ltr'>si</span> <span class='ocrx_word' id='word_1_332' title='bbox 834 1969 1028 2002; x_wconf 83' lang='lat' dir='ltr'>praeservata</span> <span class='ocrx_word' id='word_1_333' title='bbox 1052 1969 1098 1992; x_wconf 88' lang='lat' dir='ltr'>est</span> <span class='ocrx_word' id='word_1_334' title='bbox 1120 1972 1138 1992; x_wconf 89' lang='lat' dir='ltr'>a</span> <span class='ocrx_word' id='word_1_335' title='bbox 1161 1969 1290 2002; x_wconf 88' lang='lat' dir='ltr'>peccato</span> <span class='ocrx_word' id='word_1_336' title='bbox 1315 1961 1476 2002; x_wconf 83' lang='lat' dir='ltr'>originali,</span> 
     </span>
     <span class='ocr_line' id='line_1_45' title="bbox 415 2005 1477 2048; baseline -0.002 -10"><span class='ocrx_word' id='word_1_337' title='bbox 415 2017 513 2048; x_wconf 92' lang='lat' dir='ltr'>quam</span> <span class='ocrx_word' id='word_1_338' title='bbox 536 2007 561 2037; x_wconf 89' lang='lat' dir='ltr'>si</span> <span class='ocrx_word' id='word_1_339' title='bbox 584 2007 737 2037; x_wconf 90' lang='lat' dir='ltr'>mundata</span> <span class='ocrx_word' id='word_1_340' title='bbox 753 2013 799 2036; x_wconf 91' lang='lat' dir='ltr'>est</span> <span class='ocrx_word' id='word_1_341' title='bbox 821 2007 859 2036; x_wconf 86' lang='lat' dir='ltr'>ab</span> <span class='ocrx_word' id='word_1_342' title='bbox 875 2006 942 2036; x_wconf 92' lang='lat' dir='ltr'>illo.</span> <span class='ocrx_word' id='word_1_343' title='bbox 967 2006 1136 2046; x_wconf 91' lang='lat' dir='ltr'>Oporteret</span> <span class='ocrx_word' id='word_1_344' title='bbox 1159 2016 1298 2047; x_wconf 90' lang='lat' dir='ltr'>namque</span> <span class='ocrx_word' id='word_1_345' title='bbox 1321 2005 1353 2036; x_wconf 90' lang='lat' dir='ltr'>in</span> <span class='ocrx_word' id='word_1_346' title='bbox 1375 2006 1477 2037; x_wconf 84' lang='lat' dir='ltr'>littera</span> 
     </span>
     <span class='ocr_line' id='line_1_46' title="bbox 415 2049 1479 2092; baseline -0.002 -10"><span class='ocrx_word' id='word_1_347' title='bbox 415 2051 541 2092; x_wconf 88' lang='lat' dir='ltr'>probari</span> <span class='ocrx_word' id='word_1_348' title='bbox 569 2051 658 2092; x_wconf 88' lang='lat' dir='ltr'>quod</span> <span class='ocrx_word' id='word_1_349' title='bbox 683 2051 740 2081; x_wconf 91' lang='lat' dir='ltr'>iste</span> <span class='ocrx_word' id='word_1_350' title='bbox 764 2050 880 2081; x_wconf 90' lang='lat' dir='ltr'>modus</span> <span class='ocrx_word' id='word_1_351' title='bbox 904 2050 1015 2086; x_wconf 90' lang='lat' dir='ltr'>dandi,</span> <span class='ocrx_word' id='word_1_352' title='bbox 1041 2050 1157 2081; x_wconf 91' lang='lat' dir='ltr'>scilicet</span> <span class='ocrx_word' id='word_1_353' title='bbox 1180 2050 1279 2090; x_wconf 88' lang='lat' dir='ltr'>magis</span> <span class='ocrx_word' id='word_1_354' title='bbox 1302 2050 1414 2090; x_wconf 88' lang='lat' dir='ltr'>gratis,</span> <span class='ocrx_word' id='word_1_355' title='bbox 1438 2049 1479 2080; x_wconf 85' lang='lat' dir='ltr'>sit</span> 
     </span>
     <span class='ocr_line' id='line_1_47' title="bbox 414 2094 1477 2135; baseline -0.002 -9"><span class='ocrx_word' id='word_1_356' title='bbox 414 2103 519 2127; x_wconf 84' lang='lat' dir='ltr'>tantae</span> <span class='ocrx_word' id='word_1_357' title='bbox 542 2095 741 2126; x_wconf 84' lang='lat' dir='ltr'>excellentiae</span> <span class='ocrx_word' id='word_1_358' title='bbox 765 2095 854 2135; x_wconf 88' lang='lat' dir='ltr'>quod</span> <span class='ocrx_word' id='word_1_359' title='bbox 878 2094 1005 2125; x_wconf 86' lang='lat' dir='ltr'>excedat</span> <span class='ocrx_word' id='word_1_360' title='bbox 1026 2094 1114 2125; x_wconf 86' lang='lat' dir='ltr'>illam</span> <span class='ocrx_word' id='word_1_361' title='bbox 1130 2094 1285 2125; x_wconf 88' lang='lat' dir='ltr'>maiorem</span> <span class='ocrx_word' id='word_1_362' title='bbox 1303 2094 1477 2125; x_wconf 87' lang='lat' dir='ltr'>bonitatem</span> 
     </span>
     <span class='ocr_line' id='line_1_48' title="bbox 416 2138 1039 2181; baseline -0.005 -10"><span class='ocrx_word' id='word_1_363' title='bbox 416 2150 514 2181; x_wconf 89' lang='lat' dir='ltr'>quam</span> <span class='ocrx_word' id='word_1_364' title='bbox 538 2140 631 2170; x_wconf 89' lang='lat' dir='ltr'>habet</span> <span class='ocrx_word' id='word_1_365' title='bbox 653 2138 835 2169; x_wconf 85' lang='lat' dir='ltr'>innocentia</span> <span class='ocrx_word' id='word_1_366' title='bbox 858 2139 890 2169; x_wconf 90' lang='lat' dir='ltr'>in</span> <span class='ocrx_word' id='word_1_367' title='bbox 914 2149 957 2169; x_wconf 87' lang='lat' dir='ltr'>se.</span> <span class='ocrx_word' id='word_1_368' title='bbox 1036 2175 1039 2177; x_wconf 11' lang='grc' dir='ltr'>μ</span> 
     </span>
    </p>

    <p class='ocr_par' dir='ltr' id='par_1_10' title="bbox 414 2182 1482 2972">
     <span class='ocr_line' id='line_1_49' title="bbox 470 2182 1477 2223; baseline -0.001 -9"><span class='ocrx_word' id='word_1_369' title='bbox 470 2184 523 2214; x_wconf 92' lang='lat' dir='ltr'>VI.</span> <span class='ocrx_word' id='word_1_370' title='bbox 547 2183 691 2214; x_wconf 90' lang='lat' dir='ltr'>Dubium</span> <span class='ocrx_word' id='word_1_371' title='bbox 714 2184 824 2223; x_wconf 83' lang='lat' dir='ltr'>quinto</span> <span class='ocrx_word' id='word_1_372' title='bbox 839 2182 856 2201; x_wconf 93' lang='lat'><strong>*</strong></span> <span class='ocrx_word' id='word_1_373' title='bbox 880 2190 934 2219; x_wconf 91' lang='lat' dir='ltr'>est,</span> <span class='ocrx_word' id='word_1_374' title='bbox 952 2182 1027 2223; x_wconf 89' lang='lat' dir='ltr'>quia</span> <span class='ocrx_word' id='word_1_375' title='bbox 1050 2192 1086 2212; x_wconf 85' lang='lat' dir='ltr'>ex</span> <span class='ocrx_word' id='word_1_376' title='bbox 1105 2182 1226 2212; x_wconf 90' lang='lat' dir='ltr'>ratione</span> <span class='ocrx_word' id='word_1_377' title='bbox 1245 2182 1375 2219; x_wconf 88' lang='lat' dir='ltr'>litterae,</span> <span class='ocrx_word' id='word_1_378' title='bbox 1391 2182 1477 2213; x_wconf 90' lang='lat' dir='ltr'>vide—</span> 
     </span>
     <span class='ocr_line' id='line_1_50' title="bbox 414 2226 1478 2268; baseline 0 -10"><span class='ocrx_word' id='word_1_379' title='bbox 414 2228 500 2263; x_wconf 89' lang='lat' dir='ltr'>licet,</span> <span class='ocrx_word' id='word_1_380' title='bbox 525 2227 565 2257; x_wconf 89' lang='lat' dir='ltr'>In</span> <span class='ocrx_word' id='word_1_381' title='bbox 589 2228 638 2258; x_wconf 88' lang='lat' dir='ltr'>his</span> <span class='ocrx_word' id='word_1_382' title='bbox 661 2237 743 2268; x_wconf 82' lang='lat' dir='ltr'>quae</span> <span class='ocrx_word' id='word_1_383' title='bbox 766 2227 892 2268; x_wconf 86' lang='lat' dir='ltr'>agenda</span> <span class='ocrx_word' id='word_1_384' title='bbox 916 2232 1002 2264; x_wconf 83' lang='lat' dir='ltr'>sunt,</span> <span class='ocrx_word' id='word_1_385' title='bbox 1021 2226 1224 2266; x_wconf 85' lang='lat' dir='ltr'>pensandum</span> <span class='ocrx_word' id='word_1_386' title='bbox 1249 2232 1295 2257; x_wconf 87' lang='lat' dir='ltr'>est</span> <span class='ocrx_word' id='word_1_387' title='bbox 1317 2228 1423 2268; x_wconf 84' lang='lat' dir='ltr'>magis</span> <span class='ocrx_word' id='word_1_388' title='bbox 1446 2227 1478 2258; x_wconf 80' lang='lat' dir='ltr'>id</span> 
     </span>
     <span class='ocr_line' id='line_1_51' title="bbox 416 2271 1476 2312; baseline -0.002 -10"><span class='ocrx_word' id='word_1_389' title='bbox 416 2272 500 2312; x_wconf 80' lang='lat' dir='ltr'>quod</span> <span class='ocrx_word' id='word_1_390' title='bbox 523 2277 568 2302; x_wconf 87' lang='lat' dir='ltr'>est</span> <span class='ocrx_word' id='word_1_391' title='bbox 595 2272 646 2302; x_wconf 85' lang='lat' dir='ltr'>hic</span> <span class='ocrx_word' id='word_1_392' title='bbox 669 2277 699 2302; x_wconf 87' lang='lat' dir='ltr'>et</span> <span class='ocrx_word' id='word_1_393' title='bbox 722 2281 806 2301; x_wconf 84' lang='lat' dir='ltr'>nunc</span> <span class='ocrx_word' id='word_1_394' title='bbox 829 2281 923 2311; x_wconf 85' lang='lat' dir='ltr'>quam</span> <span class='ocrx_word' id='word_1_395' title='bbox 948 2271 1032 2311; x_wconf 86' lang='lat' dir='ltr'>quod</span> <span class='ocrx_word' id='word_1_396' title='bbox 1057 2271 1200 2301; x_wconf 86' lang='lat' dir='ltr'>absolute</span> <span class='ocrx_word' id='word_1_397' title='bbox 1223 2272 1385 2308; x_wconf 83' lang='lat' dir='ltr'>convenit,</span> <span class='ocrx_word' id='word_1_398' title='bbox 1412 2281 1476 2301; x_wconf 90' lang='lat' dir='ltr'>non</span> 
     </span>
     <span class='ocr_line' id='line_1_52' title="bbox 416 2315 1479 2346; baseline -0.001 0"><span class='ocrx_word' id='word_1_399' title='bbox 416 2317 548 2346; x_wconf 88' lang='lat' dir='ltr'>habetur</span> <span class='ocrx_word' id='word_1_400' title='bbox 570 2316 727 2346; x_wconf 89' lang='lat' dir='ltr'>intentum</span> <span class='ocrx_word' id='word_1_401' title='bbox 747 2315 911 2345; x_wconf 87' lang='lat' dir='ltr'>Auctoris:</span> <span class='ocrx_word' id='word_1_402' title='bbox 935 2325 992 2345; x_wconf 92' lang='lat' dir='ltr'>nec</span> <span class='ocrx_word' id='word_1_403' title='bbox 1008 2315 1183 2345; x_wconf 88' lang='lat' dir='ltr'>similitudo</span> <span class='ocrx_word' id='word_1_404' title='bbox 1203 2325 1239 2345; x_wconf 88' lang='lat' dir='ltr'>ex</span> <span class='ocrx_word' id='word_1_405' title='bbox 1256 2315 1296 2344; x_wconf 91' lang='lat'>111</span> <span class='ocrx_word' id='word_1_406' title='bbox 1313 2315 1415 2345; x_wconf 82' lang='lat' dir='ltr'>Ethic.</span> <span class='ocrx_word' id='word_1_407' title='bbox 1433 2322 1479 2345; x_wconf 92' lang='lat' dir='ltr'>est</span> 
     </span>
     <span class='ocr_line' id='line_1_53' title="bbox 417 2359 1478 2399; baseline -0.001 -9"><span class='ocrx_word' id='word_1_408' title='bbox 417 2361 456 2390; x_wconf 88' lang='lat' dir='ltr'>ad</span> <span class='ocrx_word' id='word_1_409' title='bbox 480 2360 692 2399; x_wconf 90' lang='lat' dir='ltr'>propositum.</span> <span class='ocrx_word' id='word_1_410' title='bbox 717 2359 880 2396; x_wconf 86' lang='lat' dir='ltr'>Quoniam</span> <span class='ocrx_word' id='word_1_411' title='bbox 903 2359 1066 2399; x_wconf 89' lang='lat' dir='ltr'>pensando</span> <span class='ocrx_word' id='word_1_412' title='bbox 1084 2359 1300 2389; x_wconf 87' lang='lat' dir='ltr'>innocentiam</span> <span class='ocrx_word' id='word_1_413' title='bbox 1323 2359 1356 2389; x_wconf 92' lang='lat' dir='ltr'>in</span> <span class='ocrx_word' id='word_1_414' title='bbox 1371 2369 1478 2389; x_wconf 88' lang='lat' dir='ltr'>rerum</span> 
     </span>
     <span class='ocr_line' id='line_1_54' title="bbox 417 2403 1478 2443; baseline -0.001 -9"><span class='ocrx_word' id='word_1_415' title='bbox 417 2411 528 2434; x_wconf 90' lang='lat' dir='ltr'>natura</span> <span class='ocrx_word' id='word_1_416' title='bbox 551 2403 583 2433; x_wconf 94' lang='lat' dir='ltr'>in</span> <span class='ocrx_word' id='word_1_417' title='bbox 607 2405 669 2434; x_wconf 91' lang='lat' dir='ltr'>hoc</span> <span class='ocrx_word' id='word_1_418' title='bbox 693 2403 851 2443; x_wconf 87' lang='lat' dir='ltr'>singulari,</span> <span class='ocrx_word' id='word_1_419' title='bbox 872 2410 949 2442; x_wconf 89' lang='lat' dir='ltr'>puta</span> <span class='ocrx_word' id='word_1_420' title='bbox 965 2403 997 2432; x_wconf 92' lang='lat' dir='ltr'>in</span> <span class='ocrx_word' id='word_1_421' title='bbox 1013 2403 1126 2439; x_wconf 87' lang='lat' dir='ltr'>Adam,</span> <span class='ocrx_word' id='word_1_422' title='bbox 1144 2403 1298 2442; x_wconf 89' lang='lat' dir='ltr'>positam;</span> <span class='ocrx_word' id='word_1_423' title='bbox 1324 2410 1354 2433; x_wconf 91' lang='lat' dir='ltr'>et</span> <span class='ocrx_word' id='word_1_424' title='bbox 1375 2403 1408 2433; x_wconf 91' lang='lat' dir='ltr'>in</span> <span class='ocrx_word' id='word_1_425' title='bbox 1425 2413 1478 2433; x_wconf 93' lang='lat' dir='ltr'>eo-</span> 
     </span>
     <span class='ocr_line' id='line_1_55' title="bbox 418 2447 1477 2487; baseline 0.001 -10"><span class='ocrx_word' id='word_1_426' title='bbox 418 2448 490 2478; x_wconf 90' lang='lat' dir='ltr'>dem</span> <span class='ocrx_word' id='word_1_427' title='bbox 509 2447 662 2478; x_wconf 86' lang='lat' dir='ltr'>iustitiam</span> <span class='ocrx_word' id='word_1_428' title='bbox 681 2447 857 2478; x_wconf 89' lang='lat' dir='ltr'>restitutam</span> <span class='ocrx_word' id='word_1_429' title='bbox 880 2457 935 2486; x_wconf 90' lang='lat' dir='ltr'>per</span> <span class='ocrx_word' id='word_1_430' title='bbox 951 2447 1189 2486; x_wconf 89' lang='lat' dir='ltr'>poenitentiam,</span> <span class='ocrx_word' id='word_1_431' title='bbox 1207 2447 1315 2478; x_wconf 90' lang='lat' dir='ltr'>ceteris</span> <span class='ocrx_word' id='word_1_432' title='bbox 1334 2447 1477 2487; x_wconf 87' lang='lat' dir='ltr'>paribus:</span> 
     </span>
     <span class='ocr_line' id='line_1_56' title="bbox 417 2491 1479 2531; baseline 0.001 -10"><span class='ocrx_word' id='word_1_433' title='bbox 417 2491 452 2522; x_wconf 89' lang='lat' dir='ltr'>fit</span> <span class='ocrx_word' id='word_1_434' title='bbox 475 2491 684 2522; x_wconf 87' lang='lat' dir='ltr'>consideratio</span> <span class='ocrx_word' id='word_1_435' title='bbox 708 2498 739 2521; x_wconf 89' lang='lat' dir='ltr'>et</span> <span class='ocrx_word' id='word_1_436' title='bbox 761 2491 915 2521; x_wconf 89' lang='lat' dir='ltr'>iudicium</span> <span class='ocrx_word' id='word_1_437' title='bbox 938 2491 1103 2531; x_wconf 90' lang='lat' dir='ltr'>utriusque</span> <span class='ocrx_word' id='word_1_438' title='bbox 1127 2491 1177 2521; x_wconf 89' lang='lat' dir='ltr'>hic</span> <span class='ocrx_word' id='word_1_439' title='bbox 1201 2498 1231 2521; x_wconf 92' lang='lat' dir='ltr'>et</span> <span class='ocrx_word' id='word_1_440' title='bbox 1254 2501 1354 2528; x_wconf 92' lang='lat' dir='ltr'>nunc,</span> <span class='ocrx_word' id='word_1_441' title='bbox 1379 2499 1410 2522; x_wconf 91' lang='lat' dir='ltr'>et</span> <span class='ocrx_word' id='word_1_442' title='bbox 1433 2502 1479 2522; x_wconf 91' lang='lat' dir='ltr'>re-</span> 
     </span>
     <span class='ocr_line' id='line_1_57' title="bbox 418 2533 1478 2576; baseline 0 -11"><span class='ocrx_word' id='word_1_443' title='bbox 418 2542 527 2576; x_wconf 91' lang='lat' dir='ltr'>spectu</span> <span class='ocrx_word' id='word_1_444' title='bbox 551 2535 663 2570; x_wconf 90' lang='lat' dir='ltr'>huius;</span> <span class='ocrx_word' id='word_1_445' title='bbox 687 2542 718 2565; x_wconf 93' lang='lat' dir='ltr'>et</span> <span class='ocrx_word' id='word_1_446' title='bbox 740 2544 806 2564; x_wconf 92' lang='lat' dir='ltr'>non</span> <span class='ocrx_word' id='word_1_447' title='bbox 829 2533 864 2564; x_wconf 90' lang='lat' dir='ltr'>fit</span> <span class='ocrx_word' id='word_1_448' title='bbox 888 2535 925 2564; x_wconf 94' lang='lat' dir='ltr'>de</span> <span class='ocrx_word' id='word_1_449' title='bbox 942 2545 1007 2564; x_wconf 88' lang='lat' dir='ltr'>uno</span> <span class='ocrx_word' id='word_1_450' title='bbox 1024 2535 1201 2564; x_wconf 90' lang='lat' dir='ltr'>secundum</span> <span class='ocrx_word' id='word_1_451' title='bbox 1217 2545 1259 2569; x_wconf 91' lang='lat' dir='ltr'>se,</span> <span class='ocrx_word' id='word_1_452' title='bbox 1277 2542 1307 2565; x_wconf 88' lang='lat' dir='ltr'>et</span> <span class='ocrx_word' id='word_1_453' title='bbox 1327 2535 1365 2565; x_wconf 91' lang='lat' dir='ltr'>de</span> <span class='ocrx_word' id='word_1_454' title='bbox 1381 2535 1478 2566; x_wconf 91' lang='lat' dir='ltr'>altero</span> 
     </span>
     <span class='ocr_line' id='line_1_58' title="bbox 419 2578 1480 2610; baseline 0 0"><span class='ocrx_word' id='word_1_455' title='bbox 419 2579 623 2610; x_wconf 87' lang='lat' dir='ltr'>consideratis</span> <span class='ocrx_word' id='word_1_456' title='bbox 647 2578 796 2609; x_wconf 88' lang='lat' dir='ltr'>omnibus</span> <span class='ocrx_word' id='word_1_457' title='bbox 821 2578 1060 2609; x_wconf 87' lang='lat' dir='ltr'>circumstantiis</span> <span class='ocrx_word' id='word_1_458' title='bbox 1084 2579 1244 2609; x_wconf 86' lang='lat' dir='ltr'>actualiter</span> <span class='ocrx_word' id='word_1_459' title='bbox 1268 2579 1480 2610; x_wconf 88' lang='lat' dir='ltr'>concurrenti-</span> 
     </span>
     <span class='ocr_line' id='line_1_59' title="bbox 419 2621 1480 2660; baseline 0 -6"><span class='ocrx_word' id='word_1_460' title='bbox 419 2625 489 2660; x_wconf 89' lang='lat' dir='ltr'>bus,</span> <span class='ocrx_word' id='word_1_461' title='bbox 514 2629 549 2653; x_wconf 89' lang='lat' dir='ltr'>ut</span> <span class='ocrx_word' id='word_1_462' title='bbox 572 2624 611 2654; x_wconf 94' lang='lat' dir='ltr'>de</span> <span class='ocrx_word' id='word_1_463' title='bbox 633 2622 814 2653; x_wconf 87' lang='lat' dir='ltr'>voluntario</span> <span class='ocrx_word' id='word_1_464' title='bbox 839 2629 869 2653; x_wconf 92' lang='lat' dir='ltr'>et</span> <span class='ocrx_word' id='word_1_465' title='bbox 890 2622 1104 2653; x_wconf 90' lang='lat' dir='ltr'>involuntario</span> <span class='ocrx_word' id='word_1_466' title='bbox 1127 2622 1159 2652; x_wconf 91' lang='lat' dir='ltr'>in</span> <span class='ocrx_word' id='word_1_467' title='bbox 1177 2622 1217 2652; x_wconf 91' lang='lat' dir='ltr'>III</span> <span class='ocrx_word' id='word_1_468' title='bbox 1233 2622 1336 2654; x_wconf 82' lang='lat' dir='ltr'>Ethic.</span> <span class='ocrx_word' id='word_1_469' title='bbox 1353 2621 1398 2654; x_wconf 93' lang='lat' dir='ltr'>fit.</span> <span class='ocrx_word' id='word_1_470' title='bbox 1423 2623 1480 2654; x_wconf 92' lang='lat' dir='ltr'>Est</span> 
     </span>
     <span class='ocr_line' id='line_1_60' title="bbox 420 2666 1481 2707; baseline 0 -9"><span class='ocrx_word' id='word_1_471' title='bbox 420 2677 494 2707; x_wconf 87' lang='lat' dir='ltr'>ergo</span> <span class='ocrx_word' id='word_1_472' title='bbox 517 2667 632 2698; x_wconf 89' lang='lat' dir='ltr'>vitium</span> <span class='ocrx_word' id='word_1_473' title='bbox 655 2666 925 2707; x_wconf 87' lang='lat' dir='ltr'>aequivocationis</span> <span class='ocrx_word' id='word_1_474' title='bbox 947 2667 980 2696; x_wconf 94' lang='lat' dir='ltr'>in</span> <span class='ocrx_word' id='word_1_475' title='bbox 1004 2666 1105 2697; x_wconf 91' lang='lat' dir='ltr'>littera</span> <span class='ocrx_word' id='word_1_476' title='bbox 1133 2667 1172 2697; x_wconf 89' lang='lat' dir='ltr'>de</span> <span class='ocrx_word' id='word_1_477' title='bbox 1194 2666 1227 2707; x_wconf 94' lang='lat' dir='ltr'>ly</span> <span class='ocrx_word' id='word_1_478' title='bbox 1249 2667 1422 2697; x_wconf 83' lang='lat' dir='ltr'>secundum</span> <span class='ocrx_word' id='word_1_479' title='bbox 1446 2677 1481 2698; x_wconf 87' lang='lat' dir='ltr'>se</span> 
     </span>
     <span class='ocr_line' id='line_1_61' title="bbox 420 2710 1479 2751; baseline 0.001 -10"><span class='ocrx_word' id='word_1_480' title='bbox 420 2722 475 2742; x_wconf 92' lang='lat' dir='ltr'>seu</span> <span class='ocrx_word' id='word_1_481' title='bbox 496 2713 527 2742; x_wconf 91' lang='lat' dir='ltr'>in</span> <span class='ocrx_word' id='word_1_482' title='bbox 544 2721 589 2750; x_wconf 87' lang='lat' dir='ltr'>se,</span> <span class='ocrx_word' id='word_1_483' title='bbox 608 2718 643 2742; x_wconf 91' lang='lat' dir='ltr'>ut</span> <span class='ocrx_word' id='word_1_484' title='bbox 658 2711 780 2750; x_wconf 90' lang='lat' dir='ltr'>capitur</span> <span class='ocrx_word' id='word_1_485' title='bbox 795 2710 828 2740; x_wconf 93' lang='lat' dir='ltr'>in</span> <span class='ocrx_word' id='word_1_486' title='bbox 844 2710 1021 2751; x_wconf 91' lang='lat' dir='ltr'>proposito,</span> <span class='ocrx_word' id='word_1_487' title='bbox 1038 2718 1068 2741; x_wconf 92' lang='lat' dir='ltr'>et</span> <span class='ocrx_word' id='word_1_488' title='bbox 1083 2717 1119 2741; x_wconf 91' lang='lat' dir='ltr'>ut</span> <span class='ocrx_word' id='word_1_489' title='bbox 1133 2710 1254 2750; x_wconf 91' lang='lat' dir='ltr'>capitur</span> <span class='ocrx_word' id='word_1_490' title='bbox 1269 2710 1302 2740; x_wconf 90' lang='lat' dir='ltr'>in</span> <span class='ocrx_word' id='word_1_491' title='bbox 1319 2711 1360 2740; x_wconf 92' lang='lat' dir='ltr'>III</span> <span class='ocrx_word' id='word_1_492' title='bbox 1376 2711 1479 2743; x_wconf 80' lang='lat' dir='ltr'>Ethic.</span> 
     </span>
     <span class='ocr_line' id='line_1_62' title="bbox 419 2754 1480 2795; baseline 0 -9"><span class='ocrx_word' id='word_1_493' title='bbox 419 2756 503 2786; x_wconf 88' lang='lat' dir='ltr'>Nam</span> <span class='ocrx_word' id='word_1_494' title='bbox 525 2754 557 2785; x_wconf 92' lang='lat' dir='ltr'>in</span> <span class='ocrx_word' id='word_1_495' title='bbox 582 2755 623 2785; x_wconf 94' lang='lat' dir='ltr'>III</span> <span class='ocrx_word' id='word_1_496' title='bbox 639 2754 742 2786; x_wconf 82' lang='lat' dir='ltr'>Ethic.</span> <span class='ocrx_word' id='word_1_497' title='bbox 768 2754 889 2795; x_wconf 88' lang='lat' dir='ltr'>capitur</span> <span class='ocrx_word' id='word_1_498' title='bbox 910 2755 1084 2785; x_wconf 86' lang='lat' dir='ltr'>secundum</span> <span class='ocrx_word' id='word_1_499' title='bbox 1100 2764 1145 2792; x_wconf 90' lang='lat' dir='ltr'>se,</span> <span class='ocrx_word' id='word_1_500' title='bbox 1170 2754 1232 2785; x_wconf 90' lang='lat' dir='ltr'>hoc</span> <span class='ocrx_word' id='word_1_501' title='bbox 1248 2762 1303 2791; x_wconf 90' lang='lat' dir='ltr'>est,</span> <span class='ocrx_word' id='word_1_502' title='bbox 1328 2765 1391 2785; x_wconf 89' lang='lat' dir='ltr'>non</span> <span class='ocrx_word' id='word_1_503' title='bbox 1408 2765 1480 2786; x_wconf 89' lang='lat' dir='ltr'>con-</span> 
     </span>
     <span class='ocr_line' id='line_1_63' title="bbox 420 2799 1482 2841; baseline 0 -11"><span class='ocrx_word' id='word_1_504' title='bbox 420 2800 569 2830; x_wconf 79' lang='lat' dir='ltr'>sideratis</span> <span class='ocrx_word' id='word_1_505' title='bbox 599 2799 847 2841; x_wconf 68' lang='lat' dir='ltr'>circumstantiis</span> <span class='ocrx_word' id='word_1_506' title='bbox 876 2799 1048 2830; x_wconf 82' lang='lat' dir='ltr'>actualiter</span> <span class='ocrx_word' id='word_1_507' title='bbox 1077 2804 1154 2830; x_wconf 84' lang='lat' dir='ltr'>tunc</span> <span class='ocrx_word' id='word_1_508' title='bbox 1183 2799 1482 2830; x_wconf 80' lang='lat' dir='ltr'>intervenientibus:</span> 
     </span>
     <span class='ocr_line' id='line_1_64' title="bbox 421 2842 1480 2883; baseline 0 -9"><span class='ocrx_word' id='word_1_509' title='bbox 421 2844 471 2874; x_wconf 88' lang='lat' dir='ltr'>hic</span> <span class='ocrx_word' id='word_1_510' title='bbox 499 2853 575 2874; x_wconf 90' lang='lat' dir='ltr'>vero</span> <span class='ocrx_word' id='word_1_511' title='bbox 600 2843 721 2883; x_wconf 90' lang='lat' dir='ltr'>capitur</span> <span class='ocrx_word' id='word_1_512' title='bbox 751 2843 924 2873; x_wconf 86' lang='lat' dir='ltr'>secundum</span> <span class='ocrx_word' id='word_1_513' title='bbox 948 2852 982 2873; x_wconf 89' lang='lat' dir='ltr'>se</span> <span class='ocrx_word' id='word_1_514' title='bbox 1011 2850 1047 2874; x_wconf 92' lang='lat' dir='ltr'>ut</span> <span class='ocrx_word' id='word_1_515' title='bbox 1077 2842 1278 2882; x_wconf 90' lang='lat' dir='ltr'>distinguitur</span> <span class='ocrx_word' id='word_1_516' title='bbox 1302 2849 1411 2873; x_wconf 87' lang='lat' dir='ltr'>contra</span> <span class='ocrx_word' id='word_1_517' title='bbox 1433 2853 1480 2874; x_wconf 86' lang='lat' dir='ltr'>se-</span> 
     </span>
     <span class='ocr_line' id='line_1_65' title="bbox 421 2886 1482 2927; baseline 0 -9"><span class='ocrx_word' id='word_1_518' title='bbox 421 2887 558 2918; x_wconf 80' lang='lat' dir='ltr'>cundum</span> <span class='ocrx_word' id='word_1_519' title='bbox 582 2887 658 2927; x_wconf 85' lang='lat' dir='ltr'>quid</span> <span class='ocrx_word' id='word_1_520' title='bbox 665 2895 677 2925; x_wconf 89' lang='lat'><em>;</em></span> <span class='ocrx_word' id='word_1_521' title='bbox 700 2897 774 2917; x_wconf 91' lang='lat' dir='ltr'>nam</span> <span class='ocrx_word' id='word_1_522' title='bbox 791 2887 879 2927; x_wconf 91' lang='lat' dir='ltr'>quod</span> <span class='ocrx_word' id='word_1_523' title='bbox 896 2897 962 2917; x_wconf 91' lang='lat' dir='ltr'>non</span> <span class='ocrx_word' id='word_1_524' title='bbox 979 2894 1025 2917; x_wconf 88' lang='lat' dir='ltr'>est</span> <span class='ocrx_word' id='word_1_525' title='bbox 1047 2887 1151 2917; x_wconf 89' lang='lat' dir='ltr'>maius</span> <span class='ocrx_word' id='word_1_526' title='bbox 1171 2886 1230 2918; x_wconf 89' lang='lat' dir='ltr'>nisi</span> <span class='ocrx_word' id='word_1_527' title='bbox 1250 2887 1334 2923; x_wconf 85' lang='lat' dir='ltr'>huic,</span> <span class='ocrx_word' id='word_1_528' title='bbox 1352 2897 1418 2918; x_wconf 91' lang='lat' dir='ltr'>non</span> <span class='ocrx_word' id='word_1_529' title='bbox 1435 2894 1482 2918; x_wconf 93' lang='lat' dir='ltr'>est</span> 
     </span>
     <span class='ocr_line' id='line_1_66' title="bbox 422 2931 919 2972; baseline 0 -10"><span class='ocrx_word' id='word_1_530' title='bbox 422 2932 525 2962; x_wconf 89' lang='lat' dir='ltr'>maius</span> <span class='ocrx_word' id='word_1_531' title='bbox 549 2931 608 2961; x_wconf 90' lang='lat' dir='ltr'>nisi</span> <span class='ocrx_word' id='word_1_532' title='bbox 631 2932 808 2962; x_wconf 90' lang='lat' dir='ltr'>secundum</span> <span class='ocrx_word' id='word_1_533' title='bbox 831 2931 919 2972; x_wconf 89' lang='lat' dir='ltr'>quid.</span> 
     </span>
    </p>

    <p class='ocr_par' dir='ltr' id='par_1_11' title="bbox 422 2974 1483 3628">
     <span class='ocr_line' id='line_1_67' title="bbox 475 2974 1482 3015; baseline 0.001 -10"><span class='ocrx_word' id='word_1_534' title='bbox 475 2975 543 3006; x_wconf 91' lang='lat' dir='ltr'>VII.</span> <span class='ocrx_word' id='word_1_535' title='bbox 567 2975 711 3006; x_wconf 89' lang='lat' dir='ltr'>Dubium</span> <span class='ocrx_word' id='word_1_536' title='bbox 733 2980 822 3006; x_wconf 83' lang='lat' dir='ltr'>sexto</span> <span class='ocrx_word' id='word_1_537' title='bbox 837 2975 854 2994; x_wconf 92' lang='lat'><em>*</em></span> <span class='ocrx_word' id='word_1_538' title='bbox 877 2974 1049 3015; x_wconf 88' lang='lat' dir='ltr'>principale</span> <span class='ocrx_word' id='word_1_539' title='bbox 1073 2981 1134 3011; x_wconf 89' lang='lat' dir='ltr'>est,</span> <span class='ocrx_word' id='word_1_540' title='bbox 1159 2974 1235 3015; x_wconf 90' lang='lat' dir='ltr'>quia</span> <span class='ocrx_word' id='word_1_541' title='bbox 1258 2974 1335 3005; x_wconf 88' lang='lat' dir='ltr'>falsa</span> <span class='ocrx_word' id='word_1_542' title='bbox 1358 2974 1482 3006; x_wconf 90' lang='lat' dir='ltr'>videtur</span> 
     </span>
     <span class='ocr_line' id='line_1_68' title="bbox 423 3018 1481 3055; baseline 0.001 -6"><span class='ocrx_word' id='word_1_543' title='bbox 423 3019 585 3049; x_wconf 89' lang='lat' dir='ltr'>conclusio</span> <span class='ocrx_word' id='word_1_544' title='bbox 613 3019 708 3049; x_wconf 90' lang='lat' dir='ltr'>huius</span> <span class='ocrx_word' id='word_1_545' title='bbox 736 3019 871 3055; x_wconf 88' lang='lat' dir='ltr'>articuli,</span> <span class='ocrx_word' id='word_1_546' title='bbox 896 3018 1056 3049; x_wconf 88' lang='lat' dir='ltr'>videlicet:</span> <span class='ocrx_word' id='word_1_547' title='bbox 1086 3019 1256 3050; x_wconf 85' lang='lat' dir='ltr'>Poenitens</span> <span class='ocrx_word' id='word_1_548' title='bbox 1285 3024 1412 3050; x_wconf 82' lang='lat' dir='ltr'>tenetur</span> <span class='ocrx_word' id='word_1_549' title='bbox 1438 3020 1481 3050; x_wconf 85' lang='lat' dir='ltr'>ad</span> 
     </span>
     <span class='ocr_line' id='line_1_69' title="bbox 422 3063 1481 3103; baseline 0.001 -10"><span class='ocrx_word' id='word_1_550' title='bbox 422 3064 560 3093; x_wconf 87' lang='lat' dir='ltr'>maiores</span> <span class='ocrx_word' id='word_1_551' title='bbox 580 3064 706 3103; x_wconf 83' lang='lat' dir='ltr'>gratias</span> <span class='ocrx_word' id='word_1_552' title='bbox 725 3073 819 3103; x_wconf 86' lang='lat' dir='ltr'>quam</span> <span class='ocrx_word' id='word_1_553' title='bbox 836 3064 996 3100; x_wconf 84' lang='lat' dir='ltr'>innocens,</span> <span class='ocrx_word' id='word_1_554' title='bbox 1015 3064 1128 3094; x_wconf 86' lang='lat' dir='ltr'>ceteris</span> <span class='ocrx_word' id='word_1_555' title='bbox 1144 3063 1290 3103; x_wconf 83' lang='lat' dir='ltr'>paribus.</span> <span class='ocrx_word' id='word_1_556' title='bbox 1316 3063 1481 3100; x_wconf 87' lang='lat' dir='ltr'>Quoniam</span> 
     </span>
     <span class='ocr_line' id='line_1_70' title="bbox 422 3105 1481 3146; baseline 0.002 -10"><span class='ocrx_word' id='word_1_557' title='bbox 422 3105 602 3137; x_wconf 86' lang='lat' dir='ltr'>innocentia</span> <span class='ocrx_word' id='word_1_558' title='bbox 623 3113 669 3137; x_wconf 92' lang='lat' dir='ltr'>est</span> <span class='ocrx_word' id='word_1_559' title='bbox 691 3106 813 3142; x_wconf 90' lang='lat' dir='ltr'>melior,</span> <span class='ocrx_word' id='word_1_560' title='bbox 830 3113 860 3137; x_wconf 93' lang='lat' dir='ltr'>et</span> <span class='ocrx_word' id='word_1_561' title='bbox 879 3107 978 3146; x_wconf 85' lang='lat' dir='ltr'>magis</span> <span class='ocrx_word' id='word_1_562' title='bbox 994 3107 1106 3138; x_wconf 89' lang='lat' dir='ltr'>dilecta</span> <span class='ocrx_word' id='word_1_563' title='bbox 1122 3117 1140 3137; x_wconf 89' lang='lat' dir='ltr'>a</span> <span class='ocrx_word' id='word_1_564' title='bbox 1154 3107 1240 3138; x_wconf 89' lang='lat' dir='ltr'>Deo:</span> <span class='ocrx_word' id='word_1_565' title='bbox 1266 3114 1302 3138; x_wconf 90' lang='lat' dir='ltr'>ut</span> <span class='ocrx_word' id='word_1_566' title='bbox 1324 3107 1357 3138; x_wconf 91' lang='lat' dir='ltr'>in</span> <span class='ocrx_word' id='word_1_567' title='bbox 1376 3107 1481 3138; x_wconf 88' lang='lat' dir='ltr'>Prima</span> 
     </span>
     <span class='ocr_line' id='line_1_71' title="bbox 422 3150 1481 3191; baseline 0.001 -10"><span class='ocrx_word' id='word_1_568' title='bbox 422 3152 522 3186; x_wconf 87' lang='lat' dir='ltr'>Parte,</span> <span class='ocrx_word' id='word_1_569' title='bbox 547 3159 600 3190; x_wconf 92' lang='lat' dir='ltr'>qu.</span> <span class='ocrx_word' id='word_1_570' title='bbox 617 3161 665 3184; x_wconf 84' lang='lat' dir='ltr'>xx,</span> <span class='ocrx_word' id='word_1_571' title='bbox 686 3157 741 3181; x_wconf 87' lang='lat' dir='ltr'>art.</span> <span class='ocrx_word' id='word_1_572' title='bbox 758 3160 788 3189; x_wconf 92' lang='lat'>4,</span> <span class='ocrx_word' id='word_1_573' title='bbox 809 3150 849 3180; x_wconf 87' lang='lat' dir='ltr'>ad</span> <span class='ocrx_word' id='word_1_574' title='bbox 864 3160 894 3189; x_wconf 90' lang='lat'>4,</span> <span class='ocrx_word' id='word_1_575' title='bbox 919 3152 1040 3181; x_wconf 90' lang='lat' dir='ltr'>Auctor</span> <span class='ocrx_word' id='word_1_576' title='bbox 1062 3150 1147 3181; x_wconf 86' lang='lat' dir='ltr'>dixit.</span> <span class='ocrx_word' id='word_1_577' title='bbox 1171 3153 1218 3181; x_wconf 91' lang='lat' dir='ltr'>Ac</span> <span class='ocrx_word' id='word_1_578' title='bbox 1241 3161 1296 3191; x_wconf 93' lang='lat' dir='ltr'>per</span> <span class='ocrx_word' id='word_1_579' title='bbox 1318 3151 1389 3187; x_wconf 90' lang='lat' dir='ltr'>hoc,</span> <span class='ocrx_word' id='word_1_580' title='bbox 1407 3161 1481 3182; x_wconf 87' lang='lat' dir='ltr'>con-</span> 
     </span>
     <span class='ocr_line' id='line_1_72' title="bbox 423 3193 1481 3234; baseline 0.001 -9"><span class='ocrx_word' id='word_1_581' title='bbox 423 3194 522 3226; x_wconf 90' lang='lat' dir='ltr'>stituit</span> <span class='ocrx_word' id='word_1_582' title='bbox 545 3194 631 3224; x_wconf 89' lang='lat' dir='ltr'>hunc</span> <span class='ocrx_word' id='word_1_583' title='bbox 654 3194 818 3224; x_wconf 89' lang='lat' dir='ltr'>hominem</span> <span class='ocrx_word' id='word_1_584' title='bbox 841 3193 1006 3224; x_wconf 88' lang='lat' dir='ltr'>meliorem</span> <span class='ocrx_word' id='word_1_585' title='bbox 1029 3201 1060 3225; x_wconf 90' lang='lat' dir='ltr'>et</span> <span class='ocrx_word' id='word_1_586' title='bbox 1082 3194 1182 3234; x_wconf 84' lang='lat' dir='ltr'>magis</span> <span class='ocrx_word' id='word_1_587' title='bbox 1201 3195 1352 3226; x_wconf 89' lang='lat' dir='ltr'>dilectum</span> <span class='ocrx_word' id='word_1_588' title='bbox 1372 3205 1390 3226; x_wconf 88' lang='lat' dir='ltr'>a</span> <span class='ocrx_word' id='word_1_589' title='bbox 1411 3195 1481 3226; x_wconf 90' lang='lat' dir='ltr'>Deo</span> 
     </span>
     <span class='ocr_line' id='line_1_73' title="bbox 423 3235 1482 3280; baseline 0.001 -11"><span class='ocrx_word' id='word_1_590' title='bbox 423 3248 520 3279; x_wconf 91' lang='lat' dir='ltr'>quam</span> <span class='ocrx_word' id='word_1_591' title='bbox 543 3238 708 3278; x_wconf 90' lang='lat' dir='ltr'>poenitens</span> <span class='ocrx_word' id='word_1_592' title='bbox 730 3237 769 3268; x_wconf 91' lang='lat' dir='ltr'>sit</span> <span class='ocrx_word' id='word_1_593' title='bbox 792 3235 950 3280; x_wconf 91' lang='lat' dir='ltr'>(alioquin</span> <span class='ocrx_word' id='word_1_594' title='bbox 974 3237 1100 3268; x_wconf 85' lang='lat' dir='ltr'>effectus</span> <span class='ocrx_word' id='word_1_595' title='bbox 1124 3237 1264 3269; x_wconf 88' lang='lat' dir='ltr'>formalis</span> <span class='ocrx_word' id='word_1_596' title='bbox 1288 3246 1482 3278; x_wconf 84' lang='lat' dir='ltr'>separaretur</span> 
     </span>
     <span class='ocr_line' id='line_1_74' title="bbox 424 3281 1481 3318; baseline 0 -6"><span class='ocrx_word' id='word_1_597' title='bbox 424 3293 440 3313; x_wconf 91' lang='lat' dir='ltr'>a</span> <span class='ocrx_word' id='word_1_598' title='bbox 464 3282 575 3318; x_wconf 89' lang='lat' dir='ltr'>forma,</span> <span class='ocrx_word' id='word_1_599' title='bbox 600 3282 626 3312; x_wconf 91' lang='lat' dir='ltr'>si</span> <span class='ocrx_word' id='word_1_600' title='bbox 648 3282 722 3312; x_wconf 91' lang='lat' dir='ltr'>bon</span> <span class='ocrx_word' id='word_1_601' title='bbox 726 3288 772 3312; x_wconf 89' lang='lat' dir='ltr'>tas</span> <span class='ocrx_word' id='word_1_602' title='bbox 796 3281 909 3312; x_wconf 82' lang='lat' dir='ltr'>melior</span> <span class='ocrx_word' id='word_1_603' title='bbox 931 3291 997 3312; x_wconf 89' lang='lat' dir='ltr'>non</span> <span class='ocrx_word' id='word_1_604' title='bbox 1013 3281 1217 3312; x_wconf 87' lang='lat' dir='ltr'>constitueret</span> <span class='ocrx_word' id='word_1_605' title='bbox 1239 3281 1405 3312; x_wconf 88' lang='lat' dir='ltr'>meliorem</span> <span class='ocrx_word' id='word_1_606' title='bbox 1428 3282 1481 3312; x_wconf 89' lang='lat' dir='ltr'>ha-</span> 
     </span>
     <span class='ocr_line' id='line_1_75' title="bbox 424 3324 1482 3368; baseline 0 -12"><span class='ocrx_word' id='word_1_607' title='bbox 424 3324 574 3368; x_wconf 90' lang='lat' dir='ltr'>bentem),</span> <span class='ocrx_word' id='word_1_608' title='bbox 593 3332 623 3356; x_wconf 90' lang='lat' dir='ltr'>et</span> <span class='ocrx_word' id='word_1_609' title='bbox 638 3336 699 3356; x_wconf 91' lang='lat' dir='ltr'>con</span> <span class='ocrx_word' id='word_1_610' title='bbox 717 3332 868 3366; x_wconf 90' lang='lat' dir='ltr'>equenter</span> <span class='ocrx_word' id='word_1_611' title='bbox 889 3325 989 3366; x_wconf 88' lang='lat' dir='ltr'>magis</span> <span class='ocrx_word' id='word_1_612' title='bbox 1012 3325 1051 3355; x_wconf 94' lang='lat' dir='ltr'>ad</span> <span class='ocrx_word' id='word_1_613' title='bbox 1074 3325 1244 3365; x_wconf 83' lang='lat' dir='ltr'>gratiarum</span> <span class='ocrx_word' id='word_1_614' title='bbox 1263 3325 1401 3356; x_wconf 88' lang='lat' dir='ltr'>actiones</span> <span class='ocrx_word' id='word_1_615' title='bbox 1426 3326 1482 3356; x_wconf 85' lang='lat' dir='ltr'>ob—</span> 
     </span>
     <span class='ocr_line' id='line_1_76' title="bbox 424 3369 1481 3419; baseline 0.001 -19"><span class='ocrx_word' id='word_1_616' title='bbox 424 3370 574 3409; x_wconf 85' lang='lat' dir='ltr'>ligatum:</span> <span class='ocrx_word' id='word_1_617' title='bbox 606 3376 693 3400; x_wconf 92' lang='lat' dir='ltr'>tanto</span> <span class='ocrx_word' id='word_1_618' title='bbox 723 3379 861 3410; x_wconf 89' lang='lat' dir='ltr'>namque</span> <span class='ocrx_word' id='word_1_619' title='bbox 892 3369 991 3409; x_wconf 84' lang='lat' dir='ltr'>magis</span> <span class='ocrx_word' id='word_1_620' title='bbox 1021 3369 1092 3409; x_wconf 92' lang='lat' dir='ltr'>quis</span> <span class='ocrx_word' id='word_1_621' title='bbox 1123 3369 1235 3419; x_wconf 85' lang='lat' dir='ltr'>gratias</span> <span class='ocrx_word' id='word_1_622' title='bbox 1258 3379 1348 3409; x_wconf 88' lang='lat' dir='ltr'>agere</span> <span class='ocrx_word' id='word_1_623' title='bbox 1372 3370 1481 3408; x_wconf 86' lang='lat' dir='ltr'>debet,</span> 
     </span>
     <span class='ocr_line' id='line_1_77' title="bbox 425 3412 1480 3454; baseline 0.002 -11"><span class='ocrx_word' id='word_1_624' title='bbox 425 3420 544 3454; x_wconf 90' lang='lat' dir='ltr'>quanto</span> <span class='ocrx_word' id='word_1_625' title='bbox 569 3413 681 3444; x_wconf 90' lang='lat' dir='ltr'>melior</span> <span class='ocrx_word' id='word_1_626' title='bbox 704 3420 750 3444; x_wconf 89' lang='lat' dir='ltr'>est</span> <span class='ocrx_word' id='word_1_627' title='bbox 773 3413 873 3445; x_wconf 88' lang='lat' dir='ltr'>factus</span> <span class='ocrx_word' id='word_1_628' title='bbox 897 3424 914 3444; x_wconf 90' lang='lat' dir='ltr'>a</span> <span class='ocrx_word' id='word_1_629' title='bbox 937 3413 1018 3444; x_wconf 88' lang='lat' dir='ltr'>Deo.</span> <span class='ocrx_word' id='word_1_630' title='bbox 1045 3413 1086 3443; x_wconf 89' lang='lat' dir='ltr'>Et</span> <span class='ocrx_word' id='word_1_631' title='bbox 1109 3412 1151 3443; x_wconf 90' lang='lat' dir='ltr'>sic</span> <span class='ocrx_word' id='word_1_632' title='bbox 1174 3413 1276 3444; x_wconf 88' lang='lat' dir='ltr'>littera</span> <span class='ocrx_word' id='word_1_633' title='bbox 1298 3413 1387 3444; x_wconf 89' lang='lat' dir='ltr'>istius</span> <span class='ocrx_word' id='word_1_634' title='bbox 1411 3413 1480 3445; x_wconf 89' lang='lat' dir='ltr'>arti-</span> 
     </span>
     <span class='ocr_line' id='line_1_78' title="bbox 426 3457 1483 3498; baseline 0.001 -11"><span class='ocrx_word' id='word_1_635' title='bbox 426 3457 487 3487; x_wconf 92' lang='lat' dir='ltr'>culi</span> <span class='ocrx_word' id='word_1_636' title='bbox 504 3457 694 3487; x_wconf 89' lang='lat' dir='ltr'>concludens</span> <span class='ocrx_word' id='word_1_637' title='bbox 718 3458 816 3498; x_wconf 92' lang='lat' dir='ltr'>quod,</span> <span class='ocrx_word' id='word_1_638' title='bbox 833 3457 983 3488; x_wconf 90' lang='lat' dir='ltr'>omnibus</span> <span class='ocrx_word' id='word_1_639' title='bbox 999 3457 1211 3493; x_wconf 89' lang='lat' dir='ltr'>consideratis,</span> <span class='ocrx_word' id='word_1_640' title='bbox 1233 3457 1398 3497; x_wconf 90' lang='lat' dir='ltr'>poenitens</span> <span class='ocrx_word' id='word_1_641' title='bbox 1414 3468 1483 3488; x_wconf 87' lang='lat' dir='ltr'>rna-</span> 
     </span>
     <span class='ocr_line' id='line_1_79' title="bbox 425 3501 1481 3541; baseline 0.001 -10"><span class='ocrx_word' id='word_1_642' title='bbox 425 3501 471 3540; x_wconf 86' lang='lat' dir='ltr'>gis</span> <span class='ocrx_word' id='word_1_643' title='bbox 486 3507 609 3531; x_wconf 91' lang='lat' dir='ltr'>tenetur</span> <span class='ocrx_word' id='word_1_644' title='bbox 624 3511 722 3541; x_wconf 87' lang='lat' dir='ltr'>quam</span> <span class='ocrx_word' id='word_1_645' title='bbox 737 3501 898 3537; x_wconf 88' lang='lat' dir='ltr'>innocens,</span> <span class='ocrx_word' id='word_1_646' title='bbox 917 3511 981 3532; x_wconf 91' lang='lat' dir='ltr'>non</span> <span class='ocrx_word' id='word_1_647' title='bbox 997 3507 1160 3541; x_wconf 89' lang='lat' dir='ltr'>permanet</span> <span class='ocrx_word' id='word_1_648' title='bbox 1176 3501 1287 3532; x_wconf 90' lang='lat' dir='ltr'>solida.</span> <span class='ocrx_word' id='word_1_649' title='bbox 1308 3501 1481 3539; x_wconf 88' lang='lat' dir='ltr'>Quoniam,</span> 
     </span>
     <span class='ocr_line' id='line_1_80' title="bbox 426 3544 1480 3581; baseline 0.002 -7"><span class='ocrx_word' id='word_1_650' title='bbox 426 3544 575 3574; x_wconf 90' lang='lat' dir='ltr'>omnibus</span> <span class='ocrx_word' id='word_1_651' title='bbox 599 3544 810 3581; x_wconf 87' lang='lat' dir='ltr'>consideratis,</span> <span class='ocrx_word' id='word_1_652' title='bbox 827 3545 979 3575; x_wconf 89' lang='lat' dir='ltr'>innocens</span> <span class='ocrx_word' id='word_1_653' title='bbox 996 3545 1156 3576; x_wconf 84' lang='lat' dir='ltr'>actualiter</span> <span class='ocrx_word' id='word_1_654' title='bbox 1171 3551 1218 3576; x_wconf 91' lang='lat' dir='ltr'>est</span> <span class='ocrx_word' id='word_1_655' title='bbox 1237 3544 1350 3575; x_wconf 89' lang='lat' dir='ltr'>melior</span> <span class='ocrx_word' id='word_1_656' title='bbox 1367 3552 1396 3576; x_wconf 90' lang='lat' dir='ltr'>et</span> <span class='ocrx_word' id='word_1_657' title='bbox 1415 3555 1480 3576; x_wconf 90' lang='lat' dir='ltr'>rna-</span> 
     </span>
     <span class='ocr_line' id='line_1_81' title="bbox 426 3588 1482 3628; baseline 0.001 -10"><span class='ocrx_word' id='word_1_658' title='bbox 426 3588 471 3627; x_wconf 83' lang='lat' dir='ltr'>gis</span> <span class='ocrx_word' id='word_1_659' title='bbox 495 3588 626 3619; x_wconf 92' lang='lat' dir='ltr'>dilectus</span> <span class='ocrx_word' id='word_1_660' title='bbox 650 3599 667 3618; x_wconf 91' lang='lat' dir='ltr'>a</span> <span class='ocrx_word' id='word_1_661' title='bbox 691 3589 774 3624; x_wconf 90' lang='lat' dir='ltr'>Deo,</span> <span class='ocrx_word' id='word_1_662' title='bbox 799 3595 829 3618; x_wconf 90' lang='lat' dir='ltr'>et</span> <span class='ocrx_word' id='word_1_663' title='bbox 852 3599 946 3628; x_wconf 89' lang='lat' dir='ltr'>supra</span> <span class='ocrx_word' id='word_1_664' title='bbox 970 3589 1184 3628; x_wconf 90' lang='lat' dir='ltr'>poenitentem</span> <span class='ocrx_word' id='word_1_665' title='bbox 1207 3589 1239 3619; x_wconf 92' lang='lat' dir='ltr'>in</span> <span class='ocrx_word' id='word_1_666' title='bbox 1263 3589 1410 3619; x_wconf 89' lang='lat' dir='ltr'>universo</span> <span class='ocrx_word' id='word_1_667' title='bbox 1434 3589 1482 3619; x_wconf 91' lang='lat' dir='ltr'>lo—</span> 
     </span>
    </p>
   </div>
   <div class='ocr_carea' id='block_1_8' title="bbox 1499 329 1506 1281">
    <p class='ocr_par' dir='ltr' id='par_1_12' title="bbox 1499 329 1506 1281">
     <span class='ocr_line' id='line_1_82' title="bbox 1499 329 1506 1281; baseline 0 0"><span class='ocrx_word' id='word_1_668' title='bbox 1499 329 1506 1281; x_wconf 95' lang='lat' dir='ltr'> </span> 
     </span>
    </p>
   </div>
   <div class='ocr_carea' id='block_1_9' title="bbox 1503 1433 1510 3607">
    <p class='ocr_par' dir='ltr' id='par_1_13' title="bbox 1503 1433 1510 3607">
     <span class='ocr_line' id='line_1_83' title="bbox 1503 1433 1510 3607; baseline 0 0"><span class='ocrx_word' id='word_1_669' title='bbox 1503 1433 1510 3607; x_wconf 95' lang='lat' dir='ltr'> </span> 
     </span>
    </p>
   </div>
   <div class='ocr_carea' id='block_1_10' title="bbox 1105 251 1891 301">
    <p class='ocr_par' dir='ltr' id='par_1_14' title="bbox 1105 251 1891 301">
     <span class='ocr_line' id='line_1_84' title="bbox 1105 251 1891 301; baseline -0.008 -10"><span class='ocrx_word' id='word_1_670' title='bbox 1105 253 1370 301; x_wconf 70' lang='lat' dir='ltr'>QUAEsrlo</span> <span class='ocrx_word' id='word_1_671' title='bbox 1401 252 1504 298; x_wconf 82' lang='lat' dir='ltr'>cvl,</span> <span class='ocrx_word' id='word_1_672' title='bbox 1533 251 1829 287; x_wconf 84' lang='lat' dir='ltr'>ARTICULUS</span> <span class='ocrx_word' id='word_1_673' title='bbox 1860 251 1891 285; x_wconf 89' lang='lat'>11</span> 
     </span>
    </p>
   </div>
   <div class='ocr_carea' id='block_1_11' title="bbox 1527 325 2601 2267">
    <p class='ocr_par' dir='ltr' id='par_1_15' title="bbox 1527 325 2588 402">
     <span class='ocr_line' id='line_1_85' title="bbox 1527 325 2588 368; baseline -0.002 -10"><span class='ocrx_word' id='word_1_674' title='bbox 1527 328 1659 358; x_wconf 87' lang='lat' dir='ltr'>candus:</span> <span class='ocrx_word' id='word_1_675' title='bbox 1685 338 1720 358; x_wconf 86' lang='lat' dir='ltr'>ac</span> <span class='ocrx_word' id='word_1_676' title='bbox 1743 338 1799 368; x_wconf 90' lang='lat' dir='ltr'>per</span> <span class='ocrx_word' id='word_1_677' title='bbox 1815 328 1886 363; x_wconf 92' lang='lat' dir='ltr'>hoc,</span> <span class='ocrx_word' id='word_1_678' title='bbox 1904 327 1944 356; x_wconf 91' lang='lat' dir='ltr'>ad</span> <span class='ocrx_word' id='word_1_679' title='bbox 1959 326 2094 356; x_wconf 86' lang='lat' dir='ltr'>maiores</span> <span class='ocrx_word' id='word_1_680' title='bbox 2111 325 2223 365; x_wconf 87' lang='lat' dir='ltr'>gratias</span> <span class='ocrx_word' id='word_1_681' title='bbox 2245 332 2369 355; x_wconf 91' lang='lat' dir='ltr'>tenetur</span> <span class='ocrx_word' id='word_1_682' title='bbox 2391 335 2489 365; x_wconf 91' lang='lat' dir='ltr'>quam</span> <span class='ocrx_word' id='word_1_683' title='bbox 2512 334 2588 364; x_wconf 90' lang='lat' dir='ltr'>poe-</span> 
     </span>
     <span class='ocr_line' id='line_1_86' title="bbox 1527 378 1639 402; baseline 0 -1"><span class='ocrx_word' id='word_1_684' title='bbox 1527 378 1639 402; x_wconf 82' lang='lat' dir='ltr'>nitens.</span> 
     </span>
    </p>

    <p class='ocr_par' dir='ltr' id='par_1_16' title="bbox 1527 412 2590 587">
     <span class='ocr_line' id='line_1_87' title="bbox 1582 412 2376 451; baseline -0.004 -6"><span class='ocrx_word' id='word_1_685' title='bbox 1582 415 1623 445; x_wconf 89' lang='lat' dir='ltr'>Et</span> <span class='ocrx_word' id='word_1_686' title='bbox 1650 414 1866 445; x_wconf 85' lang='lat' dir='ltr'>confirmatur.</span> <span class='ocrx_word' id='word_1_687' title='bbox 1898 414 1982 451; x_wconf 88' lang='lat' dir='ltr'>Quia</span> <span class='ocrx_word' id='word_1_688' title='bbox 2005 417 2126 443; x_wconf 89' lang='lat' dir='ltr'>Auctor</span> <span class='ocrx_word' id='word_1_689' title='bbox 2154 413 2186 442; x_wconf 91' lang='lat' dir='ltr'>in</span> <span class='ocrx_word' id='word_1_690' title='bbox 2211 413 2251 442; x_wconf 89' lang='lat'>111</span> <span class='ocrx_word' id='word_1_691' title='bbox 2272 412 2376 449; x_wconf 64' lang='lat' dir='ltr'>Sem„</span> 
     </span>
     <span class='ocr_line' id='line_1_88' title="bbox 1527 456 2590 500; baseline -0.002 -12"><span class='ocrx_word' id='word_1_692' title='bbox 1527 466 1583 489; x_wconf 88' lang='lat' dir='ltr'>art.</span> <span class='ocrx_word' id='word_1_693' title='bbox 1601 460 1628 495; x_wconf 88' lang='lat'>5,</span> <span class='ocrx_word' id='word_1_694' title='bbox 1654 469 1707 500; x_wconf 93' lang='lat' dir='ltr'>qu.</span> <span class='ocrx_word' id='word_1_695' title='bbox 1727 469 1756 495; x_wconf 87' lang='lat'>2,</span> <span class='ocrx_word' id='word_1_696' title='bbox 1781 459 1820 489; x_wconf 92' lang='lat' dir='ltr'>ad</span> <span class='ocrx_word' id='word_1_697' title='bbox 1840 460 1866 494; x_wconf 85' lang='lat'>3,</span> <span class='ocrx_word' id='word_1_698' title='bbox 1892 458 1966 489; x_wconf 91' lang='lat' dir='ltr'>dicit</span> <span class='ocrx_word' id='word_1_699' title='bbox 1989 458 2078 498; x_wconf 92' lang='lat' dir='ltr'>quod</span> <span class='ocrx_word' id='word_1_700' title='bbox 2102 457 2232 486; x_wconf 89' lang='lat' dir='ltr'>liberare</span> <span class='ocrx_word' id='word_1_701' title='bbox 2247 456 2424 493; x_wconf 89' lang='lat' dir='ltr'>inimicum,</span> <span class='ocrx_word' id='word_1_702' title='bbox 2445 457 2590 496; x_wconf 79' lang='lat' dir='ltr'>quamvis</span> 
     </span>
     <span class='ocr_line' id='line_1_89' title="bbox 1527 500 2590 542; baseline -0.003 -9"><span class='ocrx_word' id='word_1_703' title='bbox 1527 504 1568 533; x_wconf 85' lang='lat' dir='ltr'>sit</span> <span class='ocrx_word' id='word_1_704' title='bbox 1583 503 1688 533; x_wconf 85' lang='lat' dir='ltr'>maius</span> <span class='ocrx_word' id='word_1_705' title='bbox 1703 508 1847 542; x_wconf 79' lang='lat' dir='ltr'>respectu</span> <span class='ocrx_word' id='word_1_706' title='bbox 1865 502 1953 532; x_wconf 86' lang='lat' dir='ltr'>illius</span> <span class='ocrx_word' id='word_1_707' title='bbox 1968 502 2023 542; x_wconf 86' lang='lat' dir='ltr'>qui</span> <span class='ocrx_word' id='word_1_708' title='bbox 2037 501 2204 538; x_wconf 82' lang='lat' dir='ltr'>liberatur,</span> <span class='ocrx_word' id='word_1_709' title='bbox 2222 509 2284 530; x_wconf 90' lang='lat' dir='ltr'>non</span> <span class='ocrx_word' id='word_1_710' title='bbox 2301 505 2406 530; x_wconf 87' lang='lat' dir='ltr'>tamen</span> <span class='ocrx_word' id='word_1_711' title='bbox 2422 505 2469 530; x_wconf 86' lang='lat' dir='ltr'>est</span> <span class='ocrx_word' id='word_1_712' title='bbox 2485 500 2590 530; x_wconf 87' lang='lat' dir='ltr'>maius</span> 
     </span>
     <span class='ocr_line' id='line_1_90' title="bbox 1527 544 2368 587; baseline -0.002 -10"><span class='ocrx_word' id='word_1_713' title='bbox 1527 547 1722 587; x_wconf 84' lang='lat' dir='ltr'>simpliciter.</span> <span class='ocrx_word' id='word_1_714' title='bbox 1748 547 1849 577; x_wconf 93' lang='lat' dir='ltr'>Cuius</span> <span class='ocrx_word' id='word_1_715' title='bbox 1872 546 2060 586; x_wconf 88' lang='lat' dir='ltr'>oppositum</span> <span class='ocrx_word' id='word_1_716' title='bbox 2084 545 2134 575; x_wconf 92' lang='lat' dir='ltr'>hic</span> <span class='ocrx_word' id='word_1_717' title='bbox 2158 544 2368 575; x_wconf 89' lang='lat' dir='ltr'>concluditur.</span> 
     </span>
    </p>

    <p class='ocr_par' dir='ltr' id='par_1_17' title="bbox 1527 587 2594 1160">
     <span class='ocr_line' id='line_1_91' title="bbox 1582 587 2589 630; baseline -0.004 -9"><span class='ocrx_word' id='word_1_718' title='bbox 1582 591 1664 621; x_wconf 89' lang='lat' dir='ltr'><strong>VIII.</strong></span> <span class='ocrx_word' id='word_1_719' title='bbox 1689 591 1740 621; x_wconf 92' lang='lat' dir='ltr'>Ad</span> <span class='ocrx_word' id='word_1_720' title='bbox 1763 590 1953 621; x_wconf 88' lang='lat' dir='ltr'>evidentiam</span> <span class='ocrx_word' id='word_1_721' title='bbox 1979 589 2107 624; x_wconf 86' lang='lat' dir='ltr'>horum,</span> <span class='ocrx_word' id='word_1_722' title='bbox 2125 589 2288 619; x_wconf 91' lang='lat' dir='ltr'>sciendum</span> <span class='ocrx_word' id='word_1_723' title='bbox 2313 595 2359 618; x_wconf 91' lang='lat' dir='ltr'>est</span> <span class='ocrx_word' id='word_1_724' title='bbox 2383 587 2472 630; x_wconf 93' lang='lat' dir='ltr'>quod</span> <span class='ocrx_word' id='word_1_725' title='bbox 2498 587 2589 617; x_wconf 90' lang='lat' dir='ltr'>inno-</span> 
     </span>
     <span class='ocr_line' id='line_1_92' title="bbox 1529 632 2591 674; baseline -0.003 -9"><span class='ocrx_word' id='word_1_726' title='bbox 1529 635 1629 665; x_wconf 92' lang='lat' dir='ltr'>centia</span> <span class='ocrx_word' id='word_1_727' title='bbox 1645 641 1676 664; x_wconf 93' lang='lat' dir='ltr'>et</span> <span class='ocrx_word' id='word_1_728' title='bbox 1698 634 1893 674; x_wconf 88' lang='lat' dir='ltr'>poenitentia</span> <span class='ocrx_word' id='word_1_729' title='bbox 1910 644 1942 664; x_wconf 94' lang='lat' dir='ltr'>se</span> <span class='ocrx_word' id='word_1_730' title='bbox 1965 634 2082 663; x_wconf 87' lang='lat' dir='ltr'>habent</span> <span class='ocrx_word' id='word_1_731' title='bbox 2097 633 2177 663; x_wconf 87' lang='lat' dir='ltr'>sicut</span> <span class='ocrx_word' id='word_1_732' title='bbox 2197 633 2311 663; x_wconf 85' lang='lat' dir='ltr'>sanitas</span> <span class='ocrx_word' id='word_1_733' title='bbox 2334 642 2400 662; x_wconf 89' lang='lat' dir='ltr'>non</span> <span class='ocrx_word' id='word_1_734' title='bbox 2417 632 2591 672; x_wconf 87' lang='lat' dir='ltr'>interrupta</span> 
     </span>
     <span class='ocr_line' id='line_1_93' title="bbox 1529 676 2591 718; baseline -0.003 -9"><span class='ocrx_word' id='word_1_735' title='bbox 1529 686 1558 709; x_wconf 93' lang='lat' dir='ltr'>et</span> <span class='ocrx_word' id='word_1_736' title='bbox 1574 678 1688 709; x_wconf 87' lang='lat' dir='ltr'>sanitas</span> <span class='ocrx_word' id='word_1_737' title='bbox 1704 685 1853 718; x_wconf 91' lang='lat' dir='ltr'>reparata.</span> <span class='ocrx_word' id='word_1_738' title='bbox 1885 678 1935 710; x_wconf 80' lang='lat' dir='ltr'>Et,</span> <span class='ocrx_word' id='word_1_739' title='bbox 1953 678 2062 708; x_wconf 88' lang='lat' dir='ltr'>ceteris</span> <span class='ocrx_word' id='word_1_740' title='bbox 2086 677 2213 718; x_wconf 86' lang='lat' dir='ltr'>paribus</span> <span class='ocrx_word' id='word_1_741' title='bbox 2237 683 2394 716; x_wconf 86' lang='lat' dir='ltr'>sumptae,</span> <span class='ocrx_word' id='word_1_742' title='bbox 2410 682 2489 716; x_wconf 74' lang='lat' dir='ltr'>pum</span> <span class='ocrx_word' id='word_1_743' title='bbox 2502 676 2591 716; x_wconf 89' lang='lat' dir='ltr'>quod</span> 
     </span>
     <span class='ocr_line' id='line_1_94' title="bbox 1527 719 2590 762; baseline -0.003 -9"><span class='ocrx_word' id='word_1_744' title='bbox 1527 729 1612 753; x_wconf 84' lang='lat' dir='ltr'>tanta</span> <span class='ocrx_word' id='word_1_745' title='bbox 1631 722 1672 752; x_wconf 87' lang='lat' dir='ltr'>sit</span> <span class='ocrx_word' id='word_1_746' title='bbox 1693 722 1809 753; x_wconf 86' lang='lat' dir='ltr'>sanitas</span> <span class='ocrx_word' id='word_1_747' title='bbox 1826 729 1967 762; x_wconf 86' lang='lat' dir='ltr'>reparata</span> <span class='ocrx_word' id='word_1_748' title='bbox 1982 721 2015 751; x_wconf 90' lang='lat' dir='ltr'>in</span> <span class='ocrx_word' id='word_1_749' title='bbox 2031 721 2092 752; x_wconf 89' lang='lat' dir='ltr'>isto</span> <span class='ocrx_word' id='word_1_750' title='bbox 2116 728 2234 761; x_wconf 88' lang='lat' dir='ltr'>quanta</span> <span class='ocrx_word' id='word_1_751' title='bbox 2251 728 2297 751; x_wconf 90' lang='lat' dir='ltr'>est</span> <span class='ocrx_word' id='word_1_752' title='bbox 2312 720 2431 751; x_wconf 85' lang='lat' dir='ltr'>sanitas</span> <span class='ocrx_word' id='word_1_753' title='bbox 2443 720 2478 750; x_wconf 91' lang='lat' dir='ltr'>in</span> <span class='ocrx_word' id='word_1_754' title='bbox 2492 719 2590 751; x_wconf 82' lang='lat' dir='ltr'>altero</span> 
     </span>
     <span class='ocr_line' id='line_1_95' title="bbox 1528 764 2593 807; baseline -0.003 -10"><span class='ocrx_word' id='word_1_755' title='bbox 1528 773 1721 802; x_wconf 86' lang='lat' dir='ltr'>conservata,</span> <span class='ocrx_word' id='word_1_756' title='bbox 1746 772 1881 807; x_wconf 86' lang='lat' dir='ltr'>possunt</span> <span class='ocrx_word' id='word_1_757' title='bbox 1904 765 2070 805; x_wconf 86' lang='lat' dir='ltr'>dupliciter</span> <span class='ocrx_word' id='word_1_758' title='bbox 2088 765 2295 796; x_wconf 81' lang='lat' dir='ltr'>considerari:</span> <span class='ocrx_word' id='word_1_759' title='bbox 2319 764 2435 805; x_wconf 88' lang='lat' dir='ltr'>primo,</span> <span class='ocrx_word' id='word_1_760' title='bbox 2459 769 2496 795; x_wconf 89' lang='lat' dir='ltr'>ut</span> <span class='ocrx_word' id='word_1_761' title='bbox 2518 770 2593 794; x_wconf 84' lang='lat' dir='ltr'>sunt</span> 
     </span>
     <span class='ocr_line' id='line_1_96' title="bbox 1528 809 2592 851; baseline -0.003 -9"><span class='ocrx_word' id='word_1_762' title='bbox 1528 812 1560 842; x_wconf 89' lang='lat' dir='ltr'>in</span> <span class='ocrx_word' id='word_1_763' title='bbox 1583 821 1697 851; x_wconf 88' lang='lat' dir='ltr'>genere</span> <span class='ocrx_word' id='word_1_764' title='bbox 1720 811 1896 846; x_wconf 88' lang='lat' dir='ltr'>bonorum;</span> <span class='ocrx_word' id='word_1_765' title='bbox 1920 809 2071 846; x_wconf 84' lang='lat' dir='ltr'>secunde,</span> <span class='ocrx_word' id='word_1_766' title='bbox 2093 816 2128 840; x_wconf 92' lang='lat' dir='ltr'>ut</span> <span class='ocrx_word' id='word_1_767' title='bbox 2149 809 2270 840; x_wconf 89' lang='lat' dir='ltr'>suntin</span> <span class='ocrx_word' id='word_1_768' title='bbox 2292 818 2407 849; x_wconf 87' lang='lat' dir='ltr'>genere</span> <span class='ocrx_word' id='word_1_769' title='bbox 2429 809 2592 839; x_wconf 86' lang='lat' dir='ltr'>donorum</span> 
     </span>
     <span class='ocr_line' id='line_1_97' title="bbox 1529 852 2592 893; baseline -0.002 -8"><span class='ocrx_word' id='word_1_770' title='bbox 1529 866 1584 886; x_wconf 91' lang='lat' dir='ltr'>seu</span> <span class='ocrx_word' id='word_1_771' title='bbox 1609 854 1848 885; x_wconf 86' lang='lat' dir='ltr'>beneficiorum.</span> <span class='ocrx_word' id='word_1_772' title='bbox 1872 853 2025 893; x_wconf 67' lang='lat' dir='ltr'>Si&#39;primo</span> <span class='ocrx_word' id='word_1_773' title='bbox 2041 853 2140 883; x_wconf 89' lang='lat' dir='ltr'>modo</span> <span class='ocrx_word' id='word_1_774' title='bbox 2158 859 2334 890; x_wconf 87' lang='lat' dir='ltr'>sumantur,</span> <span class='ocrx_word' id='word_1_775' title='bbox 2351 854 2395 884; x_wconf 90' lang='lat' dir='ltr'>sic</span> <span class='ocrx_word' id='word_1_776' title='bbox 2410 852 2592 883; x_wconf 78' lang='lat' dir='ltr'>innocentia</span> 
     </span>
     <span class='ocr_line' id='line_1_98' title="bbox 1529 896 2593 938; baseline -0.003 -8"><span class='ocrx_word' id='word_1_777' title='bbox 1529 899 1667 930; x_wconf 87' lang='lat' dir='ltr'>excellit:</span> <span class='ocrx_word' id='word_1_778' title='bbox 1693 906 1723 929; x_wconf 91' lang='lat' dir='ltr'>et</span> <span class='ocrx_word' id='word_1_779' title='bbox 1745 898 1897 938; x_wconf 84' lang='lat' dir='ltr'>importat</span> <span class='ocrx_word' id='word_1_780' title='bbox 1920 897 2104 937; x_wconf 86' lang='lat' dir='ltr'>dignitatem</span> <span class='ocrx_word' id='word_1_781' title='bbox 2126 896 2410 937; x_wconf 88' lang='lat' dir='ltr'>irrecuperabilem,</span> <span class='ocrx_word' id='word_1_782' title='bbox 2435 897 2515 928; x_wconf 90' lang='lat' dir='ltr'>sicut</span> <span class='ocrx_word' id='word_1_783' title='bbox 2533 897 2593 927; x_wconf 89' lang='lat' dir='ltr'>vir-</span> 
     </span>
     <span class='ocr_line' id='line_1_99' title="bbox 1528 940 2592 984; baseline -0.004 -10"><span class='ocrx_word' id='word_1_784' title='bbox 1528 944 1650 984; x_wconf 89' lang='lat' dir='ltr'>ginitas.</span> <span class='ocrx_word' id='word_1_785' title='bbox 1677 943 1768 973; x_wconf 92' lang='lat' dir='ltr'>Unde</span> <span class='ocrx_word' id='word_1_786' title='bbox 1793 940 2090 983; x_wconf 82' lang='lat' dir='ltr'>quantumcumque</span> <span class='ocrx_word' id='word_1_787' title='bbox 2113 948 2260 981; x_wconf 89' lang='lat' dir='ltr'>peccator</span> <span class='ocrx_word' id='word_1_788' title='bbox 2275 948 2415 981; x_wconf 89' lang='lat' dir='ltr'>resurgat</span> <span class='ocrx_word' id='word_1_789' title='bbox 2437 951 2494 981; x_wconf 90' lang='lat' dir='ltr'>per</span> <span class='ocrx_word' id='word_1_790' title='bbox 2515 950 2592 981; x_wconf 91' lang='lat' dir='ltr'>poe-</span> 
     </span>
     <span class='ocr_line' id='line_1_100' title="bbox 1530 985 2592 1026; baseline -0.004 -8"><span class='ocrx_word' id='word_1_791' title='bbox 1530 987 1695 1019; x_wconf 86' lang='lat' dir='ltr'>nitentiam</span> <span class='ocrx_word' id='word_1_792' title='bbox 1730 988 1769 1017; x_wconf 91' lang='lat' dir='ltr'>ad</span> <span class='ocrx_word' id='word_1_793' title='bbox 1804 993 1924 1017; x_wconf 85' lang='lat' dir='ltr'>tantam</span> <span class='ocrx_word' id='word_1_794' title='bbox 1952 986 2002 1016; x_wconf 88' lang='lat' dir='ltr'>vel</span> <span class='ocrx_word' id='word_1_795' title='bbox 2033 985 2187 1015; x_wconf 86' lang='lat' dir='ltr'>maiorem</span> <span class='ocrx_word' id='word_1_796' title='bbox 2217 985 2395 1019; x_wconf 82' lang='lat' dir='ltr'>caritatem.</span> <span class='ocrx_word' id='word_1_797' title='bbox 2425 994 2592 1026; x_wconf 86' lang='lat' dir='ltr'>nunquam</span> 
     </span>
     <span class='ocr_line' id='line_1_101' title="bbox 1530 1029 2592 1071; baseline -0.005 -8"><span class='ocrx_word' id='word_1_798' title='bbox 1530 1040 1636 1064; x_wconf 89' lang='lat' dir='ltr'>tamen</span> <span class='ocrx_word' id='word_1_799' title='bbox 1665 1039 1805 1071; x_wconf 89' lang='lat' dir='ltr'>resurget</span> <span class='ocrx_word' id='word_1_800' title='bbox 1836 1031 1876 1060; x_wconf 83' lang='lat' dir='ltr'>ad</span> <span class='ocrx_word' id='word_1_801' title='bbox 1905 1037 2026 1061; x_wconf 89' lang='lat' dir='ltr'>tantam</span> <span class='ocrx_word' id='word_1_802' title='bbox 2054 1029 2247 1069; x_wconf 85' lang='lat' dir='ltr'>dignitatern.</span> <span class='ocrx_word' id='word_1_803' title='bbox 2278 1029 2320 1059; x_wconf 90' lang='lat' dir='ltr'>Et</span> <span class='ocrx_word' id='word_1_804' title='bbox 2348 1035 2479 1069; x_wconf 85' lang='lat' dir='ltr'>propter</span> <span class='ocrx_word' id='word_1_805' title='bbox 2499 1029 2592 1059; x_wconf 74' lang='lat' dir='ltr'>istam</span> 
     </span>
     <span class='ocr_line' id='line_1_102' title="bbox 1530 1072 2594 1116; baseline -0.004 -9"><span class='ocrx_word' id='word_1_806' title='bbox 1530 1076 1726 1116; x_wconf 87' lang='lat' dir='ltr'>dignitatem,</span> <span class='ocrx_word' id='word_1_807' title='bbox 1749 1074 1930 1106; x_wconf 88' lang='lat' dir='ltr'>innocentia</span> <span class='ocrx_word' id='word_1_808' title='bbox 1953 1074 2116 1106; x_wconf 87' lang='lat' dir='ltr'>constituit</span> <span class='ocrx_word' id='word_1_809' title='bbox 2138 1073 2224 1104; x_wconf 90' lang='lat' dir='ltr'>hunc</span> <span class='ocrx_word' id='word_1_810' title='bbox 2243 1073 2408 1104; x_wconf 83' lang='lat' dir='ltr'>hominem</span> <span class='ocrx_word' id='word_1_811' title='bbox 2423 1072 2594 1106; x_wconf 79' lang='lat' dir='ltr'>meliorem</span> 
     </span>
     <span class='ocr_line' id='line_1_103' title="bbox 1531 1119 1963 1160; baseline -0.007 -8"><span class='ocrx_word' id='word_1_812' title='bbox 1531 1128 1561 1152; x_wconf 91' lang='lat' dir='ltr'>et</span> <span class='ocrx_word' id='word_1_813' title='bbox 1583 1120 1683 1160; x_wconf 88' lang='lat' dir='ltr'>magis</span> <span class='ocrx_word' id='word_1_814' title='bbox 1708 1120 1859 1150; x_wconf 88' lang='lat' dir='ltr'>dilectum</span> <span class='ocrx_word' id='word_1_815' title='bbox 1882 1119 1963 1152; x_wconf 86' lang='lat' dir='ltr'>Deo.</span> 
     </span>
    </p>

    <p class='ocr_par' dir='ltr' id='par_1_18' title="bbox 1530 1160 2596 1327">
     <span class='ocr_line' id='line_1_104' title="bbox 1584 1160 2594 1198; baseline -0.004 -3"><span class='ocrx_word' id='word_1_816' title='bbox 1584 1165 1616 1195; x_wconf 82' lang='lat' dir='ltr'>Si</span> <span class='ocrx_word' id='word_1_817' title='bbox 1644 1171 1752 1195; x_wconf 86' lang='lat' dir='ltr'>autem</span> <span class='ocrx_word' id='word_1_818' title='bbox 1780 1163 2017 1194; x_wconf 91' lang='lat' dir='ltr'>considerentur</span> <span class='ocrx_word' id='word_1_819' title='bbox 2045 1162 2185 1192; x_wconf 90' lang='lat' dir='ltr'>secundo</span> <span class='ocrx_word' id='word_1_820' title='bbox 2213 1162 2330 1198; x_wconf 90' lang='lat' dir='ltr'>modo,</span> <span class='ocrx_word' id='word_1_821' title='bbox 2354 1161 2398 1192; x_wconf 85' lang='lat' dir='ltr'>sic</span> <span class='ocrx_word' id='word_1_822' title='bbox 2422 1161 2493 1192; x_wconf 90' lang='lat' dir='ltr'>dico</span> <span class='ocrx_word' id='word_1_823' title='bbox 2516 1160 2594 1193; x_wconf 83' lang='lat' dir='ltr'>duo.</span> 
     </span>
     <span class='ocr_line' id='line_1_105' title="bbox 1530 1204 2595 1256; baseline -0.004 -17"><span class='ocrx_word' id='word_1_824' title='bbox 1530 1209 1648 1244; x_wconf 88' lang='lat' dir='ltr'>Primo,</span> <span class='ocrx_word' id='word_1_825' title='bbox 1666 1209 1756 1249; x_wconf 92' lang='lat' dir='ltr'>quod</span> <span class='ocrx_word' id='word_1_826' title='bbox 1771 1207 1966 1248; x_wconf 91' lang='lat' dir='ltr'>poenitentia</span> <span class='ocrx_word' id='word_1_827' title='bbox 1981 1206 2163 1246; x_wconf 89' lang='lat' dir='ltr'>simpliciter</span> <span class='ocrx_word' id='word_1_828' title='bbox 2179 1205 2316 1237; x_wconf 83' lang='lat' dir='ltr'>excellit:</span> <span class='ocrx_word' id='word_1_829' title='bbox 2339 1204 2414 1256; x_wconf 84' lang='lat' dir='ltr'>quia</span> <span class='ocrx_word' id='word_1_830' title='bbox 2430 1212 2476 1236; x_wconf 92' lang='lat' dir='ltr'>est</span> <span class='ocrx_word' id='word_1_831' title='bbox 2491 1204 2595 1236; x_wconf 86' lang='lat' dir='ltr'>maius</span> 
     </span>
     <span class='ocr_line' id='line_1_106' title="bbox 1531 1248 2596 1293; baseline -0.004 -10"><span class='ocrx_word' id='word_1_832' title='bbox 1531 1254 1655 1283; x_wconf 90' lang='lat' dir='ltr'>donum</span> <span class='ocrx_word' id='word_1_833' title='bbox 1685 1262 1783 1293; x_wconf 89' lang='lat' dir='ltr'>quam</span> <span class='ocrx_word' id='word_1_834' title='bbox 1812 1251 2004 1282; x_wconf 88' lang='lat' dir='ltr'>innocentia.</span> <span class='ocrx_word' id='word_1_835' title='bbox 2035 1251 2198 1286; x_wconf 91' lang='lat' dir='ltr'>Secundo,</span> <span class='ocrx_word' id='word_1_836' title='bbox 2223 1250 2312 1290; x_wconf 90' lang='lat' dir='ltr'>quod</span> <span class='ocrx_word' id='word_1_837' title='bbox 2339 1248 2520 1280; x_wconf 83' lang='lat' dir='ltr'>innocentia</span> <span class='ocrx_word' id='word_1_838' title='bbox 2547 1255 2596 1280; x_wconf 83' lang='lat' dir='ltr'>est</span> 
     </span>
     <span class='ocr_line' id='line_1_107' title="bbox 1531 1294 2358 1327; baseline -0.004 0"><span class='ocrx_word' id='word_1_839' title='bbox 1531 1297 1634 1327; x_wconf 90' lang='lat' dir='ltr'>maius</span> <span class='ocrx_word' id='word_1_840' title='bbox 1658 1297 1783 1326; x_wconf 91' lang='lat' dir='ltr'>donum</span> <span class='ocrx_word' id='word_1_841' title='bbox 1805 1296 1838 1325; x_wconf 92' lang='lat' dir='ltr'>in</span> <span class='ocrx_word' id='word_1_842' title='bbox 1861 1305 1905 1325; x_wconf 87' lang='lat' dir='ltr'>se.</span> <span class='ocrx_word' id='word_1_843' title='bbox 1929 1295 2017 1325; x_wconf 85' lang='lat' dir='ltr'>Haec</span> <span class='ocrx_word' id='word_1_844' title='bbox 2041 1295 2084 1325; x_wconf 92' lang='lat' dir='ltr'>sic</span> <span class='ocrx_word' id='word_1_845' title='bbox 2107 1294 2358 1325; x_wconf 85' lang='lat' dir='ltr'>manifestantur.</span> 
     </span>
    </p>

    <p class='ocr_par' dir='ltr' id='par_1_19' title="bbox 1528 1337 2598 1999">
     <span class='ocr_line' id='line_1_108' title="bbox 1587 1337 2595 1380; baseline -0.003 -9"><span class='ocrx_word' id='word_1_846' title='bbox 1587 1341 1720 1371; x_wconf 91' lang='lat' dir='ltr'>Donum</span> <span class='ocrx_word' id='word_1_847' title='bbox 1743 1339 1919 1380; x_wconf 89' lang='lat' dir='ltr'>dupliciter,</span> <span class='ocrx_word' id='word_1_848' title='bbox 1937 1346 1973 1369; x_wconf 92' lang='lat' dir='ltr'>ut</span> <span class='ocrx_word' id='word_1_849' title='bbox 1988 1339 2019 1368; x_wconf 92' lang='lat' dir='ltr'>in</span> <span class='ocrx_word' id='word_1_850' title='bbox 2036 1339 2137 1369; x_wconf 89' lang='lat' dir='ltr'>littera</span> <span class='ocrx_word' id='word_1_851' title='bbox 2161 1338 2374 1378; x_wconf 85' lang='lat' dir='ltr'>distinguitur,</span> <span class='ocrx_word' id='word_1_852' title='bbox 2399 1337 2512 1368; x_wconf 90' lang='lat' dir='ltr'>dicitur</span> <span class='ocrx_word' id='word_1_853' title='bbox 2527 1347 2595 1368; x_wconf 79' lang='lat' dir='ltr'>ma-</span> 
     </span>
     <span class='ocr_line' id='line_1_109' title="bbox 1529 1381 2596 1436; baseline -0.002 -20"><span class='ocrx_word' id='word_1_854' title='bbox 1529 1395 1640 1436; x_wconf 82' lang='lat' dir='ltr'>gnum.</span> <span class='ocrx_word' id='word_1_855' title='bbox 1664 1385 1724 1416; x_wconf 89' lang='lat' dir='ltr'>Vel</span> <span class='ocrx_word' id='word_1_856' title='bbox 1747 1384 1927 1414; x_wconf 89' lang='lat' dir='ltr'>secundum</span> <span class='ocrx_word' id='word_1_857' title='bbox 1949 1382 2160 1423; x_wconf 84' lang='lat' dir='ltr'>quantitatem</span> <span class='ocrx_word' id='word_1_858' title='bbox 2183 1383 2227 1413; x_wconf 90' lang='lat' dir='ltr'>rei</span> <span class='ocrx_word' id='word_1_859' title='bbox 2251 1392 2333 1423; x_wconf 90' lang='lat' dir='ltr'>quae</span> <span class='ocrx_word' id='word_1_860' title='bbox 2357 1382 2458 1414; x_wconf 87' lang='lat' dir='ltr'>datur.</span> <span class='ocrx_word' id='word_1_861' title='bbox 2487 1382 2530 1412; x_wconf 94' lang='lat' dir='ltr'>Et</span> <span class='ocrx_word' id='word_1_862' title='bbox 2547 1381 2596 1414; x_wconf 74' lang='lat' dir='ltr'>sic</span> 
     </span>
     <span class='ocr_line' id='line_1_110' title="bbox 1528 1425 2596 1467; baseline -0.005 -6"><span class='ocrx_word' id='word_1_863' title='bbox 1528 1429 1711 1460; x_wconf 88' lang='lat' dir='ltr'>innocentia</span> <span class='ocrx_word' id='word_1_864' title='bbox 1727 1436 1774 1459; x_wconf 89' lang='lat' dir='ltr'>est</span> <span class='ocrx_word' id='word_1_865' title='bbox 1789 1428 1892 1458; x_wconf 89' lang='lat' dir='ltr'>maius</span> <span class='ocrx_word' id='word_1_866' title='bbox 1908 1428 2042 1457; x_wconf 91' lang='lat' dir='ltr'>donum.</span> <span class='ocrx_word' id='word_1_867' title='bbox 2062 1427 2104 1457; x_wconf 95' lang='lat' dir='ltr'>Et</span> <span class='ocrx_word' id='word_1_868' title='bbox 2122 1433 2290 1467; x_wconf 87' lang='lat' dir='ltr'>propterea</span> <span class='ocrx_word' id='word_1_869' title='bbox 2306 1426 2428 1457; x_wconf 89' lang='lat' dir='ltr'>dictum</span> <span class='ocrx_word' id='word_1_870' title='bbox 2444 1433 2490 1457; x_wconf 90' lang='lat' dir='ltr'>est</span> <span class='ocrx_word' id='word_1_871' title='bbox 2505 1425 2596 1467; x_wconf 90' lang='lat' dir='ltr'>quod</span> 
     </span>
     <span class='ocr_line' id='line_1_111' title="bbox 1530 1470 2596 1517; baseline -0.003 -12"><span class='ocrx_word' id='word_1_872' title='bbox 1530 1481 1576 1505; x_wconf 92' lang='lat' dir='ltr'>est</span> <span class='ocrx_word' id='word_1_873' title='bbox 1599 1473 1702 1504; x_wconf 89' lang='lat' dir='ltr'>maius</span> <span class='ocrx_word' id='word_1_874' title='bbox 1727 1474 1851 1503; x_wconf 90' lang='lat' dir='ltr'>donum</span> <span class='ocrx_word' id='word_1_875' title='bbox 1872 1471 1905 1501; x_wconf 93' lang='lat' dir='ltr'>in</span> <span class='ocrx_word' id='word_1_876' title='bbox 1930 1481 1972 1502; x_wconf 88' lang='lat' dir='ltr'>se.</span> <span class='ocrx_word' id='word_1_877' title='bbox 1999 1472 2093 1507; x_wconf 89' lang='lat' dir='ltr'>Nam,</span> <span class='ocrx_word' id='word_1_878' title='bbox 2120 1470 2323 1502; x_wconf 87' lang='lat' dir='ltr'>consideratis</span> <span class='ocrx_word' id='word_1_879' title='bbox 2347 1471 2485 1501; x_wconf 89' lang='lat' dir='ltr'>duabus</span> <span class='ocrx_word' id='word_1_880' title='bbox 2494 1477 2596 1517; x_wconf 79' lang='lat' dir='ltr'>quan-</span> 
     </span>
     <span class='ocr_line' id='line_1_112' title="bbox 1529 1510 2594 1555; baseline -0.004 -6"><span class='ocrx_word' id='word_1_881' title='bbox 1529 1518 1688 1554; x_wconf 77' lang='lat' dir='ltr'>tit-atibus,</span> <span class='ocrx_word' id='word_1_882' title='bbox 1713 1516 1831 1548; x_wconf 90' lang='lat' dir='ltr'>scilicet</span> <span class='ocrx_word' id='word_1_883' title='bbox 1859 1515 1937 1546; x_wconf 92' lang='lat' dir='ltr'>boni</span> <span class='ocrx_word' id='word_1_884' title='bbox 1967 1515 2167 1546; x_wconf 88' lang='lat' dir='ltr'>innocentiae</span> <span class='ocrx_word' id='word_1_885' title='bbox 2199 1522 2230 1546; x_wconf 92' lang='lat' dir='ltr'>et</span> <span class='ocrx_word' id='word_1_886' title='bbox 2258 1513 2336 1545; x_wconf 87' lang='lat' dir='ltr'>boni</span> <span class='ocrx_word' id='word_1_887' title='bbox 2363 1510 2594 1555; x_wconf 76' lang='lat' dir='ltr'>poenitentiae,</span> 
     </span>
     <span class='ocr_line' id='line_1_113' title="bbox 1530 1558 2596 1602; baseline -0.004 -9"><span class='ocrx_word' id='word_1_888' title='bbox 1530 1559 1630 1593; x_wconf 72' lang='lat' dir='ltr'>maior</span> <span class='ocrx_word' id='word_1_889' title='bbox 1654 1568 1700 1592; x_wconf 88' lang='lat' dir='ltr'>est</span> <span class='ocrx_word' id='word_1_890' title='bbox 1726 1561 1884 1602; x_wconf 87' lang='lat' dir='ltr'>quantitas</span> <span class='ocrx_word' id='word_1_891' title='bbox 1906 1559 2107 1591; x_wconf 88' lang='lat' dir='ltr'>innocentiae</span> <span class='ocrx_word' id='word_1_892' title='bbox 2126 1569 2225 1600; x_wconf 83' lang='lat' dir='ltr'>quam</span> <span class='ocrx_word' id='word_1_893' title='bbox 2247 1558 2479 1600; x_wconf 80' lang='lat' dir='ltr'>poenitentiae:</span> <span class='ocrx_word' id='word_1_894' title='bbox 2504 1558 2596 1595; x_wconf 82' lang='lat' dir='ltr'>sicut,</span> 
     </span>
     <span class='ocr_line' id='line_1_114' title="bbox 1529 1603 2595 1658; baseline -0.001 -20"><span class='ocrx_word' id='word_1_895' title='bbox 1529 1606 1718 1658; x_wconf 85' lang='lat' dir='ltr'>comparatis</span> <span class='ocrx_word' id='word_1_896' title='bbox 1741 1605 1918 1645; x_wconf 87' lang='lat' dir='ltr'>virginitate</span> <span class='ocrx_word' id='word_1_897' title='bbox 1941 1611 1972 1635; x_wconf 91' lang='lat' dir='ltr'>et</span> <span class='ocrx_word' id='word_1_898' title='bbox 1995 1604 2133 1635; x_wconf 81' lang='lat' dir='ltr'>castitate</span> <span class='ocrx_word' id='word_1_899' title='bbox 2156 1603 2286 1640; x_wconf 70' lang='lat' dir='ltr'>viduali,</span> <span class='ocrx_word' id='word_1_900' title='bbox 2310 1603 2413 1634; x_wconf 86' lang='lat' dir='ltr'>maior</span> <span class='ocrx_word' id='word_1_901' title='bbox 2435 1603 2595 1638; x_wconf 70' lang='lat' dir='ltr'>invenitur</span> 
     </span>
     <span class='ocr_line' id='line_1_115' title="bbox 1529 1648 2598 1691; baseline -0.002 -9"><span class='ocrx_word' id='word_1_902' title='bbox 1529 1651 1701 1691; x_wconf 87' lang='lat' dir='ltr'>virginitas.</span> <span class='ocrx_word' id='word_1_903' title='bbox 1724 1651 1857 1690; x_wconf 91' lang='lat' dir='ltr'>Propter</span> <span class='ocrx_word' id='word_1_904' title='bbox 1880 1649 1969 1690; x_wconf 92' lang='lat' dir='ltr'>quod</span> <span class='ocrx_word' id='word_1_905' title='bbox 1992 1649 2026 1679; x_wconf 93' lang='lat' dir='ltr'>in</span> <span class='ocrx_word' id='word_1_906' title='bbox 2049 1648 2151 1679; x_wconf 90' lang='lat' dir='ltr'>littera</span> <span class='ocrx_word' id='word_1_907' title='bbox 2174 1648 2288 1679; x_wconf 89' lang='lat' dir='ltr'>dicitur</span> <span class='ocrx_word' id='word_1_908' title='bbox 2310 1648 2400 1689; x_wconf 90' lang='lat' dir='ltr'>quod</span> <span class='ocrx_word' id='word_1_909' title='bbox 2423 1654 2470 1679; x_wconf 87' lang='lat' dir='ltr'>est</span> <span class='ocrx_word' id='word_1_910' title='bbox 2491 1648 2598 1680; x_wconf 71' lang='lat' dir='ltr'>maius</span> 
     </span>
     <span class='ocr_line' id='line_1_116' title="bbox 1530 1690 2597 1735; baseline -0.004 -8"><span class='ocrx_word' id='word_1_911' title='bbox 1530 1696 1648 1727; x_wconf 87' lang='lat' dir='ltr'>donum</span> <span class='ocrx_word' id='word_1_912' title='bbox 1674 1700 1704 1725; x_wconf 91' lang='lat' dir='ltr'>et</span> <span class='ocrx_word' id='word_1_913' title='bbox 1726 1695 1833 1735; x_wconf 85' lang='lat' dir='ltr'>magis</span> <span class='ocrx_word' id='word_1_914' title='bbox 1856 1694 2086 1724; x_wconf 83' lang='lat' dir='ltr'>continuatum.</span> <span class='ocrx_word' id='word_1_915' title='bbox 2111 1711 2131 1715; x_wconf 90' lang='lat'><em>-</em></span> <span class='ocrx_word' id='word_1_916' title='bbox 2154 1692 2214 1723; x_wconf 90' lang='lat' dir='ltr'>Vel</span> <span class='ocrx_word' id='word_1_917' title='bbox 2236 1692 2414 1723; x_wconf 89' lang='lat' dir='ltr'>secundum</span> <span class='ocrx_word' id='word_1_918' title='bbox 2438 1690 2597 1733; x_wconf 71' lang='lat' dir='ltr'>quantita-</span> 
     </span>
     <span class='ocr_line' id='line_1_117' title="bbox 1530 1736 2597 1780; baseline -0.003 -9"><span class='ocrx_word' id='word_1_919' title='bbox 1530 1748 1595 1771; x_wconf 91' lang='lat' dir='ltr'>tem</span> <span class='ocrx_word' id='word_1_920' title='bbox 1612 1738 1905 1780; x_wconf 88' lang='lat' dir='ltr'>proportionalem:</span> <span class='ocrx_word' id='word_1_921' title='bbox 1930 1737 2094 1769; x_wconf 88' lang='lat' dir='ltr'>referendo</span> <span class='ocrx_word' id='word_1_922' title='bbox 2111 1737 2228 1768; x_wconf 87' lang='lat' dir='ltr'>scilicet</span> <span class='ocrx_word' id='word_1_923' title='bbox 2243 1737 2367 1767; x_wconf 89' lang='lat' dir='ltr'>donum</span> <span class='ocrx_word' id='word_1_924' title='bbox 2382 1736 2597 1778; x_wconf 71' lang='lat' dir='ltr'>poenitentiae</span> 
     </span>
     <span class='ocr_line' id='line_1_118' title="bbox 1529 1781 2597 1824; baseline -0.003 -10"><span class='ocrx_word' id='word_1_925' title='bbox 1529 1784 1604 1815; x_wconf 90' lang='lat' dir='ltr'>huic</span> <span class='ocrx_word' id='word_1_926' title='bbox 1627 1782 1796 1824; x_wconf 91' lang='lat' dir='ltr'>supposito</span> <span class='ocrx_word' id='word_1_927' title='bbox 1824 1782 1907 1812; x_wconf 86' lang='lat' dir='ltr'>male</span> <span class='ocrx_word' id='word_1_928' title='bbox 1931 1782 2044 1812; x_wconf 86' lang='lat' dir='ltr'>merito</span> <span class='ocrx_word' id='word_1_929' title='bbox 2069 1782 2107 1811; x_wconf 93' lang='lat' dir='ltr'>de</span> <span class='ocrx_word' id='word_1_930' title='bbox 2130 1781 2217 1817; x_wconf 88' lang='lat' dir='ltr'>Deo,</span> <span class='ocrx_word' id='word_1_931' title='bbox 2243 1787 2274 1812; x_wconf 93' lang='lat' dir='ltr'>et</span> <span class='ocrx_word' id='word_1_932' title='bbox 2296 1781 2420 1811; x_wconf 90' lang='lat' dir='ltr'>donum</span> <span class='ocrx_word' id='word_1_933' title='bbox 2443 1781 2597 1812; x_wconf 87' lang='lat' dir='ltr'>innocen-</span> 
     </span>
     <span class='ocr_line' id='line_1_119' title="bbox 1529 1825 2597 1866; baseline -0.003 -8"><span class='ocrx_word' id='word_1_934' title='bbox 1529 1829 1590 1859; x_wconf 89' lang='lat' dir='ltr'>tiae</span> <span class='ocrx_word' id='word_1_935' title='bbox 1613 1827 1659 1858; x_wconf 88' lang='lat' dir='ltr'>illi</span> <span class='ocrx_word' id='word_1_936' title='bbox 1682 1827 1770 1857; x_wconf 90' lang='lat' dir='ltr'>alteri</span> <span class='ocrx_word' id='word_1_937' title='bbox 1799 1825 1968 1866; x_wconf 91' lang='lat' dir='ltr'>supposito</span> <span class='ocrx_word' id='word_1_938' title='bbox 2001 1835 2066 1856; x_wconf 91' lang='lat' dir='ltr'>non</span> <span class='ocrx_word' id='word_1_939' title='bbox 2094 1826 2177 1856; x_wconf 77' lang='lat' dir='ltr'>male</span> <span class='ocrx_word' id='word_1_940' title='bbox 2201 1825 2326 1856; x_wconf 82' lang='lat' dir='ltr'>merito.</span> <span class='ocrx_word' id='word_1_941' title='bbox 2355 1825 2397 1856; x_wconf 90' lang='lat' dir='ltr'>Et</span> <span class='ocrx_word' id='word_1_942' title='bbox 2424 1825 2468 1856; x_wconf 89' lang='lat' dir='ltr'>sic</span> <span class='ocrx_word' id='word_1_943' title='bbox 2491 1825 2597 1857; x_wconf 68' lang='lat' dir='ltr'>maius</span> 
     </span>
     <span class='ocr_line' id='line_1_120' title="bbox 1530 1869 2598 1911; baseline -0.003 -8"><span class='ocrx_word' id='word_1_944' title='bbox 1530 1873 1654 1903; x_wconf 88' lang='lat' dir='ltr'>donum</span> <span class='ocrx_word' id='word_1_945' title='bbox 1676 1871 1836 1901; x_wconf 88' lang='lat' dir='ltr'>invenitur</span> <span class='ocrx_word' id='word_1_946' title='bbox 1858 1870 2054 1911; x_wconf 85' lang='lat' dir='ltr'>poenitentia</span> <span class='ocrx_word' id='word_1_947' title='bbox 2076 1879 2175 1910; x_wconf 88' lang='lat' dir='ltr'>quam</span> <span class='ocrx_word' id='word_1_948' title='bbox 2198 1869 2396 1900; x_wconf 85' lang='lat' dir='ltr'>innocentia:</span> <span class='ocrx_word' id='word_1_949' title='bbox 2421 1870 2498 1910; x_wconf 80' lang='lat' dir='ltr'>quia</span> <span class='ocrx_word' id='word_1_950' title='bbox 2519 1879 2598 1911; x_wconf 79' lang='lat' dir='ltr'>poe-</span> 
     </span>
     <span class='ocr_line' id='line_1_121' title="bbox 1531 1913 2598 1955; baseline -0.003 -7"><span class='ocrx_word' id='word_1_951' title='bbox 1531 1916 1662 1948; x_wconf 89' lang='lat' dir='ltr'>nitentia</span> <span class='ocrx_word' id='word_1_952' title='bbox 1678 1923 1725 1947; x_wconf 91' lang='lat' dir='ltr'>est</span> <span class='ocrx_word' id='word_1_953' title='bbox 1749 1915 1852 1946; x_wconf 87' lang='lat' dir='ltr'>maius</span> <span class='ocrx_word' id='word_1_954' title='bbox 1875 1915 1999 1945; x_wconf 90' lang='lat' dir='ltr'>donum</span> <span class='ocrx_word' id='word_1_955' title='bbox 2021 1914 2096 1945; x_wconf 91' lang='lat' dir='ltr'>huic</span> <span class='ocrx_word' id='word_1_956' title='bbox 2119 1924 2219 1955; x_wconf 87' lang='lat' dir='ltr'>quarn</span> <span class='ocrx_word' id='word_1_957' title='bbox 2241 1914 2281 1944; x_wconf 87' lang='lat' dir='ltr'>sit</span> <span class='ocrx_word' id='word_1_958' title='bbox 2304 1913 2428 1944; x_wconf 85' lang='lat' dir='ltr'>donum</span> <span class='ocrx_word' id='word_1_959' title='bbox 2443 1914 2598 1947; x_wconf 75' lang='lat' dir='ltr'>innocen-</span> 
     </span>
     <span class='ocr_line' id='line_1_122' title="bbox 1529 1957 2354 1999; baseline -0.005 -7"><span class='ocrx_word' id='word_1_960' title='bbox 1529 1962 1591 1992; x_wconf 88' lang='lat' dir='ltr'>tiae</span> <span class='ocrx_word' id='word_1_961' title='bbox 1615 1960 1670 1996; x_wconf 90' lang='lat' dir='ltr'>illi,</span> <span class='ocrx_word' id='word_1_962' title='bbox 1695 1967 1730 1990; x_wconf 91' lang='lat' dir='ltr'>ut</span> <span class='ocrx_word' id='word_1_963' title='bbox 1753 1960 1786 1990; x_wconf 93' lang='lat' dir='ltr'>in</span> <span class='ocrx_word' id='word_1_964' title='bbox 1809 1959 1928 1990; x_wconf 88' lang='lat' dir='ltr'>litterae</span> <span class='ocrx_word' id='word_1_965' title='bbox 1953 1958 2099 1999; x_wconf 85' lang='lat' dir='ltr'>exemplo</span> <span class='ocrx_word' id='word_1_966' title='bbox 2124 1957 2354 1989; x_wconf 88' lang='lat' dir='ltr'>manifestatur.</span> 
     </span>
    </p>

    <p class='ocr_par' dir='ltr' id='par_1_20' title="bbox 1529 2001 2601 2267">
     <span class='ocr_line' id='line_1_123' title="bbox 1585 2001 2598 2045; baseline -0.003 -10"><span class='ocrx_word' id='word_1_967' title='bbox 1585 2005 1626 2035; x_wconf 91' lang='lat' dir='ltr'>Et</span> <span class='ocrx_word' id='word_1_968' title='bbox 1648 2003 1803 2045; x_wconf 89' lang='lat' dir='ltr'>quoniam</span> <span class='ocrx_word' id='word_1_969' title='bbox 1818 2013 1884 2034; x_wconf 91' lang='lat' dir='ltr'>esse</span> <span class='ocrx_word' id='word_1_970' title='bbox 1909 2003 2011 2034; x_wconf 90' lang='lat' dir='ltr'>maius</span> <span class='ocrx_word' id='word_1_971' title='bbox 2036 2003 2160 2034; x_wconf 91' lang='lat' dir='ltr'>donum</span> <span class='ocrx_word' id='word_1_972' title='bbox 2183 2001 2465 2043; x_wconf 87' lang='lat' dir='ltr'>proportionaliter</span> <span class='ocrx_word' id='word_1_973' title='bbox 2479 2001 2598 2033; x_wconf 78' lang='lat' dir='ltr'>consti-</span> 
     </span>
     <span class='ocr_line' id='line_1_124' title="bbox 1530 2040 2598 2088; baseline -0.003 -8"><span class='ocrx_word' id='word_1_974' title='bbox 1530 2050 1591 2081; x_wconf 91' lang='lat' dir='ltr'>tuit</span> <span class='ocrx_word' id='word_1_975' title='bbox 1613 2048 1717 2079; x_wconf 88' lang='lat' dir='ltr'>maius</span> <span class='ocrx_word' id='word_1_976' title='bbox 1741 2049 1864 2078; x_wconf 89' lang='lat' dir='ltr'>donum</span> <span class='ocrx_word' id='word_1_977' title='bbox 1881 2047 2074 2088; x_wconf 87' lang='lat' dir='ltr'>simpliciter,</span> <span class='ocrx_word' id='word_1_978' title='bbox 2091 2047 2173 2078; x_wconf 91' lang='lat' dir='ltr'>sicut</span> <span class='ocrx_word' id='word_1_979' title='bbox 2188 2047 2392 2088; x_wconf 84' lang='lat' dir='ltr'>eleemosyna</span> <span class='ocrx_word' id='word_1_980' title='bbox 2406 2045 2457 2077; x_wconf 90' lang='lat' dir='ltr'>vel</span> <span class='ocrx_word' id='word_1_981' title='bbox 2476 2040 2598 2078; x_wconf 80' lang='lat' dir='ltr'>oblatio</span> 
     </span>
     <span class='ocr_line' id='line_1_125' title="bbox 1529 2090 2600 2134; baseline -0.002 -10"><span class='ocrx_word' id='word_1_982' title='bbox 1529 2094 1632 2124; x_wconf 88' lang='lat' dir='ltr'>maior</span> <span class='ocrx_word' id='word_1_983' title='bbox 1650 2091 1940 2134; x_wconf 87' lang='lat' dir='ltr'>proportionaliter,</span> <span class='ocrx_word' id='word_1_984' title='bbox 1958 2101 1995 2122; x_wconf 86' lang='lat' dir='ltr'>ex</span> <span class='ocrx_word' id='word_1_985' title='bbox 2010 2091 2143 2122; x_wconf 87' lang='lat' dir='ltr'>Domini</span> <span class='ocrx_word' id='word_1_986' title='bbox 2157 2091 2322 2127; x_wconf 89' lang='lat' dir='ltr'>sententia,</span> <span class='ocrx_word' id='word_1_987' title='bbox 2339 2097 2386 2122; x_wconf 84' lang='lat' dir='ltr'>est</span> <span class='ocrx_word' id='word_1_988' title='bbox 2403 2090 2507 2122; x_wconf 83' lang='lat' dir='ltr'>maior</span> <span class='ocrx_word' id='word_1_989' title='bbox 2521 2090 2600 2122; x_wconf 71' lang='lat' dir='ltr'>nim·—</span> 
     </span>
     <span class='ocr_line' id='line_1_126' title="bbox 1531 2134 2598 2179; baseline -0.002 -11"><span class='ocrx_word' id='word_1_990' title='bbox 1531 2137 1667 2179; x_wconf 87' lang='lat' dir='ltr'>pliciter,</span> <span class='ocrx_word' id='word_1_991' title='bbox 1691 2144 1727 2167; x_wconf 90' lang='lat' dir='ltr'>ut</span> <span class='ocrx_word' id='word_1_992' title='bbox 1750 2143 1836 2177; x_wconf 90' lang='lat' dir='ltr'>patet</span> <span class='ocrx_word' id='word_1_993' title='bbox 1858 2137 1898 2166; x_wconf 93' lang='lat' dir='ltr'>de</span> <span class='ocrx_word' id='word_1_994' title='bbox 1922 2136 2038 2172; x_wconf 88' lang='lat' dir='ltr'>vetula,</span> <span class='ocrx_word' id='word_1_995' title='bbox 2063 2136 2140 2167; x_wconf 90' lang='lat' dir='ltr'>Luc.</span> <span class='ocrx_word' id='word_1_996' title='bbox 2164 2146 2215 2166; x_wconf 78' lang='lat' dir='ltr'>xxi</span> <span class='ocrx_word' id='word_1_997' title='bbox 2229 2135 2256 2172; x_wconf 87' lang='lat'>*,</span> <span class='ocrx_word' id='word_1_998' title='bbox 2281 2135 2320 2166; x_wconf 90' lang='lat' dir='ltr'>de</span> <span class='ocrx_word' id='word_1_999' title='bbox 2344 2145 2409 2176; x_wconf 81' lang='lat' dir='ltr'>qua</span> <span class='ocrx_word' id='word_1_1000' title='bbox 2432 2134 2510 2167; x_wconf 84' lang='lat' dir='ltr'>dixit</span> <span class='ocrx_word' id='word_1_1001' title='bbox 2531 2135 2598 2169; x_wconf 70' lang='lat' dir='ltr'>Do-</span> 
     </span>
     <span class='ocr_line' id='line_1_127' title="bbox 1531 2179 2599 2222; baseline -0.003 -9"><span class='ocrx_word' id='word_1_1002' title='bbox 1531 2182 1638 2213; x_wconf 85' lang='lat' dir='ltr'>minus</span> <span class='ocrx_word' id='word_1_1003' title='bbox 1655 2181 1744 2222; x_wconf 93' lang='lat' dir='ltr'>quod</span> <span class='ocrx_word' id='word_1_1004' title='bbox 1763 2181 1842 2221; x_wconf 86' lang='lat' dir='ltr'>plus</span> <span class='ocrx_word' id='word_1_1005' title='bbox 1857 2180 2002 2211; x_wconf 87' lang='lat' dir='ltr'>omnibus</span> <span class='ocrx_word' id='word_1_1006' title='bbox 2018 2180 2148 2211; x_wconf 86' lang='lat' dir='ltr'>obtulit:</span> <span class='ocrx_word' id='word_1_1007' title='bbox 2170 2180 2243 2210; x_wconf 89' lang='lat' dir='ltr'>ideo</span> <span class='ocrx_word' id='word_1_1008' title='bbox 2267 2179 2465 2220; x_wconf 85' lang='lat' dir='ltr'>poenitentia</span> <span class='ocrx_word' id='word_1_1009' title='bbox 2483 2179 2599 2214; x_wconf 77' lang='lat' dir='ltr'>dicitur</span> 
     </span>
     <span class='ocr_line' id='line_1_128' title="bbox 1530 2223 2601 2267; baseline 0.001 -10"><span class='ocrx_word' id='word_1_1010' title='bbox 1530 2226 1714 2267; x_wconf 89' lang='lat' dir='ltr'>simpliciter</span> <span class='ocrx_word' id='word_1_1011' title='bbox 1738 2225 1860 2255; x_wconf 90' lang='lat' dir='ltr'>donum</span> <span class='ocrx_word' id='word_1_1012' title='bbox 1881 2224 1993 2255; x_wconf 88' lang='lat' dir='ltr'>maius.</span> <span class='ocrx_word' id='word_1_1013' title='bbox 2019 2224 2128 2255; x_wconf 88' lang='lat' dir='ltr'>Simile</span> <span class='ocrx_word' id='word_1_1014' title='bbox 2144 2234 2284 2266; x_wconf 87' lang='lat' dir='ltr'>namque</span> <span class='ocrx_word' id='word_1_1015' title='bbox 2301 2224 2394 2255; x_wconf 91' lang='lat' dir='ltr'>estin</span> <span class='ocrx_word' id='word_1_1016' title='bbox 2410 2223 2601 2264; x_wconf 51' lang='lat' dir='ltr'>proposito-2.</span> 
     </span>
    </p>
   </div>
   <div class='ocr_carea' id='block_1_12' title="bbox 2403 413 2588 448">
    <p class='ocr_par' dir='ltr' id='par_1_21' title="bbox 2403 413 2588 448">
     <span class='ocr_line' id='line_1_129' title="bbox 2403 413 2588 448; baseline -0.005 -6"><span class='ocrx_word' id='word_1_1017' title='bbox 2403 413 2472 443; x_wconf 91' lang='lat' dir='ltr'>dist.</span> <span class='ocrx_word' id='word_1_1018' title='bbox 2489 422 2571 442; x_wconf 82' lang='lat' dir='ltr'>xxxn</span> <span class='ocrx_word' id='word_1_1019' title='bbox 2581 435 2588 448; x_wconf 96' lang='lat'>,</span> 
     </span>
    </p>
   </div>
   <div class='ocr_carea' id='block_1_13' title="bbox 1531 2268 2608 2311">
    <p class='ocr_par' dir='ltr' id='par_1_22' title="bbox 1531 2268 2608 2311">
     <span class='ocr_line' id='line_1_130' title="bbox 1531 2268 2608 2311; baseline -0.001 -10"><span class='ocrx_word' id='word_1_1020' title='bbox 1531 2271 1589 2301; x_wconf 90' lang='lat' dir='ltr'>nisi</span> <span class='ocrx_word' id='word_1_1021' title='bbox 1614 2270 1702 2311; x_wconf 92' lang='lat' dir='ltr'>quod</span> <span class='ocrx_word' id='word_1_1022' title='bbox 1726 2269 1768 2299; x_wconf 92' lang='lat' dir='ltr'>ibi</span> <span class='ocrx_word' id='word_1_1023' title='bbox 1793 2276 1839 2300; x_wconf 89' lang='lat' dir='ltr'>est</span> <span class='ocrx_word' id='word_1_1024' title='bbox 1862 2278 1967 2299; x_wconf 88' lang='lat' dir='ltr'>sermo</span> <span class='ocrx_word' id='word_1_1025' title='bbox 1992 2269 2030 2299; x_wconf 89' lang='lat' dir='ltr'>de</span> <span class='ocrx_word' id='word_1_1026' title='bbox 2045 2268 2219 2309; x_wconf 89' lang='lat' dir='ltr'>quantitate</span> <span class='ocrx_word' id='word_1_1027' title='bbox 2235 2268 2471 2308; x_wconf 86' lang='lat' dir='ltr'>proportionali</span> <span class='ocrx_word' id='word_1_1028' title='bbox 2494 2275 2608 2310; x_wconf 59' lang='lat' dir='ltr'>respe-*</span> 
     </span>
    </p>
   </div>
   <div class='ocr_carea' id='block_1_14' title="bbox 1530 2312 2600 2620">
    <p class='ocr_par' dir='ltr' id='par_1_23' title="bbox 1530 2312 2600 2620">
     <span class='ocr_line' id='line_1_131' title="bbox 1530 2312 2598 2353; baseline -0.001 -8"><span class='ocrx_word' id='word_1_1029' title='bbox 1530 2323 1582 2346; x_wconf 92' lang='lat' dir='ltr'>ctu</span> <span class='ocrx_word' id='word_1_1030' title='bbox 1607 2314 1719 2350; x_wconf 84' lang='lat' dir='ltr'>dantis,</span> <span class='ocrx_word' id='word_1_1031' title='bbox 1741 2313 1790 2343; x_wconf 90' lang='lat' dir='ltr'>hic</span> <span class='ocrx_word' id='word_1_1032' title='bbox 1813 2323 1888 2343; x_wconf 88' lang='lat' dir='ltr'>vero</span> <span class='ocrx_word' id='word_1_1033' title='bbox 1913 2319 2056 2353; x_wconf 88' lang='lat' dir='ltr'>respectu</span> <span class='ocrx_word' id='word_1_1034' title='bbox 2080 2312 2269 2353; x_wconf 90' lang='lat' dir='ltr'>recipientis.</span> <span class='ocrx_word' id='word_1_1035' title='bbox 2294 2312 2355 2343; x_wconf 90' lang='lat' dir='ltr'>Sed</span> <span class='ocrx_word' id='word_1_1036' title='bbox 2378 2312 2441 2343; x_wconf 91' lang='lat' dir='ltr'>hoc</span> <span class='ocrx_word' id='word_1_1037' title='bbox 2461 2322 2527 2343; x_wconf 88' lang='lat' dir='ltr'>non</span> <span class='ocrx_word' id='word_1_1038' title='bbox 2543 2323 2598 2344; x_wconf 82' lang='lat' dir='ltr'>va-</span> 
     </span>
     <span class='ocr_line' id='line_1_132' title="bbox 1531 2356 2600 2394; baseline -0.001 -5"><span class='ocrx_word' id='word_1_1039' title='bbox 1531 2359 1591 2390; x_wconf 87' lang='lat' dir='ltr'>riat</span> <span class='ocrx_word' id='word_1_1040' title='bbox 1612 2358 1775 2389; x_wconf 91' lang='lat' dir='ltr'>veritatem</span> <span class='ocrx_word' id='word_1_1041' title='bbox 1798 2358 1963 2388; x_wconf 88' lang='lat' dir='ltr'>intentam.</span> <span class='ocrx_word' id='word_1_1042' title='bbox 1987 2358 2071 2387; x_wconf 89' lang='lat' dir='ltr'>Nam</span> <span class='ocrx_word' id='word_1_1043' title='bbox 2094 2357 2175 2388; x_wconf 91' lang='lat' dir='ltr'>sicut</span> <span class='ocrx_word' id='word_1_1044' title='bbox 2197 2356 2307 2387; x_wconf 84' lang='lat' dir='ltr'>inillis</span> <span class='ocrx_word' id='word_1_1045' title='bbox 2323 2356 2552 2394; x_wconf 78' lang='lat' dir='ltr'>oblationibus,</span> <span class='ocrx_word' id='word_1_1046' title='bbox 2573 2357 2600 2388; x_wconf 87' lang='lat' dir='ltr'>si</span> 
     </span>
     <span class='ocr_line' id='line_1_133' title="bbox 1531 2401 2600 2443; baseline -0.001 -10"><span class='ocrx_word' id='word_1_1047' title='bbox 1531 2412 1754 2443; x_wconf 82' lang='lat' dir='ltr'>comparemus</span> <span class='ocrx_word' id='word_1_1048' title='bbox 1779 2402 1844 2432; x_wconf 91' lang='lat' dir='ltr'>duo</span> <span class='ocrx_word' id='word_1_1049' title='bbox 1869 2401 1992 2432; x_wconf 89' lang='lat' dir='ltr'>minuta</span> <span class='ocrx_word' id='word_1_1050' title='bbox 2015 2408 2046 2432; x_wconf 91' lang='lat' dir='ltr'>et</span> <span class='ocrx_word' id='word_1_1051' title='bbox 2069 2408 2236 2441; x_wconf 88' lang='lat' dir='ltr'>argentum</span> <span class='ocrx_word' id='word_1_1052' title='bbox 2252 2401 2396 2431; x_wconf 87' lang='lat' dir='ltr'>oblatum</span> <span class='ocrx_word' id='word_1_1053' title='bbox 2412 2401 2451 2431; x_wconf 86' lang='lat' dir='ltr'>ab</span> <span class='ocrx_word' id='word_1_1054' title='bbox 2467 2401 2535 2432; x_wconf 81' lang='lat' dir='ltr'>aliis</span> <span class='ocrx_word' id='word_1_1055' title='bbox 2551 2409 2600 2432; x_wconf 73' lang='lat' dir='ltr'>se·</span> 
     </span>
     <span class='ocr_line' id='line_1_134' title="bbox 1531 2444 2599 2486; baseline -0.001 -9"><span class='ocrx_word' id='word_1_1056' title='bbox 1531 2448 1674 2478; x_wconf 90' lang='lat' dir='ltr'>cundum</span> <span class='ocrx_word' id='word_1_1057' title='bbox 1698 2455 1770 2477; x_wconf 92' lang='lat' dir='ltr'>suas</span> <span class='ocrx_word' id='word_1_1058' title='bbox 1790 2445 1990 2486; x_wconf 84' lang='lat' dir='ltr'>quantitates,</span> <span class='ocrx_word' id='word_1_1059' title='bbox 2015 2445 2059 2476; x_wconf 89' lang='lat' dir='ltr'>sic</span> <span class='ocrx_word' id='word_1_1060' title='bbox 2075 2452 2198 2476; x_wconf 86' lang='lat' dir='ltr'>constat</span> <span class='ocrx_word' id='word_1_1061' title='bbox 2221 2445 2310 2486; x_wconf 91' lang='lat' dir='ltr'>quod</span> <span class='ocrx_word' id='word_1_1062' title='bbox 2333 2444 2386 2475; x_wconf 88' lang='lat' dir='ltr'>alii</span> <span class='ocrx_word' id='word_1_1063' title='bbox 2410 2444 2483 2484; x_wconf 91' lang='lat' dir='ltr'>plus</span> <span class='ocrx_word' id='word_1_1064' title='bbox 2507 2445 2599 2476; x_wconf 84' lang='lat' dir='ltr'>dede-</span> 
     </span>
     <span class='ocr_line' id='line_1_135' title="bbox 1531 2489 2600 2532; baseline -0.001 -10"><span class='ocrx_word' id='word_1_1065' title='bbox 1531 2498 1605 2522; x_wconf 93' lang='lat' dir='ltr'>runt</span> <span class='ocrx_word' id='word_1_1066' title='bbox 1628 2501 1726 2532; x_wconf 88' lang='lat' dir='ltr'>quam</span> <span class='ocrx_word' id='word_1_1067' title='bbox 1748 2490 1857 2526; x_wconf 86' lang='lat' dir='ltr'>vidua;</span> <span class='ocrx_word' id='word_1_1068' title='bbox 1887 2490 1941 2520; x_wconf 93' lang='lat' dir='ltr'>sed</span> <span class='ocrx_word' id='word_1_1069' title='bbox 1965 2489 1990 2519; x_wconf 89' lang='lat' dir='ltr'>si</span> <span class='ocrx_word' id='word_1_1070' title='bbox 2014 2497 2193 2530; x_wconf 89' lang='lat' dir='ltr'>spectemus</span> <span class='ocrx_word' id='word_1_1071' title='bbox 2215 2490 2256 2519; x_wconf 92' lang='lat' dir='ltr'>ad</span> <span class='ocrx_word' id='word_1_1072' title='bbox 2278 2489 2503 2529; x_wconf 89' lang='lat' dir='ltr'>proportiones</span> <span class='ocrx_word' id='word_1_1073' title='bbox 2525 2489 2600 2521; x_wconf 85' lang='lat' dir='ltr'>hinc</span> 
     </span>
     <span class='ocr_line' id='line_1_136' title="bbox 1532 2533 2598 2575; baseline -0.001 -10"><span class='ocrx_word' id='word_1_1074' title='bbox 1532 2542 1562 2566; x_wconf 93' lang='lat' dir='ltr'>et</span> <span class='ocrx_word' id='word_1_1075' title='bbox 1588 2535 1678 2570; x_wconf 91' lang='lat' dir='ltr'>inde,</span> <span class='ocrx_word' id='word_1_1076' title='bbox 1702 2534 1823 2564; x_wconf 87' lang='lat' dir='ltr'>videbis</span> <span class='ocrx_word' id='word_1_1077' title='bbox 1853 2533 1944 2574; x_wconf 92' lang='lat' dir='ltr'>quod</span> <span class='ocrx_word' id='word_1_1078' title='bbox 1973 2533 2136 2564; x_wconf 87' lang='lat' dir='ltr'>minutum</span> <span class='ocrx_word' id='word_1_1079' title='bbox 2166 2533 2226 2564; x_wconf 89' lang='lat' dir='ltr'>fuit</span> <span class='ocrx_word' id='word_1_1080' title='bbox 2254 2534 2326 2573; x_wconf 91' lang='lat' dir='ltr'>plus</span> <span class='ocrx_word' id='word_1_1081' title='bbox 2354 2533 2469 2564; x_wconf 88' lang='lat' dir='ltr'>viduae</span> <span class='ocrx_word' id='word_1_1082' title='bbox 2499 2543 2598 2575; x_wconf 86' lang='lat' dir='ltr'>quam</span> 
     </span>
     <span class='ocr_line' id='line_1_137' title="bbox 1532 2577 2599 2620; baseline 0 -10"><span class='ocrx_word' id='word_1_1083' title='bbox 1532 2585 1699 2619; x_wconf 90' lang='lat' dir='ltr'>argentum</span> <span class='ocrx_word' id='word_1_1084' title='bbox 1723 2578 1826 2614; x_wconf 89' lang='lat' dir='ltr'>alteri;</span> <span class='ocrx_word' id='word_1_1085' title='bbox 1852 2585 1883 2608; x_wconf 92' lang='lat' dir='ltr'>et</span> <span class='ocrx_word' id='word_1_1086' title='bbox 1905 2577 1980 2618; x_wconf 88' lang='lat' dir='ltr'>quia</span> <span class='ocrx_word' id='word_1_1087' title='bbox 1998 2577 2095 2608; x_wconf 90' lang='lat' dir='ltr'>vidua</span> <span class='ocrx_word' id='word_1_1088' title='bbox 2115 2577 2232 2608; x_wconf 89' lang='lat' dir='ltr'>obtulit</span> <span class='ocrx_word' id='word_1_1089' title='bbox 2246 2577 2320 2617; x_wconf 87' lang='lat' dir='ltr'>plus</span> <span class='ocrx_word' id='word_1_1090' title='bbox 2336 2577 2396 2608; x_wconf 90' lang='lat' dir='ltr'>sibi</span> <span class='ocrx_word' id='word_1_1091' title='bbox 2411 2587 2510 2618; x_wconf 89' lang='lat' dir='ltr'>quam</span> <span class='ocrx_word' id='word_1_1092' title='bbox 2529 2578 2599 2620; x_wconf 57' lang='lat' dir='ltr'>qui:</span> 
     </span>
    </p>
   </div>
   <div class='ocr_carea' id='block_1_15' title="bbox 1533 2620 2603 2663">
    <p class='ocr_par' dir='ltr' id='par_1_24' title="bbox 1533 2620 2603 2663">
     <span class='ocr_line' id='line_1_138' title="bbox 1533 2620 2603 2663; baseline 0.001 -9"><span class='ocrx_word' id='word_1_1093' title='bbox 1533 2632 1672 2663; x_wconf 90' lang='lat' dir='ltr'>cumque</span> <span class='ocrx_word' id='word_1_1094' title='bbox 1695 2622 1774 2652; x_wconf 90' lang='lat' dir='ltr'>alius</span> <span class='ocrx_word' id='word_1_1095' title='bbox 1798 2621 1873 2658; x_wconf 89' lang='lat' dir='ltr'>sibi,</span> <span class='ocrx_word' id='word_1_1096' title='bbox 1897 2621 2055 2653; x_wconf 86' lang='lat' dir='ltr'>iudicatur</span> <span class='ocrx_word' id='word_1_1097' title='bbox 2082 2632 2100 2652; x_wconf 89' lang='lat' dir='ltr'>a</span> <span class='ocrx_word' id='word_1_1098' title='bbox 2123 2621 2266 2652; x_wconf 89' lang='lat' dir='ltr'>Domino</span> <span class='ocrx_word' id='word_1_1099' title='bbox 2297 2621 2482 2662; x_wconf 88' lang='lat' dir='ltr'>simpliciter</span> <span class='ocrx_word' id='word_1_1100' title='bbox 2509 2620 2603 2663; x_wconf 55' lang='lat' dir='ltr'>quod*</span> 
     </span>
    </p>
   </div>
   <div class='ocr_carea' id='block_1_16' title="bbox 1532 2665 2600 2884">
    <p class='ocr_par' dir='ltr' id='par_1_25' title="bbox 1532 2665 2600 2884">
     <span class='ocr_line' id='line_1_139' title="bbox 1532 2665 2600 2707; baseline 0 -9"><span class='ocrx_word' id='word_1_1101' title='bbox 1532 2667 1605 2707; x_wconf 91' lang='lat' dir='ltr'>plus</span> <span class='ocrx_word' id='word_1_1102' title='bbox 1622 2666 1773 2697; x_wconf 92' lang='lat' dir='ltr'>omnibus</span> <span class='ocrx_word' id='word_1_1103' title='bbox 1790 2665 1922 2696; x_wconf 89' lang='lat' dir='ltr'>obtulit:</span> <span class='ocrx_word' id='word_1_1104' title='bbox 1942 2665 1984 2696; x_wconf 90' lang='lat' dir='ltr'>ita</span> <span class='ocrx_word' id='word_1_1105' title='bbox 1999 2665 2032 2696; x_wconf 89' lang='lat' dir='ltr'>in</span> <span class='ocrx_word' id='word_1_1106' title='bbox 2043 2666 2223 2706; x_wconf 89' lang='lat' dir='ltr'>proposito,</span> <span class='ocrx_word' id='word_1_1107' title='bbox 2237 2672 2272 2696; x_wconf 93' lang='lat' dir='ltr'>ut</span> <span class='ocrx_word' id='word_1_1108' title='bbox 2285 2665 2350 2696; x_wconf 89' lang='lat' dir='ltr'>iam</span> <span class='ocrx_word' id='word_1_1109' title='bbox 2366 2665 2488 2698; x_wconf 89' lang='lat' dir='ltr'>dictum</span> <span class='ocrx_word' id='word_1_1110' title='bbox 2503 2673 2560 2704; x_wconf 86' lang='lat' dir='ltr'>est,</span> <span class='ocrx_word' id='word_1_1111' title='bbox 2572 2666 2600 2698; x_wconf 72' lang='lat' dir='ltr'>si</span> 
     </span>
     <span class='ocr_line' id='line_1_140' title="bbox 1532 2709 2600 2751; baseline 0.002 -10"><span class='ocrx_word' id='word_1_1112' title='bbox 1532 2712 1572 2742; x_wconf 90' lang='lat' dir='ltr'>ad</span> <span class='ocrx_word' id='word_1_1113' title='bbox 1595 2709 1825 2751; x_wconf 86' lang='lat' dir='ltr'>poenitentiam</span> <span class='ocrx_word' id='word_1_1114' title='bbox 1849 2716 1880 2740; x_wconf 92' lang='lat' dir='ltr'>et</span> <span class='ocrx_word' id='word_1_1115' title='bbox 1902 2710 2118 2741; x_wconf 86' lang='lat' dir='ltr'>innocentiam</span> <span class='ocrx_word' id='word_1_1116' title='bbox 2136 2710 2341 2751; x_wconf 85' lang='lat' dir='ltr'>respiciamus</span> <span class='ocrx_word' id='word_1_1117' title='bbox 2365 2717 2503 2751; x_wconf 85' lang='lat' dir='ltr'>quantae</span> <span class='ocrx_word' id='word_1_1118' title='bbox 2525 2711 2600 2748; x_wconf 86' lang='lat' dir='ltr'>sint,</span> 
     </span>
     <span class='ocr_line' id='line_1_141' title="bbox 1533 2753 2600 2796; baseline 0.001 -10"><span class='ocrx_word' id='word_1_1119' title='bbox 1533 2755 1636 2786; x_wconf 87' lang='lat' dir='ltr'>maior</span> <span class='ocrx_word' id='word_1_1120' title='bbox 1658 2754 1817 2785; x_wconf 89' lang='lat' dir='ltr'>invenitur</span> <span class='ocrx_word' id='word_1_1121' title='bbox 1838 2753 2035 2791; x_wconf 87' lang='lat' dir='ltr'>innocentia;</span> <span class='ocrx_word' id='word_1_1122' title='bbox 2067 2755 2122 2785; x_wconf 91' lang='lat' dir='ltr'>sed</span> <span class='ocrx_word' id='word_1_1123' title='bbox 2146 2754 2172 2784; x_wconf 88' lang='lat' dir='ltr'>si</span> <span class='ocrx_word' id='word_1_1124' title='bbox 2195 2761 2376 2795; x_wconf 88' lang='lat' dir='ltr'>spectemus</span> <span class='ocrx_word' id='word_1_1125' title='bbox 2400 2755 2440 2785; x_wconf 84' lang='lat' dir='ltr'>ad</span> <span class='ocrx_word' id='word_1_1126' title='bbox 2462 2765 2600 2796; x_wconf 89' lang='lat' dir='ltr'>propor-</span> 
     </span>
     <span class='ocr_line' id='line_1_142' title="bbox 1532 2798 2600 2839; baseline 0.001 -9"><span class='ocrx_word' id='word_1_1127' title='bbox 1532 2799 1636 2831; x_wconf 91' lang='lat' dir='ltr'>tiones</span> <span class='ocrx_word' id='word_1_1128' title='bbox 1660 2799 1778 2829; x_wconf 89' lang='lat' dir='ltr'>horum</span> <span class='ocrx_word' id='word_1_1129' title='bbox 1801 2798 1963 2828; x_wconf 91' lang='lat' dir='ltr'>donorum</span> <span class='ocrx_word' id='word_1_1130' title='bbox 1992 2799 2032 2828; x_wconf 88' lang='lat' dir='ltr'>ad</span> <span class='ocrx_word' id='word_1_1131' title='bbox 2056 2808 2110 2829; x_wconf 93' lang='lat' dir='ltr'>eos</span> <span class='ocrx_word' id='word_1_1132' title='bbox 2137 2798 2255 2839; x_wconf 93' lang='lat' dir='ltr'>quibus</span> <span class='ocrx_word' id='word_1_1133' title='bbox 2283 2799 2414 2836; x_wconf 85' lang='lat' dir='ltr'>dantur,</span> <span class='ocrx_word' id='word_1_1134' title='bbox 2438 2799 2499 2836; x_wconf 84' lang='lat' dir='ltr'>sic,</span> <span class='ocrx_word' id='word_1_1135' title='bbox 2524 2809 2600 2831; x_wconf 85' lang='lat' dir='ltr'>cum</span> 
     </span>
     <span class='ocr_line' id='line_1_143' title="bbox 1533 2842 2599 2884; baseline 0.001 -10"><span class='ocrx_word' id='word_1_1136' title='bbox 1533 2844 1606 2884; x_wconf 91' lang='lat' dir='ltr'>plus</span> <span class='ocrx_word' id='word_1_1137' title='bbox 1635 2843 1675 2873; x_wconf 91' lang='lat' dir='ltr'>sit</span> <span class='ocrx_word' id='word_1_1138' title='bbox 1702 2842 1916 2883; x_wconf 88' lang='lat' dir='ltr'>poenitentiae</span> <span class='ocrx_word' id='word_1_1139' title='bbox 1946 2843 2070 2873; x_wconf 91' lang='lat' dir='ltr'>donum</span> <span class='ocrx_word' id='word_1_1140' title='bbox 2098 2843 2173 2873; x_wconf 91' lang='lat' dir='ltr'>huic</span> <span class='ocrx_word' id='word_1_1141' title='bbox 2203 2843 2286 2873; x_wconf 89' lang='lat' dir='ltr'>male</span> <span class='ocrx_word' id='word_1_1142' title='bbox 2318 2843 2432 2874; x_wconf 89' lang='lat' dir='ltr'>merito</span> <span class='ocrx_word' id='word_1_1143' title='bbox 2460 2844 2500 2874; x_wconf 88' lang='lat' dir='ltr'>de</span> <span class='ocrx_word' id='word_1_1144' title='bbox 2528 2843 2599 2876; x_wconf 87' lang='lat' dir='ltr'>Deo</span> 
     </span>
    </p>
   </div>
   <div class='ocr_carea' id='block_1_17' title="bbox 1533 2886 2605 2929">
    <p class='ocr_par' dir='ltr' id='par_1_26' title="bbox 1533 2886 2605 2929">
     <span class='ocr_line' id='line_1_144' title="bbox 1533 2886 2605 2929; baseline 0.002 -11"><span class='ocrx_word' id='word_1_1145' title='bbox 1533 2897 1632 2929; x_wconf 88' lang='lat' dir='ltr'>quam</span> <span class='ocrx_word' id='word_1_1146' title='bbox 1654 2886 1854 2918; x_wconf 88' lang='lat' dir='ltr'>innocentiae</span> <span class='ocrx_word' id='word_1_1147' title='bbox 1877 2886 1938 2923; x_wconf 90' lang='lat' dir='ltr'>illi;</span> <span class='ocrx_word' id='word_1_1148' title='bbox 1966 2886 2040 2917; x_wconf 91' lang='lat' dir='ltr'>ideo</span> <span class='ocrx_word' id='word_1_1149' title='bbox 2064 2886 2249 2927; x_wconf 90' lang='lat' dir='ltr'>simpliciter</span> <span class='ocrx_word' id='word_1_1150' title='bbox 2271 2887 2530 2919; x_wconf 87' lang='lat' dir='ltr'>concludendum</span> <span class='ocrx_word' id='word_1_1151' title='bbox 2553 2895 2605 2920; x_wconf 75' lang='lat' dir='ltr'>est-</span> 
     </span>
    </p>
   </div>
   <div class='ocr_carea' id='block_1_18' title="bbox 1532 2930 2603 3633">
    <p class='ocr_par' dir='ltr' id='par_1_27' title="bbox 1532 2930 2603 3183">
     <span class='ocr_line' id='line_1_145' title="bbox 1533 2930 2600 2973; baseline 0.001 -10"><span class='ocrx_word' id='word_1_1152' title='bbox 1533 2932 1622 2973; x_wconf 90' lang='lat' dir='ltr'>quod</span> <span class='ocrx_word' id='word_1_1153' title='bbox 1651 2930 1864 2971; x_wconf 83' lang='lat' dir='ltr'>poenitentiae</span> <span class='ocrx_word' id='word_1_1154' title='bbox 1893 2931 2017 2961; x_wconf 90' lang='lat' dir='ltr'>donum</span> <span class='ocrx_word' id='word_1_1155' title='bbox 2040 2938 2087 2961; x_wconf 92' lang='lat' dir='ltr'>est</span> <span class='ocrx_word' id='word_1_1156' title='bbox 2109 2931 2223 2962; x_wconf 88' lang='lat' dir='ltr'>maius.</span> <span class='ocrx_word' id='word_1_1157' title='bbox 2254 2931 2295 2962; x_wconf 92' lang='lat' dir='ltr'>Et</span> <span class='ocrx_word' id='word_1_1158' title='bbox 2324 2932 2400 2973; x_wconf 88' lang='lat' dir='ltr'>quia</span> <span class='ocrx_word' id='word_1_1159' title='bbox 2425 2932 2600 2972; x_wconf 69' lang='lat' dir='ltr'>gratiarum</span> 
     </span>
     <span class='ocr_line' id='line_1_146' title="bbox 1533 2975 2600 3017; baseline 0.001 -10"><span class='ocrx_word' id='word_1_1160' title='bbox 1533 2976 1614 3007; x_wconf 84' lang='lat' dir='ltr'>actio</span> <span class='ocrx_word' id='word_1_1161' title='bbox 1643 2975 1758 3006; x_wconf 86' lang='lat' dir='ltr'>directe</span> <span class='ocrx_word' id='word_1_1162' title='bbox 1781 2975 1953 3015; x_wconf 89' lang='lat' dir='ltr'>respondet</span> <span class='ocrx_word' id='word_1_1163' title='bbox 1980 2975 2148 3017; x_wconf 83' lang='lat' dir='ltr'>quantitati</span> <span class='ocrx_word' id='word_1_1164' title='bbox 2178 2975 2256 3006; x_wconf 92' lang='lat' dir='ltr'>doni</span> <span class='ocrx_word' id='word_1_1165' title='bbox 2286 2983 2444 3016; x_wconf 81' lang='lat' dir='ltr'>quatenus</span> <span class='ocrx_word' id='word_1_1166' title='bbox 2474 2977 2600 3014; x_wconf 77' lang='lat' dir='ltr'>donum</span> 
     </span>
     <span class='ocr_line' id='line_1_147' title="bbox 1533 3018 2603 3061; baseline 0.003 -11"><span class='ocrx_word' id='word_1_1167' title='bbox 1533 3027 1588 3056; x_wconf 89' lang='lat' dir='ltr'>est,</span> <span class='ocrx_word' id='word_1_1168' title='bbox 1605 3018 1679 3050; x_wconf 92' lang='lat' dir='ltr'>ideo</span> <span class='ocrx_word' id='word_1_1169' title='bbox 1697 3018 1897 3050; x_wconf 89' lang='lat' dir='ltr'>concluditur</span> <span class='ocrx_word' id='word_1_1170' title='bbox 1912 3020 2011 3060; x_wconf 92' lang='lat' dir='ltr'>quod,</span> <span class='ocrx_word' id='word_1_1171' title='bbox 2029 3018 2213 3060; x_wconf 87' lang='lat' dir='ltr'>simpliciter</span> <span class='ocrx_word' id='word_1_1172' title='bbox 2235 3020 2412 3061; x_wconf 88' lang='lat' dir='ltr'>loquendo,</span> <span class='ocrx_word' id='word_1_1173' title='bbox 2431 3020 2603 3060; x_wconf 30' lang='lat' dir='ltr'>poenitens,</span> 
     </span>
     <span class='ocr_line' id='line_1_148' title="bbox 1532 3063 2599 3105; baseline 0.002 -11"><span class='ocrx_word' id='word_1_1174' title='bbox 1532 3065 1606 3105; x_wconf 91' lang='lat' dir='ltr'>plus</span> <span class='ocrx_word' id='word_1_1175' title='bbox 1629 3070 1754 3095; x_wconf 91' lang='lat' dir='ltr'>tenetur</span> <span class='ocrx_word' id='word_1_1176' title='bbox 1777 3063 1816 3103; x_wconf 85' lang='lat' dir='ltr'>ad</span> <span class='ocrx_word' id='word_1_1177' title='bbox 1839 3063 2011 3104; x_wconf 85' lang='lat' dir='ltr'>gratiarum</span> <span class='ocrx_word' id='word_1_1178' title='bbox 2034 3063 2185 3096; x_wconf 87' lang='lat' dir='ltr'>actiones.</span> <span class='ocrx_word' id='word_1_1179' title='bbox 2210 3064 2297 3095; x_wconf 82' lang='lat' dir='ltr'>Haec</span> <span class='ocrx_word' id='word_1_1180' title='bbox 2321 3071 2367 3096; x_wconf 88' lang='lat' dir='ltr'>est</span> <span class='ocrx_word' id='word_1_1181' title='bbox 2389 3064 2524 3096; x_wconf 83' lang='lat' dir='ltr'>intentio</span> <span class='ocrx_word' id='word_1_1182' title='bbox 2547 3064 2599 3096; x_wconf 87' lang='lat' dir='ltr'>lit-</span> 
     </span>
     <span class='ocr_line' id='line_1_149' title="bbox 1533 3107 2600 3149; baseline 0.001 -10"><span class='ocrx_word' id='word_1_1183' title='bbox 1533 3116 1629 3139; x_wconf 86' lang='lat' dir='ltr'>terae:</span> <span class='ocrx_word' id='word_1_1184' title='bbox 1651 3114 1681 3138; x_wconf 92' lang='lat' dir='ltr'>et</span> <span class='ocrx_word' id='word_1_1185' title='bbox 1699 3115 1735 3138; x_wconf 93' lang='lat' dir='ltr'>ut</span> <span class='ocrx_word' id='word_1_1186' title='bbox 1755 3107 1886 3148; x_wconf 85' lang='lat' dir='ltr'>singulis</span> <span class='ocrx_word' id='word_1_1187' title='bbox 1904 3107 2009 3138; x_wconf 90' lang='lat' dir='ltr'>dubiis</span> <span class='ocrx_word' id='word_1_1188' title='bbox 2029 3109 2253 3148; x_wconf 87' lang='lat' dir='ltr'>respondendo</span> <span class='ocrx_word' id='word_1_1189' title='bbox 2269 3109 2396 3149; x_wconf 84' lang='lat' dir='ltr'>patebit,</span> <span class='ocrx_word' id='word_1_1190' title='bbox 2412 3108 2476 3140; x_wconf 89' lang='lat' dir='ltr'>huc</span> <span class='ocrx_word' id='word_1_1191' title='bbox 2490 3109 2600 3140; x_wconf 78' lang='lat' dir='ltr'>omnia</span> 
     </span>
     <span class='ocr_line' id='line_1_150' title="bbox 1533 3153 1679 3183; baseline -0.007 0"><span class='ocrx_word' id='word_1_1192' title='bbox 1533 3153 1679 3183; x_wconf 91' lang='lat' dir='ltr'>tendunt.</span> 
     </span>
    </p>

    <p class='ocr_par' dir='ltr' id='par_1_28' title="bbox 1533 3194 2600 3325">
     <span class='ocr_line' id='line_1_151' title="bbox 1590 3194 2600 3238; baseline 0.003 -12"><span class='ocrx_word' id='word_1_1193' title='bbox 1590 3196 1643 3226; x_wconf 90' lang='lat' dir='ltr'>IX.</span> <span class='ocrx_word' id='word_1_1194' title='bbox 1667 3195 1719 3226; x_wconf 91' lang='lat' dir='ltr'>Ad</span> <span class='ocrx_word' id='word_1_1195' title='bbox 1742 3194 1883 3236; x_wconf 89' lang='lat' dir='ltr'>primum</span> <span class='ocrx_word' id='word_1_1196' title='bbox 1905 3205 1980 3235; x_wconf 86' lang='lat' dir='ltr'>ergo</span> <span class='ocrx_word' id='word_1_1197' title='bbox 2005 3195 2141 3226; x_wconf 90' lang='lat' dir='ltr'>dubium</span> <span class='ocrx_word' id='word_1_1198' title='bbox 2155 3195 2173 3215; x_wconf 89' lang='lat'><strong><em>*</em></strong></span> <span class='ocrx_word' id='word_1_1199' title='bbox 2195 3196 2310 3227; x_wconf 89' lang='lat' dir='ltr'>dicitur</span> <span class='ocrx_word' id='word_1_1200' title='bbox 2334 3197 2424 3238; x_wconf 92' lang='lat' dir='ltr'>quod</span> <span class='ocrx_word' id='word_1_1201' title='bbox 2447 3196 2600 3229; x_wconf 78' lang='lat' dir='ltr'>innoeen-</span> 
     </span>
     <span class='ocr_line' id='line_1_152' title="bbox 1533 3239 2599 3281; baseline 0.002 -11"><span class='ocrx_word' id='word_1_1202' title='bbox 1533 3239 1576 3270; x_wconf 87' lang='lat' dir='ltr'>tia</span> <span class='ocrx_word' id='word_1_1203' title='bbox 1599 3249 1666 3270; x_wconf 90' lang='lat' dir='ltr'>non</span> <span class='ocrx_word' id='word_1_1204' title='bbox 1690 3245 1736 3269; x_wconf 88' lang='lat' dir='ltr'>est</span> <span class='ocrx_word' id='word_1_1205' title='bbox 1760 3239 1900 3278; x_wconf 88' lang='lat' dir='ltr'>negatio:</span> <span class='ocrx_word' id='word_1_1206' title='bbox 1933 3239 1988 3269; x_wconf 92' lang='lat' dir='ltr'>sed</span> <span class='ocrx_word' id='word_1_1207' title='bbox 2011 3239 2145 3279; x_wconf 86' lang='lat' dir='ltr'>dignitas</span> <span class='ocrx_word' id='word_1_1208' title='bbox 2170 3247 2215 3272; x_wconf 90' lang='lat' dir='ltr'>est</span> <span class='ocrx_word' id='word_1_1209' title='bbox 2238 3241 2444 3281; x_wconf 84' lang='lat' dir='ltr'>negationem</span> <span class='ocrx_word' id='word_1_1210' title='bbox 2465 3241 2599 3272; x_wconf 70' lang='lat' dir='ltr'>interru-</span> 
     </span>
     <span class='ocr_line' id='line_1_153' title="bbox 1534 3282 2298 3325; baseline 0.005 -13"><span class='ocrx_word' id='word_1_1211' title='bbox 1534 3282 1652 3323; x_wconf 90' lang='lat' dir='ltr'>ptionis</span> <span class='ocrx_word' id='word_1_1212' title='bbox 1676 3282 1811 3322; x_wconf 87' lang='lat' dir='ltr'>exigens.</span> <span class='ocrx_word' id='word_1_1213' title='bbox 1835 3282 1876 3313; x_wconf 90' lang='lat' dir='ltr'>Et</span> <span class='ocrx_word' id='word_1_1214' title='bbox 1899 3282 1971 3313; x_wconf 90' lang='lat' dir='ltr'>ideo</span> <span class='ocrx_word' id='word_1_1215' title='bbox 1995 3283 2171 3314; x_wconf 87' lang='lat' dir='ltr'>bonitatem</span> <span class='ocrx_word' id='word_1_1216' title='bbox 2194 3291 2298 3325; x_wconf 82' lang='lat' dir='ltr'>auget.</span> 
     </span>
    </p>

    <p class='ocr_par' dir='ltr' id='par_1_29' title="bbox 1534 3326 2600 3633">
     <span class='ocr_line' id='line_1_154' title="bbox 1589 3326 2600 3369; baseline 0.003 -13"><span class='ocrx_word' id='word_1_1217' title='bbox 1589 3327 1640 3356; x_wconf 86' lang='lat' dir='ltr'>Ad</span> <span class='ocrx_word' id='word_1_1218' title='bbox 1671 3326 1885 3357; x_wconf 89' lang='lat' dir='ltr'>obiectionem</span> <span class='ocrx_word' id='word_1_1219' title='bbox 1910 3333 2017 3357; x_wconf 87' lang='lat' dir='ltr'>autem</span> <span class='ocrx_word' id='word_1_1220' title='bbox 2041 3337 2078 3358; x_wconf 91' lang='lat' dir='ltr'>ex</span> <span class='ocrx_word' id='word_1_1221' title='bbox 2093 3328 2104 3358; x_wconf 93' lang='lat' dir='ltr'><strong>I</strong></span> <span class='ocrx_word' id='word_1_1222' title='bbox 2120 3328 2241 3365; x_wconf 86' lang='lat' dir='ltr'>Ethic.,</span> <span class='ocrx_word' id='word_1_1223' title='bbox 2266 3328 2380 3360; x_wconf 88' lang='lat' dir='ltr'>dicitur</span> <span class='ocrx_word' id='word_1_1224' title='bbox 2409 3329 2498 3369; x_wconf 89' lang='lat' dir='ltr'>quod</span> <span class='ocrx_word' id='word_1_1225' title='bbox 2525 3328 2600 3359; x_wconf 90' lang='lat' dir='ltr'>licet</span> 
     </span>
     <span class='ocr_line' id='line_1_155' title="bbox 1534 3370 2599 3409; baseline 0.003 -9"><span class='ocrx_word' id='word_1_1226' title='bbox 1534 3370 1649 3401; x_wconf 87' lang='lat' dir='ltr'>sanitas</span> <span class='ocrx_word' id='word_1_1227' title='bbox 1673 3370 1782 3401; x_wconf 90' lang='lat' dir='ltr'>decem</span> <span class='ocrx_word' id='word_1_1228' title='bbox 1806 3370 1930 3400; x_wconf 90' lang='lat' dir='ltr'>dierum</span> <span class='ocrx_word' id='word_1_1229' title='bbox 1953 3381 2019 3401; x_wconf 92' lang='lat' dir='ltr'>non</span> <span class='ocrx_word' id='word_1_1230' title='bbox 2043 3372 2083 3403; x_wconf 91' lang='lat' dir='ltr'>sit</span> <span class='ocrx_word' id='word_1_1231' title='bbox 2106 3372 2208 3403; x_wconf 89' lang='lat' dir='ltr'>maior</span> <span class='ocrx_word' id='word_1_1232' title='bbox 2230 3373 2346 3404; x_wconf 86' lang='lat' dir='ltr'>sanitas</span> <span class='ocrx_word' id='word_1_1233' title='bbox 2368 3372 2538 3409; x_wconf 87' lang='lat' dir='ltr'>intensive,</span> <span class='ocrx_word' id='word_1_1234' title='bbox 2564 3379 2599 3403; x_wconf 91' lang='lat' dir='ltr'>ut</span> 
     </span>
     <span class='ocr_line' id='line_1_156' title="bbox 1534 3414 2599 3457; baseline 0.003 -13"><span class='ocrx_word' id='word_1_1235' title='bbox 1534 3414 1718 3445; x_wconf 90' lang='lat' dir='ltr'>Aristoteles</span> <span class='ocrx_word' id='word_1_1236' title='bbox 1752 3414 1795 3445; x_wconf 89' lang='lat' dir='ltr'>ibi</span> <span class='ocrx_word' id='word_1_1237' title='bbox 1824 3414 1973 3450; x_wconf 91' lang='lat' dir='ltr'>intendit,</span> <span class='ocrx_word' id='word_1_1238' title='bbox 2004 3422 2050 3447; x_wconf 90' lang='lat' dir='ltr'>est</span> <span class='ocrx_word' id='word_1_1239' title='bbox 2082 3423 2189 3447; x_wconf 88' lang='lat' dir='ltr'>tamen</span> <span class='ocrx_word' id='word_1_1240' title='bbox 2219 3417 2323 3447; x_wconf 84' lang='lat' dir='ltr'>maius</span> <span class='ocrx_word' id='word_1_1241' title='bbox 2350 3417 2474 3447; x_wconf 86' lang='lat' dir='ltr'>bonum</span> <span class='ocrx_word' id='word_1_1242' title='bbox 2500 3426 2599 3457; x_wconf 91' lang='lat' dir='ltr'>quam</span> 
     </span>
     <span class='ocr_line' id='line_1_157' title="bbox 1534 3458 2598 3501; baseline 0.003 -13"><span class='ocrx_word' id='word_1_1243' title='bbox 1534 3458 1648 3489; x_wconf 88' lang='lat' dir='ltr'>sanitas</span> <span class='ocrx_word' id='word_1_1244' title='bbox 1668 3458 1764 3488; x_wconf 87' lang='lat' dir='ltr'>unius</span> <span class='ocrx_word' id='word_1_1245' title='bbox 1781 3458 1852 3489; x_wconf 91' lang='lat' dir='ltr'>diei.</span> <span class='ocrx_word' id='word_1_1246' title='bbox 1873 3458 2007 3489; x_wconf 90' lang='lat' dir='ltr'>Duratio</span> <span class='ocrx_word' id='word_1_1247' title='bbox 2023 3469 2162 3501; x_wconf 87' lang='lat' dir='ltr'>namque</span> <span class='ocrx_word' id='word_1_1248' title='bbox 2179 3467 2209 3491; x_wconf 93' lang='lat' dir='ltr'>et</span> <span class='ocrx_word' id='word_1_1249' title='bbox 2225 3460 2501 3500; x_wconf 63' lang='lat' dir='ltr'>non-interruptim</span> <span class='ocrx_word' id='word_1_1250' title='bbox 2525 3460 2598 3492; x_wconf 90' lang='lat' dir='ltr'>licet</span> 
     </span>
     <span class='ocr_line' id='line_1_158' title="bbox 1534 3502 2598 3543; baseline 0.002 -11"><span class='ocrx_word' id='word_1_1251' title='bbox 1534 3512 1600 3532; x_wconf 91' lang='lat' dir='ltr'>non</span> <span class='ocrx_word' id='word_1_1252' title='bbox 1624 3508 1759 3542; x_wconf 89' lang='lat' dir='ltr'>augeant</span> <span class='ocrx_word' id='word_1_1253' title='bbox 1781 3502 1938 3532; x_wconf 89' lang='lat' dir='ltr'>rationem</span> <span class='ocrx_word' id='word_1_1254' title='bbox 1954 3503 2132 3543; x_wconf 88' lang='lat' dir='ltr'>specificam</span> <span class='ocrx_word' id='word_1_1255' title='bbox 2156 3503 2286 3540; x_wconf 89' lang='lat' dir='ltr'>formae,</span> <span class='ocrx_word' id='word_1_1256' title='bbox 2305 3504 2395 3535; x_wconf 91' lang='lat' dir='ltr'>cuius</span> <span class='ocrx_word' id='word_1_1257' title='bbox 2409 3510 2484 3535; x_wconf 90' lang='lat' dir='ltr'>sunt</span> <span class='ocrx_word' id='word_1_1258' title='bbox 2500 3511 2598 3535; x_wconf 89' lang='lat' dir='ltr'>extra-</span> 
     </span>
     <span class='ocr_line' id='line_1_159' title="bbox 1534 3546 2598 3586; baseline 0.002 -10"><span class='ocrx_word' id='word_1_1259' title='bbox 1534 3556 1611 3576; x_wconf 85' lang='lat' dir='ltr'>neae</span> <span class='ocrx_word' id='word_1_1260' title='bbox 1635 3546 1852 3583; x_wconf 90' lang='lat' dir='ltr'>conditiones,</span> <span class='ocrx_word' id='word_1_1261' title='bbox 1877 3554 1993 3586; x_wconf 86' lang='lat' dir='ltr'>augent</span> <span class='ocrx_word' id='word_1_1262' title='bbox 2016 3554 2123 3578; x_wconf 88' lang='lat' dir='ltr'>tamen</span> <span class='ocrx_word' id='word_1_1263' title='bbox 2146 3547 2302 3578; x_wconf 89' lang='lat' dir='ltr'>rationem</span> <span class='ocrx_word' id='word_1_1264' title='bbox 2324 3548 2598 3579; x_wconf 83' lang='lat' dir='ltr'>transcendentem</span> 
     </span>
     <span class='ocr_line' id='line_1_160' title="bbox 1536 3590 2598 3633; baseline 0.003 -13"><span class='ocrx_word' id='word_1_1265' title='bbox 1536 3590 1594 3620; x_wconf 92' lang='lat' dir='ltr'>sub</span> <span class='ocrx_word' id='word_1_1266' title='bbox 1618 3599 1681 3630; x_wconf 84' lang='lat' dir='ltr'>qua</span> <span class='ocrx_word' id='word_1_1267' title='bbox 1706 3590 2033 3629; x_wconf 88' lang='lat' dir='ltr'>comprehenduntur:</span> <span class='ocrx_word' id='word_1_1268' title='bbox 2060 3591 2184 3622; x_wconf 89' lang='lat' dir='ltr'>duratio</span> <span class='ocrx_word' id='word_1_1269' title='bbox 2208 3601 2347 3632; x_wconf 87' lang='lat' dir='ltr'>namque</span> <span class='ocrx_word' id='word_1_1270' title='bbox 2371 3599 2417 3623; x_wconf 92' lang='lat' dir='ltr'>est</span> <span class='ocrx_word' id='word_1_1271' title='bbox 2440 3593 2598 3633; x_wconf 86' lang='lat' dir='ltr'>quaedam</span> 
     </span>
    </p>
   </div>
   <div class='ocr_carea' id='block_1_19' title="bbox 2624 2136 2812 2165">
    <p class='ocr_par' dir='ltr' id='par_1_30' title="bbox 2624 2136 2812 2165">
     <span class='ocr_line' id='line_1_161' title="bbox 2624 2136 2812 2165; baseline 0 -6"><span class='ocrx_word' id='word_1_1272' title='bbox 2624 2136 2716 2159; x_wconf 57' lang='lat' dir='ltr'>’Verm-</span> <span class='ocrx_word' id='word_1_1273' title='bbox 2730 2142 2743 2159; x_wconf 77' lang='lat'><em>2</em></span> <span class='ocrx_word' id='word_1_1274' title='bbox 2757 2142 2812 2165; x_wconf 69' lang='lat' dir='ltr'>sqq.</span> 
     </span>
    </p>
   </div>
   <div class='ocr_carea' id='block_1_20' title="bbox 2624 3204 2762 3228">
    <p class='ocr_par' dir='ltr' id='par_1_31' title="bbox 2624 3204 2762 3228">
     <span class='ocr_line' id='line_1_162' title="bbox 2624 3204 2762 3228; baseline -0.007 0"><span class='ocrx_word' id='word_1_1275' title='bbox 2624 3205 2635 3218; x_wconf 78' lang='lat'>⁸</span> <span class='ocrx_word' id='word_1_1276' title='bbox 2647 3204 2720 3228; x_wconf 73' lang='lat' dir='ltr'>Num.</span> <span class='ocrx_word' id='word_1_1277' title='bbox 2734 3211 2762 3228; x_wconf 87' lang='lat' dir='ltr'>u.</span> 
     </span>
    </p>
   </div>
   <div class='ocr_carea' id='block_1_21' title="bbox 2823 2006 2860 4244">
    <p class='ocr_par' dir='ltr' id='par_1_32' title="bbox 2823 2006 2860 4244">
     <span class='ocr_line' id='line_1_163' title="bbox 2823 2006 2860 4244; baseline 0 0"><span class='ocrx_word' id='word_1_1278' title='bbox 2823 2006 2860 4244; x_wconf 95' lang='lat' dir='ltr'> </span> 
     </span>
    </p>
   </div>
  </div>
 </body>
</html>
