2860 4244
0 630 11 657 -οι
0 573 5 585 v
0 527 1 530 Α
0 418 15 509 ⁴:1⁸⁴».
0 390 6 398 ‘¹
3 369 6 375 ·

874 274 1142 321 QUAESTIO
1171 275 1293 322 XCV,
1322 275 1619 312 ARTICULUS
1647 276 1732 312 V111
2347 279 2421 326 329

245 350 409 387 rationem,
427 361 492 381 non
509 357 556 382 est
570 351 684 382 rationi
701 361 841 382 consona
857 361 951 382 causa
966 351 1052 382 haec.
1076 352 1117 382 Et
1140 359 1305 392 propterea
1331 353 1333 370 ¹

245 394 388 425 duellum
418 395 479 425 tale
509 395 705 426 committere
728 396 851 426 malum
879 395 1093 436 perniciosum
1117 403 1162 426 est
1186 406 1222 426 ex
1246 406 1304 427 suo
1331 380 1333 420 Ι

243 447 366 478 genere,
391 445 520 479 propter
543 440 676 470 eandem
699 439 870 470 rationem:
895 439 970 480 quia
993 446 1102 470 contra
1125 447 1242 470 rectam
1257 451 1305 470 ra-

245 482 366 513 tionem
390 489 522 524 uterque
546 483 680 514 alterum
704 483 789 524 eligit
811 490 982 523 percutere,
1000 490 1057 514 etc.

300 526 339 556 X.
367 526 493 563 Quarta
517 537 615 558 causa
639 534 685 558 est
707 527 887 558 terminatio
911 527 974 558 litis
997 527 1166 558 criminalis
1191 535 1244 559 aut
1264 527 1305 558 ci-

245 569 332 600 vilis:
365 572 494 611 quando
518 571 633 602 scilicet
663 581 729 601 non
758 578 863 611 potest
890 571 978 602 aliter
1003 571 1163 602 terminari
1185 572 1223 602 lis
1247 571 1306 602 nisi

246 613 354 644 duello
377 621 555 655 acceptato;
579 615 720 655 alioquin
744 621 799 646 aut
821 625 887 645 non
909 622 1074 655 acceptans
1097 615 1241 646 duellum
1257 616 1306 646 iu-

245 657 362 688 stitiam
386 668 451 688 non
475 665 580 699 potest
603 659 770 700 consequi,
794 665 850 689 aut
870 659 917 690 liti
933 659 1120 695 succumbit,
1148 670 1222 690 cum
1247 669 1306 690 suo

246 708 277 732 et
306 701 484 732 multorum
513 703 707 743 quandoque
735 703 853 733 damno
877 713 1003 743 magno.
1034 704 1075 734 Et
1102 703 1152 734 hic
1180 710 1307 744 oportet

246 745 442 776 considerare
472 746 561 787 quod
589 746 628 776 ad
651 746 713 777 hoc
743 747 832 787 quod
859 754 947 778 actus
970 748 1098 778 moralis
1122 747 1161 778 sit
1182 747 1305 783 licitus,

245 795 373 829 oportet
402 789 545 820 medium
574 800 640 820 non
669 800 735 821 esse
765 791 1093 831 disproportionatum
1123 791 1187 822 fini.
1222 791 1306 822 Huic

245 838 352 863 autem
374 832 429 863 fini
453 833 509 874 qui
525 840 572 864 est
589 834 768 866 terminatio
783 835 856 871 litis,
872 836 1152 876 proportionatum
1171 842 1217 866 est
1240 845 1306 865 me-

245 876 336 907 dium
358 884 413 908 aut
435 878 654 909 convenientia
677 879 825 919 partium,
850 887 904 911 aut
927 880 1080 911 sententia
1102 879 1228 915 iudicis,
1252 885 1308 909 aut

244 930 353 961 pugna
375 921 486 952 bellica
510 932 547 952 ex
569 929 656 962 parte
679 923 822 954 habentis
844 923 997 954 iustitiam
1019 934 1093 954 cum
1117 922 1306 954 conditioni-

245 965 304 994 bus
319 965 475 1006 requisitis
491 966 531 996 ad
546 966 667 997 iustum
682 967 812 999 bellum.
837 968 878 998 Et
900 974 1066 1008 propterea
1085 974 1160 998 tunc
1182 973 1306 997 tantum

245 1008 389 1039 duellum
413 1017 459 1041 est
480 1010 604 1041 licitum
627 1011 667 1041 ad
689 1012 785 1042 talem
807 1011 914 1047 finem,
935 1012 1052 1042 scilicet
1074 1012 1113 1041 ad
1136 1010 1306 1041 terminan-

245 1052 300 1083 das
322 1052 392 1084 lites
416 1055 689 1092 etcontentiones,
706 1056 836 1096 quando
852 1055 946 1086 habet
960 1055 1116 1086 rationem
1131 1055 1205 1085 iusti
1220 1055 1304 1085 belli.

245 1096 344 1134 Quod
359 1107 399 1127 an
415 1098 454 1128 sit
471 1098 630 1138 possibile,
647 1098 721 1130 hinc
736 1109 885 1140 apparere
909 1106 1023 1139 potest.
1045 1099 1171 1129 Bellum
1184 1099 1306 1130 iustum

245 1147 300 1171 aut
323 1148 369 1172 est
389 1141 626 1179 vindicativum,
651 1150 707 1174 aut
729 1143 935 1174 defensivum.
961 1143 993 1174 Si
1009 1149 1056 1173 est
1069 1143 1305 1179 vindicadvum,

244 1185 307 1215 hoc
329 1192 376 1216 est
405 1186 493 1226 quod
522 1186 670 1217 indicitur
698 1187 818 1218 bellum
849 1187 888 1217 ad
910 1187 1132 1218 vindicandam
1158 1187 1306 1218 iniuriam

243 1228 364 1259 illatam
379 1229 506 1270 patriae,
524 1237 592 1266 etc„
607 1230 747 1261 indicens
764 1231 883 1262 bellum
898 1231 976 1271 gerit
998 1241 1168 1272 personam
1183 1231 1305 1268 iudicis,

245 1278 358 1313 utpote
379 1280 471 1304 utens
494 1274 623 1314 publico
641 1274 747 1314 gladio
764 1282 874 1306 contra
889 1282 1052 1306 extraneos
1067 1276 1306 1317 impugnatores

243 1316 456 1360 reipublicae,
468 1318 583 1351 eadem
602 1318 724 1349 ratione
747 1329 811 1360 qua
830 1319 929 1351 utitur
950 1326 1058 1351 contra
1073 1320 1214 1351 internos
1237 1330 1307 1360 per-

244 1359 437 1392 turbatore‘s‘:
469 1368 505 1392 ut
527 1369 614 1402 patet
632 1372 669 1393 ex
692 1373 787 1403 supra
811 1363 910 1400 dictis,
928 1374 1003 1394 cum
1026 1364 1064 1394 de
1087 1364 1171 1395 bello
1195 1371 1305 1395 tracta-

209 1422 216 1434 ,
243 1410 330 1441 retur
343 1404 370 1436 ⁴².
401 1405 599 1437 Huiusmodi
629 1414 736 1438 autem
759 1407 854 1438 iudex
876 1414 907 1438 et
929 1408 1043 1438 vindex
1072 1407 1214 1449 fungitur
1237 1419 1306 1449 per-

243 1457 324 1480 sona
346 1455 377 1480 et
399 1449 504 1481 officio
528 1450 657 1491 agentis.
688 1454 794 1492 Agens
817 1458 925 1483 autem
949 1453 1041 1483 debet
1063 1453 1306 1493 superexcedere

242 1492 375 1534 patiens,
399 1501 436 1525 ut
459 1494 560 1535 possit
581 1494 660 1526 illud
683 1495 742 1526 sibi
757 1496 921 1527 subiicere.
945 1497 986 1527 Et
1008 1503 1175 1536 propterea
1196 1497 1306 1528 huius-

242 1537 332 1568 modi
355 1537 476 1569 bellum
499 1548 566 1569 non
582 1539 674 1571 debet
697 1539 757 1570 nisi
780 1550 798 1570 a
821 1540 994 1580 potentiori
1008 1540 1114 1577 indici,
1132 1547 1163 1571 et
1181 1541 1224 1572 sic
1247 1551 1306 1581 po-

206 1599 214 1606 ·
241 1580 370 1613 teodori
393 1589 439 1619 ut,
462 1582 536 1614 licet
558 1585 669 1615 varius
686 1585 728 1614 sit
750 1589 880 1615 eventus
899 1585 973 1615 belli
985 1584 1012 1621 *,
1035 1585 1177 1616 humana
1199 1592 1306 1616 tamen

242 1625 364 1657 ratione
391 1627 484 1668 quasi
508 1633 591 1658 certa
613 1627 653 1658 sit
675 1627 826 1666 victoria,
850 1635 906 1659 aut
931 1628 1042 1660 saltem
1065 1639 1131 1660 non
1160 1639 1306 1660 succum-

242 1669 332 1700 bere:
362 1671 640 1712 quemadmodum
662 1672 757 1702 iudex
780 1679 889 1703 contra
910 1673 1052 1703 internos
1073 1674 1307 1714 perturbatores

241 1713 328 1755 pacis
358 1725 425 1746 non
448 1715 592 1756 procedit
614 1715 676 1746 nisi
698 1716 818 1747 habens
847 1723 896 1747 tot
918 1716 1065 1748 satellites
1088 1724 1124 1748 ut
1147 1717 1187 1748 sit
1216 1718 1307 1759 quasi

241 1764 346 1790 cutus
369 1760 458 1800 quod
481 1759 583 1800 capiet
606 1760 834 1799 malefactores,
850 1767 909 1792 etc.
934 1761 1007 1792 Hoc
1025 1767 1131 1792 autem
1149 1761 1182 1792 in
1198 1762 1306 1800 duello

240 1802 357 1834 servari
379 1813 446 1834 non
469 1811 587 1844 potest:
611 1804 688 1845 quia
703 1805 736 1835 in
752 1804 903 1845 singulari
919 1806 1089 1836 certamine
1111 1813 1167 1837 aut
1189 1817 1246 1847 par
1261 1814 1308 1838 est

241 1846 407 1888 utriusque
430 1848 588 1885 conditio;
613 1855 669 1880 aut
691 1849 747 1880 uni
770 1849 860 1880 facile
883 1856 1019 1890 possunt
1042 1850 1182 1881 accidere
1203 1851 1236 1881 in
1250 1851 1306 1882 illo

240 1897 313 1923 actu
327 1890 435 1933 aliqua
457 1902 539 1933 quae
559 1892 723 1924 fortiorem
740 1893 855 1924 facient
874 1894 1089 1926 succumbere.
1113 1895 1156 1926 Et
1177 1902 1307 1936 propter

239 1933 322 1967 hane
344 1935 510 1974 rationem,
535 1937 681 1978 quamvis
704 1937 840 1969 indicere
859 1938 980 1968 bellum
1003 1939 1198 1980 quandoque
1213 1939 1252 1971 sit
1270 1939 1305 1970 li-

191 2014 194 2015 .
240 1978 350 2015 eitum,
374 1980 512 2012 indicere
535 1988 641 2012 tamen
661 1981 806 2012 duellum
821 1992 988 2024 nunquam
1004 1990 1051 2014 est
1065 1983 1206 2014 licitum:
1230 1984 1306 2025 quia

241 2029 288 2055 est
309 2031 421 2056 contra
442 2031 560 2056 rectam
582 2026 739 2057 rationem
762 2036 799 2056 ex
821 2036 882 2057 suo
905 2036 1028 2067 genere.

295 2067 329 2100 Si
358 2078 435 2100 vero
462 2070 584 2101 bellum
610 2070 731 2101 iustum
761 2077 807 2102 est
835 2070 1053 2108 defensimm,
1082 2078 1179 2112 prout
1207 2072 1307 2113 patria

239 2112 347 2155 aliqua
368 2113 523 2145 indictum
547 2114 607 2145 sibi
625 2115 746 2146 bellum
769 2121 897 2156 oportet
912 2122 967 2146 aut
982 2115 1135 2147 sustinere
1158 2123 1214 2148 aut
1236 2126 1306 2148 suc-

239 2157 407 2195 cumbere,
429 2165 507 2190 tunc
530 2158 704 2200 suscipiens
733 2159 855 2190 bellum
883 2160 961 2200 gerit
985 2170 1155 2201 personam
1178 2171 1214 2192 ac
1237 2160 1306 2192 offi-

239 2201 327 2233 cium
350 2208 382 2233 et
403 2203 574 2234 resistentis
598 2209 629 2234 et
651 2203 866 2244 propulsantis
890 2214 908 2234 a
930 2214 964 2235 se
986 2204 1146 2237 iniuriam.
1169 2205 1210 2236 Et
1232 2205 1305 2236 ideo

239 2251 368 2287 oportet
387 2245 504 2278 imitari
526 2254 603 2278 tunc
625 2257 674 2278 res
693 2247 860 2284 naturales,
884 2258 967 2289 quae
989 2255 1148 2289 quantum
1170 2256 1306 2289 possunt

238 2289 388 2322 resistunt
410 2291 573 2322 contrariis
588 2291 664 2322 suis.
688 2292 730 2322 Et
751 2292 844 2323 debet
866 2292 898 2322 in
921 2292 1109 2324 huiusmodi
1133 2293 1218 2324 bello
1242 2293 1305 2324 for·

238 2333 350 2366 tifienri
371 2342 531 2376 quantum
553 2335 620 2366 fieri
642 2343 757 2376 potest,
776 2336 875 2367 virtus
894 2337 1059 2367 resistitiva
1082 2344 1114 2368 et
1135 2338 1304 2378 propulsa-

238 2377 303 2410 tiva
324 2378 468 2411 iniuriae.
492 2379 697 2411 Contrarium
721 2387 829 2411 autem
852 2381 948 2411 huius
970 2380 1006 2412 fit
1027 2381 1061 2412 in
1080 2382 1205 2412 duello:
1229 2382 1305 2423 quia

239 2422 319 2454 dum
341 2433 425 2454 unus
449 2424 537 2455 solus
560 2424 691 2464 ponitur
718 2425 758 2455 ad
782 2425 993 2456 resistendum
1018 2426 1074 2456 uni
1105 2433 1136 2457 et
1163 2427 1203 2456 ad
1230 2437 1303 2467 pro-

238 2466 433 2507 pulsandum
456 2468 605 2499 iniuriam
628 2469 667 2499 ab
691 2469 816 2506 eodem,
841 2469 984 2500 debiliter
1005 2480 1040 2500 ac
1065 2470 1158 2501 nimis
1181 2471 1304 2511 pericu-

237 2510 307 2542 lose
321 2511 499 2544 consulitur
516 2512 591 2543 huic
606 2511 792 2544 defensioni.
817 2513 858 2544 Et
873 2521 1050 2554 propterea,
1066 2514 1126 2544 nisi
1143 2515 1306 2546 actualiter

238 2555 332 2586 unica
354 2565 491 2596 persona
513 2556 694 2593 invadatur,
719 2557 813 2588 debet
835 2557 961 2588 defendi
984 2558 1103 2589 iustitia
1126 2569 1200 2589 cum
1224 2560 1305 2590 rnul-

237 2599 373 2632 titudine
396 2600 480 2637 fom',
505 2607 535 2632 et
558 2611 624 2632 non
647 2601 804 2632 committi
828 2602 924 2632 unius
947 2602 1100 2642 periculo,
1125 2604 1303 2635 secundum

238 2651 356 2675 rectam
379 2645 551 2682 rationem,
577 2655 595 2676 a
618 2646 848 2676 communitate
877 2656 932 2677 seu
957 2647 1120 2687 principe,
1144 2648 1235 2679 cuius
1259 2655 1305 2680 est

238 2688 361 2720 bellum
383 2689 480 2720 etiam
502 2689 701 2721 defensivum
720 2700 890 2722 assumere.

293 2731 407 2763 Aliena
430 2739 476 2764 est
504 2743 578 2774 ergo
602 2741 714 2765 natura
743 2734 840 2765 duelli
863 2745 882 2765 a
905 2741 1016 2765 natura
1039 2735 1113 2766 iusti
1141 2736 1214 2767 belli
1237 2744 1304 2768 tam

239 2775 392 2807 defensivi
415 2787 513 2818 quam
527 2777 719 2809 vindicativi.
743 2778 785 2809 Et
807 2785 975 2819 propterea
990 2779 1078 2810 nulla
1101 2790 1138 2810 ex
1153 2787 1241 2820 parte
1255 2781 1303 2811 in-

238 2820 364 2851 venitur
387 2820 531 2852 duellum
554 2831 621 2852 esse
644 2821 925 2862 proportionatum
953 2823 1097 2853 medium
1126 2824 1165 2854 ad
1197 2825 1304 2855 termi-

238 2864 404 2896 nationem
424 2865 507 2902 litis,
531 2871 598 2896 tam
621 2865 719 2896 civilis
741 2876 841 2907 quam
863 2866 1043 2898 criminalis.
1074 2868 1116 2898 Et
1138 2868 1213 2908 quia
1237 2879 1300 2900 non

204 2927 212 2935 -
237 2914 314 2940 sunt
328 2909 486 2950 facienda
508 2910 595 2940 mala
618 2915 655 2941 ut
676 2910 807 2941 veniant
827 2911 909 2941 bona
924 2910 952 2947 *,
968 2911 1105 2951 patiatur
1126 2912 1234 2952 potius
1249 2913 1304 2954 qui

238 2962 305 2984 non
325 2959 430 2994 potest
451 2953 520 2984 iura
543 2963 600 2984 sua
623 2953 711 2985 aliter
733 2954 825 2985 tueri.

294 2996 330 3027 In
354 3007 421 3027 uno
444 3003 551 3028 tamen
574 3007 649 3028 casu
669 2997 793 3028 licitum
807 2997 885 3028 mihi
900 2998 1025 3029 videtur
1039 3005 1198 3039 acceptare
1215 3000 1303 3031 duel-

237 3040 326 3071 lum:
354 3041 484 3082 quando
508 3041 626 3073 scilicet
647 3047 811 3073 accusator
838 3042 997 3073 evidenter
1020 3042 1248 3080 calumniatur,
1273 3051 1304 3076 et

239 3085 398 3125 praevalet
420 3092 530 3116 contra
552 3095 604 3116 me
625 3085 830 3117 innocentem
846 3087 886 3116 ad
900 3093 1038 3118 mortem
1057 3087 1105 3117 vel
1130 3087 1302 3119 mutilatio-

238 3128 326 3160 nem}
347 3130 442 3160 Tunc
464 3129 560 3167 enim,
584 3139 621 3161 ex
636 3140 703 3171 quo
719 3137 883 3161 accusator
898 3130 1023 3172 impetit
1038 3141 1091 3161 me
1105 3131 1218 3162 iudicis
1237 3132 1302 3172 gla-

239 3173 294 3204 dio
317 3173 537 3211 iniustissime,
562 3180 593 3205 et
615 3174 682 3205 sine
705 3175 803 3205 dubio
829 3175 952 3206 occidet
973 3175 1024 3206 vel
1051 3175 1210 3207 mutilabit
1231 3186 1300 3213 me,

239 3227 308 3258 ego,
333 3227 399 3248 non
421 3217 540 3249 habens
562 3218 650 3250 aliud
666 3218 836 3259 refugium,
857 3219 960 3251 habeo
976 3219 1097 3251 iustum
1113 3220 1233 3251 bellum
1247 3221 1301 3251 de-

204 3259 212 3307 ]
239 3259 399 3292 fensivum
417 3269 526 3293 contra
542 3272 628 3293 eum.
651 3262 692 3294 Et
709 3270 877 3304 propterea
891 3263 917 3294 si
932 3264 1000 3305 ipse
1016 3263 1107 3295 offert
1122 3264 1200 3295 mihi
1216 3265 1303 3296 duel-

1358 353 1437 388 lum,
1455 362 1514 392 ego
1534 363 1667 393 possum
1687 360 1858 394 acceptare,
1879 354 1917 384 de
1934 364 2090 385 consensu
2109 354 2269 395 principiS,
2295 362 2325 386 et
2343 356 2423 386 tueri

1359 406 1410 427 me
1434 397 1559 427 meliori
1578 397 1677 427 modo
1702 407 1768 438 quo
1792 407 1936 438 possum.
1959 399 2031 429 Hoc
2047 398 2142 435 enim,
2159 399 2231 429 licet
2246 400 2422 429 secundum

1358 441 1576 480 apparentiam
1599 441 1639 472 sit
1662 442 1817 479 duellum,
1834 443 2011 473 secundum
2026 443 2189 474 veritatem
2208 453 2273 473 non
2294 450 2340 474 est
2363 443 2423 474 nisi

1360 484 1501 515 defensio
1518 491 1626 516 contra
1649 485 1851 517 invadentem
1875 497 1907 517 se
1930 487 2135 527 personaliter
2158 487 2198 518 ad
2220 494 2358 518 mortem
2374 487 2424 518 vel

1359 528 1604 560 mutilationem.
1635 529 1746 561 Differt
1774 531 1859 560 enim
1883 531 2059 561 secundum
2082 541 2149 561 rem
2179 531 2258 561 nihil
2282 531 2423 562 occidere

1359 582 1410 602 me
1434 572 1540 612 gladio
1569 573 1718 613 proprio,
1744 581 1774 604 et
1804 574 1926 605 alieno:
1956 576 2040 605 unde
2071 582 2101 606 et
2127 575 2252 606 Nathan
2281 575 2356 606 dixit
2383 576 2422 605 ad

1361 616 1478 646 David:
1507 616 1618 647 Uriam
1643 617 1833 658 interfecisti
1853 619 1965 659 gladio
1983 620 2134 660 filiorum
2157 620 2293 650 Ammon
2309 619 2335 650 *.
2369 619 2422 650 Se-

1360 670 1416 690 cus
1446 667 1554 690 autem
1577 668 1624 691 est
1646 661 1678 691 in
1709 662 1776 692 aliis
1801 663 1918 693 causis:
1949 663 2103 704 quoniam
2134 663 2276 694 defensio
2304 671 2422 694 armata

1360 713 1426 734 non
1449 711 1496 734 est
1526 704 1603 734 mihi
1626 705 1711 736 licita
1738 706 1797 736 nisi
1820 714 1929 737 contra
1952 707 2152 738 invadentem
2177 718 2227 738 me
2251 708 2361 744 armis;
2390 708 2422 738 in

1359 747 1427 778 aliis
1457 754 1564 778 autem
1594 749 1694 779 causis
1725 750 1792 780 sola
1815 751 1967 782 sententia
1995 752 2111 782 iniusta
2134 751 2169 782 fit
2191 752 2322 782 invasio.
2357 753 2423 782 Nec

1360 801 1443 832 opus
1462 799 1508 822 est
1526 792 1676 823 violentia
1692 793 1724 824 in
1740 795 1923 825 executione
1943 805 1980 826 ex
2002 803 2090 836 parte
2104 796 2232 826 iudicis:
2258 796 2422 837 quoniam,

1359 845 1414 865 reo
1438 845 1504 866 non
1527 836 1697 873 resistente,
1722 838 1840 879 absque
1864 839 1958 869 armis
1982 840 2090 870 omnia
2113 839 2204 870 fiunt.

1414 879 1468 909 XI.
1496 880 1616 917 Quinta
1638 891 1736 912 causa
1761 890 1806 913 est
1829 882 2024 923 indulgentia
2041 884 2267 915 multitudinis:
2292 884 2422 925 quando

1359 923 1476 954 scilicet
1500 923 1580 954 inter
1604 925 1681 955 duas
1705 926 1820 965 patrias
1845 934 1891 957 est
1913 928 2042 964 bellum,
2068 935 2107 965 et,
2132 929 2290 968 parcendo
2313 928 2422 959 multi-

1359 967 1480 1004 tudini,
1504 968 1671 999 resolvitur
1699 970 1737 999 de
1767 980 1924 1001 consensu
1954 972 2089 1012 partium
2115 979 2219 1003 totum
2243 973 2361 1003 bellum
2390 972 2423 1002 in

1359 1011 1520 1048 duellum;
1542 1020 1577 1043 ut
1590 1012 1704 1052 legitur
1717 1014 1755 1044 de
1772 1013 1936 1046 Chosroae
1952 1015 2018 1046 filio
2034 1024 2064 1047 et
2080 1016 2226 1047 Heraclio
2242 1017 2275 1046 in
2290 1017 2423 1057 legenda

1359 1055 1565 1086 Exaltationis
1597 1056 1727 1088 Sanctae
1752 1057 1873 1089 Crucis.
1905 1059 1957 1090 Ob
1991 1060 2072 1090 hanc
2105 1060 2262 1101 siquidem
2295 1071 2423 1092 causam

1360 1109 1425 1129 non
1449 1106 1496 1130 est
1517 1100 1639 1131 licitum
1656 1102 1761 1132 subire
1784 1103 1938 1134 duellum.
1961 1104 2001 1134 Et
2024 1106 2102 1134 ratio
2125 1112 2170 1135 est
2193 1105 2268 1145 quia
2291 1105 2424 1135 declina-

1360 1151 1411 1174 tur
1434 1154 1452 1174 a
1475 1151 1586 1175 natura
1610 1145 1683 1176 belli
1707 1156 1743 1176 ex
1767 1156 1831 1176 una
1855 1154 1942 1187 parte
1965 1147 2056 1183 iusti,
2081 1149 2119 1178 ad
2144 1156 2288 1179 naturam
2313 1149 2419 1184 duelli,

1359 1188 1449 1229 quod
1471 1189 1585 1219 rationi
1608 1196 1708 1220 rectae
1732 1191 1886 1221 adversari
1911 1198 1996 1231 patet
2019 1202 2055 1222 ex
2077 1192 2240 1223 antedictis
2255 1191 2280 1223 *.

1414 1233 1480 1263 Nec
1503 1234 1598 1264 verba
1613 1234 1761 1265 Auctoris
1776 1235 1808 1265 in
1825 1235 1883 1265 hac
1898 1235 1999 1266 littera
2015 1236 2120 1267 favent
2136 1237 2254 1273 duello,
2271 1244 2423 1277 tanquam

1359 1276 1487 1308 cuidam
1511 1277 1587 1308 sorti
1602 1277 1632 1308 *:
1658 1279 1712 1309 sed
1736 1279 1888 1310 damnant
1911 1280 2015 1310 duella
2037 1287 2072 1311 ut
2095 1280 2211 1311 ferrum
2239 1282 2374 1311 candens
2394 1287 2425 1311 et

1359 1331 1477 1362 aquam
1500 1321 1690 1361 ferventem,
1713 1323 1821 1354 minus
1843 1330 1950 1354 tamen
1973 1334 2071 1364 quam
2094 1325 2161 1361 ina,
2186 1325 2261 1365 quia
2283 1335 2349 1355 non
2373 1335 2423 1355 ex-

1360 1372 1503 1405 pectatur
1517 1366 1717 1397 miraculum.
1742 1367 1783 1398 Et
1806 1375 1936 1408 propter
1949 1368 2012 1398 hoc
2036 1369 2113 1400 dixit
2135 1370 2224 1409 quod
2248 1371 2353 1411 magis
2367 1380 2422 1410 ap-

1354 1411 1553 1450 propinquat
1567 1411 1612 1441 ud
1625 1412 1722 1442 sortis
1737 1413 1904 1443 rationem.
1929 1413 2012 1442 Nam
2034 1413 2067 1454 ly
2090 1415 2196 1454 magis
2212 1414 2422 1454 comparatio-

1360 1463 1435 1484 nem
1457 1454 1497 1484 ad
1520 1454 1678 1494 praedicta
1701 1455 1786 1486 dicit.
1811 1456 1898 1487 Cum
1921 1456 2006 1487 enim
2029 1457 2137 1487 omnia
2161 1458 2303 1498 posuerit
2324 1458 2357 1488 in
2373 1467 2423 1498 ge-

1359 1507 1433 1528 nere
1456 1498 1558 1534 sortis‚
1583 1498 1660 1529 dixit
1682 1499 1787 1530 duella
1811 1500 1911 1540 magis
1934 1501 2119 1541 participare
2139 1502 2178 1532 de
2194 1502 2286 1533 sortis
2302 1502 2423 1533 ratione

1359 1552 1458 1582 quam
1481 1541 1588 1582 ignem
1613 1549 1643 1573 et
1665 1552 1797 1583 aquarn:
1822 1550 1853 1574 et
1875 1554 1940 1575 non
1957 1545 2033 1575 dixit
2048 1555 2115 1576 esse
2138 1556 2233 1586 puras
2257 1553 2366 1578 sortes.

1415 1586 1530 1616 Fateor
1556 1593 1662 1617 tamen
1690 1588 1780 1628 quod
1802 1587 1834 1618 in
1860 1598 1933 1619 casu
1963 1599 2029 1629 quo
2058 1600 2128 1629 pars
2156 1590 2275 1620 habens
2301 1590 2423 1622 iustum

1359 1630 1480 1660 bellum
1504 1630 1668 1670 cognoscit
1682 1631 1762 1661 vires
1779 1641 1861 1668 suas,
1879 1639 1909 1663 et
1932 1633 2020 1674 quod
2037 1640 2162 1674 oportet
2184 1641 2239 1665 aut
2255 1634 2423 1675 confligere

1360 1680 1390 1704 et
1406 1675 1621 1711 succumbere,
1639 1682 1694 1706 aut
1712 1683 1871 1716 acceptare
1888 1677 2041 1713 duellum,
2066 1678 2154 1719 quod
2178 1678 2260 1709 licite
2284 1686 2424 1719 acceptat

1360 1718 1520 1749 duellum:
1554 1718 1699 1750 transfert
1722 1720 1806 1750 enirn
1837 1721 1927 1761 quasi
1950 1728 2071 1751 certum
2095 1732 2203 1752 casum
2231 1723 2264 1752 in
2288 1723 2422 1753 dubium

1360 1768 1391 1793 et
1413 1762 1447 1793 in
1470 1772 1560 1803 spem
1583 1763 1742 1800 victoriae,
1767 1765 1886 1795 utendo
1910 1765 2060 1796 omnibus
2084 1766 2148 1796 suis
2171 1766 2300 1798 viribus.
2320 1785 2341 1790 -
2356 1768 2422 1798 Nec

1360 1806 1467 1837 solum
1489 1807 1612 1837 licitum
1637 1814 1683 1838 est
1709 1808 1763 1838 tali
1786 1809 1866 1848 parti
1893 1809 1926 1839 in
1950 1810 2111 1849 praedicto
2138 1811 2328 1842 necessitatis
2350 1811 2423 1842 arti·

1361 1851 1435 1882 culo
1459 1851 1648 1882 constitutae
1665 1859 1835 1892 acceptare,
1860 1853 1914 1883 sed
1937 1853 2032 1884 etiam
2056 1864 2228 1894 provocare
2251 1855 2312 1886 tale
2336 1855 2423 1886 duel-

1359 1895 1440 1933 lum,
1461 1896 1648 1926 resolvendo
1673 1896 1793 1927 bellum
1812 1897 1844 1927 in
1861 1897 2014 1929 duellum.
2039 1898 2203 1935 Quoniam
2218 1909 2254 1929 ex
2269 1906 2356 1940 parte
2373 1900 2421 1930 sui

1361 1939 1460 1970 utitur
1475 1940 1625 1970 omnibus
1641 1939 1758 1971 viribus
1775 1941 1840 1972 suis
1855 1941 1969 1972 melius
1986 1942 2017 1972 in
2034 1943 2142 1973 duello
2159 1953 2257 1983 quam
2271 1943 2304 1974 in
2320 1944 2420 1974 bello:

1361 1990 1391 2014 et
1413 1990 1579 2024 propterea
1595 1994 1662 2014 non
1677 1991 1795 2025 peccat.
1820 1985 1867 2016 Ex
1885 1993 1972 2026 parte
1986 1996 2062 2017 vero
2079 1987 2205 2018 alterius
2225 1987 2330 2028 partis,
2348 1998 2422 2029 sup-

1360 2027 1491 2068 ponitur
1513 2029 1602 2069 quod
1625 2028 1738 2060 habeat
1760 2029 1879 2060 bellum
1902 2030 2071 2067 iniustum;
2096 2037 2126 2062 et
2149 2041 2215 2061 non
2239 2032 2346 2062 solum
2369 2032 2422 2062 ille

1359 2072 1416 2113 qui
1438 2072 1471 2102 in
1495 2073 1602 2104 duello
1618 2074 1822 2113 comparebit,
1846 2074 1901 2104 sed
1924 2084 2036 2105 omnes
2060 2075 2158 2115 parati
2175 2083 2250 2107 sunt
2271 2077 2311 2106 ad
2334 2076 2421 2106 inva-

1360 2117 1502 2147 dendum
1524 2117 1640 2148 iniuste
1658 2117 1802 2158 patriam,
1818 2118 1867 2149 vel
1891 2119 2074 2155 exercitum,
2099 2129 2268 2159 personas,
2286 2127 2343 2151 etc.
2374 2124 2421 2151 Ac

1359 2171 1416 2202 per
1437 2161 1516 2198 hoc,
1540 2161 1702 2192 offerendo
1725 2162 1885 2198 duellum,
1910 2163 2110 2194 abducuntur
2137 2175 2155 2194 a
2178 2164 2291 2194 maiori
2314 2165 2420 2201 malo,

1358 2205 1531 2236 auferendo
1555 2206 1720 2237 materiam
1743 2206 1871 2237 maioris
1894 2207 1987 2244 mali,
2011 2217 2078 2238 non
2109 2214 2144 2238 ut
2173 2208 2288 2240 faciant
2315 2216 2422 2239 totum

1358 2249 1434 2286 hoc,
1459 2250 1576 2282 scilicet
1598 2250 1704 2281 minus
1727 2251 1859 2287 malum,
1875 2251 1930 2281 sed
1954 2258 1998 2288 ut,
2015 2251 2127 2282 facturi
2142 2253 2274 2289 malum,
2292 2260 2423 2293 peccent

1359 2293 1464 2324 minus
1489 2292 1591 2335 (quod
1615 2301 1661 2325 est
1684 2294 1826 2325 officium
1842 2294 2058 2338 angelorum):
2083 2302 2119 2326 ut
2141 2303 2227 2336 patet
2250 2298 2288 2327 de
2312 2298 2422 2328 decem

1357 2338 1432 2368 viris
1458 2338 1515 2379 qui
1538 2339 1682 2369 occisuro
1708 2348 1762 2369 eos
1790 2339 1975 2370 obtulerunt
2002 2347 2038 2370 ut
2067 2340 2220 2380 acciperet
2249 2351 2325 2372 suos
2354 2342 2422 2372 the-

1359 2392 1470 2413 sauros
1485 2382 1512 2414 *-

1413 2427 1482 2457 ΧΠ.
1506 2427 1605 2457 Sexta
1635 2436 1734 2458 causa
1765 2435 1811 2458 est
1835 2426 1986 2458 defensio.
2018 2429 2059 2458 Et
2086 2428 2111 2458 si
2142 2429 2273 2469 quidem
2307 2430 2422 2470 aliquis

1357 2470 1519 2502 actualiter
1540 2471 1723 2511 impetatur,
1749 2481 1815 2502 non
1839 2478 1885 2502 est
1909 2472 2042 2502 dubium
2066 2473 2156 2513 quod
2179 2474 2241 2503 vim
2266 2475 2298 2504 vi
2320 2475 2423 2514 repel-

1357 2515 1425 2545 lere
1447 2515 1521 2545 licet
1543 2525 1615 2546 cum
1640 2515 1858 2546 moderamine
1880 2516 2063 2556 inculpatae
2085 2517 2204 2547 tutelae
2222 2517 2249 2548 *.
2276 2517 2338 2548 Sed
2360 2518 2422 2549 hoc

1357 2569 1423 2590 non
1447 2559 1574 2599 proprie
1589 2565 1635 2589 est
1658 2559 1817 2590 duellum:
1843 2560 1996 2600 quoniam
2011 2560 2154 2591 duellum
2175 2568 2267 2592 sonat
2282 2562 2421 2593 duorum

1357 2604 1479 2634 bellum
1503 2613 1539 2634 ex
1563 2603 1720 2634 condicto.
1754 2604 1794 2634 Et
1817 2611 1999 2644 propterea,
2025 2615 2099 2635 cum
2123 2615 2159 2635 ex
2183 2605 2304 2636 ratione
2328 2617 2420 2637 mon-

1358 2654 1492 2679 stratum
1515 2647 1586 2679 sit*
1608 2648 1698 2688 quod
1727 2648 1867 2679 duorum
1896 2649 2018 2679 bellum
2046 2659 2082 2679 ex
2109 2650 2257 2680 condicto
2286 2660 2352 2681 non
2375 2658 2423 2682 est

1357 2692 1548 2723 conveniens
1581 2692 1724 2723 medium
1751 2692 1791 2722 ad
1820 2692 2038 2723 defensionem
2070 2693 2134 2723 litis
2161 2701 2216 2724 aut
2247 2694 2421 2725 discordiae

1357 2736 1456 2767 civilis
1472 2743 1527 2767 aut
1542 2736 1721 2772 criminalis,
1738 2736 1813 2777 quia
1837 2746 1903 2767 non
1926 2743 2031 2777 potest
2045 2737 2159 2768 habere
2176 2738 2331 2769 rationem
2346 2739 2421 2770 iusti

1356 2780 1431 2811 belli
1454 2790 1491 2810 ex
1514 2790 1717 2821 quacumque
1740 2787 1847 2820 parte,
1872 2780 1931 2811 nisi
1954 2780 1987 2810 in
2011 2781 2138 2811 duobus
2162 2782 2285 2812 casibus
2309 2792 2419 2823 supra-

1358 2824 1447 2855 dictis
1463 2824 1495 2860 *ς
1518 2824 1592 2854 ideo
1615 2834 1682 2855 non
1706 2831 1752 2854 est
1774 2824 1897 2855 licitum
1921 2824 2065 2855 duellum
2088 2835 2147 2864 pro
2171 2825 2364 2857 defensione.

1412 2868 1568 2899 Videntur
1590 2875 1697 2898 autem
1720 2868 1752 2898 in
1775 2867 1838 2898 hoc
1860 2868 1991 2909 quidam
2014 2868 2078 2899 falli
2103 2870 2191 2909 quod
2214 2879 2280 2899 non
2305 2870 2417 2901 discer-

1357 2919 1439 2943 nunt
1460 2912 1541 2943 inter
1562 2911 1640 2943 haec
1663 2912 1745 2948 duo,
1770 2912 1887 2943 scilicet
1914 2912 2034 2943 bellum
2058 2920 2088 2943 et
2111 2913 2265 2944 duellum.
2297 2914 2338 2945 Et
2360 2925 2419 2955 pu-

1357 2963 1425 2987 tant
1451 2956 1541 2996 quod
1569 2956 1644 2996 quia
1671 2956 1744 2986 licet
1770 2965 1912 2996 pugnare
1940 2966 1999 2996 pro
2027 2966 2060 2987 se
2083 2964 2113 2987 et
2139 2957 2219 2993 suis,
2243 2957 2316 2988 ideo
2346 2959 2420 2990 licet

1356 3000 1500 3031 duellum
1531 2999 1737 3030 committere.
1770 3000 1867 3037 Quod
1897 3006 2003 3031 tamen
2032 3007 2246 3033 monstratum
2275 3009 2322 3033 est
2351 3013 2418 3033 non

1356 3045 1464 3085 sequi:
1498 3044 1572 3085 quia
1595 3043 1655 3074 alia
1677 3051 1723 3074 est
1745 3044 1824 3075 ratio
1849 3044 1887 3074 de
1910 3044 2010 3081 bello,
2037 3051 2067 3076 et
2089 3045 2149 3076 alia
2173 3045 2211 3075 de
2235 3045 2358 3084 duello,
2384 3054 2419 3078 ut

1356 3095 1441 3129 patet
1463 3098 1501 3118 ex
1524 3087 1614 3119 dictis
1628 3087 1655 3118 *.

1410 3132 1493 3163 XIII.
1517 3132 1559 3163 Et
1573 3141 1611 3162 ex
1626 3132 1674 3162 his
1690 3138 1776 3172 patet
1797 3132 1874 3173 quid
1898 3132 1937 3163 de
1960 3133 2156 3174 principibus
2172 3134 2417 3165 concedentibus

1355 3177 1460 3208 duella
1482 3176 1653 3207 dicendum
1675 3176 1715 3207 sit
1729 3175 1757 3207 *.
1781 3176 1916 3208 Constat
1936 3177 2021 3207 enim
2044 3178 2133 3218 quod
2156 3185 2287 3218 peccant
2305 3188 2416 3209 conce-

1354 3221 1470 3251 dendo.
1494 3221 1569 3251 Non
1591 3227 1722 3261 peccant
1744 3227 1852 3251 autem
1874 3221 2096 3261 permittendo,
2115 3232 2151 3252 ex
2165 3222 2288 3262 urgenti
2305 3231 2413 3253 causa:

1354 3265 1435 3296 sicut
1457 3275 1514 3296 nec
1537 3271 1669 3305 peccant
1691 3265 1903 3305 permittendo
1927 3276 2038 3296 usuras
2061 3273 2092 3296 et
2114 3266 2299 3297 meretrices.

855 3430 1810 3510 —ffiffia—

380 3639 489 3664 δοκοίη
508 3639 610 3665 ‘rm-zor.
629 3640 661 3666 D.
673 3640 788 3665 'ruomn
807 3640 840 3666 T.
857 3640 900 3666 vl.

2230 3651 2262 3675 42

2449 618 2459 628 ⁸
2477 618 2501 639 11
2519 616 2590 644 Reg„
2610 623 2660 645 cap.

2450 649 2492 670 ιιι,
2507 649 2565 664 vers.
2581 649 2602 671 9.

2450 1196 2459 1206 ⁸
2474 1194 2544 1216 Num.
2558 1201 2583 1216 x.

2450 1282 2462 1294 ⁸
2470 1282 2506 1304 Cf.
2517 1288 2581 1304 num.
2588 1289 2611 1309 v,
2621 1282 2660 1304 fin.

2449 2382 2546 2403 ‘lei-em.
2556 2387 2660 2410 capam,

2448 2414 2508 2429 vers.
2524 2407 2546 2429 8.

2450 2514 2538 2546 ’Ψ
2559 2515 2659 2562 {W

2450 2543 2517 2567 castr,
2528 2541 2558 2562 de
2592 2547 2659 2563 omnc-

2449 2567 2535 2615 maulim
2558 2568 2595 2589 vel
2619 2574 2659 2589 ca-

2448 2650 2458 2661 ·
2473 2650 2544 2672 Num.
2558 2657 2581 2671 x.

2447 2820 2458 2831 ⁸
2472 2820 2544 2843 Num.
2558 2827 2581 2847 x,
2596 2826 2627 2841 iu.

2444 3090 2454 3100 ⁸
2469 3089 2541 3111 Num.
2557 3095 2579 3110 x.

2443 3176 2454 3187 ⁸
2468 3176 2503 3198 Cf.
2518 3182 2581 3198 num.
2597 3182 2619 3196 v.
