2860 4244
18 367 31 379 ⁸
43 367 101 388 lbid.

873 230 1138 277 QUAESTIO
1168 231 1415 280 LXXXVIII,
1443 232 1738 270 ARTICULUS
1767 233 1802 269 X

310 309 344 345 3.
366 308 598 356 Pinariam,
628 309 806 357 obligatio
834 308 914 345 voti
941 309 1119 346 fundatur
1137 322 1251 358 super
1270 310 1313 347 fi-

255 360 445 397 delitatem
467 373 582 410 quam
601 362 720 398 homo
738 362 851 398 debet
870 363 967 407 Deo,
987 369 1028 398 ut
1049 362 1190 398 dictum
1213 371 1267 399 est
1279 363 1311 400 *.

255 413 332 450 Sed
361 413 398 450 in
426 414 498 450 hac
525 415 649 451 nullus
684 422 809 463 potest
836 414 1065 463 dispensare.
1105 415 1206 462 Ergo
1242 427 1313 452 nec

253 477 292 502 m
321 473 426 503 voto.

308 519 382 555 SED
398 530 554 565 CONTRA,
571 518 725 555 maioris
744 519 930 555 firmitatis
946 531 1027 555 esse
1042 519 1193 555 videtur
1207 521 1311 568 quod

252 571 426 619 procedit
452 583 498 607 ex
517 572 713 608 communi
740 572 935 608 voluntate
955 583 1070 620 quam
1092 572 1196 621 quod
1224 585 1312 622 pro-

253 623 351 660 cedit
369 636 415 660 ex
423 623 610 671 singulari
629 624 823 660 voluntate
842 624 998 661 alicuius
1016 636 1214 672 personae.
1235 626 1311 662 Sed

252 675 290 712 in
317 677 412 724 lege,
432 687 533 725 quae
549 676 666 713 habet
683 677 800 713 robur
819 688 864 713 ex
885 677 1081 713 communi
1103 679 1311 725 voluntate,

250 736 375 777 potest
389 740 458 777 per
471 729 669 766 hominem
685 729 906 777 dispensari.
923 730 1026 777 Ergo
1041 730 1191 767 videtur
1205 731 1311 779 quod

252 780 365 817 etiam
394 781 433 818 in
460 789 553 818 voto
581 793 650 830 per
667 782 865 819 hominem
886 782 1095 831 dispensari
1112 783 1243 832 possit.

304 834 531 871 Responnzo
549 846 735 872 01οΕΝοοΜ
762 836 868 884 quod
894 835 1124 884 dispensatio
1148 836 1229 872 voti
1257 835 1312 872 in-

250 886 451 935 teuigenda
479 895 535 924 est
561 888 610 925 ad
638 888 800 925 modum
828 888 1124 937 dispensationis,
1145 900 1244 936 quae
1268 888 1312 925 fit

249 939 290 976 in
315 939 558 977 observantia
600 940 757 977 alicuius
784 941 886 988 legis.
924 941 1045 988 Quia,
1080 949 1121 977 ut
1157 952 1273 990 supra
1290 940 1311 962 '¹‘

251 991 394 1029 dictum
423 1000 496 1040 est,
526 993 586 1030 lex
612 993 765 1042 ponitur
793 993 1029 1042 respiciendo
1061 994 1111 1030 ad
1138 993 1174 1030 id
1203 993 1310 1042 quod

251 1053 306 1082 est
323 1053 367 1082 ut
393 1045 432 1082 in
451 1045 623 1094 pluribus
641 1047 788 1083 bonum
800 1057 815 1083 :⁷
839 1046 907 1082 sed
927 1046 1014 1094 quia
1043 1046 1223 1094 contingit
1240 1047 1311 1083 hu-

250 1098 415 1135 iusmodi
441 1098 480 1135 in
499 1098 627 1147 aliquo
648 1110 738 1136 casu
757 1110 836 1136 non
856 1110 938 1135 esse
963 1099 1122 1146 bonum,
1143 1099 1311 1148 oportuit

248 1163 320 1200 per
344 1152 513 1199 aliquem
538 1151 783 1189 determinari
814 1151 854 1187 in
881 1151 944 1188 illo
977 1152 1192 1200 particulari
1220 1165 1309 1190 casu

249 1205 374 1252 legem
402 1215 485 1240 non
509 1215 592 1242 esse
620 1204 861 1242 servandam.
898 1204 948 1241 Et
973 1206 1049 1242 hoc
1074 1205 1227 1255 proprie
1254 1214 1310 1244 est

250 1255 468 1306 dispensare
495 1255 535 1293 in
558 1257 659 1305 lege:
689 1269 779 1294 nam
809 1257 1039 1306 dispensatio
1062 1258 1213 1305 videtur
1239 1259 1308 1297 im-

248 1317 400 1358 portare
420 1317 769 1347 commensuratam
789 1310 983 1358 quandam
1005 1311 1307 1350 distributionem

246 1363 311 1400 vel
322 1362 623 1412 applicationem
652 1363 869 1413 communis
897 1363 1051 1401 alicuius
1071 1365 1119 1402 ad
1147 1378 1191 1403 ea
1209 1378 1308 1414 quae

247 1415 715 1464 sulzipsor‘centinentun
743 1429 814 1465 per
839 1428 956 1465 quem
984 1418 1146 1454 modum
1176 1418 1310 1456 dicitur

246 1468 380 1518 aliquis
399 1469 620 1518 dispensare
640 1469 768 1506 cibum
787 1469 963 1506 familiae.
1073 1484 1076 1486 ·

277 1554 285 1558 .
298 1522 477 1559 Similiter
491 1531 619 1560 autem
639 1522 698 1559 ille
714 1522 778 1571 qui
795 1530 915 1560 vovet
933 1523 1224 1570 quodammodo
1239 1524 1318 1569 sibi,

245 1574 371 1619 smmit
396 1576 532 1623 legem,
548 1575 718 1623 obligans
743 1587 784 1612 se
804 1575 852 1612 ad
876 1575 1016 1624 aliquid
1039 1576 1225 1624 quod-est
1251 1589 1308 1614 se-

246 1627 415 1665 cundum
435 1640 475 1666 se
495 1636 532 1666 et
551 1634 569 1651 ⁰
588 1629 627 1665 in
645 1629 815 1677 pluribus
843 1629 1003 1666 bonum.
1032 1629 1162 1666 Potest
1180 1637 1309 1667 tamen

246 1681 465 1729 contingere
484 1681 590 1730 quod
607 1681 646 1718 in
675 1681 802 1730 aliquo
832 1693 922 1718 casu
941 1681 987 1718 sit
1003 1682 1066 1718 vel
1094 1682 1310 1731 simpliciter

158 1749 192 1788 '¹3
216 1745 217 1748 ’
245 1733 403 1781 malum,
418 1734 481 1772 vel
500 1734 640 1780 inutile,
655 1735 717 1771 vel
736 1734 890 1771 maioris
910 1734 1001 1771 boni
1020 1734 1307 1783 impeditivum:

39 1825 53 1837 θ
72 1778 76 1787 .
107 1770 165 1789 ,7222
245 1787 351 1835 qnod
363 1794 420 1825 est
434 1795 565 1825 contra
578 1787 764 1824 rationem
780 1787 861 1824 eius
876 1788 982 1836 quod
997 1788 1097 1824 cadit
1115 1790 1186 1825 sub
1200 1797 1307 1837 voto,

243 1846 293 1877 ut.
304 1851 359 1877 :ex
377 1840 577 1890 praedictis
589 1840 612 1864 *
629 1849 743 1890 patet.
774 1842 823 1878 Et
841 1840 929 1878 ideo
949 1852 1104 1879 necesse
1128 1850 1185 1879 est
1202 1843 1308 1891 quod

245 1892 516 1931 determinetur
534 1893 573 1931 in
589 1894 654 1931 tali
682 1906 772 1931 casu
790 1901 925 1931 votum
951 1906 1029 1931 non
1049 1906 1132 1931 esse
1154 1908 1308 1933 servan-

245 1946 351 1984 dum.
378 1947 428 1984 Et
446 1947 476 1984 si
498 1946 655 1995 quidem
675 1947 847 1984 absolute
867 1947 1139 1985 determinetur
1151 1948 1307 1997 aliquod

243 2006 379 2044 votum
400 2012 480 2037 non
499 2012 582 2037 esse
601 2001 846 2048 servandum,
867 2000 1002 2038 dicitur
1021 2013 1103 2038 esse
1121 2002 1307 2050 dispensa·
1332 2034 1334 2037 .

243 2052 414 2090 mxv-oti.
445 2053 486 2090 Si
505 2060 631 2090 autem
651 2066 721 2102 pro
741 2055 816 2091 hoc
835 2055 939 2102 quod
967 2055 1198 2092 servandum
1229 2063 1317 2092 erat·

243 2103 384 2154 aliquid
412 2106 515 2143 aliud
540 2106 768 2155 imponatur,
790 2107 924 2144 dicitur
946 2109 1186 2146 commutatio
1213 2109 1305 2145 voti.

64 2182 75 2190 ι
127 2178 129 2191 2
215 2173 218 2177 ·
242 2157 354 2196 Unde
372 2158 497 2196 minus
522 2167 576 2196 est
592 2168 729 2197 votum
755 2169 994 2197 commutare
1013 2173 1130 2208 quam
1155 2161 1193 2198 in
1211 2169 1305 2198 voto

271 2274 324 2306 .α)
344 2276 409 2298 et.-
427 2277 457 2299 ut
475 2274 507 2304 D,
525 2277 551 2299 et
569 2277 600 2298 ut
617 2273 646 2298 Ρ.

297 2308 312 2342 β
343 2312 411 2334 erat.
423 2321 441 2328 -
460 2308 522 2334 Om.
542 2308 577 2338 ῦς
596 2309 643 2334 Iex
661 2310 742 2335 altero
760 2310 818 2334 loco
837 2317 892 2335 om.
911 2310 967 2340 PD;
991 2318 1043 2336 non
1063 2310 1098 2335 sit
1116 2311 1163 2335 Iex
1180 2318 1232 2335 orn.
1253 2310 1303 2343 pG.

341 2343 379 2369 ad
396 2344 544 2369 vovendum
564 2347 604 2369 est
621 2345 729 2369 malum.
742 2358 760 2363 —
778 2345 918 2370 vitandum
937 2348 976 2370 est
994 2346 1093 2371 scilicet
1111 2346 1210 2370 malum
1229 2346 1247 2377 1,
1266 2346 1304 2371 ad

2346 232 2419 268 263

1366 311 1596 360 dispensare.
1626 311 1838 360 Utrumque
1865 319 1993 347 tamen
2020 310 2058 346 in
2082 318 2266 359 potestate
2291 310 2420 346 Eccle-

1366 364 1442 400 siae
1472 363 1649 401 consistit.

1418 418 1477 453 An
1505 429 1643 454 PRtMUM
1670 427 1768 453 ERGO
1801 427 1984 453 montinum
2011 416 2115 464 quod
2144 414 2284 451 animal
2317 415 2421 462 quod

1364 468 1552 506 immolari
1579 477 1744 518 poterat,
1775 481 1820 505 ex
1846 469 1922 505 hoc
1949 468 2032 516 ipso
2061 468 2165 516 quod
2193 468 2419 515 vovebatur,

1366 529 1537 558 sanctum
1566 523 1820 571 reputabatur,
1850 521 1955 570 quasi
1985 521 2114 558 divino
2136 520 2250 557 cultui
2277 522 2420 557 manci-

1365 581 1518 621 patum:
1563 582 1600 610 et
1635 575 1730 611 haec
1768 581 1846 611 erat
1881 573 1976 611 ratio
2011 585 2127 623 quare
2163 585 2241 610 non
2274 582 2420 622 poterat

1366 626 1613 671 commutari;
1653 627 1748 663 sicut
1774 639 1846 663 nec
1873 627 2148 675 modmposset
2175 626 2309 674 aliquis
2338 638 2418 664 rem

1365 690 1482 726 quam
1510 679 1625 726 vovit,
1655 680 1730 716 iarn
1760 687 2031 727 consecratam,
2060 688 2152 728 puta
2180 679 2335 721 calicem
2355 681 2418 716 vel

1366 732 1536 777 domum,
1558 740 1794 768 commutare
1819 732 1857 768 in
1882 733 2017 769 melius
2035 733 2097 769 vel
2124 732 2163 769 in
2181 732 2300 781 peius.
2329 732 2419 770 Ani—

1365 783 1441 820 mal
1479 791 1607 821 autem
1636 785 1740 833 quod
1776 797 1854 821 non
1885 792 2034 833 poterat
2070 785 2294 822 sanctificari
2330 785 2419 834 quia

1364 848 1443 873 non
1463 844 1542 873 erat
1559 836 1850 884 immolatitium,
1867 838 2001 875 redimi
2020 845 2168 886 poterat
2186 846 2222 874 et
2242 838 2416 884 debebat,

1364 889 1460 926 sicut
1486 889 1628 926 ibidem
1647 889 1668 911 *
1695 891 1754 926 lex
1773 890 1872 927 dicit.
1902 891 1951 927 Et
1978 891 2028 927 ita
2051 891 2164 927 etiam
2193 903 2294 927 nunc
2314 903 2418 928 com-

1364 942 1501 979 mutari
1529 951 1688 991 possunt
1714 950 1805 979 vota
1831 943 1862 979 si
1890 943 2121 980 consecratio
2157 955 2234 980 non
2258 943 2419 981 interve-

1364 1003 1452 1031 mat.

1416 1050 1474 1084 An
1503 1058 1693 1084 SECUNDUM
1721 1058 1904 1084 01οΕΝοοΜ
1933 1048 2038 1096 quod
2060 1048 2155 1084 sicut
2183 1060 2227 1084 ex
2254 1048 2333 1085 iure
2355 1061 2418 1085 na-

1363 1100 1471 1136 turali
1499 1108 1535 1137 et
1561 1107 1766 1149 praecepto
1787 1100 1916 1137 divino
1943 1108 2092 1137 tenetur
2118 1101 2237 1137 homo
2261 1101 2416 1150 implere

1363 1160 1510 1200 votum,
1539 1153 1591 1190 ita
1619 1153 1731 1190 etiam
1759 1161 1908 1190 tenetur
1934 1165 1979 1190 ex
2008 1153 2152 1190 eisdem
2181 1154 2336 1191 obedire
2358 1167 2418 1191 su-

1362 1206 1556 1255 periorum
1584 1206 1655 1254 legi
1682 1206 1746 1242 vel
1774 1207 1966 1244 mandato.
1998 1207 2046 1243 Et
2072 1214 2202 1243 tamen
2231 1219 2318 1243 curn
2346 1207 2417 1244 dis-

1362 1267 1542 1308 pensatur
1569 1259 1606 1296 in
1634 1259 1758 1308 aliqua
1786 1260 1867 1307 lege
1895 1260 2075 1306 humana,
2106 1271 2183 1296 non
2210 1260 2254 1296 fit
2279 1268 2322 1296 ut
2347 1260 2418 1308 legi

1362 1314 1554 1349 humanae
1582 1324 1660 1349 non
1688 1312 1897 1360 obediatur,
1922 1313 2026 1361 quod
2056 1320 2110 1349 est
2138 1321 2267 1349 contra
2294 1314 2416 1360 legem

1362 1373 1518 1403 naturae
1555 1373 1591 1402 et
1618 1366 1842 1402 mandatum
1881 1365 2073 1402 divinum:
2111 1366 2179 1402 sed
2206 1366 2250 1402 fit
2276 1374 2318 1402 ut
2344 1367 2418 1402 hoc

1363 1419 1467 1467 quod
1488 1425 1567 1454 erat
1585 1417 1600 1448 β
1618 1419 1688 1465 lex,
1709 1431 1787 1455 non
1806 1419 1852 1455 sit
1870 1419 1929 1455 lex
1948 1418 1985 1455 in
2005 1420 2078 1455 hoc
2098 1430 2200 1455 casu.
2230 1420 2284 1455 Ita
2303 1420 2416 1456 etiam

1363 1471 1582 1508 auctoritate
1605 1471 1809 1519 superioris
1829 1471 2078 1520 dispensantis
2100 1471 2143 1508 fit
2161 1479 2202 1508 ut
2220 1472 2295 1508 hoc
2314 1473 2416 1521 quod

1363 1524 1626 1561 continebatur
1653 1524 1724 1560 sub
1747 1532 1853 1572 voto,
1882 1536 1960 1561 non
1985 1525 2230 1571 contineatur,
2259 1524 2416 1574 inquan-

1362 1585 1442 1614 tum
1472 1577 1742 1614 determinatur
1761 1578 1799 1614 in
1817 1578 1892 1614 hoc
1912 1589 2000 1614 casu
2028 1578 2103 1614 hoc
2128 1589 2205 1614 non
2226 1590 2307 1615 esse
2328 1591 2415 1615 con-

1362 1642 1495 1678 gruam
1514 1630 1712 1667 materiam
1733 1631 1825 1667 voti.
1855 1631 1904 1666 Et
1922 1631 2008 1666 ideo
2033 1643 2120 1668 cum
2139 1632 2326 1679 praelatus
2346 1632 2415 1668 Ec-

1363 1683 1498 1720 clesiae
1518 1683 1711 1732 dispensat
1737 1683 1774 1720 in
1802 1690 1907 1730 voto,
1927 1696 2006 1720 non
2035 1683 2226 1732 dispensat
2252 1684 2290 1720 in
2310 1696 2417 1732 prae-

1363 1744 1474 1785 cepto
1501 1736 1590 1773 iuris
1617 1736 1796 1773 naturalis
1823 1737 1886 1773 vel
1921 1736 2058 1773 divini:
2097 1737 2164 1773 sed
2193 1737 2418 1774 determinat

1362 1790 1400 1827 id
1437 1791 1541 1838 quod
1579 1790 1738 1826 cadebat
1771 1790 1842 1826 sub
1878 1789 2105 1838 obligatione
2139 1789 2416 1827 deliberationis

1361 1844 1565 1889 humanae,
1586 1855 1685 1890 quae
1714 1854 1792 1879 non
1810 1842 1932 1891 potuit
1959 1843 2090 1880 omnia
2115 1843 2414 1893 circumspicere.

1413 1898 1472 1933 An
1491 1907 1651 1933 ‘marum
1679 1907 1863 1933 01οΕΝοοΜ
1890 1897 1995 1944 quod
2023 1896 2073 1933 ad
2091 1896 2309 1933 fidelitatem
2331 1898 2415 1934 Deo

1361 1950 1527 1986 debitam
1556 1961 1635 1986 non
1662 1949 1822 1997 pertinet
1840 1949 1944 1997 quod
1971 1950 2090 1986 homo
2119 1949 2229 1986 faciat
2255 1950 2292 1987 id
2313 1950 2416 1998 quod

1361 2003 1409 2039 ad
1435 2003 1662 2039 vovendum
1692 2010 1748 2038 est
1773 2003 1917 2038 malum
1937 2007 1964 2048 Υ,
1994 2003 2055 2039 vel
2083 2001 2223 2050 inutile,
2251 2004 2312 2039 vel
2337 2015 2416 2041 ma—

1361 2055 1449 2092 ioris
1477 2056 1568 2092 boni
1587 2054 1873 2104 impeditivum:
1903 2055 1951 2091 ad
1971 2056 2074 2104 quod
2102 2055 2220 2092 tendit
2237 2056 2317 2093 voti
2342 2057 2414 2093 dis-

1359 2109 1543 2158 pensatio.
1574 2109 1623 2145 Et
1649 2108 1736 2145 ideo
1757 2108 1987 2157 dispensatio
2005 2108 2086 2145 voti
2114 2121 2191 2145 non
2212 2117 2266 2146 est
2286 2117 2415 2147 contra

1359 2162 1578 2198 fidelitatem
1608 2163 1692 2198 Deo
1721 2161 1898 2198 debitam.

1359 2276 1457 2300 malum
1471 2276 1609 2300 vitandum
1624 2278 1663 2299 est
1677 2275 1707 2305 D,
1727 2278 1766 2299 est
1783 2275 1820 2299 ad
1834 2275 1972 2299 vitandum
1992 2275 2090 2299 malum
2110 2275 2156 2304 sG,
2175 2276 2212 2300 ad
2226 2276 2364 2301 vitandum
2376 2280 2416 2302 est

1358 2311 1456 2371 7¹¹¹¹¹flm
1481 2311 1558 2336 ceteri
1577 2316 1604 2335 et
1621 2317 1653 2340 a;
1678 2318 1768 2343 margo
1786 2311 1820 2334 P:
1844 2310 1935 2339 Alias,
1953 2310 2025 2342 quod
2042 2310 2079 2334 ad
2096 2310 2237 2335 vitandum
2259 2312 2358 2336 malum
2376 2317 2416 2338 est

1357 2349 1424 2371 muti
1435 2353 1457 2371 e.

918 2423 1249 2457 commentaria
1271 2424 1522 2457 cardinalis
1543 2424 1744 2457 Caietam

250 2503 259 2506 “
271 2503 294 2534 u
312 2501 450 2537 'articulo
466 2501 590 2532 decimo
613 2501 755 2532 eiusdem
783 2502 1124 2542 octogesimaeoctavae
1147 2502 1303 2543 quaestio-

245 2517 331 2583 Iuis,
348 2548 424 2576 'nota
448 2546 562 2586 prime,
583 2546 672 2586 quod
696 2546 728 2576 in
752 2546 852 2577 littera
875 2553 937 2577 tres
967 2556 1079 2577 causae
1103 2544 1303 2578 enumeratae

242 2600 301 2632 pro
323 2590 445 2621 ratione
461 2590 662 2630 dispensandi
685 2590 718 2620 in
741 2597 819 2621 voto
842 2600 875 2621 se
890 2597 998 2622 tenent
1020 2601 1132 2621 omnes
1160 2601 1196 2622 ex
1216 2598 1304 2632 parte

242 2634 390 2673 materiae
411 2634 493 2671 voti,
517 2641 554 2664 ut
576 2641 662 2674 patet
684 2635 889 2674 applicando:
915 2645 981 2666 esse
1005 2645 1143 2676 namque
1170 2636 1302 2672 malum,

241 2679 292 2711 vel
313 2678 442 2715 inutile,
465 2678 516 2708 vel
539 2678 668 2708 maioris
696 2678 774 2709 boni
803 2679 1042 2719 impeditivum‚
1066 2680 1106 2710 ad
1138 2679 1303 2710 materiam

241 2723 309 2754 voti
324 2728 453 2763 spectat.
476 2722 589 2763 Neque
605 2722 691 2752 enim
713 2725 835 2754 Auctor
850 2733 962 2754 omnes
978 2733 1087 2754 causas
1103 2723 1303 2764 dispensandi
1327 2743 1330 2765 2

243 2766 412 2807 complecti
435 2766 634 2796 intendebat:
658 2766 733 2806 quia
756 2776 822 2797 non
846 2768 884 2797 de
907 2767 956 2798 his
980 2774 1044 2798 erat
1069 2768 1224 2808 quaestio,
1249 2768 1304 2798 sed

242 2817 293 2842 sat
312 2810 374 2841 fuit
395 2810 560 2841 ostendere
583 2810 673 2850 quod
697 2810 869 2851 dispensari
901 2818 1006 2851 potest
1029 2812 1061 2841 in
1083 2818 1160 2842 voto
1189 2822 1226 2842 ex
1248 2821 1303 2842 na-

242 2863 313 2887 tura
333 2854 436 2895 ipsius
459 2854 609 2884 materiae
631 2854 708 2891 voti,
725 2864 806 2895 quae
830 2861 934 2894 potest
957 2855 1044 2885 reddi
1066 2856 1116 2886 vel
1140 2856 1231 2891 mala,
1254 2856 1304 2885 vel
1328 2859 1330 2869 ²

242 2898 372 2935 inutilis,
388 2898 440 2929 vel
453 2897 582 2928 maioris
606 2898 683 2928 boni
705 2898 898 2939 impeditiva.
923 2898 1056 2930 Inferius
1079 2906 1186 2930 autem
1209 2899 1241 2930 in
1257 2909 1303 2930 ar-

145 2961 152 2968 ·
209 2962 214 2968 ·
241 2942 341 2976 n'culo
373 2941 490 2972 ultimo
512 2941 530 2961 *
551 2941 648 2972 11111115
677 2942 890 2983 quaestionis,
915 2943 954 2973 de
980 2953 1072 2973 causa
1103 2943 1305 2984 dispensandi

242 2986 456 3019 tractabimus.

292 3030 378 3061 Nota
407 3029 564 3066 secundo,
588 3030 677 3071 quod
699 3030 779 3061 inter
810 3030 1077 3070 dispensationem
1111 3030 1237 3071 proprie
1262 3031 1305 3061 di-

243 3080 327 3106 ctam
350 3081 381 3105 et
403 3073 690 3105 commutationem
705 3074 771 3105 voti
795 3074 856 3105 hoc
879 3074 1017 3111 interest,
1033 3075 1121 3116 quod
1145 3075 1304 3115 dispensa-

241 3118 288 3149 tio
312 3118 414 3149 aufert
436 3117 503 3149 voti
526 3117 690 3149 materiam
709 3125 740 3149 et
761 3118 937 3155 vinculum,
953 3119 1029 3159 quia
1052 3119 1228 3150 decernitur
1250 3120 1304 3149 ab-

241 3162 346 3207 solute
370 3172 437 3193 non
460 3163 665 3193 servandum:
691 3163 901 3194 commutatio
929 3170 1036 3194 autem
1063 3163 1165 3194 aufert
1188 3173 1205 3194 a
1226 3169 1305 3194 voto

242 3206 417 3243 materiam,
441 3213 472 3237 et
494 3216 560 3236 non
581 3206 757 3238 vinculum.
780 3207 864 3238 Nam
893 3214 1034 3238 remanet
1060 3207 1227 3238 vinculum
1249 3217 1305 3238 seu

242 3250 394 3291 obligatio
416 3250 483 3282 voti
507 3260 602 3291 super
620 3250 685 3290 alia
706 3250 835 3281 materia
858 3251 990 3282 cadens:
1014 3258 1138 3282 tenetur
1160 3252 1246 3282 enim
1269 3261 1306 3282 ex

1356 2510 1433 2533 voto
1457 2502 1628 2543 adimplere
1659 2502 1691 2533 id
1714 2503 1746 2533 in
1777 2504 1867 2544 quod
1891 2510 2123 2534 commutatum
2147 2512 2209 2540 est,
2233 2513 2263 2535 et
2290 2516 2355 2536 non
2379 2516 2415 2537 ex

1356 2554 1535 2587 praecepto,
1551 2547 1678 2587 proprie
1693 2547 1867 2588 loquendo.
1892 2547 1983 2578 Unde
2007 2548 2132 2578 nullum
2148 2549 2313 2580 intervenit
2326 2560 2414 2590 prae-

1356 2598 1484 2631 ceptum
1508 2591 1540 2621 in
1564 2591 1869 2622 commutationibus
1893 2598 2061 2622 votorum:
2086 2593 2149 2629 sed,
2171 2593 2304 2624 habente
2327 2601 2414 2634 pote-

1356 2642 1468 2666 statem
1491 2635 1710 2667 commutandi
1725 2642 1953 2672 commutante,
1970 2636 2128 2667 concurrit
2146 2637 2214 2667 sola
2228 2637 2350 2677 passiva
2366 2649 2414 2669 ac-

1357 2679 1492 2719 ceptatio
1515 2679 1583 2711 eius
1606 2680 1663 2721 qui
1691 2679 1794 2716 vovit,
1818 2687 1849 2711 et
1871 2680 1915 2710 sic
1938 2679 2019 2711 facta
2042 2687 2088 2711 est
2117 2682 2337 2712 commutatio.
2372 2683 2415 2713 Et

1356 2724 1417 2754 hoc
1433 2723 1545 2754 rationi
1562 2731 1732 2755 consonat:
1757 2731 1792 2754 ut
1815 2724 1909 2754 etiam
1928 2724 1961 2754 in
1980 2726 2164 2765 exequendo
2181 2733 2414 2756 commutatum

1356 2774 1444 2798 actus
1466 2767 1575 2798 latriae
1606 2767 1799 2804 inveniatur,
1825 2768 1905 2799 sicut
1929 2767 2144 2799 inveniebatur
2173 2769 2205 2799 in
2229 2771 2412 2810 exequendo

1356 2811 1549 2851 promissum
1573 2818 1660 2842 voto.

1411 2856 1495 2886 Nota
1510 2855 1613 2892 tertio,
1629 2855 1718 2896 quod
1741 2855 1813 2886 licet
1827 2855 1938 2886 veteris
1953 2856 2029 2896 legis
2052 2856 2142 2892 ratio,
2159 2856 2192 2886 in
2207 2858 2413 2897 responsione

1356 2899 1396 2929 ad
1418 2899 1559 2939 primum
1575 2900 1657 2938 data,
1674 2899 1795 2939 optima
1817 2899 1969 2936 videatur,
1985 2907 2098 2940 utpote
2113 2910 2207 2940 super
2225 2900 2327 2931 littera
2342 2901 2412 2932 fun-

1356 2944 1437 2980 data,
1454 2953 1536 2985 quae
1551 2950 1644 2974 vocat
1657 2943 1841 2974 huiusmodi
1857 2944 1974 2974 animal
1992 2950 2211 2975 consecratum
2227 2946 2366 2975 Domino
2379 2946 2410 2975 *:

1329 2991 1331 3009 ῑ
1357 2994 1478 3024 tamen,
1503 2987 1578 3028 quia
1600 2988 1650 3018 lex
1671 2987 1724 3018 illa
1747 2997 1813 3018 non
1837 2995 1883 3019 est
1905 2988 2050 3025 moralis,
2073 2989 2128 3019 sed
2159 2989 2411 3026 caeremonialis,

1356 3031 1452 3062 hodie
1475 3042 1541 3062 non
1556 3031 1642 3071 ligat.
1665 3032 1739 3062 Non
1763 3032 1876 3063 desunt
1898 3038 2004 3063 tamen
2023 3032 2161 3063 dicentes
2183 3034 2271 3074 quod
2295 3035 2343 3064 lex
2361 3034 2414 3064 illa

1357 3085 1423 3106 non
1445 3082 1530 3106 vetat
1545 3076 1786 3106 mutabilitatem
1810 3076 1952 3107 animalis
1968 3076 2111 3114 omnino,
2129 3077 2183 3107 sed
2206 3087 2243 3108 ex
2260 3084 2414 3118 potestate

1357 3119 1510 3156 voventis,
1531 3119 1573 3150 ita
1589 3121 1678 3161 quod
1694 3130 1759 3151 non
1782 3119 1894 3151 licebat
1915 3121 2044 3152 voventi
2066 3121 2145 3151 illud
2161 3128 2282 3152 mutare
2297 3122 2330 3151 in
2346 3131 2412 3152 me-

1357 3164 1428 3200 lius,
1452 3163 1591 3195 licuisset
1612 3171 1718 3195 tamen
1741 3164 1910 3195 sacerdotis
1926 3165 2111 3196 auctoritate
2132 3165 2194 3195 hoc
2215 3165 2324 3196 facere.
2348 3165 2412 3196 Pri-

1359 3217 1450 3238 mum
1482 3214 1588 3238 tamen
1613 3215 1767 3239 consonat
1794 3208 1913 3240 litterae
1942 3209 2089 3240 statuenti
2117 3208 2191 3239 alias
2221 3209 2412 3240 mutationes
2440 3231 2448 3239 .

1359 3251 1470 3282 mediis
1487 3252 1700 3283 sacerdotibus
1716 3253 1851 3294 agendas
1866 3252 1892 3289 *,
1912 3259 1942 3283 et
1956 3252 2049 3284 istam
2063 3253 2206 3284 absolute
2222 3253 2411 3293 prohibenti.

1198 3407 1459 3415 mm

2446 901 2457 911 ⁸
2473 899 2538 922 Vera.
2550 906 2567 922 11
2579 906 2630 928 sqq.

2441 2950 2450 2958 ⁴
2458 2949 2514 2971 Loc.
2520 2949 2559 2971 cit.
2565 2950 2588 2971 in
2594 2955 2650 2977 arg..

2441 2981 2500 2997 vers.
2515 2981 2546 2997 ιο.

2472 3230 2529 3251 Ibid.
2546 3237 2604 3253 vers.
2626 3234 2647 3255 δ,

2439 3261 2456 3277 u
2471 3262 2522 3285 sqq.
