2670 4186
964 213 1230 259 QUAESTIO
1260 215 1377 262 LVII,
1406 215 1700 253 ARTICULUS
1730 218 1762 252 II
2393 217 2412 253 5

253 289 357 329 operis
388 289 497 319 omnia
525 290 583 321 ista
614 301 646 321 se
669 297 790 326 tenent,
815 290 931 320 scilicet
959 300 995 320 ex
1019 298 1105 329 parte
1135 292 1309 331 operantis:
1336 312 1337 315 =

251 332 284 363 in
308 342 404 373 opere
426 343 501 363 vero
530 334 604 365 iusti
627 345 692 365 non
723 340 830 365 tenent
853 344 886 364 se
908 333 966 364 ista
994 344 1030 363 ex
1057 341 1143 374 parte
1174 335 1310 372 alterius,

252 376 292 406 ad
315 386 412 417 quem
437 377 550 408 dicitur
572 378 702 415 iustum,
727 379 780 409 sed
805 387 841 414 ex
864 383 950 417 parte
975 378 1143 417 operantis.

307 420 451 451 Secunda
476 428 521 452 est
545 423 633 462 quod
657 423 815 458 doctores,
839 428 969 461 propter
988 422 1121 452 eandem
1143 422 1309 459 rationem,

1364 293 1474 333 prima,
1490 303 1570 334 quae
1586 301 1631 324 est
1647 294 1732 324 radix
1748 294 1904 330 omnium,
1922 294 2104 334 exprimitur
2116 294 2263 325 dicendo:
2283 295 2413 326 Rectum

1364 338 1396 367 in
1413 337 1559 376 operibus
1575 338 1715 368 aliarum
1732 339 1884 369 virtutum
1902 348 1963 368 non
1980 339 2136 378 accipitur
2150 340 2212 369 nisi
2221 348 2283 380 per
2293 349 2415 379 compa-

1365 382 1519 411 rationem
1537 382 1579 412 ad
1594 387 1757 422 agentem:
1781 387 1900 412 rectum
1920 392 1994 413 vero
2009 383 2093 422 quod
2108 388 2154 412 est
2166 383 2197 412 in
2218 392 2312 422 opere
2328 384 2415 413 iusti-

1365 426 1428 454 tiae
1442 426 1643 456 constituitur
1648 435 1711 466 per
1726 427 1992 466 comparationem
2009 427 2052 456 ad
2063 427 2162 457 aliud.
2171 444 2191 449 -—
2200 426 2343 456 Secunda
2359 437 2414 457 au-

251 473 318 494 non
341 464 495 496 dederunt
518 465 586 496 aliis
609 466 776 497 virtutibus
800 465 961 495 obiectum
985 466 1159 496 secundum
1183 477 1230 502 se,
1256 467 1310 497 sed
1366 474 1430 498 tem
1446 468 1647 508 subiungitur
1662 469 1720 499 ibi:
1745 470 1798 500 Sic
1814 479 1892 510 ergo
1908 471 2024 500 iustum
2041 477 2098 500 etc.
2119 471 2213 500 etiam
2230 480 2292 500 non
2316 472 2415 501 consi-

252 508 358 538 solum
380 508 525 540 iustitiae.

1365 511 1476 542 derata
1490 514 1627 552 qualiter
1642 513 1681 543 ab
1697 519 1813 553 agente
1825 514 1901 554 fiat.
1927 514 1989 544 Sed
2003 515 2035 543 in
2052 515 2125 544 aliis
2143 515 2311 544 virtutibus
2326 522 2414 545 etc.-

306 552 348 582 Et
375 562 487 583 omnes
514 553 572 583 hae
601 552 791 584 differentiae
814 559 986 592 tanguntur
1018 552 1050 583 in
1081 553 1192 584 littera.
1228 555 1311 584 Nam
1366 555 1472 585 Tertia
1495 565 1569 586 vero
1586 566 1659 586 cum
1683 557 1842 588 subditur:
1873 558 1916 588 Et
1925 563 2059 598 propter
2081 558 2139 588 hoc
2156 558 2335 598 specialiter
2357 565 2413 589 etc.

1009 681 1323 723 ARTICULUS
1353 681 1651 723 SECUNDUS

482 769 637 801 UTRUM
661 771 727 802 ms
754 771 1094 803 CONVENIENTER
1116 772 1357 804 DIVIDATUR
1380 773 1423 803 IN
1447 773 1513 804 ms
1535 774 1770 804 NATURALE
1795 775 1851 805 ET
1876 775 1942 806 lus
1965 776 2197 807 POSITIVUM

1031 849 1104 880 Infra,
1124 856 1171 881 qu.
1189 856 1228 880 u,
1248 853 1293 873 art.
1315 848 1343 879 5;
1363 850 1386 874 V
1407 850 1501 879 Ethic„
1522 851 1579 875 lect.
1597 857 1642 875 xu.

278 931 439 981 '‘ff-15¹&
463 935 486 959 D
502 934 693 960 SECUNDUM
708 935 761 960 sm
776 933 1016 959 puocamrua.
1032 921 1191 959 Videtur
1206 924 1311 970 quod

270 973 335 1030 ᾖξ’
383 960 522 1031 ffflms
550 988 628 1012 non
666 975 937 1013 convenienter
970 974 1159 1011 dividatur
1186 975 1225 1012 in
1252 976 1310 1012 ius

277 1027 308 1077 Χ
408 1031 432 1065 ”ι
463 1029 636 1066 naturale
674 1036 711 1065 et
737 1028 795 1064 ius
832 1026 1053 1076 positivum.
1085 1027 1179 1064 Illud
1208 1028 1308 1065 enim

444 1081 569 1130 quod
608 1087 664 1118 est
699 1081 868 1118 naturale
899 1086 953 1116 est
990 1079 1243 1128 immutabile,
1275 1089 1311 1118 et

250 1131 354 1170 idem
374 1133 478 1181 apud
498 1138 515 1155 ‘¹
543 1145 690 1170 omnes.
720 1133 812 1169 Non
832 1139 960 1169 autem
979 1132 1169 1170 invenitur
1195 1133 1233 1170 in
1254 1146 1310 1171 re-

250 1184 529 1222 bus‘humanis
566 1185 708 1234 aliquid
745 1185 839 1222 tale:
869 1185 959 1234 quia
996 1182 1132 1223 omnes
1160 1187 1308 1234 regulae

250 1235 341 1275 iuris
368 1237 527 1275 humani
555 1238 594 1275 in
623 1238 811 1287 aliquibus
841 1238 989 1275 casibus
1019 1238 1209 1287 deficiunt,
1240 1252 1310 1277 nec

249 1288 394 1343 habent
419 1302 530 1328 suam
559 1291 737 1328 virtutem
757 1290 911 1340 ubique.
941 1291 1042 1339 Ergo
1062 1303 1141 1328 non
1170 1299 1226 1329 est
1245 1293 1308 1330 ali-

245 1342 358 1392 ‚q'uod
385 1342 442 1380 ius
471 1345 651 1381 naturale.

208 1435 210 1439 ,
305 1406 341 1439 2.
361 1395 597 1445 PRAETEREA,
610 1396 703 1435 illud
724 1395 858 1434 dicitur
877 1408 959 1433 esse
977 1396 1182 1444 positivum
1205 1398 1308 1446 quod

240 1446 509 1499 Jesfxffvoh‘i‘nta'te
536 1451 707 1487 humana
725 1448 906 1498 procedit.
939 1448 1016 1485 Sed
1044 1461 1122 1486 non
1140 1449 1226 1486 ideo
1247 1450 1310 1486 ali-

251 1500 343 1552 quid
372 1508 428 1539 est
454 1502 596 1540 iustum
629 1502 718 1550 quia
747 1514 769 1538 a
796 1501 992 1550 voluntate
1026 1502 1195 1538 humana
1222 1515 1309 1551 pro-

246 1552 369 1593 cedit:
395 1554 564 1604 alioquin
582 1556 760 1592 voluntas
788 1554 955 1591 hominis
974 1553 1110 1591 iniusta
1131 1567 1212 1592 esse
1232 1567 1310 1592 non

278 1614 396 1657 ossen
421 1607 537 1656 Ergo,
559 1620 648 1645 cum
667 1608 808 1645 iustum
838 1607 883 1644 sit
902 1606 1004 1644 idem
1033 1607 1138 1656 quod
1165 1607 1235 1656 ius,
1255 1608 1310 1645 vi-

245 1618 305 1709 Ξ
343 1666 361 1696 ι’·
389 1660 494 1708 quod
520 1660 667 1698 nullum
695 1660 741 1697 sit
768 1659 826 1696 ius
853 1659 1074 1708 positivum.

180 1748 183 1751 ,
331 1740 341 1750 .
360 1712 602 1761 PRAETEREA,
633 1713 690 1750 ius
719 1713 889 1750 divinum
918 1725 996 1749 non
1025 1720 1081 1750 est
1118 1713 1176 1750 ius
1204 1720 1310 1750 natu-

240 1752 256 1794 f
288 1762 348 1813 se:
379 1777 469 1805 curn
496 1766 653 1804 excedat
676 1773 850 1803 naturam
879 1766 1102 1803 humanam.
1134 1766 1312 1803 Similiter

127 1855 130 1857 .
176 1855 193 1863 ,,
239 1814 255 1862 f
288 1816 366 1863 ‘arn
394 1831 472 1856 non
502 1826 557 1856 est
583 1818 642 1856 ius
666 1819 892 1868 positivum:
922 1818 1012 1867 quia
1039 1831 1117 1856 non
1146 1818 1312 1856 innititur

84 1872 97 1882 ·“
118 1861 181 1929 “⁸33
240 1866 252 1893 Τ
262 1870 265 1874 ’
299 1867 461 1910 'ctoritati
480 1872 686 1919 humanae,
704 1872 773 1909 sed
791 1871 1002 1910 auctoritati
1024 1871 1186 1909 divinae.
1209 1873 1311 1920 Ergo

238 1925 563 1971 :hconvenienter
591 1925 771 1964 dividitur
798 1925 855 1962 ius
883 1936 951 1974 per
983 1926 1151 1961 naturale
1181 1932 1216 1962 et
1243 1938 1312 1974 po-

138 1961 203 2005 ”””“Ϊ’
244 1972 416 2024 &tivum-

244 2028 379 2078 LUSED
413 2042 559 2068 CONTRA
596 2043 662 2068 EST
699 2031 804 2079 quod
841 2030 1098 2079 Philosophus
1137 2030 1244 2078 dicit,
1274 2031 1312 2067 in

212 2097 224 2104 ·
247 2080 422 2133 vssthic.
442 2083 484 2132 ²¹⁸,
514 2084 620 2133 quod
642 2084 786 2133 politici
813 2083 898 2120 iusti
924 2084 995 2120 hoc
1029 2083 1176 2132 quidem
1205 2090 1311 2120 natu-

242 2127 332 2179 'rdle
359 2142 422 2183 est,
442 2138 515 2174 hoc
540 2142 673 2182 autem>
697 2136 830 2187 legale,
851 2136 946 2173 idest
974 2137 1054 2184 lege
1078 2136 1257 2184 positum.

234 2183 271 2202 '⁴'
288 2189 532 2236 gResponnEo
560 2202 745 2228 monimum
774 2189 891 2238 quod,
913 2189 1007 2226 sicut
1036 2188 1178 2226 dictum
1207 2197 1261 2226 est
1280 2189 1311 2237 ²¹⁸,

245 2234 321 2293 iiis,
351 2242 433 2279 sive
461 2242 621 2291 iustum,
652 2250 708 2280 est
742 2242 897 2291 aliquod
925 2254 1022 2290 opus
1056 2242 1311 2291 adaequatum

167 2337 187 2349 Δ,
207 2331 210 2335 ,
244 2290 357 2332 ‘alteri
376 2297 588 2333 secundum
604 2295 769 2344 aliquem
790 2295 1022 2343 aequalitatis
1038 2295 1211 2332 modum.
1233 2296 1312 2332 Du-

249 2347 394 2397 pliciter
422 2356 550 2386 autem
588 2357 712 2397 potest
740 2348 849 2385 alicui
885 2347 1031 2384 homini
1061 2348 1202 2396 aliquid
1230 2360 1313 2384 esse

244 2401 521 2449 adaequatum.
551 2402 638 2439 Uno
667 2402 823 2451 quidem
843 2401 976 2447 modo,
997 2413 1040 2437 ex
1070 2401 1152 2449 ipsa
1180 2409 1313 2437 natura

245 2449 326 2491 'rest
353 2462 447 2503 puta
477 2466 564 2491 curn
594 2455 727 2503 aliquis
755 2461 901 2501 tantum
931 2454 995 2490 dat
1021 2461 1062 2489 ut
1089 2453 1312 2490 tantundem

251 2505 418 2556 recipiat.
439 2508 488 2545 Et
506 2508 580 2545 hoc
599 2515 759 2544 vocatur
773 2507 831 2544 ius
851 2507 1031 2544 naturale.
1048 2527 1072 2534 -
1086 2507 1174 2543 Alio
1194 2507 1313 2543 modo

238 2558 392 2608 *aliquid
421 2568 476 2597 est
505 2561 761 2610 adaequatum
788 2561 851 2597 vel
881 2567 1234 2596 commensuratum
1263 2560 1314 2596 al-

249 2611 320 2651 teri
335 2625 381 2651 ex
402 2614 589 2660 condicto,
607 2613 687 2651 sive
708 2626 753 2650 ex
769 2612 967 2650 communi
981 2612 1136 2661 placito:
1158 2613 1312 2661 quando
1339 2645 1341 2648 .

251 2665 391 2703 scilicet
419 2666 552 2715 aliquis
589 2674 738 2715 reputat
770 2679 811 2703 se
849 2673 1068 2702 contentum
1099 2666 1129 2702 si
1166 2672 1313 2702 tantum

198 2739 201 2741 ·
251 2718 423 2768 accipiat.
445 2720 562 2766 Quod
581 2719 738 2768 quidem
754 2726 879 2767 potest
898 2719 980 2755 fieri
998 2718 1204 2767 dupliciter.
1225 2719 1312 2755 Uno

250 2771 393 2818 modo,
422 2784 492 2820 per
528 2771 682 2821 aliquod
718 2772 910 2822 privatum
949 2771 1189 2808 condictum:
1219 2771 1314 2808 sicut

253 2824 359 2873 quod
386 2824 560 2862 firmatur
587 2825 715 2874 aliquo
734 2832 846 2873 pacto
875 2824 971 2861 inter
989 2824 1156 2872 privatas
1183 2835 1314 2872 perso-

250 2889 332 2914 nas.
361 2877 446 2914 Alio
475 2877 608 2925 modo,
629 2889 675 2914 ex
698 2877 872 2915 condicto
902 2877 1076 2925 publico:
1104 2884 1195 2925 puta
1225 2889 1313 2913 cum

251 2937 352 2971 totus
388 2931 555 2979 populus
593 2930 779 2967 consentit
817 2929 922 2978 quod
955 2929 1094 2978 aliquid
1131 2930 1314 2966 habeatur

128 2983 156 3030 ’ζ
183 2988 188 3030 3'
239 2983 359 3036 Quasi
380 2984 635 3033 adaequatum
665 2991 702 3020 et
730 2990 1080 3020 commensuratum
1106 2981 1231 3028 alteri3
1250 2982 1313 3018 vel

240 3095 264 3107 ’Ψ
303 3097 331 3131 α)
350 3096 432 3129 apud.
444 3110 464 3116 -
480 3099 521 3121 est
538 3096 612 3129 apud
628 3095 676 3122 Pa.

300 3131 331 3166 β)
349 3132 495 3159 habenti.-·
512 3131 611 3158 habens
627 3132 657 3158 P.

1365 934 1451 959 cum
1474 923 1554 960 ,hoc
1583 925 1730 962 ordinat
1748 927 1934 976 princeps,
1956 927 2019 975 qui
2045 938 2173 964 curam
2202 927 2332 976 populi
2351 927 2415 963 ha-

1366 976 1492 1034 bet.‘?t
1520 976 1599 1013 eius
1627 990 1830 1027 personam
1867 979 1970 1027 gerit.
2009 980 2057 1015 Et
2084 980 2158 1015 hoc
2195 979 2325 1016 dicitur
2359 979 2415 1015 ius

1364 1035 1583 1076 posxtlvum.

1417 1081 1475 1118 AD
1495 1093 1631 1119 PRIMUM
1660 1094 1757 1120 ERGO
1777 1095 1960 1122 mcaNDuM
1988 1083 2092 1131 quod
2120 1083 2209 1120 illud
2237 1083 2342 1132 quod
2362 1091 2416 1120 est

1364 1135 1530 1171 naturale
1550 1135 1703 1172 habenti
1723 1134 1737 1164 β
1765 1144 1937 1173 naturam
1960 1136 2248 1183 immutabilem,
2269 1144 2417 1185 oportet

1365 1188 1469 1234 quod
1489 1187 1534 1224 sit
1562 1199 1713 1236 semper
1742 1197 1778 1225 et
1796 1189 1937 1237 ubique
1965 1190 2037 1225 tale
2055 1188 2086 1224 ²¹⁸.
2115 1189 2262 1226 Natura
2289 1197 2415 1226 autern

1363 1239 1528 1276 hominis
1557 1248 1611 1277 est
1638 1241 1839 1279 mutabilis.
1870 1243 1919 1278 Et
1937 1242 2023 1278 ideo
2052 1241 2089 1278 id
2118 1242 2222 1290 quod
2249 1243 2416 1278 naturale

1365 1299 1419 1328 est
1446 1292 1592 1330 homini
1624 1301 1748 1342 potest
1776 1294 1978 1343 aliquando
2017 1294 2192 1331 deficere.
2223 1294 2327 1330 Sicut
2354 1307 2418 1331 na-

1363 1346 1522 1382 turalem
1551 1347 1815 1394 aequalitatem
1844 1348 1959 1384 habet
1985 1354 2027 1383 ut
2064 1347 2268 1395 deponenti
2302 1348 2418 1396 depo-

1364 1398 1475 1434 situm
1505 1399 1701 1436 reddatur:
1733 1407 1769 1436 et
1796 1400 1825 1437 si
1854 1400 1904 1437 ita
1934 1407 2030 1437 esset
2058 1400 2163 1448 quod
2190 1407 2322 1437 natura
2349 1401 2417 1436 hu—

1364 1462 1479 1487 mana
1507 1463 1659 1499 semper
1687 1460 1784 1488 esset
1812 1460 1923 1499 recta,
1944 1453 2019 1489 hoc
2038 1460 2135 1488 esset
2163 1465 2314 1502 semper
2341 1465 2416 1501 ser-

1363 1503 1546 1540 vandum.
1574 1504 1651 1540 Sed
1671 1504 1760 1552 quia
1781 1505 2010 1553 quandoque
2030 1504 2209 1552 contingit
2229 1505 2332 1554 quod
2349 1517 2418 1541 vo-

1364 1556 1487 1592 luntas
1520 1555 1687 1593 hominis
1717 1557 1963 1605 depravatur,
1994 1564 2049 1593 est
2077 1557 2208 1604 aliquis
2247 1570 2354 1594 casus
2381 1558 2419 1594 in

1365 1620 1442 1656 quo
1482 1608 1696 1657 depositum
1736 1621 1814 1646 non
1851 1617 1905 1647 est
1939 1609 2194 1657 reddendum,
2225 1622 2272 1646 ne
2299 1611 2418 1646 homo

1364 1673 1584 1709 perversam
1623 1662 1859 1699 voluntatem
1895 1663 2039 1699 habens
2071 1663 2169 1698 male
2198 1674 2244 1698 eo
2273 1670 2417 1699 utatur:

1364 1722 1406 1750 ut
1433 1721 1525 1762 puta
1552 1714 1582 1751 si
1610 1714 1773 1751 furiosus
1801 1716 1862 1752 vel
1898 1714 2016 1752 hostis
2049 1714 2275 1763 reipublicae
2300 1727 2419 1752 ,arma

1366 1766 1538 1816 deposita
1566 1775 1748 1816 reposcat.

1418 1821 1476 1856 AD
1506 1831 1696 1857 SECUNDUM
1715 1831 1898 1858 morannum
1928 1820 2031 1869 quod
2050 1821 2225 1857 voluntas
2252 1821 2420 1857 humana

1367 1885 1412 1909 ex
1441 1873 1638 1910 communi
1666 1872 1840 1910 condicto
1879 1880 2004 1922 potest
2031 1872 2171 1922 aliquid
2208 1870 2329 1910 facere
2365 1873 2420 1910 iu-

1366 1932 1466 1962 stum
1493 1925 1534 1962 in
1561 1925 1618 1962 his
1647 1938 1744 1975 quae
1774 1927 1986 1963 secundum
2015 1938 2054 1962 se
2082 1938 2161 1963 non
2188 1926 2329 1963 habent
2357 1926 2420 1962 ali-

1367 1991 1484 2028 quam
1513 1980 1801 2028 repugnantiam
1831 1979 1880 2016 ad
1908 1979 2116 2016 naturalem
2154 1978 2342 2016 iustitiam.
2373 1979 2422 2015 Et

1367 2031 1405 2068 in
1432 2031 1490 2068 his
1518 2032 1632 2068 habet
1660 2033 1787 2068 locum
1816 2031 1874 2068 ius
1901 2032 2119 2080 positivum.
2154 2031 2265 2068 Unde
2293 2031 2420 2068 Philo-

1367 2085 1509 2133 sophus
1539 2084 1641 2131 dicit,
1670 2085 1708 2121 in
1735 2085 1771 2121 V
1797 2085 1916 2121 Ethic.
1936 2085 1976 2132 *⁷
2006 2085 2108 2134 quod
2136 2084 2254 2131 legale
2282 2084 2420 2121 iustum

1368 2145 1422 2174 est
1450 2137 1550 2186 quod
1577 2149 1626 2173 ex
1637 2138 1824 2186 principio
1853 2138 2000 2186 quidem
2026 2137 2117 2174 nihil
2143 2137 2270 2186 differt
2293 2137 2346 2173 sic
2363 2137 2422 2174 vel

1366 2189 1494 2227 aliter:
1523 2190 1672 2238 quando
1701 2196 1825 2227 autem
1849 2191 2014 2239 ponitur,
2034 2189 2169 2239 differt.
2201 2190 2277 2226 Sed
2302 2190 2331 2226 si
2359 2189 2421 2226 ali-

1367 2243 1458 2292 quid
1478 2243 1524 2279 de
1554 2255 1594 2279 se
1614 2243 1900 2292 repugnantiam
1930 2243 2068 2279 habeat
2087 2242 2135 2279 ad
2162 2242 2219 2278 ius
2239 2243 2420 2289 naturale,

1367 2308 1446 2332 non
1470 2303 1594 2344 potest
1620 2296 1815 2332 voluntate
1834 2297 2003 2332 humana
2030 2295 2113 2332 fieri
2140 2294 2302 2332 iustum:
2331 2303 2422 2343 puta

1368 2348 1398 2385 si
1419 2355 1600 2403 statuatur
1619 2349 1723 2396 quod
1743 2348 1852 2384 liceat
1870 2348 1983 2385 furari
1997 2349 2058 2385 vel
2078 2348 2302 2385 adulterium
2319 2360 2422 2385 corn-

1369 2401 1530 2438 mittere.
1567 2402 1677 2438 Unde
1707 2401 1841 2438 dicitur
1869 2401 1986 2438 Isaiae
2015 2414 2038 2437 x
2061 2401 2100 2437 *z
2136 2401 2212 2437 Vae
2243 2401 2308 2449 qui
2337 2413 2423 2437 con-

1369 2455 1462 2490 dunt
1487 2455 1588 2503 leges
1616 2455 1774 2502 iniquas.

1422 2509 1480 2543 AD
1508 2518 1667 2544 TERTHJM
1687 2519 1869 2544 mCENDUM
1889 2506 1994 2555 quod
2012 2506 2071 2543 ius
2096 2506 2268 2544 divinum
2293 2505 2424 2543 dicitur

1369 2558 1473 2608 qu'od
1494 2559 1671 2596 divinitus
1701 2561 1971 2608 promulgatur.
2002 2560 2051 2596 Et
2068 2560 2142 2596 hoc
2165 2559 2319 2607 quidem
2339 2571 2423 2608 par—

1368 2612 1435 2649 tim
1465 2620 1520 2649 est
1557 2612 1604 2649 de
1632 2613 1689 2649 his
1719 2625 1815 2661 quae
1855 2620 1941 2649 sunt
1969 2612 2184 2649 naturaliter
2212 2612 2327 2659 iusta,
2357 2612 2423 2649 sed

1368 2672 1497 2702 tamen
1526 2678 1659 2702 eorum
1689 2665 1824 2702 iustitia
1852 2665 2028 2702 homines
2063 2665 2165 2702 latet:
2193 2665 2329 2713 partim
2359 2677 2423 2701 au-

1367 2726 1443 2755 tem
1473 2726 1528 2755 est
1545 2723 1561 2746 7
1591 2718 1637 2755 de
1666 2717 1724 2755 his
1753 2730 1851 2766 quae
1879 2719 1975 2755 fiunt
1997 2717 2092 2754 iusta
2122 2717 2349 2754 institutione
2369 2717 2422 2754 di-

1366 2771 1468 2808 vina.
1498 2771 1608 2808 Unde
1638 2771 1751 2808 etiam
1767 2771 1824 2807 ius
1845 2771 2015 2807 divinum
2043 2783 2111 2818 per
2129 2771 2224 2807 haec
2253 2771 2329 2806 duo
2350 2770 2423 2807 dis-

1367 2823 1483 2871 tingui
1511 2831 1645 2872 potest‚
1672 2824 1767 2860 sicut
1795 2830 1831 2860 et
1857 2823 1914 2860 ius
1942 2823 2166 2860 humanum.
2198 2824 2293 2859 Sunt
2321 2823 2421 2859 enim

1369 2876 1405 2913 in
1434 2877 1516 2923 lege
1536 2876 1665 2917 divina
1692 2877 1881 2924 quaedam
1907 2883 2108 2924 praecepta
2136 2875 2223 2924 quia
2251 2876 2364 2921 bona,
2386 2883 2421 2912 et

1365 2929 1556 2977 prohibita
1584 2929 1671 2977 quia
1707 2929 1827 2966 mala:
1857 2928 2054 2978 quaedam.
2075 2940 2168 2965 vero
2206 2928 2308 2965 bona
2336 2928 2423 2976 quia

1367 2989 1580 3030 praecepta,
1601 2988 1637 3018 et
1663 2983 1763 3019 mala
1791 2981 1880 3030 quia
1902 2980 2100 3030 prohibita.

1419 3094 1446 3127 γ)
1465 3098 1512 3119 est.
1526 3107 1544 3114 —
1562 3094 1623 3119 Om.
1643 3094 1753 3119 PCan.

931 3207 1263 3243 commentaria.
1286 3209 1536 3242 cardinalis
1560 3194 1759 3241 Caietam

103 3271 112 3286 ᾗ
194 3283 196 3286 ’
246 3300 250 3318 τ
281 3293 302 3317 N
323 3283 459 3317 articulo
483 3282 635 3320 secundo,
650 3282 684 3313 in
699 3281 906 3322 responsione
923 3281 962 3311 ad
978 3281 1129 3321 primum,
1149 3287 1226 3312 nota
1244 3280 1311 3311 tria.
1368 3280 1502 3312 mutatio
1526 3279 1561 3310 fit
1583 3280 1616 3310 in
1639 3287 1711 3311 actu
1727 3278 1888 3310 reddendi.
1907 3279 1948 3309 Et
1966 3278 2029 3308 hoc
2050 3277 2133 3313 ideo,
2153 3277 2200 3307 vir
2222 3277 2421 3317 speculative,

250 3355 252 3358 ,
303 3327 401 3366 simo,
414 3337 544 3358 sensum
556 3326 640 3359 illius
655 3325 826 3356 maximae:
842 3326 1004 3358 Naturale
1016 3331 1062 3356 est
1080 3325 1312 3356 immutabile.-
1339 3347 1341 3370 ἰ
1367 3324 1541 3365 specialiter
1560 3330 1669 3355 notare
1692 3323 1796 3360 debes,
1821 3330 1856 3354 ut
1873 3322 1907 3353 in
1930 3321 2165 3353 occurrentibus
2188 3320 2423 3352 difficultatibus

250 3370 418 3408 Secundo,
451 3370 608 3405 rationem
631 3379 728 3412 quare
751 3369 946 3414 quandoque
968 3369 1152 3410 depositum
1177 3379 1243 3399 non
1268 3375 1314 3399 est
1339 3375 1341 3390 ¹

251 3414 458 3447 reddendum.
475 3433 496 3438 —
519 3415 639 3451 Tertio,
656 3414 745 3455 quod
760 3413 890 3445 variatio
909 3414 950 3444 de
963 3413 1048 3445 iusto
1063 3413 1096 3444 in
1112 3422 1179 3443 non
1193 3413 1314 3444 iustum

250 3459 285 3491 in
299 3459 475 3491 redditione
497 3459 634 3500 depositi
650 3465 681 3490 et
703 3457 855 3488 similium
878 3457 1054 3497 assignatur
1069 3467 1105 3488 ex
1127 3462 1215 3497 parte
1239 3457 1313 3487 alte-
1340 3492 1342 3494 ³

1367 3367 1503 3398 iustitiae
1532 3367 1711 3398 decidendis
1742 3367 1895 3397 discernas
1925 3365 2054 3406 quando
2081 3365 2200 3396 iustum
2223 3364 2329 3405 ipsum
2353 3375 2422 3395 mu-

1368 3419 1460 3449 tatur,
1485 3419 1515 3443 et
1538 3412 1667 3453 quando
1692 3410 1840 3441 exhibitio
1863 3409 1936 3440 iusti
1959 3409 2140 3450 impeditur.
2167 3409 2248 3439 Illud
2278 3409 2363 3439 enim
2387 3418 2422 3439 ex

1367 3455 1486 3486 variato
1510 3455 1620 3486 ordine
1651 3455 1690 3485 ad
1718 3455 1851 3485 alterum
1871 3453 2063 3484 sumendum
2091 3459 2151 3484 est:
2174 3452 2236 3483 hoc
2259 3459 2366 3483 autem
2386 3462 2422 3482 ex

2444 1196 2453 1204 ·
2467 1194 2495 1216 D.
2510 1195 2557 1223 918.

2448 2094 2459 2104 ⁸
2465 2093 2521 2114 Loc.
2531 2093 2570 2115 cit.
2578 2093 2600 2114 in
2609 2099 2657 2121 arg.

2447 2119 2496 2141 Sed
2508 2121 2569 2141 cont.

2450 2412 2459 2423 ⁸
2474 2411 2540 2434 Vers.
2555 2418 2571 2433 1.

2450 3479 2460 3488 ⁸
2469 3477 2504 3500 cf.
2515 3482 2558 3500 m.
2573 3485 2656 3506 praec„

251 3503 327 3541 rius,
347 3504 387 3534 ad
403 3513 501 3545 quem
516 3503 630 3534 dicitur
660 3503 797 3534 iustum:
815 3512 851 3532 ex
868 3501 1044 3532 mutatione
1059 3510 1199 3542 namque
1214 3501 1314 3541 ipsius
1340 3495 1342 3528 l
1368 3507 1455 3540 parte
1478 3500 1598 3540 agentis
1615 3499 1774 3539 accipitur,
1792 3505 1827 3529 ut
1848 3498 1880 3528 in
1897 3497 2061 3538 praedictis
2077 3497 2228 3537 exemplis
2252 3503 2380 3537 apparet
2393 3495 2421 3527 *.
2449 3505 2578 3527 commem.
