2860 4244
167 634 176 641 ⁸
192 632 230 658 Qu
253 637 311 652 inv.

167 659 187 668 ’⁸
202 646 251 679 Ar't.
268 664 284 678 1.

160 1830 168 1838 ¹
183 1829 218 1850 Cf.
242 1835 280 1856 qu.
301 1835 367 1856 cxiv,

160 1855 254 1881 Introd.;
270 1861 308 1883 qu.
321 1862 368 1882 exr,

159 1886 200 1903 art.
216 1888 235 1910 3.

158 2309 166 2317 ⁸
182 2307 247 2328 Vers.
264 2313 293 2334 17·

163 3049 173 3057 ⁸
190 3047 256 3068 Vers.
271 3052 305 3074 32.

407 272 454 308 82

1083 267 1347 314 QUAESTIO
1377 267 1497 314 LXV,
1525 267 1820 305 ARTICULUS
1851 268 1901 305 1v

1070 404 1404 438 Commenta-ia
1427 404 1680 438 cardinalis
1701 405 1903 439 Caietam

433 507 452 526 N
468 495 604 526 articulis
620 494 759 525 secundo
784 500 814 523 et
837 493 927 523 tertio
948 492 1090 522 eiusdem
1109 490 1304 531 quaestionis
1328 491 1462 522 dubium
1487 494 1489 519 ἕ

407 508 567 570 Ioccurrit
590 548 685 579 quare
702 541 831 572 Auctor,
852 542 985 566 tractans
1011 535 1048 565 de
1063 534 1185 565 iniuriis
1208 544 1289 575 quae
1313 534 1396 565 facto
1415 535 1461 565 in·

402 583 544 614 feruntur
566 582 597 612 in
621 591 799 622 personam,
819 586 957 620 quatuor
973 578 1171 615 enumeratis,
1190 578 1307 609 scilicet
1329 579 1461 610 homici-
1487 578 1488 590 ’

402 627 454 656 dio
466 627 492 662 *‚
510 625 707 656 mutilatione
718 625 761 660 **‚
774 623 988 654 verberatione
1004 630 1034 653 et
1048 623 1301 659 incarceratione,
1320 622 1462 653 omiserit
1487 630 1488 662 ζ

400 670 664 701 vulnerationem:
689 668 872 708 praesertim
887 677 961 698 cum
976 677 1034 697 nec
1057 667 1097 697 ad
1120 667 1354 698 mutilationem
1369 667 1460 697 redu-

401 721 503 750 catur,
528 721 562 744 ut
591 719 675 753 patet
701 722 737 742 ex
761 722 799 742 eo
830 712 919 752 quod
941 711 1110 742 vulnerans
1138 711 1218 742 nulli
1242 719 1289 742 est
1312 721 1460 744 censurae
1486 728 1488 748 3

400 757 573 793 obnoxius;
604 766 661 787 nec
691 756 730 786 ad
760 755 1024 791 verberationem,
1055 762 1092 785 ut
1120 762 1206 795 patet
1236 765 1272 785 ex
1303 765 1341 785 eo
1372 756 1461 796 quod

399 812 464 832 non
487 801 558 831 licet
580 801 659 840 patri
683 800 846 830 vulnerare
869 799 980 835 filium,
1003 798 1052 829 cui
1076 805 1181 838 tamen
1204 799 1277 830 licet
1299 799 1460 830 verberare
1486 815 1488 831 l

487 854 547 874 em.

400 845 502 919 emlSd
525 888 587 918 hoc
610 887 722 918 dicitur
745 887 833 927 quod
856 886 1042 922 vulneratio,
1067 893 1103 917 ut
1126 886 1329 926 distinguitur
1352 894 1460 918 contra

398 933 589 963 occisionem
613 939 642 963 et
669 931 919 970 mutilationem,
944 932 984 961 ad
1006 930 1257 961 verberationem
1282 931 1459 962 reducitur:
1486 920 1488 964 l

398 978 523 1007 verbera
546 976 631 1006 enim
653 976 783 1006 vulnera
805 975 958 1012 inferunt,
983 985 1058 1004 narn
1089 975 1331 1006 continuitatem
1361 976 1460 1006 carnis

398 1022 533 1056 solvunt,
558 1020 590 1050 in
613 1029 676 1061 qua
700 1019 906 1050 dissolutione
925 1019 1041 1050 vulnus
1065 1019 1215 1050 consistit.
1236 1037 1256 1042 —
1276 1019 1342 1049 Nec
1357 1021 1462 1050 obstat

398 1066 484 1106 quod
512 1071 613 1104 patres
638 1074 702 1094 non
730 1071 864 1104 possunt
886 1063 1049 1094 vulnerare
1077 1061 1170 1093 filios.
1204 1063 1368 1100 Quoniam
1397 1064 1459 1094 hoc

398 1110 435 1139 de
465 1108 608 1149 perfectis
630 1108 812 1138 vulneribus
835 1107 1039 1148 intelligitur,
1064 1107 1103 1137 ad
1132 1117 1213 1148 quae
1242 1117 1307 1138 non
1336 1108 1460 1138 extendi
1486 1125 1487 1157 1

398 1153 654 1188 oeconomicam,
680 1152 733 1182 sed
762 1152 927 1192 politicam
958 1157 1164 1191 potestatem,
1189 1161 1226 1182 ex
1253 1151 1403 1182 ministris
1430 1159 1461 1182 et

396 1197 611 1228 instrumentis
640 1203 740 1236 patet:
773 1202 860 1236 pater
886 1206 1024 1236 namque
1047 1206 1163 1232 manu,
1188 1196 1332 1235 flagello,
1356 1196 1459 1235 virga,

1515 499 1570 522 aut
1593 492 1688 523 etiam
1717 493 1799 525 fuste
1828 494 1944 530 caedit;
1976 494 2070 524 iudex
2099 501 2206 525 autem
2236 494 2318 525 ferro
2341 494 2484 535 linguam
2513 494 2581 527 vul-

1515 542 1612 572 nerat,
1629 543 1686 568 etc.

1569 579 1644 610 Non
1667 580 1740 611 fecit
1763 588 1869 611 autem
1891 584 2014 612 Auctor
2037 581 2206 622 specialem
2225 581 2394 612 articulum
2419 581 2457 612 de
2472 581 2582 613 vulne-

1513 623 1645 660 ratione,
1669 624 1744 664 quia
1767 635 1833 655 non
1849 632 1895 656 est
1918 625 2052 665 simplex
2065 625 2179 656 iniuria
2202 625 2321 656 habens
2339 635 2485 656 seorsum
2507 635 2582 667 pro-

1487 672 1488 705 }
1514 667 1617 707 priam
1641 667 1867 700 difficultatem.
1892 670 1998 700 Habet
2020 679 2159 710 namque
2182 669 2215 700 in
2238 670 2349 710 primis
2364 670 2482 701 vulnus
2497 670 2582 701 idem

1514 711 1717 751 oppositum:
1742 713 1918 752 opponitur
1932 714 2018 747 enim
2041 714 2241 745 continuitati
2256 715 2367 751 carnis,
2390 724 2482 755 quae,
2506 724 2582 745 cum

1515 765 1618 786 unum
1642 757 1866 788 communium
1889 757 2087 788 sensibilium
2110 758 2165 795 sit,
2188 759 2228 789 ad
2257 759 2398 799 quietem
2419 759 2470 789 vel
2498 759 2582 790 dele-

1515 800 1685 831 ctationem
1715 810 1825 831 sensus
1856 807 1993 841 spectat,
2026 801 2076 832 cui
2107 802 2283 842 opponitur
2309 802 2493 834 verberatio.
2526 802 2583 833 Est

1486 839 1488 884 [
1514 844 1626 874 deinde
1650 843 1777 875 effectus
1800 842 2023 876 verberationis
2046 846 2176 886 quando
2200 846 2301 877 acrior
2324 853 2386 877 est:
2416 847 2505 877 unde'
2524 856 2582 877 nec

1486 886 1488 910 V
1514 888 1634 919 differre
1657 888 1781 919 videtur
1804 899 1822 918 a
1845 889 2070 925 verberatione,
2095 890 2150 919 sed
2172 889 2346 930 significare
2365 891 2581 921 excellentiam

1514 933 1599 969 eius;
1632 933 1710 963 nihil
1742 942 1881 973 namque
1911 932 2006 963 refert
2038 933 2120 964 ferro
2151 934 2201 964 vel
2231 934 2319 974 ligno
2349 935 2467 965 vulnus
2499 934 2580 965 infli-

1485 967 1488 1024 Ι
1513 987 1600 1017 gere,
1619 984 1676 1008 etc.
1707 977 1829 1007 Eadem
1853 977 1984 1008 demum
2006 977 2130 1008 ratione
2151 977 2236 1008 licite
2258 978 2308 1009 vel
2330 978 2437 1009 illicite
2460 978 2496 1010 fit
2518 989 2582 1019 qua

1485 1025 1488 1060 1
1513 1021 1616 1052 maior
1630 1021 1681 1052 vel
1696 1021 1801 1051 minor
1816 1021 1989 1052 verberatio
2006 1020 2090 1052 licita
2105 1021 2156 1051 vel
2171 1021 2279 1052 illicita
2295 1029 2358 1052 est:
2383 1023 2469 1053 unde
2484 1030 2515 1053 et
2530 1033 2581 1063 pa-

1485 1061 1488 1121 }
1513 1065 1552 1096 tri
1574 1064 1706 1096 inhibita
1733 1065 1847 1096 dicitur
1868 1065 1901 1095 in
1924 1065 2026 1096 littera
2042 1065 2172 1096 secundi
2195 1065 2318 1096 articuli
2333 1065 2350 1085 *
2371 1065 2582 1098 immoderata

1513 1109 1700 1140 verberatio.
1717 1127 1737 1132 —
1754 1109 1819 1140 Nec
1836 1115 1941 1140 tamen
1958 1109 2083 1140 silentio
2100 1109 2278 1150 praeterivit
2293 1112 2416 1140 Auctor
2430 1110 2580 1140 vulnera:

1485 1159 1487 1191 j
1513 1152 1568 1182 sed
1587 1162 1623 1183 ea
1647 1152 1887 1193 comprehendit
1903 1153 2040 1184 subdens
2058 1154 2113 1184 illa
2126 1154 2220 1184 verba
2243 1153 2276 1183 in
2294 1153 2396 1185 littera
2411 1153 2493 1185 tertii
2508 1153 2581 1185 arti-

1485 1192 1488 1227 1
1514 1196 1594 1226 culi:
1620 1197 1670 1227 vel
1692 1197 1852 1237 quodlibet
1873 1207 2002 1228 sensum
2025 1198 2137 1228 dolore
2159 1197 2316 1238 afficiens.

1486 749 1488 758 <

1173 1349 1492 1391 ARTICULUS
1523 1350 1798 1401 QUARTUS

529 1452 683 1483 UTRUM
708 1450 947 1482 PECCATUM
971 1450 1271 1482 AGGRAVETUR
1295 1451 1353 1481 EX
1376 1450 1469 1482 HOC
1494 1451 1617 1488 QUOD
1641 1451 1918 1482 PRAEDICTAE
1942 1451 2134 1482 INIURIAE
2163 1452 2446 1484 INFERUNTUR

1122 1495 1164 1525 IN
1187 1495 1408 1526 PERSONAS
1431 1495 1541 1526 ALIIS
1564 1495 1845 1526 CONIUNCTAS
1901 1521 1908 1525 t
2135 1518 2140 1524 .

1294 1581 1317 1606 1²
1336 1582 1392 1613 11¹⁰,
1412 1590 1456 1615 qu.
1476 1589 1562 1613 xxxin,
1582 1587 1628 1607 art.
1648 1589 1673 1615 9.

421 1680 488 1736 24³5*
510 1683 583 1733 trra<
605 1682 627 1706 D
649 1681 823 1711 QUARTUM
842 1681 896 1706 Sic
916 1680 1157 1706 PROCEDITUR.
1178 1668 1338 1706 Videtur
1355 1670 1460 1718 quod

428 1708 807 1780 &Apeccatum
836 1735 915 1759 non
942 1730 1168 1770 aggravetur
1188 1735 1232 1758 ex
1260 1723 1335 1759 hoc
1354 1722 1460 1770 quod

414 1775 417 1781 '
499 1789 526 1806 ν’
552 1776 577 1814 ’ἢ
605 1775 823 1823 praedictae
850 1775 1009 1812 iniuriae
1038 1775 1250 1812 inferuntur
1273 1776 1310 1811 in
1330 1788 1460 1824 perso-

414 1776 503 1853 ilfi,

394 1942 475 1971 turn
503 1934 614 1970 alicui
642 1934 799 1971 infertur
827 1942 957 1971 contra
987 1934 1067 1971 eius
1094 1935 1347 1971 voluntatem.
1382 1935 1458 1972 Sed

394 1987 515 2035 magis
531 1995 586 2024 est
602 1995 733 2024 contra
753 1987 920 2024 hominis
935 1989 1173 2024 voluntatem
1192 1988 1338 2024 malum
1353 1988 1459 2036 quod

394 2040 432 2077 in
446 2052 653 2089 personam
669 2041 863 2089 propriam
878 2040 1035 2077 infertur
1049 2052 1167 2089 quam
1183 2041 1289 2090 quod
1303 2041 1460 2078 infertur

394 2094 432 2130 in
446 2105 652 2142 personam
669 2093 921 2130 coniunctam.
938 2094 1040 2142 Ergo
1056 2093 1192 2131 iniuria
1206 2094 1307 2131 illata
1322 2094 1360 2131 in
1374 2106 1459 2143 per-
1482 2113 1485 2145 ς

1509 2153 1667 2195 propter
1693 2146 1994 2194 magnitudinem
2023 2147 2258 2185 nocumenti.
2496 2167 2497 2172 =

449 2211 483 2236 2.
505 2199 738 2246 PRAETEREA,
758 2200 798 2236 in
822 2211 928 2236 sacra
957 2199 1151 2248 Scriptura
1177 2199 1382 2247 praecipue
1402 2211 1459 2235 re-

394 2158 530 2183 SOl‘lam
560 2146 804 2183 COl‘llUssCtam
834 2154 890 2183 est
917 2147 1054 2183 minor.

393 2252 679 2300 prehenduntur
698 2253 763 2301 qui
790 2252 940 2301 pupillis
970 2260 1005 2289 et
1027 2251 1153 2290 viduis
1182 2252 1337 2289 iniurias
1365 2252 1458 2288 infe-

394 2314 498 2341 runt:
531 2306 633 2342 unde
655 2305 787 2342 dicitur
810 2306 926 2342 Eccli.
946 2317 1042 2342 xxxv
1061 2305 1098 2341 *ε
1136 2305 1228 2342 Non
1248 2305 1423 2354 despiciet
1441 2310 1457 2327 α
1482 2314 1484 2342 ὲ

391 2370 521 2406 preces
543 2358 696 2406 pupilli,
724 2370 792 2395 nec
819 2359 984 2405 viduam,
1013 2359 1047 2394 si
1071 2358 1243 2407 effundat
1268 2359 1456 2406 loquelam

393 2411 565 2460 gemitus.
593 2411 669 2448 Sed
689 2411 805 2448 vidua
825 2420 861 2448 et
878 2412 1044 2460 pupillus
1064 2423 1143 2447 non
1163 2419 1250 2448 sunt
1268 2423 1456 2460 personae

395 2464 474 2500 aliis
502 2463 738 2501 coniunctae.
768 2465 869 2512 Ergo
889 2477 934 2501 ex
958 2466 1032 2501 hoc
1062 2464 1168 2512 quod
1187 2464 1344 2501 infertur
1363 2465 1457 2501 iniu-

395 2517 450 2553 ria
468 2516 642 2565 personis
662 2517 871 2554 coniunctis
890 2529 969 2555 non
989 2525 1217 2566 aggravatur
1240 2524 1456 2566 peccatum.

451 2570 485 2606 3.
510 2570 751 2617 PRAETEREA,
780 2583 945 2619 persona
982 2570 1186 2607 coniuncta
1223 2571 1338 2607 habet
1370 2583 1458 2620 pro—
1482 2594 1484 2611 ᾖ

394 2622 516 2670 priam
543 2623 798 2670 voluntatem,
837 2623 933 2660 sicut
960 2631 997 2660 et
1031 2623 1248 2673 principalis
1279 2635 1456 2673 persona.
1483 2631 1484 2644 ¹

396 2676 526 2712 Potest
545 2674 663 2723 ergol¹
682 2676 822 2724 aliquid
842 2677 875 2713 ei
896 2689 978 2714 esse
995 2676 1257 2714 voluntarium
1277 2677 1383 2725 quod
1403 2684 1459 2714 est

397 2735 529 2765 contra
550 2729 787 2766 voluntatem
814 2729 1032 2779 principalis
1050 2741 1259 2778 personae:
1288 2737 1330 2766 ut
1355 2737 1458 2779 patet

396 2781 434 2818 in
463 2781 659 2829 adulterio,
689 2782 794 2831 quod
815 2784 944 2831 placet
971 2783 1079 2819 uxori
1109 2790 1144 2820 et
1170 2781 1341 2831 displicet
1359 2782 1455 2820 viro.

398 2834 474 2871 Sed
501 2834 720 2872 huiusmodi
743 2835 901 2873 iniuriae
928 2837 1071 2873 habent
1096 2836 1283 2873 rationem
1311 2836 1456 2884 peccati

397 2894 510 2935 prout
537 2888 744 2925 consistunt
771 2887 810 2925 in
833 2889 1088 2926 involuntaria
1106 2895 1121 2918 Υ
1142 2889 1456 2926 commutatione.
1483 2897 1485 2916 ἓ

399 2941 500 2987 Ergo
514 2940 733 2978 huiusmodi
747 2941 902 2979 iniuriae
917 2940 931 2964 δ
951 2942 1078 2979 minus
1093 2943 1234 2980 habent
1250 2942 1298 2979 de
1313 2942 1456 2979 ratione

399 2992 555 3041 peccati.

454 3045 528 3081 SED
557 3055 702 3081 CONTRA
730 3057 795 3082 EST
819 3047 923 3095 quod
951 3049 1061 3084 Deut.
1082 3047 1240 3094 xxvu1*,
1262 3048 1311 3084 ad
1339 3060 1458 3097 quan-

402 3097 491 3134 dam
511 3097 835 3144 exaggerationem
855 3100 1006 3136 dicitur:
1025 3100 1115 3136 Filii
1132 3101 1186 3137 tui
1202 3107 1238 3137 et
1243 3101 1354 3148 filiae
1373 3107 1458 3137 tuae

401 3150 594 3186 tradentur
618 3150 728 3187 alteri
747 3152 888 3198 populo
915 3152 1118 3189 videntibus
1146 3153 1262 3189 oculis
1290 3154 1371 3190 tuis.

455 3204 680 3239 Responmzo
717 3215 900 3241 mesanum
929 3204 1034 3251 quod
1070 3212 1213 3253 quanto
1251 3206 1375 3254 aliqua
1402 3206 1456 3242 in-

402 3255 496 3292 iuria
523 3255 561 3291 in
589 3255 715 3302 plures
751 3256 956 3303 redundat,
987 3257 1118 3293 ceteris
1151 3258 1323 3305 paribus,
1353 3266 1457 3294 tanto

403 3308 552 3356 gravius
581 3316 635 3344 est
662 3316 873 3357 peccatum.
903 3310 952 3346 Et
980 3309 1067 3346 inde
1093 3317 1147 3346 est
1175 3311 1278 3358 quod
1306 3311 1458 3358 gravius

404 3369 459 3398 est
478 3368 675 3410 peccatum
704 3361 734 3398 si
758 3362 890 3410 aliquis
909 3362 1093 3410 percutiat
1110 3362 1320 3412 principem
1341 3375 1457 3412 quam

458 3491 485 3522 α)
505 3491 637 3523 despiciet.
649 3505 667 3510 -
686 3491 816 3523 despicias
835 3493 865 3522 D,
884 3492 1010 3524 despicies
1030 3493 1106 3517 ceteri
1126 3498 1151 3517 et
1169 3500 1212 3517 xa.
1360 3503 1362 3508 ’

460 3524 484 3557 β)
505 3526 594 3551 Potest
611 3534 684 3559 ergo.
696 3541 714 3545 —
733 3527 822 3551 Potest
846 3527 974 3559 BEFKpA
995 3533 1019 3552 et
1038 3536 1063 3558 x,
1083 3528 1173 3553 Fbtest
1197 3528 1265 3553 enim
1292 3529 1371 3553 PsAC
1391 3533 1415 3553 et
1433 3536 1458 3558 a,

410 3561 483 3586 Unde
496 3562 661 3593 potest-GH,
681 3562 735 3586 Sed
749 3566 838 3594 potest
857 3563 878 3592 1,
900 3563 972 3595 Ergo
988 3567 1076 3595 potest
1095 3564 1128 3594 L;
1148 3563 1239 3588 abrasa
1258 3564 1305 3596 pC.

504 1819 551 1858 Ψ)
566 1817 598 1859 Χ
634 1840 674 1865 as
694 1828 774 1865 aliis
795 1829 1017 1865 coniunctas
1035 1828 1067 1864 ²¹⁸.
1097 1828 1331 1865 Huiusmodi
1355 1828 1459 1865 enim
1484 1860 1486 1881 Ι

394 1881 554 1918 iniuriae
571 1881 715 1918 habent
734 1881 922 1918 rationem
945 1881 1091 1930 peccati
1111 1889 1225 1930 prout
1250 1893 1461 1919 nocumen-
1484 1883 1486 1928 ξ

1509 1681 1717 1717 personam
1746 1669 1956 1718 privatam:
1986 1670 2077 1718 quia
2113 1670 2301 1711 redundat
2328 1671 2367 1708 in
2402 1671 2580 1709 iniuriam

1513 1722 1627 1759 totius
1654 1722 1919 1770 multitudinis,
1948 1731 1990 1759 ut
2017 1735 2131 1771 supra
2149 1723 2169 1759 ἲ*
2197 1724 2341 1761 dictum
2381 1732 2448 1762 est.
2479 1725 2579 1762 Cum

1484 1775 1486 1820 ξ
1512 1782 1641 1811 autem
1661 1775 1818 1812 infertur
1846 1775 1981 1812 iniuria
2001 1775 2040 1813 in
2068 1777 2236 1826 aliquam
2263 1789 2471 1826 personam
2491 1789 2581 1815 con-

1512 1828 1680 1865 iunctam
1700 1828 1804 1865 alteri
1825 1829 2166 1879 qualitercumque,
2186 1829 2319 1867 iniuria
2338 1830 2400 1868 illa
2418 1830 2582 1880 pertinet

1512 1882 1560 1918 ad
1590 1881 1685 1918 duas
1712 1890 1911 1929 personas.
1955 1883 2004 1918 Et
2031 1882 2133 1929 ideo,
2163 1883 2298 1920 ceteris
2325 1883 2505 1933 paribus,
2534 1894 2580 1930 ert

1484 1939 1486 1955 ²
1511 1935 1587 1971 hoc
1606 1934 1689 1982 ipso
1709 1942 1935 1982 aggravatur
1953 1943 2167 1984 peccatum.
2189 1937 2320 1973 Potest
2338 1942 2471 1974 tamen
2486 1947 2581 1988 con-

1511 1987 1654 2035 tingere
1673 1987 1779 2036 quod
1808 1988 2022 2025 secundum
2043 1989 2192 2037 aliquas
2211 1989 2514 2039 circumstantias
2532 1989 2582 2027 sit

1483 2032 1486 2058 ἲ
1511 2040 1663 2088 gravius
1682 2048 1883 2088 peccatum
1912 2042 2018 2089 quod
2038 2042 2080 2080 fit
2109 2048 2242 2078 contra
2260 2053 2468 2091 personam
2488 2042 2582 2080 nulli

1512 2093 1775 2130 coniunctam:
1795 2095 1858 2130 vel
1877 2102 2034 2143 propter
2053 2094 2273 2143 dignitatem
2293 2107 2496 2144 personae,

1563 2201 1621 2236 AD
1641 2211 1778 2236 patmum
1798 2212 1896 2237 ERGO
1925 2212 2111 2238 mesanum
2140 2201 2246 2249 quod
2264 2200 2397 2238 iniuria
2418 2200 2521 2238 illata
2539 2199 2582 2238 in

1508 2263 1715 2301 personam
1736 2253 1979 2290 coniunctam
1998 2254 2126 2291 minus
2155 2261 2211 2290 est
2230 2253 2369 2291 nociva
2387 2264 2578 2302 personae

1511 2304 1570 2342 cui
1600 2305 1841 2353 coniungitur
1869 2318 1985 2355 quam
2007 2307 2037 2344 si
2057 2306 2095 2343 in
2125 2306 2248 2355 ipsam
2277 2307 2499 2344 immediate
2522 2306 2580 2344 in·

1510 2359 1688 2395 ferretur:
1729 2366 1765 2395 et
1803 2371 1847 2396 ex
1876 2360 1948 2396 hae
1981 2367 2088 2409 parte
2119 2367 2175 2396 est
2202 2359 2330 2397 minus
2361 2366 2577 2409 peccatum.

1511 2411 1588 2448 Sed
1616 2413 1692 2448 hoc
1718 2419 1842 2449 toturn
1872 2413 1977 2461 quod
2013 2413 2175 2462 pertinet
2202 2413 2251 2449 ad
2288 2413 2464 2451 iniuriam
2492 2420 2581 2461 perb-

1510 2477 1628 2501 sonae
1648 2464 1707 2501 cui
1727 2465 1979 2514 coniungitur,
2001 2466 2269 2514 superadditur
2291 2472 2450 2514 peccato
2469 2466 2578 2513 quod

1510 2517 1596 2565 quis
1619 2517 1774 2554 incurrit
1801 2529 1846 2554 ex
1866 2529 1912 2555 eo
1941 2519 2049 2566 quod
2070 2518 2185 2555 aliam
2214 2529 2422 2567 personam
2443 2530 2578 2556 secun-

1511 2571 1605 2607 dum
1635 2582 1675 2607 se
1703 2570 1829 2607 laedit.

1562 2625 1622 2659 AD
1650 2634 1840 2661 SECUNDUM
1859 2633 2045 2661 melerinum
2074 2623 2181 2672 quod
2208 2623 2367 2661 iniuriae
2395 2623 2518 2661 illatae
2538 2624 2578 2662 in

1509 2676 1646 2713 viduas
1675 2684 1711 2713 et
1728 2677 1894 2726 pupillos
1922 2676 2043 2724 magis
2071 2684 2355 2725 exaggerantur,
2375 2683 2458 2713 turn
2486 2677 2578 2725 quia

1483 2746 1485 2766 ι
1509 2729 1630 2777 magis
1651 2737 1899 2778 opponuntur
1919 2730 2216 2767 misericordiae.
2237 2730 2341 2766 Turn
2362 2730 2453 2778 quia
2473 2730 2583 2768 idem·

1510 2790 1787 2820 nocumentum
1807 2783 2028 2820 huiusmodi
2045 2783 2220 2832 personis
2238 2783 2429 2820 inflictum
2450 2791 2506 2820 est
2526 2783 2578 2820 eis

1510 2835 1674 2884 gravius,
1696 2836 1785 2884 quia
1814 2848 1892 2873 non
1920 2836 2064 2873 habent
2091 2837 2340 2874 relevantem.

1563 2890 1623 2925 An
1649 2899 1810 2926 ‘reanum
1837 2900 2022 2927 mesanum
2046 2889 2151 2938 quod
2170 2900 2241 2938 per
2260 2890 2336 2925 hoc
2355 2888 2461 2938 quod
2480 2899 2579 2927 uxor

1483 2958 1485 2972 ι
1509 2942 1722 2978 voluntarie
1744 2941 1930 2979 consentit
1948 2942 1987 2979 in
2006 2943 2247 2990 adulterium,
2263 2941 2475 2979 minoratur
2494 2940 2578 2993 qui·

1512 2995 1599 3032 dem
1619 3003 1821 3043 peccatum
1842 3002 1878 3032 et
1896 2994 2033 3032 iniuria
2054 3007 2098 3032 ex
2118 3003 2223 3045 parte
2252 2994 2369 3044 ipsius
2386 2994 2575 3032 mulieris:

1510 3047 1662 3096 gravius
1682 3048 1783 3085 enim
1805 3055 1904 3085 esset
1923 3048 1953 3085 si
1972 3049 2119 3086 adulter
2134 3049 2323 3086 violenter
2341 3059 2430 3085 eam
2449 3047 2583 3097 oppriu

1511 3107 1642 3137 meret.
1664 3102 1756 3138 Non
1774 3109 1905 3139 tamen
1919 3113 1988 3150 per
2002 3102 2077 3138 hoc
2095 3102 2237 3139 tollitur
2249 3101 2386 3138 iniuria
2405 3112 2450 3138 ex
2468 3103 2576 3150 parte

1510 3154 1602 3190 viri:
1632 3153 1722 3202 quia
1741 3165 1843 3190 uxor
1861 3166 1934 3191 non
1954 3155 2067 3191 habet
2078 3160 2298 3203 potestatem
2317 3154 2378 3192 sui
2393 3151 2575 3203 corporis,

1483 3226 1485 3234 =
1510 3207 1575 3242 sed
1591 3207 1662 3251 vir,
1682 3213 1723 3242 ut
1750 3207 1885 3258 dicitur
1904 3209 1917 3243 I
1938 3208 1990 3243 ad
2011 3208 2098 3244 Cor.
2118 3219 2166 3245 vu
2185 3208 2216 3244 ⁸.
2247 3209 2296 3244 Et
2323 3206 2575 3258 eademran'o

1513 3266 1567 3295 est
1587 3259 1634 3296 de
1653 3258 1849 3296 similibus.
1879 3260 1939 3296 De
1959 3259 2144 3297 adulterio
2168 3268 2309 3308 tamen,
2329 3260 2436 3310 quod
2454 3264 2468 3282 ⁸
2495 3268 2575 3297 non

1484 3355 1485 3358 Ἴ
1512 3312 1636 3348 solum
1657 3311 1828 3359 iustitiae,
1845 3313 1911 3350 sed
1933 3313 2046 3350 etiam
2063 3313 2219 3350 castitati
2235 3313 2442 3363 opponitur
2454 3311 2485 3359 ¹⁸,
2507 3311 2576 3350 erit

1510 3364 1616 3401 locus
1647 3365 1742 3401 infra
1760 3365 1780 3386 '¹‘
1808 3365 1943 3412 agendi
1970 3365 2009 3403 in
2036 3373 2195 3404 tractatu
2234 3367 2281 3405 de
2309 3364 2573 3416 temperantia.

1565 3495 1591 3527 γ)
1612 3494 1832 3520 involuntaria.-
1851 3496 2004 3521 voluntaria
2025 3495 2268 3529 PCDEFGHKpr
2287 3501 2313 3520 et
2331 3502 2357 3521 a.

1566 3529 1590 3561 ὃ)
1611 3530 1734 3555 iniuriae.
1747 3544 1764 3548 —
1783 3531 1930 3555 iniustitiae
1950 3531 1978 3555 P.

1567 3565 1588 3596 ε)
1608 3565 1688 3597 quod.
1701 3579 1720 3585 -
1737 3573 1796 3591 cum
1816 3566 1847 3595 G.
1866 3567 1929 3598 quia
1949 3567 1978 3592 P.

2516 2096 2581 2133 vel

2607 1072 2618 1084 ¹·
2631 1071 2700 1100 Κεφ.
2715 1072 2744 1094 nd
2758 1079 2775 1095 ι.
2787 1101 2793 1105 .

2607 1732 2817 1761 ·1·11·=‚qu.1.xxu1.
2840 1715 2844 1718 ὓ

2606 1763 2649 1782 ιη.
2659 1766 2682 1788 9.

2603 3220 2613 3230 ·
2627 3218 2695 3241 Vei-⁸.
2710 3226 2734 3246 4.

2704 3273 2715 3290 ε

2601 3317 2655 3339 ⁸1).
2669 3317 2708 3343 84.

2602 3375 2613 3385 ’
2620 3373 2670 3401 Qu.
2677 3379 2736 3400 cuv,
2743 3373 2815 3397 nrt-8.
