2670 4186
274 242 295 266 X

273 308 450 338 secundum
481 308 602 338 tertiam
636 308 689 338 sed
718 308 893 337 secundum
929 307 1062 346 primam
1086 305 1176 344 legit,
1202 304 1273 334 ideo
1302 311 1331 334 et

273 359 411 393 quatuor
435 351 590 391 prioribus
614 352 691 381 locis
715 352 754 381 ad
779 351 920 381 codicem
937 350 1055 390 primae
1073 358 1147 379 eum
1166 347 1331 378 recurrisse

274 402 366 436 patet.
397 396 532 430 Revera,
557 395 722 426 necessitas
746 405 820 425 eum
856 394 1010 433 compulit
1043 393 1185 422 codicem
1212 391 1331 431 primae

273 440 369 470 adire:
396 449 469 470 nam
493 440 650 479 graviores
675 448 792 469 errores
816 438 885 467 libri
909 440 975 467 Atr.
1003 437 1035 466 in
1060 436 1121 466 alio
1147 435 1253 466 tertiae
1278 445 1331 465 co-

273 484 339 514 dice
364 493 418 523 per
442 490 542 514 totam
565 483 743 513 Secundam
773 482 934 512 Secundae
965 480 1114 520 repetitos
1144 479 1330 514 invenisset;
1357 490 1359 519 j

272 527 339 567 ipsa
355 527 399 557 rei
422 527 576 557 evidentia
593 537 666 557 eum
683 526 840 556 docuisset
856 525 997 564 peiorem
1017 524 1158 554 codicem
1176 532 1330 564 spernere,

272 571 474 611 meliorisque
491 571 640 601 lectiones
658 571 816 609 adoptare.
841 569 1032 608 Exemplum
1056 568 1150 598 huius
1174 567 1278 607 accipe
1295 577 1331 596 ex
1357 586 1358 590 =

277 616 323 645 16.
333 615 462 655 futuri:
478 615 579 654 prima
592 617 656 644 Atr.
675 623 787 643 manus
801 613 850 643 hic
868 612 989 652 optime
1003 612 1092 652 legit:
1113 625 1127 638 κ
1143 611 1217 652 quia
1234 611 1330 651 aliqui

271 669 326 699 per
355 659 578 698 negligentiam
611 665 696 687 erant
726 664 967 696 transgressores
996 656 1093 687 futuri
1113 665 1146 692 »;
1173 655 1332 695 legislator

271 702 414 732 fraudem
446 703 627 742 aliquorum
655 701 838 741 praevidens
868 701 1013 731 undecim
1046 700 1146 730 tribus
1176 700 1329 730 decimam

271 756 431 786 quamque
451 753 571 785 partem
588 751 802 785 proventuum
825 744 972 775 Leviticis
989 745 1061 774 dare
1077 745 1179 780 iubet3
1196 744 1250 774 sed
1267 753 1331 774 cor·
1357 764 1359 775 ι

270 797 371 820 rector
392 793 460 820 Atr.
475 789 609 830 furtum
635 790 685 819 vel
699 788 854 830 futurum
888 789 1065 819 secundum
1094 788 1229 828 primam
1254 788 1330 818 clas-

270 844 336 864 sem
359 834 420 873 legi
436 834 518 869 vult;
543 843 609 863 non
626 833 686 863 alia
709 833 852 873 profecto
868 833 988 863 ratione
1012 833 1126 863 ductus
1142 842 1240 873 quam
1257 831 1331 872 quia

270 877 379 913 codici,
404 887 421 907 a
445 888 510 918 quo
535 878 599 908 iam
623 884 670 908 tot
692 877 838 907 meliores
861 877 1013 907 lectiones
1036 877 1174 907 mutuari
1199 882 1330 916 poterat,

270 921 371 952 ethic
401 922 593 952 credendum
626 931 692 952 esse
716 921 847 961 putavit.
883 921 980 951 Aliud
1009 922 1190 961 exemplum
1227 920 1331 959 accipe

269 966 518 1005 correspondens
547 967 594 996 13.
618 966 684 1003 sed,
710 975 768 1005 pro
792 965 965 995 secundum
990 965 1137 1006 frequens
1157 964 1330 1004 corruptio,

268 1019 304 1040 ex
327 1010 389 1047 Qu.
415 1020 452 1040 cx
476 1017 531 1040 art.
556 1020 566 1040 1
590 1008 659 1052 (η);
688 1022 702 1037 «
722 1010 800 1039 ratio
825 1009 979 1040 mendacii
1002 1010 1138 1040 sumitur
1165 1019 1184 1039 a
1207 1008 1330 1039 formali

268 1053 413 1090 falsitate,
438 1055 494 1084 sed
522 1054 583 1084 hoc
613 1054 729 1084 scilicet
758 1054 846 1094 quod
870 1053 983 1094 aliquis
1013 1054 1108 1084 habet
1133 1054 1330 1084 voluntatem

267 1097 382 1128 falsum
398 1098 582 1128 enuntiandi
602 1111 616 1125 »
631 1106 638 1134 ;
664 1097 755 1128 ceteri
773 1098 880 1128 tertiae
900 1098 1005 1128 classis
1021 1098 1194 1128 secundum
1210 1098 1331 1137 legunt,

268 1149 424 1173 corrector
446 1144 513 1173 Atr.
539 1152 633 1182 super
656 1149 813 1181 expuncto
837 1142 894 1172 sed
916 1142 1022 1172 scribit
1040 1152 1092 1179 ex,
1117 1142 1206 1182 quod
1230 1141 1330 1182 prima

268 1186 372 1216 classis
396 1186 479 1225 legit.
505 1186 598 1216 Locis
614 1187 692 1216 bene
709 1186 816 1215 multis
831 1186 982 1216 lectiones
1000 1186 1119 1226 primae
1136 1186 1241 1216 classis
1258 1195 1331 1215 cum

268 1230 515 1262 correctionibus
531 1233 598 1261 Atr.
616 1230 783 1260 convenire
808 1230 1082 1270 deprehendimus.
1109 1230 1270 1260 interdum
1287 1236 1330 1259 ta-
1356 1241 1358 1253 ³

1356 1278 1358 1287 ”
1386 1282 1471 1303 mere
1494 1274 1582 1313 quod
1606 1273 1774 1303 desiderari
1798 1273 1938 1303 credidit.

267 1284 340 1304 men
365 1285 421 1305 nec
445 1284 517 1305 cum
542 1274 643 1314 prima
667 1284 723 1304 nec
747 1284 821 1304 cum
844 1274 933 1304 tertia
957 1274 1028 1304 facit
1052 1280 1217 1309 corrector,
1243 1283 1330 1313 prae·

267 1318 374 1348 sertim
407 1318 459 1349 ubi
491 1325 624 1358 utraque
657 1318 738 1348 male
761 1318 844 1357 legit.
869 1318 924 1348 Ex.
956 1328 1001 1357 gr.
1028 1318 1091 1354 Qu.
1109 1327 1190 1347 cxxn
1213 1324 1268 1347 art.
1297 1327 1329 1346 111
1356 1339 1357 1342 η

268 1372 353 1403 corp.
378 1369 498 1393 textum
523 1362 618 1392 Isaiae
634 1372 700 1402 cap.
718 1372 811 1391 xxvnr
830 1371 909 1391 vers.
937 1371 976 1391 20
1000 1361 1075 1401 legit
1099 1361 1200 1400 prima
1216 1370 1329 1391 manus

266 1406 323 1436 ita:
353 1411 563 1447 angustatum
596 1411 642 1436 est
675 1410 710 1435 ut
740 1410 846 1435 ratum
872 1410 902 1435 et
924 1405 1008 1435 alter
1037 1405 1182 1442 decidat,·
1212 1415 1271 1445 pro
1295 1410 1330 1435 ut

267 1458 312 1480 est
336 1460 441 1480 rasura
472 1450 606 1480 duarum
630 1449 680 1479 vel
703 1449 801 1479 trium
826 1448 1002 1479 litterarum
1026 1458 1136 1489 capax;
1168 1449 1223 1479 sed
1253 1448 1328 1489 quid

267 1502 424 1525 corrector
447 1493 553 1524 raserit
569 1494 674 1523 videre
697 1499 744 1523 est
763 1503 798 1523 ex
815 1493 912 1524 Taur.
937 1494 1032 1524 Maz.:
1057 1498 1267 1534 angustatum
1284 1499 1329 1524 est
1355 1491 1357 1531 ζ

267 1544 302 1569 ut
325 1544 431 1569 ratum
457 1537 597 1580 (raptum
621 1535 734 1578 Taur.)
759 1542 789 1567 et
811 1537 907 1567 aliter
929 1537 1056 1568 decidat
1062 1545 1075 1575 ,·
1098 1537 1200 1577 prima
1224 1537 1329 1568 classis

266 1583 375 1613 habet:
407 1587 616 1623 angustatum
641 1587 687 1612 est
711 1586 818 1611 ratum
844 1587 879 1612 ut
901 1581 984 1612 alter
1006 1582 1149 1619 decidat,
1174 1581 1254 1612 idest
1283 1587 1329 1612 est

267 1632 373 1657 ratum
397 1637 456 1667 pro
471 1625 491 1657 ἔ
510 1631 658 1656 stratum.
684 1625 745 1655 Hic
761 1625 930 1656 correctori
949 1629 1016 1656 Atr.
1032 1635 1115 1666 aqua
1137 1626 1258 1662 haeret;
1282 1635 1328 1656 re·
1355 1635 1356 1646 ³

267 1671 362 1701 currit
386 1672 424 1701 ad
442 1670 583 1701 codicem
599 1669 776 1700 Bibliorum
792 1676 827 1700 ut
842 1669 884 1699 ibi
902 1670 1128 1700 correctionem
1146 1670 1328 1710 depromat;

266 1715 372 1746 scribit
396 1715 497 1745 enim:
529 1719 775 1754 coangustatum
806 1719 854 1744 est
876 1719 1013 1744 stratum
1044 1715 1088 1744 ita
1113 1720 1148 1745 ut
1170 1715 1255 1745 alter
1276 1714 1329 1745 de-

266 1759 362 1790 cidat.
392 1760 436 1790 Ita
469 1759 531 1789 fere
555 1758 749 1798 ubicumque
777 1765 985 1788 correctorem
1009 1758 1204 1798 singulariter
1227 1759 1329 1798 legere

266 1803 483 1843 deprehendis,
508 1803 661 1833 mendum
684 1802 716 1832 in
733 1802 834 1842 prima
857 1802 954 1833 classe
973 1803 1123 1833 invenies.
1149 1802 1327 1833 Concludu-

267 1858 338 1878 mus
362 1854 487 1888 oportet
511 1853 721 1878 correctorem
745 1849 829 1883 Atr.,
854 1853 1058 1887 quaerentem
1082 1847 1166 1877 unde
1197 1847 1328 1878 mendo-

266 1902 339 1922 sum
362 1892 479 1922 librum
495 1891 684 1926 emendaret,
701 1890 733 1920 in
758 1891 900 1921 codicem
915 1891 1035 1931 primae
1052 1891 1157 1921 classis
1173 1891 1328 1930 incidisse,

266 1946 383 1976 eoque,
413 1936 519 1966 aetatis
551 1943 580 1965 et
604 1935 782 1974 vulgarium
814 1943 1028 1966 correctorum
1063 1935 1185 1966 ratione
1213 1936 1328 1971 habita,

266 1980 377 2011 sedulo
402 1980 628 2020 diligenterque
653 1989 748 2009 usum
772 1989 848 2010 esse.

322 2025 399 2055 Item
423 2024 515 2054 nobis
531 2024 724 2054 excludenda
739 2030 786 2054 est
801 2023 891 2063 origo
908 2023 1056 2054 codicum
1080 2024 1200 2064 primae
1224 2024 1330 2056 classis

265 2078 302 2099 ex
325 2071 391 2100 Atr.
417 2075 567 2104 correcto,
592 2068 617 2097 si
641 2067 858 2098 habitudinem
882 2074 984 2098 textus
1009 2068 1128 2108 primae
1152 2069 1329 2099 considera—

265 2123 347 2143 mus.
373 2112 653 2144 Constructionem
677 2111 828 2142 orationis
853 2118 954 2142 textus
969 2112 1050 2142 ABF
1074 2113 1229 2152 integram
1252 2122 1329 2150 esse,

266 2157 496 2192 cohaerentem,
514 2156 661 2192 sobriam,
678 2166 744 2186 non
769 2155 899 2186 fractam
924 2157 974 2186 vel
997 2156 1175 2193 confusam,
1193 2157 1329 2197 exceptis

266 2201 445 2232 necessariis
458 2200 551 2241 primi
563 2200 736 2240 apographi
749 2200 881 2237 mendis,
891 2210 987 2230 nemo
1000 2201 1135 2241 negabit.
1152 2201 1233 2238 Quis
1243 2211 1328 2238 vero,

266 2245 321 2286 qui
344 2245 498 2276 variantes
515 2244 661 2275 codicum
678 2244 878 2275 considerans
893 2244 1008 2276 indicia
1023 2245 1256 2277 correctionum
1279 2245 1328 2276 in-

265 2296 418 2320 sertarum
446 2290 604 2320 advertere
634 2289 745 2319 solitus
774 2296 837 2327 est,
861 2289 1015 2320 dubitabit
1039 2290 1117 2329 quin
1145 2290 1328 2330 frequentis-

266 2334 344 2364 sima
374 2333 607 2364 correctionum
637 2333 797 2372 adaptatio
828 2340 948 2363 textum
979 2340 1127 2364 truncum
1151 2335 1200 2364 vel
1231 2336 1328 2365 abun-

266 2379 393 2409 dantem
417 2375 619 2408 reddidisset?
642 2377 674 2407 Si
699 2387 773 2416 ergo
790 2384 892 2407 textus
909 2377 1028 2417 primae
1052 2378 1158 2409 classis
1176 2388 1211 2408 ex
1228 2379 1329 2419 prima

266 2433 363 2453 manu
384 2425 449 2453 Atr.
475 2429 505 2452 et
523 2421 712 2452 lectionibus
728 2421 911 2452 correctoris
928 2421 995 2452 eius
1011 2422 1166 2454 coaluisse
1189 2429 1328 2462 putatur,

265 2477 333 2498 rem
356 2477 374 2496 a
397 2466 523 2496 saeculo
556 2465 731 2496 inauditam
766 2466 914 2495 accidisse
949 2467 1140 2502 credendum
1171 2473 1232 2497 est:
1264 2474 1328 2498 tam

267 2511 432 2542 delicatam
456 2517 486 2540 et
509 2509 642 2550 politam
665 2509 945 2540 innumerabilium
969 2511 1202 2541 correctionum
1221 2511 1253 2540 in
1269 2518 1330 2542 tex-

266 2563 335 2586 tum
359 2555 573 2590 insertionem,
598 2561 632 2584 ut
655 2553 754 2584 factae
777 2554 956 2584 insertionis
979 2555 1067 2586 nulla
1082 2555 1115 2584 in
1132 2561 1217 2585 textu
1242 2555 1329 2595 signa

266 2598 471 2630 animadverti
491 2598 622 2638 possint.
647 2598 767 2628 Textus
790 2608 864 2638 ergo
882 2598 1003 2630 solidus
1022 2606 1052 2629 et
1068 2599 1239 2629 continuus
1263 2610 1328 2630 non

266 2654 303 2674 ex
334 2643 443 2684 primis
474 2650 504 2672 et
527 2642 672 2672 secundis
703 2643 850 2673 manibus
880 2643 1116 2683 conglutinatus
1149 2650 1208 2680 est,
1234 2645 1287 2674 sed
1311 2654 1328 2674 a

266 2698 392 2719 summa
408 2687 529 2727 origine
545 2694 659 2727 sponte
671 2687 820 2717 manavit.
839 2704 857 2709 -
873 2687 959 2725 Quid
976 2688 1064 2728 quod
1077 2687 1199 2718 etiamsi
1216 2698 1328 2719 omnes

265 2736 333 2763 Atr.
350 2731 559 2762 correctiones
582 2730 680 2761 textui
699 2731 819 2771 primae
834 2741 948 2762 manus
969 2732 1124 2772 perpolite
1140 2732 1327 2772 applicuisti,

256 2777 360 2816 >longe
390 2777 462 2807 abes
493 2785 511 2805 a
538 2774 731 2818 perfectione
761 2782 791 2806 et
820 2776 1000 2806 excellentia
1030 2776 1174 2807 lectionis
1207 2776 1327 2816 primae

265 2821 382 2856 classis,
397 2829 495 2860 quam
512 2819 610 2850 nostri
622 2819 702 2850 ABF
716 2826 958 2859 repraesentant.
979 2820 1141 2851 Articulus
1157 2831 1251 2860 supra
1268 2831 1326 2861 pro

265 2864 411 2904 exemplo
446 2863 616 2903 exscriptus
649 2864 711 2893 hoc
741 2864 834 2904 plane
869 2864 1073 2895 demonstrat.
1106 2866 1154 2895 Ne
1185 2865 1326 2896 dicamus
1353 2882 1354 2898 1

265 2919 350 2949 ergo,
374 2910 441 2939 Atr.
467 2907 606 2948 primum
626 2908 785 2948 exemplar
807 2918 875 2939 esse
891 2918 930 2939 eo
950 2918 1043 2939 sensu
1068 2915 1103 2940 ut
1127 2909 1219 2940 ceteri
1236 2919 1273 2939 ex
1287 2919 1326 2940 eo

265 2952 411 2992 descripti
427 2958 539 2982 essent.
565 2951 757 2982 Communis
773 2953 872 2983 codex
893 2953 1000 2983 tertiae
1016 2953 1120 2983 classis
1135 2960 1191 2990 est,
1211 2953 1244 2984 in
1259 2963 1325 2994 quo

265 3004 296 3028 et
319 3006 439 3027 errores
463 2995 648 3035 exemplaris
672 2996 721 3026 sui
740 3003 953 3036 perseverent,
979 3004 1009 3028 et
1032 2997 1084 3027 alii
1107 3008 1124 3027 a
1148 3008 1208 3028 suo
1227 2997 1325 3038 ipsius

265 3041 391 3071 librario
414 3039 586 3070 introducti
610 3047 693 3076 sunt,
719 3047 754 3070 ut
776 3040 979 3071 librariorum
1003 3048 1059 3072 est.

321 3085 355 3115 In
373 3094 505 3124 corpore
521 3083 652 3114 Articuli
669 3084 823 3124 exscripto
848 3085 1049 3115 occasionem
1074 3094 1139 3115 non
1155 3085 1325 3116 habuimus

265 3129 396 3159 notandi
418 3128 687 3168 interpolationes,
707 3138 786 3168 quas
809 3128 898 3159 tertia
921 3128 1025 3159 classis
1040 3129 1089 3159 vel
1112 3135 1179 3159 tota
1202 3129 1252 3159 vel
1276 3139 1324 3159 ex-

266 3180 358 3213 cepto
382 3173 479 3203 Taur.
508 3172 654 3203 ostendit.
679 3172 763 3209 Quia
787 3173 849 3209 Qu.
868 3183 936 3202 cxvr
964 3179 1020 3204 art.
1040 3183 1070 3203 1v
1094 3173 1133 3203 ad
1160 3174 1187 3203 3.
1206 3183 1222 3203 e
1239 3179 1323 3203 textu

265 3217 452 3248 sustulimus
479 3217 569 3248 Unde
585 3224 715 3247 versus:
738 3216 774 3246 Si
792 3217 863 3256 quis
886 3218 917 3246 in
934 3217 992 3247 hoc
1012 3217 1130 3247 mundo
1155 3217 1223 3248 vult
1245 3217 1325 3248 mul-

265 3263 307 3292 tis
329 3262 435 3303 gratis
457 3261 585 3298 haberi,
610 3261 683 3298 Det,
707 3262 829 3301 capiat,
852 3266 1002 3301 quaerat,
1021 3261 1182 3301 plurima,
1202 3270 1323 3302 pauca,

266 3306 354 3342 nihil,
379 3305 523 3346 quamvis
547 3305 591 3336 S„
606 3305 750 3335 Thomas
765 3305 924 3335 interdum
949 3305 1024 3335 tales
1042 3315 1150 3336 versus
1175 3305 1258 3341 citat,
1274 3305 1325 3336 hic
1351 3320 1353 3328 ‹

266 3350 388 3389 aliquot
409 3349 560 3379 lectiones
584 3349 786 3389 interpolatas
811 3349 917 3379 tertiae
942 3349 1047 3379 classis
1070 3359 1250 3390 proponere
1273 3359 1326 3379 vo-

265 3394 383 3424 lurnus.
418 3393 602 3424 Lectionem
637 3393 756 3433 primae
789 3393 893 3423 classis
930 3393 1057 3424 lectioni
1092 3393 1324 3434 interpolatoris

266 3437 506 3478 praemittimus.

321 3482 384 3518 Qu.
409 3481 581 3512 LXXXVII
614 3489 669 3512 art.
693 3492 703 3511 1
730 3491 746 3511 2
771 3491 833 3521 arg.
869 3495 883 3510 α
902 3482 1078 3512 secundum
1105 3481 1184 3512 illud
1213 3482 1325 3512 Matth.

266 3525 336 3556 ult.:
372 3526 530 3556 Docentes
564 3535 618 3556 eos
643 3535 761 3556 servare
785 3525 893 3556 omnia
925 3535 1148 3567 quaecumque
1177 3525 1326 3556 mandavi

264 3570 356 3599 vobis
375 3578 409 3605 »;
434 3570 556 3600 Euntes
579 3569 724 3600 docentes
749 3568 876 3600 omnes.'

1443 304 1520 336 Ibid.
1541 319 1554 333 ι
1570 315 1644 336 nam
1658 306 1746 346 quod
1760 305 1920 336 Dominus
1936 305 1975 334 de
1992 304 2122 334 decimis
2137 303 2213 335 dicit
2231 304 2342 335 Matth.
2356 313 2445 334 xxm:

1384 348 1463 379 haec
1485 351 1624 388 oportuit
1638 349 1768 390 facere,
1786 350 1826 379 ad
1845 355 1971 388 tempus
1988 348 2193 388 praeteritum
2209 348 2316 388 legalis
2341 349 2447 378 obser-

1357 388 1359 410 5
1386 392 1508 422 varitiae
1532 393 1732 423 referendum
1755 393 1878 423 videtur
1897 401 1930 428 »;
1962 393 2023 422 Vae
2047 392 2132 423 vobis
2154 393 2209 432 qui
2223 392 2387 422 decimatis
2403 393 2447 424 vi-

1386 440 1451 466 tam
1476 440 1533 466 etc.
1556 437 1614 467 hoc
1637 438 1776 477 oportuit
1800 443 1856 468 etc.
1871 436 1991 478 facere
2014 435 2074 466 sic!
2100 445 2221 466 omnes.
2242 436 2339 473 Quod
2358 436 2448 467 tertia

1385 478 1436 509 hic
1460 479 1579 519 primae
1601 481 1697 517 addit,
1721 488 1891 522 postquam
1915 481 1979 510 iarn
2003 480 2122 510 dictum
2144 487 2223 510 erat:
2253 493 2268 507 α
2288 479 2448 512 Dominus

1385 523 1425 553 de
1447 523 1578 554 decimis
1601 524 1674 555 dicit
1693 538 1721 561 »,
1746 524 1943 565 superfluum
1967 531 2013 555 est
2036 531 2066 554 et
2089 524 2183 554 etiam
2207 534 2244 554 ex
2267 524 2366 554 modo
2388 534 2447 555 suo

1386 566 1664 606 interpolationem
1681 569 1811 600 redolet.
1836 569 2005 600 Corrector
2019 571 2086 599 Atr.
2104 568 2256 608 expungit
2274 573 2344 605 etc„
2361 574 2448 598 utro-

1386 620 1448 651 que
1471 611 1554 641 loco.

1442 654 1519 685 Ibid.
1544 662 1600 686 art.
1624 665 1654 685 ιν
1683 665 1706 686 α
1741 670 1754 684 c
1773 656 1866 686 Unde
1895 666 1980 686 nunc
2011 657 2122 687 eadem
2151 656 2272 687 ratione
2302 663 2449 687 tenentur

1387 698 1488 729 clerici
1512 699 1648 729 Summo
1672 698 1816 730 Pontifici
1848 700 2004 730 decimam
2034 701 2122 736 dare,
2154 700 2180 730 si
2210 700 2354 740 exigeret.
2385 701 2446 731 Na-

1386 742 1494 773 turalis
1518 743 1602 773 enim
1626 743 1705 773 ratio
1730 743 1825 774 dictat
1840 750 1875 774 ut
1898 744 1943 774 illi
1967 744 2022 784 qui
2046 745 2140 775 habet
2168 755 2279 775 curam
2303 745 2343 775 de
2366 754 2449 775 com-

1386 789 1476 818 muni
1499 787 1713 817 multitudinis
1741 792 1839 824 statu,
1864 788 2067 827 provideatur
2090 788 2175 819 unde
2206 788 2307 828 possit
2335 788 2448 829 exequi

1386 841 1422 862 ea
1445 841 1526 872 quae
1550 831 1708 871 pertinent
1731 831 1770 861 ad
1795 841 2002 862 communem
2025 832 2158 863 salutern
2178 842 2212 869 »;
2236 842 2349 863 omnes
2376 840 2450 873 post

1386 885 1497 906 curam
1523 876 1643 906 addunt
1665 876 1871 912 animarum,
1895 885 1962 915 quo
1991 876 2099 906 addito
2129 876 2284 908 ratiocinii
2309 887 2450 908 oecono-

1386 919 1484 950 miam
1519 927 1676 951 corrector
1709 929 1839 960 prorsus
1866 926 1984 950 mutat:
2020 921 2201 951 communis
2235 921 2449 952 multitudinis

1385 969 1489 995 status
1512 965 1551 994 de
1573 965 1736 1004 spirituali
1758 963 1794 994 fit
1818 964 2017 1003 temporalis,
2044 970 2075 994 et
2097 971 2337 1004 argumentum,
2359 966 2448 1006 quod

1386 1009 1424 1039 de
1448 1008 1518 1039 solo
1545 1009 1680 1039 Summo
1704 1007 1856 1038 Pontifice
1881 1015 1936 1044 est,
1961 1007 2122 1039 deseritur.

1442 1053 1505 1089 Qu.
1531 1053 1691 1083 LXXXIX
1719 1059 1774 1083 art.
1799 1063 1822 1082 11
1851 1063 1859 1082 1
1889 1062 1952 1092 arg.
1981 1066 1994 1079 «
2012 1052 2099 1082 Nihil
2123 1052 2209 1082 enim
2231 1054 2321 1093 quod
2344 1053 2450 1094 prohi-

1386 1097 1477 1127 betur
1499 1097 1531 1126 in
1553 1097 1622 1137 lege
1646 1097 1751 1127 divina
1783 1103 1829 1127 est
1851 1096 1984 1127 licitum.
2016 1097 2077 1127 Sed
2101 1096 2316 1128 iuramentum
2342 1098 2449 1137 prohi-

1385 1141 1476 1171 betur
1499 1141 1610 1172 Matth.
1626 1151 1678 1171 v...
1696 1141 1800 1171 et·Iac.
1816 1151 1836 1170 v
1855 1150 1882 1177 »ς
1907 1150 2020 1171 omnes
2043 1148 2165 1181 praeter
2187 1141 2285 1172 Taur.
2309 1148 2384 1181 post
2402 1142 2449 1172 al-

1385 1191 1489 1216 terum
1506 1185 1697 1225 prohibetur
1719 1185 1841 1216 addunt
1864 1186 1896 1215 in
1921 1186 1993 1225 lege
2006 1185 2136 1222 divina;
2159 1192 2194 1216 ut
2209 1186 2333 1219 videtur
2354 1186 2449 1217 inter-

1385 1229 1511 1269 polator
1541 1239 1606 1259 non
1635 1229 1787 1260 intellexit
1816 1229 2017 1260 Matthaeum
2042 1237 2072 1260 et
2094 1229 2245 1261 Iacobum
2262 1230 2326 1260 iam
2349 1230 2449 1271 expri—

1441 1316 1518 1347 Ibid.
1543 1323 1598 1347 art.
1623 1326 1665 1346 vn
1689 1310 1708 1346 δ
1735 1329 1750 1344 «
1768 1315 1815 1346 Et
1831 1316 1904 1346 ideo
1927 1316 2144 1348 iuramentum
2167 1328 2232 1348 non
2257 1325 2304 1349 est
2327 1328 2451 1350 servan-

1385 1360 1463 1390 dum
1486 1360 1518 1390 in
1544 1370 1582 1390 eo
1606 1370 1680 1391 casu
1704 1370 1771 1400 quo
1794 1366 1841 1390 est
1863 1368 2030 1400 peccatum
2045 1361 2095 1391 vel
2118 1362 2195 1392 boni
2210 1362 2448 1402 impeditivum:

1356 1409 1357 1412 ’
1383 1404 1558 1435 secundum
1593 1406 1676 1435 enim
1711 1410 1882 1444 utrumque
1913 1404 2029 1434 horum
2059 1405 2159 1444 vergit
2190 1405 2224 1436 in
2261 1407 2448 1441 deteriorem

1355 1456 1357 1460 ’
1384 1448 1504 1479 exitum
1525 1457 1562 1485 »;
1586 1448 1760 1479 secundum
1785 1450 1868 1479 enim
1891 1449 2110 1490 Augustinum
2134 1448 2307 1490 utrumque
2336 1461 2450 1485 omne·

1383 1499 1505 1533 praeter
1527 1493 1626 1524 Taur.
1654 1493 1702 1523 Ex
1724 1492 1826 1533 prima
1853 1493 1950 1523 classe
1980 1494 2087 1524 nullus
2118 1493 2178 1524 nisi
2200 1493 2227 1524 B
2249 1494 2331 1527 hanc
2353 1495 2450 1529 inter·

1384 1537 1581 1577 polationem
1605 1537 1738 1568 exhibet.

1439 1581 1518 1612 Ibid.
1547 1588 1603 1612 art.
1634 1591 1664 1611 rx
1697 1594 1713 1608 κ
1736 1581 1787 1611 Ad
1818 1582 1996 1612 secundum
2027 1581 2199 1612 dicendum
2229 1583 2319 1623 quod
2347 1583 2449 1617 homo

1383 1632 1488 1666 potest
1508 1625 1596 1657 alteri
1611 1625 1795 1666 promittere
1811 1625 1931 1666 aliquid
1946 1625 2125 1666 dupliciter:
2151 1636 2217 1657 uno
2234 1627 2334 1658 modo
2356 1629 2451 1669 quasi

1384 1670 1542 1710 pertinens
1566 1670 1605 1700 ad
1629 1669 1795 1700 utilitatem
1819 1669 1918 1709 ipsius
1937 1679 1970 1706 »;
1997 1671 2126 1710 quando
2143 1672 2304 1711 promittit
2326 1672 2450 1714 aliquid

1383 1724 1495 1744 omnes
1518 1721 1641 1754 praeter
1663 1714 1772 1750 Taur.,
1796 1714 1852 1754 qui
1875 1716 1968 1754 quasi
1991 1715 2168 1755 corrumpit
2190 1714 2223 1746 in
2245 1716 2340 1756 quod.

1439 1758 1503 1795 Qu.
1533 1758 1606 1789 XCI
1631 1765 1686 1789 art.
1710 1768 1733 1788 11
1763 1771 1776 1786 «
1796 1758 1971 1795 Praeterea,
1998 1759 2216 1800 Hieronymus
2238 1770 2334 1800 super
2368 1760 2449 1793 illud

1382 1803 1500 1843 Ephes.
1524 1811 1557 1832 v:
1585 1802 1761 1833 Cantantes
1783 1807 1814 1833 et
1830 1803 2008 1842 psallentes
2029 1803 2062 1833 in
2086 1803 2234 1834 cordibus
2259 1804 2378 1841 vestris,
2403 1805 2449 1837 di-

1383 1847 1423 1878 cit
1441 1856 1474 1883 »;
1507 1852 1536 1878 et
1566 1847 1701 1878 habetur
1723 1848 1754 1877 in
1778 1847 1926 1878 Decretis
1948 1848 2032 1878 Dist.
2055 1847 2144 1878 XIV
2160 1858 2187 1879 c.
2215 1848 2391 1881 Cantantes
2418 1855 2450 1882 ot

1378 1892 1554 1932 psallentes
1584 1901 1697 1921 omnes
1727 1898 1848 1931 praeter
1870 1891 1968 1922 Taur.
1998 1891 2130 1922 Librarii
2165 1891 2449 1933 interpolationem

1384 1936 1466 1966 male
1483 1936 1633 1971 inserunt,
1651 1935 1726 1976 quia
1742 1941 1908 1966 cantantes
1923 1935 1971 1966 bis
1986 1936 2158 1975 legendum
2173 1935 2264 1968 foret.

1440 1981 1504 2018 Qu.
1536 1979 1637 2011 XCIII
1669 1986 1724 2011 art.
1748 1990 1771 2010 11
1793 1991 1814 2016 η
1849 1993 1862 2008 ‹
1882 1980 1975 2011 Unde
2005 1980 2205 2020 Augustinus
2236 1981 2269 2011 in
2295 1981 2379 2013 libro
2409 1982 2449 2017 de

1383 2025 1466 2056 Vera
1491 2024 1657 2064 Religione
1687 2023 1810 2055 inducit
1832 2025 1921 2064 quod
1946 2024 2060 2056 dicitur
2083 2025 2161 2055 Luc.
2192 2034 2268 2056 xv11:
2299 2025 2450 2066 Regnum

1383 2069 1443 2100 Dei
1465 2069 1547 2100 intra
1569 2078 1626 2099 vos
1649 2075 1706 2106 est,
1730 2074 1843 2100 contra
1867 2068 2104 2109 superstitiosos
2123 2077 2154 2106 »;
2178 2069 2321 2110 loquitur
2334 2076 2449 2105 com

1384 2123 1508 2144 omnes.

1443 2158 1505 2194 Qu.
1535 2156 1624 2187 XCV
1655 2163 1711 2187 art.
1736 2167 1755 2186 v
1778 2166 1798 2187 κ
1830 2171 1842 2184 α
1861 2157 1911 2187 Ad
1944 2157 2121 2188 secundum
2155 2157 2327 2188 dicendum
2358 2158 2450 2200 quod

1382 2201 1569 2232 huiusmodi
1585 2201 1736 2240 astrologi
1759 2210 1796 2231 ex
1819 2201 2071 2232 consideratione
2092 2209 2251 2233 astrorum
2270 2202 2450 2244 frequenter

1382 2255 1455 2277 vera
1478 2245 1702 2286 praenuntiant
1725 2246 1883 2286 contingit
1910 2245 2077 2286 dupliciter
2094 2255 2126 2284 »ς
2158 2251 2188 2278 et
2209 2247 2269 2278 hoc
2290 2248 2450 2289 contifflit

1384 2300 1506 2326 omnes,
1523 2290 1579 2320 sed
1602 2289 1771 2320 correctori
1794 2289 1901 2329 potius
1924 2290 2106 2321 huiusmodi
2129 2290 2162 2322 in
2184 2291 2244 2322 hoc
2271 2291 2358 2331 quod
2376 2301 2450 2326 mu·

1383 2335 1517 2365 tandum
1542 2333 1662 2364 fuisset.

1611 2424 1798 2452 ANNOTATIO
1822 2431 2012 2452 VARIANTIUM
2035 2424 2114 2454 ATR.
2130 2423 2222 2454 Vuln-

1439 2510 1545 2540 Primo
1570 2509 1702 2540 elencho
1719 2516 1870 2540 notamus
1893 2509 2009 2550 quibus
2024 2510 2103 2541 locis
2127 2521 2186 2542 nos
2204 2511 2349 2551 legamus
2372 2521 2448 2543 con-

1383 2562 1429 2586 tra
1448 2563 1641 2585 consensum
1657 2553 1771 2584 Pianae
1795 2561 1826 2584 et
1841 2556 1909 2585 Atr.
1926 2554 2032 2591 Vind.,
2049 2555 2153 2586 adsint
2171 2556 2203 2585 in
2220 2562 2374 2596 apparatu
2397 2556 2449 2588 vel

1384 2609 1449 2630 non
1473 2598 1576 2629 adsint
1599 2597 1696 2638 aliqui
1713 2597 1837 2628 codices
1857 2607 1892 2628 ex
1916 2598 2018 2638 prima
2043 2599 2140 2630 classe
2158 2600 2208 2630 vel
2223 2609 2347 2632 omneS.
2371 2600 2449 2632 Ubi-

1383 2652 1521 2683 cumque
1549 2652 1643 2682 ergo,
1667 2648 1788 2682 praeter
1810 2642 1890 2672 locis
1912 2643 1975 2673 hoc
1998 2643 2131 2675 elencho
2154 2643 2265 2681 citatis,
2289 2643 2448 2676 reficimus

1382 2687 1553 2718 lectionem
1583 2686 1723 2722 Pianam,
1748 2687 1837 2727 quod
1861 2694 1991 2727 apparet
2018 2687 2050 2718 in
2073 2687 2156 2719 notis
2181 2698 2217 2719 ex
2241 2687 2332 2728 signo
2354 2689 2391 2725 P,
2413 2688 2447 2721 in

1354 2742 1356 2771 5
1382 2738 1469 2763 textu
1497 2731 1652 2762 habemus
1679 2730 1851 2761 lectionem
1874 2733 1942 2762 Atr.
1963 2731 2057 2763 Vind.
2081 2739 2113 2763 et
2140 2742 2254 2764 eorum
2283 2742 2321 2764 ex
2344 2732 2448 2773 prima

1382 2776 1479 2808 classe
1503 2775 1559 2815 qui
1582 2775 1615 2805 in
1636 2781 1712 2805 nota
1735 2781 1887 2806 tacentur.
1911 2776 1959 2806 De
1975 2777 2214 2816 exceptionibus
2236 2776 2319 2808 infra
2339 2786 2446 2809 sermo

1382 2821 1448 2851 erit.
1474 2820 1536 2851 Ubi
1559 2829 1643 2850 unus
1667 2819 1767 2850 codex
1788 2819 1821 2850 in
1844 2819 1906 2850 hoc
1925 2820 2059 2851 elencho
2083 2821 2234 2860 signatur,
2254 2820 2448 2862 intelligatur

1381 2875 1440 2895 nos
1454 2864 1558 2904 legere
1574 2873 1648 2895 cum
1671 2863 1727 2894 illo
1751 2863 1807 2904 qui
1824 2870 1963 2895 tacetur:
1988 2865 2039 2895 hic
2056 2865 2142 2895 enim
2161 2865 2325 2905 signamus
2337 2865 2447 2902 lectio-

1381 2919 1436 2940 nes
1461 2919 1478 2938 a
1503 2908 1596 2939 nobis
1619 2907 1759 2939 reiectas.

1439 2952 1503 2989 Qu.
1520 2951 1606 2983 XCII
1631 2959 1687 2983 art.
1709 2963 1719 2982 1
1749 2949 1769 2990 β
1797 2950 1975 2994 (intelligez
2000 2954 2198 2984 contrarium
2223 2956 2290 2985 Atr.
2318 2950 2446 2996 Vind.).

1436 2997 1499 3034 Qu.
1515 2996 1616 3028 XCIII
1641 3002 1698 3028 art.
1719 3007 1730 3026 1
1752 2994 1790 3035 β;
1814 3007 1836 3026 ιι
1860 2995 1891 3036 β,
1907 3006 1933 3033 ι,
1949 3007 1983 3033 η.

1436 3041 1500 3078 Ωιι.
1517 3041 1620 3071 XCIV
1643 3047 1699 3071 art.
1720 3051 1730 3070 1
1756 3033 1787 3076 δ,
1809 3050 1833 3083 μ
1857 3042 1954 3079 enim,
1976 3050 2011 3084 ρ;
2035 3051 2057 3071 ιι
2077 3051 2110 3085 γ,
2132 3052 2166 3078 η,
2182 3050 2219 3078 ιι;
2242 3052 2273 3072 rv
2296 3052 2312 3072 s
2337 3051 2447 3075 excre-

1381 3090 1506 3116 verunt.

1391 3160 1398 3163 ‚
1435 3129 1499 3165 Qu.
1516 3127 1604 3159 XCV
1627 3134 1683 3159 art.
1705 3138 1715 3157 ι
1739 3119 1759 3156 ὃ
1783 3128 1859 3167 quia
1867 3135 1882 3166 ,·
1904 3138 1937 3158 ιιι
1959 3121 1980 3158 δ
2003 3128 2115 3165 Vind.,
2137 3125 2157 3168 ξ
2175 3130 2295 3170 signis,
2322 3138 2340 3163 ο
2359 3131 2446 3166 Ati-4

1379 3181 1428 3209 1v;
1452 3182 1484 3202 vr
1499 3182 1520 3217 γ
1545 3173 1590 3209 ἰη,
1606 3163 1644 3208 ὃς
1669 3182 1723 3202 v111
1746 3181 1764 3202 ο
1785 3172 1936 3212 eligendi.
1961 3171 2054 3214 (QQ.
2079 3183 2150 3203 xcw
2172 3182 2256 3204 xcvn
2279 3175 2348 3205 Λα.
2369 3173 2446 3204 folia

1379 3216 1480 3248 excisa
1503 3214 1603 3257 sunt).

1435 3261 1499 3297 Qu.
1516 3259 1620 3291 XCIX
1643 3266 1698 3290 art.
1715 3270 1726 3289 1
1751 3269 1786 3290 α..

1435 3305 1499 3342 Qu.
1516 3304 1543 3335 C
1566 3311 1622 3335 art.
1639 3314 1670 3334 vr
1692 3312 1732 3346 μ.;
1750 3301 1838 3346 (ΩΩ.
1853 3315 1895 3334 cu
1918 3311 1974 3336 art.
1991 3315 2025 3335 111
2040 3315 2073 3349 γ,
2091 3315 2154 3341 cm,
2171 3315 2222 3335 crv
2241 3310 2298 3336 art.
2313 3315 2325 3335 1
2339 3302 2360 3343 β
2376 3306 2445 3337 Atr.

1379 3348 1434 3380 fol.
1456 3349 1523 3379 dec.
1540 3349 1613 3386 QQ.
1633 3358 1693 3384 c1v,
1710 3358 1758 3384 cv,
1775 3359 1836 3384 cvr,
1859 3359 1921 3380 cv11
1943 3355 1999 3380 art.
2017 3360 2026 3379 1
2049 3359 2071 3394 γ
2094 3348 2188 3380 Vind.
2213 3348 2269 3380 fol.
2293 3349 2360 3387 dec.
2385 3350 2446 3380 La-

1380 3403 1479 3424 cunae
1503 3393 1687 3423 coincidunt
1710 3392 1775 3429 Qu.
1791 3403 1841 3422 crv
1865 3400 1921 3424 art.
1938 3404 1948 3423 1
1965 3403 1999 3432 α,
2016 3391 2062 3436 β).

1435 3437 1498 3474 Qu.
1518 3436 1590 3468 CIV
1614 3443 1670 3468 art.
1687 3447 1720 3466 ιιι
1737 3446 1748 3466 ι
1772 3442 1872 3468 vocat.

1435 3481 1499 3518 Qu.
1518 3481 1589 3512 CVI
1613 3488 1670 3512 art.
1687 3491 1720 3511 ιιι
1735 3475 1754 3511 δ
1775 3483 1917 3522 accepit;
1939 3479 2009 3523 (art.
2026 3491 2057 3511 vr
2073 3477 2102 3518 θ,
2119 3481 2191 3519 ΩΩ.
2207 3491 2279 3518 cvn,
2295 3491 2378 3518 cvm,
2395 3490 2445 3514 clx

1379 3532 1435 3556 art.
1449 3536 1458 3555 ι
1474 3535 1489 3556 s
1506 3528 1572 3557 Atr.
1585 3525 1642 3556 fol.
1655 3526 1721 3556 dec.
1734 3526 1818 3556 Lacu
1824 3536 1881 3557 nae
1893 3528 1960 3557 Atr.
1972 3532 2003 3556 et
2014 3524 2109 3556 Vind.
2124 3524 2308 3556 coincidunt
2318 3525 2369 3556 hic
2381 3521 2411 3562 θ,
2421 3533 2444 3561 ι,

1352 3602 1354 3609 ,
1380 3570 1442 3607 Qu.
1460 3579 1525 3610 seq.
1542 3577 1597 3600 art.
1615 3580 1625 3600 1
1650 3579 1683 3606 α,
1703 3567 1734 3608 β,
1750 3568 1797 3614 γ).
