2860 4244
208 326 213 332 ⁸
230 326 286 352 Cap.
302 330 333 345 ix.

209 583 216 591 ⁹
233 582 283 601 Art.
299 579 403 606 praeced.

206 852 216 862 ⁸
227 852 273 878 Qu.
287 857 330 878 cvr,
342 854 383 872 art.
393 850 414 871 ὁ.

440 234 518 280 406

1119 228 1386 275 QUAESTIO
1417 227 1536 274 CVII,
1569 227 1861 264 ARTICULUS
1892 228 1941 263 lll

445 312 552 348 candi
574 311 790 348 mortaliter.
813 310 889 346 Sed
910 310 1003 346 sicut
1024 309 1169 344 Seneca
1190 306 1287 352 dicit,
1308 305 1450 342 ibidem
1470 304 1501 352 ³⁸,
1528 310 1529 353 Ι
1557 305 1619 341 illa
1647 317 1739 341 vero
1770 318 1868 354 quae
1896 306 2072 354 provenit
2101 318 2144 342 ex
2181 313 2338 354 peccato
2366 306 2523 353 veniali,
2553 306 2621 342 im-

444 366 627 402 interdum
649 364 713 412 qui
731 364 880 399 iuvatur
897 362 1092 411 fallendus
1120 365 1183 404 est,
1206 364 1244 394 ut
1268 359 1413 403 habeat,
1435 369 1503 394 nec
1528 361 1530 399 ἒ
1557 358 1776 406 perfectam.

444 430 467 454 a
496 430 568 466 quo
597 417 780 464 acceperit
805 416 896 451 sciat
906 429 918 451 .-
947 414 1051 462 quod
1079 412 1230 448 videtur
1248 411 1353 448 viam
1382 411 1503 458 ingra-
1528 427 1531 465 ι
1563 435 1570 441 ,

444 470 609 507 titudinis
630 468 821 516 recipienti
842 468 1035 516 praebere.
1058 467 1159 512 Ergo
1181 464 1408 512 ingratitudo
1425 476 1504 500 non

445 535 595 571 semper
624 530 677 558 est
705 528 902 569 peccatum
932 519 1103 556 mortale.

498 577 720 612 Respowosso
741 585 924 610 DICENDUM
945 572 1060 621 quod,
1082 570 1177 608 sicut
1197 582 1240 606 ex
1262 569 1369 606 dictis
1389 570 1409 590 *
1433 582 1503 621 pa-

444 637 506 676 tet,
531 628 696 675 ingratus
718 626 851 663 dicitur
871 625 1004 675 aliquis
1024 623 1234 673 dupliciter.
1264 622 1351 660 Uno
1373 623 1503 670 modo,

444 693 511 730 per
539 682 659 717 solam
689 679 956 716 omissionem:
987 686 1077 727 puta
1106 676 1196 724 quia
1223 688 1302 713 non
1321 688 1504 724 recogno-

445 733 522 780 scit⁷
552 734 613 769 vel
642 745 719 769 non
748 733 886 779 laudat,
915 732 978 768 vel
1006 743 1084 768 non
1114 729 1281 766 retribuit
1299 729 1404 766 vices
1431 741 1502 778 pro

444 786 630 823 beneficio
661 793 829 834 accepto.
866 785 915 821 Et
942 785 1017 821 hoc
1045 795 1124 820 non
1152 794 1305 831 semper
1334 790 1389 819 est
1416 794 1504 830 pec-

445 847 570 876 catum
600 838 769 875 mortale.
801 838 913 885 Quia,
935 845 975 874 ut
1003 849 1117 886 supra
1135 835 1156 857 ‘¹‘
1185 835 1327 873 dictum
1353 843 1419 883 est,
1441 836 1505 873 de-

443 892 563 929 bitum
592 891 825 939 gratitudinis
850 898 906 928 est
933 898 974 928 ut
1002 891 1121 927 homo
1151 888 1292 937 aliquid
1323 888 1435 925 etiarn
1465 888 1505 925 li-

443 945 615 982 beraliter
642 943 781 981 tribuat
808 940 858 981 ad
886 944 990 992 quod
1019 956 1097 981 non
1134 950 1299 979 tenetur:
1330 950 1366 978 et
1394 941 1503 989 ideo,

443 998 473 1035 si
502 998 592 1035 illud
619 997 893 1046 praetermittit,
923 1010 1002 1035 non
1028 1003 1161 1046 peccat
1191 994 1407 1032 mortaliter.
1438 996 1507 1031 Est

442 1060 572 1088 tamen
599 1059 802 1100 peccatum
830 1051 997 1087 veniale:
1037 1050 1126 1099 quia
1152 1049 1227 1085 hoc
1255 1048 1432 1097 provenit
1461 1060 1505 1084 ex

444 1103 669 1152 negligentia
697 1103 878 1153 quadarn,
899 1112 962 1141 aut
991 1115 1034 1140 ex
1064 1103 1188 1150 aliqua
1216 1100 1505 1150 indispositione

443 1157 608 1195 hominis
646 1157 696 1194 ad
723 1156 914 1194 virtutem.
954 1158 1084 1193 Potest
1119 1163 1250 1191 tamen
1287 1154 1532 1201 contingere*

444 1211 548 1260 quod
569 1210 682 1247 etiam
702 1210 784 1247 talis
799 1209 1025 1257 ingratitudo
1046 1208 1092 1245 sit
1111 1207 1269 1244 mortale
1285 1214 1504 1255 peccatum:

405 1262 407 1265 ’
442 1265 504 1301 vel
531 1272 688 1313 propter
720 1263 938 1300 interiorem
977 1268 1260 1309 contemptum3
1289 1261 1352 1296 vel
1390 1260 1504 1296 etiam

208 2320 216 2328 ⁴
231 2319 266 2340 Cf.
283 2324 346 2339 rium.
363 2324 393 2339 ιν.

212 3069 218 3076 ’
235 3067 270 3088 Ct.
287 3071 333 3088 not.
349 3068 369 3094 β.

442 1325 598 1366 propter
627 1316 883 1353 conditionem
905 1315 984 1352 eius
1004 1315 1109 1364 quod
1129 1313 1371 1360 subtrahitur,
1401 1313 1506 1361 quod
1532 1349 1533 1353 ,

444 1382 489 1407 ex
509 1369 730 1407 necessitate
759 1369 918 1406 debetur
947 1369 1121 1405 benefico
1141 1365 1169 1415 β,
1189 1366 1268 1404 sive
1289 1365 1507 1415 simpliciter

443 1423 523 1460 sive
551 1423 589 1460 in
617 1422 744 1472 aliquo
765 1421 992 1459 necessitatis
1021 1433 1124 1458 casu.
1153 1441 1177 1449 -
1205 1420 1292 1457 Alio
1312 1419 1432 1457 modo
1453 1419 1506 1457 di-

444 1477 538 1513 citur
566 1475 699 1524 aliquis
727 1475 912 1523 ingratus,
943 1474 1033 1524 quia
1070 1486 1148 1511 non
1181 1473 1307 1510 solum
1341 1480 1506 1522 praeter-

443 1529 552 1566 mittit
590 1529 747 1578 implere
784 1527 1017 1576 gratitudinis
1053 1527 1245 1574 debitum,
1285 1526 1354 1564 sed
1392 1525 1506 1563 etiam

444 1582 675 1619 contrarium
705 1582 789 1629 agit.
828 1582 877 1618 Et
903 1582 978 1618 hoc
1008 1581 1142 1627 etiam,
1172 1580 1386 1617 secundum
1417 1591 1506 1616 con-

445 1635 626 1673 ditionem
656 1634 736 1672 eius
765 1634 871 1683 quod
899 1634 1036 1682 agitur,
1067 1634 1299 1683 quandoque
1338 1640 1393 1670 est
1420 1644 1507 1682 pec-

445 1696 571 1726 catum
601 1689 770 1734 mortale,
800 1688 1034 1737 quandoque
1053 1687 1214 1724 veniale.
1244 1707 1269 1714 -
1300 1686 1506 1723 Sciendum
1533 1706 1534 1718 ι

444 1750 573 1779 tamen
593 1742 698 1790 quod
718 1741 944 1788 ingratitudo
966 1753 1063 1789 quae
1089 1740 1266 1790 provenit
1285 1752 1330 1776 ex
1349 1747 1507 1788 peccato

445 1794 595 1833 mortali
623 1795 738 1832 habet
762 1794 979 1843 perfectam
997 1793 1270 1842 ingratitudinis
1299 1794 1506 1830 rationem:

497 1900 663 1942 aybenffco.
677 1922 695 1927 -
714 1909 835 1941 benificia
855 1907 1136 1940 PBCDEFHKLpAGI
1156 1912 1182 1932 et
1198 1915 1224 1932 a.

496 1951 523 1985 γ)
540 1951 696 1984 perfectam.
708 1965 726 1969 -
745 1951 925 1984 imperfectam
945 1950 1082 1983 BCFLpA.

1611 413 1670 447 Ao
1699 422 1836 449 Palmum
1865 423 1963 448 ERGO
1982 423 2167 448 DlCENDUM
2188 411 2292 460 quod
2321 423 2391 460 per
2417 421 2619 460 peccatum

1558 463 1707 500 veniale
1737 465 1815 501 non
1845 472 1900 501 est
1928 464 2060 512 aliquis
2089 464 2255 512 ingratus
2291 465 2376 501 Deo
2410 466 2620 502 secundum

1559 516 1766 565 perfectam
1786 522 1801 545 Υ
1825 517 2098 565 ingratitudinis
2118 517 2317 554 rationem.
2348 518 2475 555 Habet
2494 526 2623 556 tamen

1560 569 1702 617 aliquid
1736 570 2031 618 ingratitudinis:
2065 570 2290 620 inquantum
2322 579 2538 620 peccatum·
2557 584 2623 610 ve-

1559 622 1656 659 niale
1673 622 1766 660 tollit
1779 623 1945 672 aliquem
1965 631 2094 660 actum
2109 623 2265 671 virtutis,
2281 636 2350 673 per
2369 635 2486 674 quern
2503 625 2623 662 homo

1560 676 1645 712 Deo
1675 676 1906 724 obsequitur.

1613 730 1672 765 AD
1699 740 1890 766 SECUNDUM
1918 741 2103 767 DICENDUM
2130 730 2234 778 quod
2263 729 2490 778 ingratitudo
2523 742 2623 779 quae

1561 790 1616 818 est
1645 794 1733 818 curn
1767 789 1925 830 peccato
1954 781 2093 818 veniali
2121 794 2200 819 non
2229 790 2284 819 est
2312 784 2499 820 contraria
2533 783 2625 821 eari-

1560 834 1642 882 tati,
1673 835 1740 872 sed
1769 843 1825 871 est
1852 842 2000 883 praeter
2027 834 2168 883 ipsam:
2206 835 2296 884 quia
2323 849 2402 873 non
2430 837 2523 874 tollit
2558 838 2623 875 ha-

1561 889 1683 926 bitum
1703 887 1876 934 caritatis,
1893 887 1961 924 sed
1980 888 2146 936 aliquem
2167 896 2294 925 actum
2314 888 2431 937 ipsius
2447 891 2622 928 excludit.

1613 943 1672 978 An
1691 953 1851 978 TERTIUM
1872 952 2056 978 DlCENDUM
2086 941 2191 989 quod
2219 941 2324 979 idem
2348 942 2496 980 Seneca
2524 943 2622 991 dicit,

1561 993 1597 1031 in
1618 995 1687 1031 V11
1716 995 1762 1031 de
1780 995 1943 1042 Benefic.
1963 993 2004 1030 ²¹⁶:
2032 995 2153 1031 Errat
2172 994 2205 1030 si
2226 995 2309 1042 quis
2335 995 2518 1042 aestimat,
2538 1008 2624 1040 cum
2653 1002 2662 1013 ⁸

1560 1047 1718 1084 dicimus
1745 1059 1831 1084 eum
1860 1047 1926 1096 qui
1951 1047 2171 1095 beneficium
2199 1047 2299 1084 dedit
2325 1048 2493 1086 oblivisci
2513 1061 2624 1097 opor-

1560 1106 1649 1146 tere,
1678 1106 1854 1137 excutere
1881 1112 1949 1137 nos
1977 1100 2032 1136 illi
2058 1100 2282 1138 memoriam
2310 1101 2377 1147 rei,
2400 1102 2625 1150 praesertim

1560 1154 1850 1190 honestissimae.
1884 1152 1980 1190 Cum'
1999 1165 2093 1203 ergo
2112 1154 2287 1191 dicimus:
2308 1154 2530 1193 Meminisse
2549 1167 2624 1197 non

1561 1206 1676 1251 debet,
1705 1207 1776 1243 hoc
1802 1206 1976 1243 volumus
2004 1207 2177 1257 intelligi:
2205 1207 2434 1245 Praedicare
2460 1221 2535 1246 non
2563 1210 2626 1247 de-

1562 1260 1631 1305 bet,
1661 1270 1729 1296 nec
1757 1260 1909 1296 iactare.

1614 1315 1674 1348 An
1703 1323 1877 1354 QUARTUM
1899 1311 1919 1333 '¹‘
1946 1323 2131 1349 montinum
2160 1314 2265 1360 quod
2294 1313 2354 1350 ille
2381 1314 2447 1364 qui
2479 1315 2627 1364 ignorat

1562 1364 1793 1410 beneficium
1827 1377 1905 1402 non
1943 1372 1999 1402 est
2026 1365 2193 1413 ingratus
2221 1365 2252 1402 si
2279 1366 2512 1405 beneficium
2543 1380 2626 1414 ,non

1561 1426 1840 1467 recompenset,
1861 1417 2076 1455 dummodo
2095 1418 2142 1456 sit
2159 1425 2315 1467 paratus
2334 1431 2627 1470 recompensare

1562 1472 1594 1509 si
1620 1479 1752 1509 noscet
1770 1469 1794 1508 δ.
1826 1472 1895 1508 Est
1930 1479 2059 1508 autem
2094 1471 2281 1509 laudabile
2318 1473 2627 1524 quandoque-ut⁴

1561 1520 1622 1562 ille
1652 1524 1711 1562 cui
1734 1524 1958 1574 providetur
1986 1525 2218 1562 beneficium
2238 1525 2406 1573 ignoret:
2434 1534 2519 1565 tum
2532 1539 2628 1578 ,pro-

1561 1586 1645 1628 pter
1673 1577 1795 1615 inanis
1830 1577 1970 1626 gloriae
1999 1578 2240 1626 vitationem,
2269 1578 2366 1616 sicut
2398 1580 2533 1625 beatus
2560 1581 2627 1628 Nig·

1562 1632 1703 1678 colaus,
1734 1643 1870 1668 aurum
1899 1630 2026 1668 furtim
2045 1631 2082 1668 in
2103 1631 2266 1669 domum
2285 1632 2490 1681 proiiciens
2508 1634 2540 1682 *‚
2558 1646 2626 1681 w
2654 1637 2664 1648 ⁸

1561 1692 1639 1722 tare
1666 1685 1788 1721 voluit
1815 1685 2030 1722 humanum
2059 1685 2255 1732 favorem3
2285 1694 2366 1723 tum
2396 1686 2511 1726 etiam
2534 1676 2628 1737 ,quia

1562 1738 1600 1775 in
1627 1739 1703 1774 hoc
1731 1737 1814 1786 ipso
1844 1737 2005 1786 amplius
2034 1737 2265 1775 beneficium
2295 1739 2382 1777 facit
2409 1741 2515 1789 quod
2535 1753 2629 1781 con-

1563 1790 1648 1828 sulit
1674 1790 1930 1828 verecundiae
1959 1790 2040 1828 eius
2068 1791 2134 1840 qui
2162 1792 2395 1831 beneficium
2423 1794 2572 1844 accipit.

1617 1905 1642 1938 ὃ)
1662 1909 1759 1931 noscet.
1772 1919 1790 1924 -
1808 1908 1901 1931 noscat
1919 1905 1951 1934 G,
1970 1907 2091 1930 nosceret
2109 1905 2139 1936 L,
2158 1908 2247 1931 nosset
2265 1905 2316 1932 PC.

1122 2019 1455 2052 Commentaria
1478 2017 1729 2051 Cardine-lis
1752 2017 1951 2050 Caietani

475 2101 495 2121 n
518 2090 704 2132 quaestione
727 2090 1046 2130 centesimaseptima,
1071 2097 1102 2121 et
1124 2089 1300 2131 specialiter
1320 2089 1353 2120 in
1373 2089 1506 2121 articulo
1533 2099 1536 2128 Ι
1562 2089 1650 2130 quod
1673 2088 1763 2129 peius
1788 2095 1834 2119 est
1857 2088 2007 2128 pietatem
2031 2094 2085 2119 aut
2109 2086 2341 2119 observantiam
2360 2088 2506 2120 omittere
2529 2085 2629 2132 quani

448 2103 585 2171 Itertio‚
610 2135 745 2165 dubium
768 2134 904 2165 occurrit
927 2134 1007 2166 circa
1029 2134 1151 2166 dictum
1169 2133 1318 2165 Auctoris
1342 2134 1395 2170 ibi,
1421 2133 1507 2165 vide·
1534 2131 1535 2138 ¹
1561 2132 1803 2173 gratitudinem,
1828 2139 1864 2163 ut
1887 2139 1972 2172 patet
1995 2141 2033 2163 ex
2054 2142 2067 2163 1
2085 2138 2142 2164 art.
2165 2141 2269 2172 praec.
2293 2132 2498 2173 quaestionis.
2519 2140 2544 2159 -·‘
2559 2135 2631 2166 aut

444 2179 533 2210 licet:
557 2180 666 2210 Potest
688 2184 794 2210 tamen
818 2180 1004 2221 contingere
1026 2179 1111 2220 quod
1133 2179 1208 2210 talis
1237 2178 1438 2224 ingratitudo
1466 2179 1509 2209 sit
1534 2201 1536 2206 .
1561 2179 1685 2208 Auctor
1706 2186 1772 2207 non
1788 2176 1923 2207 intendit
1937 2177 2027 2217 quod
2041 2176 2174 2208 omissio
2190 2176 2296 2208 omnis
2311 2177 2356 2208 rei
2371 2177 2495 2209 debitae
2514 2180 2631 2230 exin-dy

445 2312 523 2342 ratio
547 2312 713 2352 multiplex
735 2312 761 2342 *.
787 2312 875 2342 Tum
898 2311 972 2352 quia
992 2312 1023 2352 ly
1047 2313 1122 2343 talis
1136 2311 1336 2352 ingratitudo
1353 2311 1446 2342 refert
1461 2311 1508 2342 in·
1534 2334 1536 2347 5

445 2356 668 2396 gratitudinem
688 2356 726 2386 de
750 2366 812 2396 qua
835 2356 1016 2386 immediate
1041 2363 1111 2387 ante
1136 2365 1240 2386 sermo
1264 2356 1406 2392 habetur,
1431 2355 1510 2386 scili·
1534 2364 1536 2379 ³

445 2397 493 2431 cet
516 2410 598 2440 quae
621 2400 699 2430 illud
723 2410 788 2430 non
812 2400 920 2430 tribuit
944 2400 1087 2430 debiturn
1110 2401 1149 2430 ad
1174 2401 1262 2440 quod
1287 2409 1352 2430 non
1375 2407 1508 2431 tenetur.
1535 2406 1536 2439 J

446 2444 580 2475 Constat
603 2454 741 2485 namque
765 2445 852 2484 quod
876 2444 976 2474 homo
1002 2455 1066 2474 non
1084 2451 1191 2485 peccat
1207 2444 1380 2475 mortaliter
1395 2454 1431 2474 ex
1447 2444 1509 2474 hoc

446 2489 534 2530 quod
557 2499 623 2518 non
648 2488 733 2518 addit
755 2488 908 2519 beneficio
933 2495 1075 2529 recepto:
1101 2488 1175 2519 satis
1199 2495 1244 2519 est
1267 2488 1354 2518 enim
1377 2489 1416 2518 ad
1446 2488 1509 2518 evi·

446 2533 579 2564 tandum
602 2533 735 2563 mortale
759 2539 923 2572 peccatum
948 2533 1075 2562 reddere
1099 2532 1309 2572 aequivalens.

501 2577 589 2607 Tum
612 2577 688 2618 quia
711 2577 805 2607 etiam
828 2577 955 2607 reddere
980 2577 1180 2617 aequivalens
1210 2576 1388 2616 particulari
1416 2577 1509 2606 bene·

448 2621 556 2652 factori
580 2631 645 2651 non
669 2620 789 2661 obligat
812 2621 884 2661 plus
908 2631 1006 2662 quam
1029 2621 1157 2651 reddere
1191 2620 1328 2651 debitam
1359 2620 1510 2651 obedien·
1536 2630 1537 2633 ¹

1536 2701 1537 2705 Ι
1563 2663 1717 2700 debitum,
1734 2663 1880 2705 quamvis
1905 2663 2011 2694 minus
2028 2664 2151 2694 bonurn
2167 2663 2216 2700 sit,
2234 2668 2400 2704 peccatum
2421 2671 2528 2695 tamen
2544 2674 2629 2696 mor-

448 2710 522 2740 citra
546 2717 777 2750 contemptum,
802 2719 867 2740 non
897 2717 1005 2750 peccat
1035 2709 1209 2740 mortaliter
1239 2715 1369 2749 peccato
1398 2709 1510 2740 inobe-
1536 2708 1537 2715 ¹

448 2665 524 2696 tiam
548 2665 713 2706 superiori.
738 2665 799 2696 Sed
818 2675 883 2696 non
908 2665 1084 2706 adimplens
1104 2672 1308 2705 praeceptum
1328 2664 1509 2705 superioris,

448 2754 590 2784 dientiae.
616 2754 700 2793 Ergo
725 2763 789 2783 non
814 2761 929 2793 gratus,
955 2754 1030 2785 citra
1054 2760 1274 2793 contemptum
1306 2753 1449 2784 beneficii
1480 2760 1510 2784 et

447 2798 662 2834 benefactoris,
687 2798 831 2839 quamvis
856 2798 982 2829 omittat
1004 2799 1132 2829 reddere
1151 2798 1240 2839 quod
1271 2798 1373 2834 debet,
1405 2797 1508 2829 multo

448 2843 552 2872 minus
583 2850 690 2883 peccat
718 2842 891 2873 mortaliter
921 2850 1050 2883 peccato
1081 2842 1322 2882 ingratitudinis.
1355 2841 1510 2872 Consistit

448 2887 531 2917 enim
556 2886 729 2917 formaliter
747 2887 939 2926 ingratitudo
962 2887 994 2918 in
1026 2894 1212 2928 contemptu
1243 2885 1396 2923 beneficii,
1428 2887 1509 2917 sicut

447 2930 659 2962 inobedientia
682 2931 714 2961 in
739 2938 923 2971 contemptu
948 2931 1116 2971 praecepti.
1273 2934 1275 2936 '

502 2976 589 3005 Turn
609 2975 684 3016 quia
707 2985 762 3015 per
780 2975 833 3005 illa
855 2976 949 3006 verba
967 2975 1097 3011 litterae,
1113 2975 1267 3011 videlicet,
1278 2980 1413 3015 propter
1435 2984 1508 3005 con-

447 3020 596 3050 ditionem
621 3020 689 3049 eius
711 3019 795 3059 quod
816 3020 1026 3056 subtrahitur,
1050 3020 1135 3060 quod
1150 3029 1192 3050 ex
1212 3020 1397 3050 necessitate
1418 3019 1508 3050 debe-

447 3069 502 3093 tur
523 3063 672 3104 beneficio
695 3063 721 3099 *,
738 3064 923 3103 simpliciter
939 3065 988 3094 vel
1004 3065 1036 3094 in
1053 3074 1142 3101 casu,
1159 3071 1214 3094 aut
1236 3066 1358 3094 Auctor
1373 3063 1509 3095 intendit

448 3107 536 3148 quod
560 3107 690 3138 omissio
715 3108 819 3138 omni‘s
844 3108 886 3138 rei
909 3118 991 3148 quae
1015 3118 1052 3138 ex
1067 3108 1250 3139 necessitate
1265 3108 1396 3139 debetur
1415 3109 1509 3140 bene-

449 3151 519 3182 ficio
544 3151 726 3192 simpliciter
749 3158 803 3189 aut
826 3151 857 3181 in
882 3162 966 3188 casu,
983 3158 1029 3182 est
1048 3159 1213 3192 peccatum
1230 3152 1374 3183 mortale.
1391 3152 1433 3183 Et
1448 3152 1510 3183 hoc

450 3461 573 3500 quentis
597 3461 748 3500 probatur
771 3471 807 3490 ex
831 3470 869 3490 eo
893 3461 980 3500 quod
1005 3460 1029 3490 si
1054 3460 1125 3501 quis
1149 3460 1243 3491 etiam
1265 3459 1383 3491 omittit
1406 3460 1508 3490 hono-

450 3514 515 3534 rare
546 3511 666 3544 patrem
690 3512 744 3534 aut
767 3505 952 3544 principem,
977 3506 1097 3545 absque
1120 3511 1304 3544 contemptu
1328 3511 1434 3534 tamen
1451 3505 1508 3546 (sic

1536 2893 1537 2921 Ι
1563 2886 1697 2917 mortale
1716 2896 1752 2916 ex
1775 2896 1835 2916 suo
1858 2893 1987 2926 genere:
2013 2885 2094 2917 sicut
2117 2892 2217 2916 cetera
2238 2886 2314 2917 vitia
2345 2895 2498 2927 quae„pr·
2556 2900 2569 2923 ιῚ
2603 2901 2620 2913 -.

1535 2946 1537 2969 =‚
1562 2930 1701 2967 laedunt,
1719 2937 1754 2961 ut
1777 2937 1863 2970 patet
1886 2930 1924 2960 de
1954 2929 2162 2966 contumelia,
2183 2930 2385 2967 detractione,
2403 2916 2622 2988 etei-'njffilu

1535 3006 1537 3016 Ι
1562 2981 1669 3006 autem
1683 2974 1813 3005 notabili
1830 2979 1959 3015 apparet
1973 2973 2055 3004 laedi
2071 2973 2254 3014 proximum
2270 2974 2308 3005 ab
2321 2974 2453 3015 ingrato.
2572 2957 2613 2992 Ψ

1535 3032 1536 3058 3
1562 3019 1781 3055 omissionem,
1798 3019 1873 3049 citra
1896 3025 2127 3059 contemptum.
2439 3020 2452 3056 ,ζ

438 2229 605 2264 peccatum
630 2223 784 2254 mortale:
800 2224 850 2254 vel
858 2229 995 2264 propter
1010 2224 1195 2254 interiorem
1216 2228 1440 2264 contemptum,
1458 2223 1508 2254 vel
1534 2213 1536 2267 Ι
1563 2221 1704 2253 cessitate
1720 2220 1884 2258 beneficio,
1901 2221 1956 2252 sed
1979 2221 2068 2262 quod
2091 2220 2223 2252 omissio
2244 2221 2378 2253 alicuius
2393 2222 2438 2253 rei
2452 2231 2510 2254 nec

439 2273 574 2308 propter
596 2268 805 2298 conditionem
830 2269 898 2298 eius
920 2267 1005 2308 quod
1032 2267 1242 2299 subtrahitur.
1273 2267 1314 2298 Et
1344 2274 1391 2298 est
1421 2265 1509 2298 dubii
1534 2272 1536 2276 ’

1563 2266 1686 2296 debitae
1708 2264 1878 2302 beneficio,
1902 2265 1987 2296 illius
2010 2265 2129 2296 scilicet
2158 2266 2240 2306 quae
2262 2266 2333 2297 talis
2363 2273 2410 2298 est
2437 2260 2630 2303 conditionis

1563 2311 1651 2352 quod
1669 2310 1735 2340 eius
1752 2310 1884 2341 omissio
1900 2309 2111 2350 privationem
2129 2310 2263 2341 caritatis
2283 2309 2387 2348 infert,
2404 2311 2539 2343 mortale
2570 2307 2586 2317 ’“
2599 2307 2631 2343 ἐκ

1563 2362 1669 2386 catum
1685 2361 1740 2385 est.
1766 2354 1806 2386 Et
1821 2361 1897 2384 tunc
1920 2361 2014 2385 restat
2030 2355 2088 2384 sub
2112 2354 2212 2385 dubio
2236 2364 2319 2395 quae
2342 2362 2390 2386 est
2412 2355 2470 2386 ista
2486 2350 2548 2387 con
2608 2353 2630 2387 d

1563 2399 1606 2430 rei
1626 2409 1663 2430 ex
1686 2398 1870 2430 necessitate
1892 2397 2046 2430 beneficio
2062 2398 2184 2429 debitae
2207 2398 2400 2439 simpliciter,
2425 2406 2502 2440 puta
2524 2399 2629 2432 hemo-⁴

1563 2443 1604 2474 ris
1620 2450 1675 2474 aut
1696 2442 1895 2474 reverentiae.
1920 2443 1993 2472 Non
2018 2442 2104 2473 enim
2127 2449 2266 2483 apparet.

1618 2488 1707 2517 Tum
1736 2487 1812 2527 quia
1834 2487 2043 2527 ingratitudo,
2069 2493 2103 2518 ut
2126 2486 2158 2517 in
2180 2486 2283 2518 littera
2307 2487 2420 2518 dicitur
2442 2487 2475 2519 in
2498 2497 2629 2529 respon-

1535 2531 1537 2575 Ι
1564 2531 1652 2561 sione
1676 2531 1715 2561 ad
1739 2531 1916 2562 secundum
1931 2530 2077 2562 articuli1
2101 2538 2222 2571 quaest.
2248 2531 2472 2571 praecedentis,
2493 2541 2560 2565 non
2579 2539 2631 2568 nt

1565 2582 1674 2606 contra
1702 2575 1845 2606 debitum
1875 2575 1991 2614 legale,
2023 2575 2078 2605 sed
2107 2575 2316 2606 solummodo
2349 2582 2458 2607 contra
2486 2576 2630 2608 debitum
2682 2585 2687 2593 '

1563 2619 1747 2650 honestatis.
1772 2619 1834 2650 Sed
1858 2619 2003 2650 omittere
2026 2619 2058 2649 id
2082 2619 2171 2660 quod
2204 2619 2309 2650 solum
2334 2629 2370 2650 ex
2394 2620 2560 2652 honestate
2583 2628 2630 2652 est

1563 2708 1625 2740 tale
1645 2718 1711 2739 non
1734 2708 1868 2740 videtur.
1885 2725 1906 2731 -
1930 2708 1970 2738 Et
1992 2707 2207 2738 confirmatur.
2233 2708 2317 2745 Quia
2341 2708 2366 2738 si
2391 2714 2472 2740 esset
2495 2709 2630 2740 mortale

1563 2759 1739 2793 peccatum,
1758 2755 1839 2783 esset
1858 2759 2023 2792 peccatum
2047 2759 2155 2783 contra
2168 2752 2360 2792 proximum.
2386 2753 2427 2784 Et
2439 2763 2513 2784 cum
2525 2753 2630 2784 consi-

1535 2800 1537 2842 ᾗ
1563 2804 1623 2828 stat
1644 2797 1677 2827 in
1702 2797 1925 2833 subtractione,
1942 2803 2104 2837 oporteret
2119 2797 2207 2838 quod
2224 2797 2408 2828 consisteret
2430 2797 2462 2828 in
2486 2797 2627 2829 laesione

1563 2841 1698 2882 proximi
1722 2841 1755 2871 in
1786 2841 1894 2882 aliquo
1919 2841 2069 2877 notabili,
2094 2841 2133 2871 ad
2157 2841 2218 2872 hoc
2242 2842 2331 2882 quod
2359 2848 2440 2872 esset
2461 2849 2629 2883 peccatum

2494 3015 2511 3034 βῖ
2519 3014 2578 3036 ’VJ‘

1618 3063 1657 3094 11.
1681 3062 1716 3094 In
1741 3063 1855 3094 eodem
1877 3063 2011 3093 articulo
2043 3062 2177 3094 dubium
2207 3062 2296 3094 aliud
2325 3061 2465 3096 occmrit
2483 3029 2632 3099 *⁴³13ss

1563 3108 1765 3139 subiunctam
1789 3106 2006 3144 differentiam,
2026 3107 2172 3140 videlicet
2188 3107 2279 3148 quod
2302 3107 2502 3148 ingratitudo
2510 3111 2629 3148 prom

1534 3155 1536 3186 ῑ
1565 3153 1655 3183 niens
1678 3161 1720 3183 ex
1737 3156 1870 3192 peccato
1898 3152 2028 3182 mortali
2057 3152 2150 3183 habet
2171 3151 2352 3193 perfectam
2384 3151 2628 3202 ingratitudiae'a

449 3195 571 3226 videtur
592 3195 683 3226 valde
707 3196 879 3225 absonum:
905 3195 1058 3236 quoniam
1082 3202 1265 3236 sequeretur
1280 3196 1368 3237 quod
1388 3195 1413 3225 si
1438 3196 1509 3236 quis
1534 3196 1535 3201 ’

449 3240 607 3271 omitteret
617 3240 774 3270 honorare
787 3247 841 3270 aut
856 3240 987 3270 revereri
1004 3239 1247 3275 benefactorem,
1268 3239 1410 3280 peccaret
1425 3249 1510 3270 mor·
1534 3237 1535 3267 Ι

449 3284 558 3314 taliter.
579 3285 621 3315 Et
634 3290 719 3315 tenet
735 3284 862 3324 sequela
875 3293 911 3314 ex
924 3291 980 3315 art.
996 3285 1011 3314 3
1026 3293 1127 3324 praec.
1144 3283 1348 3324 quaestionis,
1363 3283 1416 3314 ubi
1433 3284 1509 3315 dici·
1534 3283 1535 3322 ἶ

450 3335 499 3359 tur
515 3329 603 3368 quod
619 3328 825 3369 benefactori,
842 3330 1030 3369 inquantum
1052 3327 1244 3364 huiusmodi,
1259 3327 1393 3359 debetur
1407 3328 1510 3359 honor
1534 3327 1535 3338 ³

450 3377 479 3402 et
495 3373 683 3410 reverentia,
709 3382 744 3402 eo
768 3372 852 3413 quod
874 3373 967 3403 habet
990 3373 1144 3403 rationem
1164 3373 1335 3412 principii:
1349 3381 1412 3412 per
1426 3374 1508 3404 acci·
1534 3385 1535 3402 π

449 3417 527 3446 dens
550 3422 655 3447 autem
679 3417 858 3454 subventio,
882 3418 911 3447 si
935 3416 1086 3457 indigeat.
1112 3416 1243 3447 Falsitas
1267 3423 1374 3447 autem
1400 3426 1508 3447 conse·
1534 3413 1535 3417 ’

1563 3198 1730 3232 rationem,
1747 3205 1829 3236 quae
1846 3206 1920 3226 vero
1931 3197 2083 3235 provenit
2102 3205 2144 3226 ex
2163 3196 2290 3233 veniali,
2305 3192 2536 3236 imperfectam,
2549 3191 2627 3269 qfff?

1561 3240 1696 3270 intendit
1712 3243 1842 3270 Auctor.
1861 3240 1943 3270 Nam
1959 3247 2014 3271 aut
2027 3240 2170 3281 loquitur
2186 3240 2224 3270 de
2240 3240 2465 3280 ingratitudine
2486 3233 2577 3282 sp'rm
2613 3227 2629 3262 -Ῑ

1563 3290 1624 3314 ter:
1656 3291 1711 3314 aut
1738 3283 1955 3315 materialiter..
1973 3283 2005 3315 Si
2035 3284 2223 3320 formaliter,
2249 3283 2337 3314 nulla
2367 3290 2414 3315 est
2442 3282 2625 3314 differentia.

1563 3328 1647 3365 Quia
1662 3338 1698 3358 ex
1714 3328 1942 3368 qualicumque
1960 3335 2090 3368 peccato
2113 3328 2278 3369 proveniat
2299 3327 2492 3368 ingratitudo
2508 3326 2626 3358 formas

1562 3372 1609 3408 lis,
1627 3372 1721 3403 habet
1745 3372 1916 3412 perfectam
1939 3372 2095 3404 rationem
2117 3372 2364 3413 ingratitudinis,
2388 3378 2424 3402 ut
2445 3377 2541 3412 patet.
2557 3388 2576 3394 —
2593 3371 2627 3402 Si

1562 3416 1772 3453 materialiter,
1789 3416 1904 3447 falsum
1928 3417 2042 3448 dicitur
2065 3417 2154 3458 quod
2169 3416 2361 3457 ingratitudo
2385 3415 2574 3456 proveniens
2590 3425 2628 3446 ex

1534 3489 1535 3493 ,
1562 3460 1687 3491 mortali
1712 3461 1805 3491 habet
1828 3460 1999 3501 perfectam
2023 3460 2256 3501 ingratitudinis
2273 3459 2438 3491 rationem.
2458 3459 2541 3490 Nam
2557 3469 2627 3500 per-

1534 3504 1535 3548 Ι
1562 3504 1641 3535 fecta
1664 3504 1895 3542 ingratitudinis
1919 3505 2000 3535 ratio
2022 3515 2088 3535 non
2112 3505 2244 3536 habetur
2266 3504 2333 3534 sine
2360 3514 2398 3534 eo
2427 3504 2516 3544 quod
2540 3514 2628 3534 com-

451 3549 534 3578 enim
558 3547 748 3590 loquimur),
773 3559 838 3578 non
862 3556 969 3588 peccat
990 3549 1175 3580 mortaliter:
1208 3555 1238 3579 et
1261 3556 1366 3579 tamen
1388 3555 1510 3579 constat
1533 3562 1535 3578 a

1562 3549 1627 3588 plet
1650 3549 1804 3579 rationem
1829 3549 1996 3579 formalem
2019 3548 2268 3589 ingratitudinis:
2297 3548 2378 3579 sicut
2408 3557 2465 3579 nec
2494 3548 2627 3579 habetur
