2860 4244
163 845 172 855 ⁸
187 843 252 865 Vei-s.
268 843 289 864 8.

162 1001 172 1011 ⁸
185 1000 259 1027 Epist.
277 999 370 1026 CXXX,

162 1026 298 1074 {ihcxxh
320 1031 371 1053 cap.

162 1418 235 1446 Ἔαρ.
246 1423 287 1439 vm
312 1424 335 1440 n.
350 1424 371 1446 ¹5

161 1451 228 1493 aq..-
237 1435 310 1467 S.Tii.
318 1445 371 1466 lect.

161 1524 180 1554 ἰ
197 1524 271 1551 Epist.
302 1528 372 1550 supra

161 1554 209 1573 cit..
224 1556 274 1577 cap.
284 1556 316 1577 vi,
328 1555 371 1571 vn.

167 2778 177 2788 ⁸
186 2777 220 2799 Cf.
229 2777 288 2798 infra
295 2780 336 2799 art.
347 2783 376 2804 15,

167 2804 196 2841 2¹5¹
204 2810 269 2851 622...
285 2835 318 2858 23.

168 2887 179 2897 ·
192 2886 269 2908 Tract.
291 2886 331 2908 CII
353 2886 377 2907 in

168 2913 234 2934 Ioan.

267 2987 281 3012 δ

170 3201 180 3211 ·
195 3201 262 3222 Vers.
275 3199 307 3222 16.

407 287 475 334 198
990 279 1281 327 ‘QUAESTIO
1312 279 1523 324 LXXXIII,
1554 278 1850 315 ARTICULUS
1878 278 1947 314 Vll

401 364 658 413 templantibus
686 363 790 400 nobis
818 372 914 408 quae
945 359 1135 403 videntur,
1165 358 1230 393 sed
1255 368 1352 404 quae
1380 367 1453 392 non

400 419 590 455 videntur:
618 428 714 464 quae
745 414 842 451 enim
875 413 1065 456 videntur,
1094 409 1313 457 temporalia
1349 414 1455 452 sunt,-

401 483 496 519 quae
515 476 638 506 autem
668 480 741 504 non
764 466 946 510 videntur,
967 469 1131 500 aeterna.
1162 463 1263 509 Ergo
1293 473 1371 498 non
1392 461 1454 497 de—

402 525 464 560 bet
492 524 609 558 homo
638 518 860 568 temporalia
889 518 926 554 in
952 516 1121 552 oratione
1149 527 1171 551 a
1200 516 1284 550 Deo
1313 521 1453 562 petere.

452 587 488 621 4.
510 576 740 618 PRAETEREA,
767 573 885 608 homo
916 581 994 606 non
1023 569 1136 605 debet
1162 574 1290 616 petere
1320 579 1342 603 a
1370 567 1454 603 Deo

401 628 468 664 nisi
507 628 608 663 bona
637 633 672 661 et
699 624 812 660 utilia.
853 623 929 658 Sed
967 621 1198 670 quandoque
1232 619 1455 668 temporalia

400 679 527 717 habita
555 686 641 715 sunt
669 676 816 722 nociva,
847 687 925 711 non
952 675 1075 710 solum
1104 673 1359 722 spiritualiter,
1389 674 1454 709 sed

401 732 512 769 etiam
536 729 805 779 temporaliter.
836 729 937 775 Ergo
958 739 1036 763 non
1056 734 1142 763 sunt
1161 739 1183 762 a
1211 727 1296 762 Deo
1316 725 1354 762 in
1374 737 1455 762 ora-

398 785 499 821 tione
528 783 703 832 petenda.

453 837 527 873 SED
547 847 692 872 CONTRA
720 846 785 870 EST
804 833 909 881 quod
936 831 1068 869 dieitur
1086 833 1199 869 stov.
1219 843 1290 868 xxx
1308 830 1345 867 *τ
1376 831 1411 867 T
1407 830 1455 866 ri-

399 891 469 926 bue
497 894 638 926 tantum
667 887 782 924 victui
807 898 890 923 meo
920 885 1142 922 necessaria.

452 943 676 979 RESPONDEO
713 951 897 977 mei-:NDUM
933 938 1058 986 quod,
1093 938 1188 974 sicut
1225 935 1457 984 Augustinus

400 994 497 1038 dicit,
526 995 578 1031 ad
603 994 787 1038 Probam,
817 993 863 1028 de
895 991 1047 1028 Orando
1075 992 1199 1028 Deum
1218 989 1250 1036 ²¹⁶,
1278 991 1349 1026 hoc
1377 989 1459 1025 licet

399 1059 512 1084 orare
539 1048 640 1096 quod
670 1046 754 1083 licet
788 1044 1010 1082 desiderare.
1047 1041 1295 1092 T'emporalia
1329 1049 1455 1079 autem

398 1100 483 1137 licet
511 1100 745 1137 desiderare:
775 1111 854 1135 non
882 1097 1038 1145 quidem
1066 1095 1331 1145 principaliter,
1351 1103 1392 1131 ut
1419 1095 1457 1131 in

401 1154 453 1190 eis
481 1154 598 1190 finem
627 1152 923 1196 constituamus;
953 1150 1020 1187 sed
1054 1150 1149 1186 sicut
1177 1149 1367 1197 quaedam
1396 1148 1458 1184 ad-

398 1206 576 1243 minicula
614 1205 751 1254 quibus
793 1203 1020 1241 adiuvamur
1057 1203 1104 1239 acl
1147 1202 1378 1238 tendendum
1420 1200 1457 1236 in

399 1259 681 1305 beatitudinem,
704 1259 926 1306 inquantum
948 1255 1086 1291 scilicet
1111 1267 1180 1303 per
1209 1266 1253 1290 ea
1280 1253 1358 1289 vita
1379 1265 1459 1289 cor-

399 1312 538 1361 poralis
567 1318 805 1356 sustentatur,
828 1317 864 1346 et
891 1309 1114 1356 inquantum
1144 1306 1254 1343 nobis
1283 1305 1458 1353 organice

400 1365 617 1402 deserviunt
644 1364 693 1401 ad
717 1371 821 1399 actus
849 1361 1050 1406 virtutum,
1080 1367 1121 1396 ut
1150 1359 1261 1395 etiam
1290 1358 1459 1394 Philoso—

399 1420 495 1466 phus
517 1417 614 1463 dicit,
635 1416 672 1453 in
702 1417 715 1451 I
735 1415 854 1451 Ethic.
875 1413 895 1435 '¹‘
923 1414 972 1450 Et
990 1413 1076 1449 ideo
1096 1425 1166 1461 pro
1186 1411 1458 1460 temporalibus

398 1471 483 1507 licet
520 1481 639 1506 orare.
680 1469 727 1505 Et
763 1469 838 1504 hoc
867 1474 922 1503 est
949 1466 1054 1515 quod
1088 1465 1320 1513 Augustinus
1351 1464 1458 1511 dicit,

398 1524 449 1560 ad
473 1523 638 1559 Probam
661 1521 702 1557 *t
731 1519 1002 1569 Sufficientiam
1030 1519 1128 1556 vitae
1147 1531 1220 1555 non
1251 1518 1461 1554 indecenter

397 1576 479 1613 vult
495 1576 659 1624 quisquis
687 1586 770 1611 eam
790 1574 871 1610 vult
891 1578 927 1609 et
948 1585 1022 1609 non
1042 1572 1214 1620 amplius.
1254 1572 1359 1613 Quae
1382 1571 1460 1619 qui-

399 1629 482 1666 dem
512 1641 585 1665 non
614 1627 799 1676 appetitur
830 1631 986 1674 propter
1011 1626 1191 1673 seipsam.-
1219 1625 1285 1661 sed
1304 1629 1462 1672 propter

398 1682 556 1719 salutem
585 1680 753 1729 corporis
780 1685 815 1716 et
841 1684 1110 1728 congruentem
1142 1678 1309 1714 habitum
1332 1689 1461 1725 perso-

1509 368 1581 393 nae
1598 356 1770 402 hominis,
1792 362 1832 392 ut
1859 367 1932 392 non
1961 355 2008 391 sit
2024 355 2287 392 inconveniens
2305 356 2357 392 eis
2375 368 2461 394 cum
2490 357 2569 406 qui-

1509 410 1576 445 bus
1603 409 1803 445 vivendum
1841 414 1904 444 est.
1934 409 2011 444 Ista
2039 419 2154 457 erg0,
2182 419 2268 444 cum
2295 410 2500 456 habentur,
2532 416 2573 446 ut

1509 466 1722 505 teneantur,·
1750 473 1835 498 cum
1856 472 1929 497 non
1950 461 2145 506 habentur,
2163 466 2203 497 ut
2218 462 2438 508 habeantur,
2458 475 2569 499 oran-

1508 515 1597 551 dum
1626 519 1688 550 est.

1561 569 1620 603 AD
1662 578 1799 603 PRlMUM
1837 577 1935 602 ERGO
1977 578 2161 603 DICENDUM
2203 566 2309 614 quod
2346 567 2571 615 temporalia

1509 632 1588 656 non
1607 627 1694 656 sunt
1717 620 1936 666 quaerenda
1961 619 2225 668 principaliter,
2247 619 2314 656 sed
2334 620 2570 657 secundario.

1509 672 1621 710 Unde
1649 672 1881 719 Augustinus
1911 671 2017 719 dicit,
2042 672 2080 708 in
2108 672 2204 709 libro
2233 672 2278 708 de
2306 673 2426 709 Serm.
2455 674 2570 710 Dom.

1510 726 1546 762 in
1567 726 1701 761 Monte
1719 724 1760 760 *ε
1794 725 1889 762 Cum
1909 725 2020 762 dixit.-
2048 725 2150 762 Illud
2161 725 2289 773 primo
2315 726 2572 774 quaerendum
2598 735 2810 764 ’Lib-flamm·

1510 784 1572 824 est,
1595 778 1733 815 scilicet
1752 788 1910 824 regnum
1937 777 2022 825 Dei,
2042 778 2272 827 significavit
2289 779 2377 827 quia
2400 779 2482 825 hoc,
2504 779 2572 816 sci-

1510 832 1596 868 licet
1614 830 1824 879 temporale
1844 831 2003 877 bonum,
2018 831 2204 878 posterius
2232 833 2488 880 quaerendum
2508 839 2572 879 est,

1511 897 1584 921 non
1614 890 1791 932 tempore,
1810 883 1876 919 sed
1891 882 2093 932 dignitate:
2121 883 2214 920 illud
2230 889 2409 933 tanquam
2433 886 2572 923 bonum

1511 943 1691 983 nostrum,
1712 938 1782 974 hoc
1810 941 1990 984 tanquam
2019 937 2270 974 necessarium
2299 944 2478 975 nostrum.

1565 992 1623 1027 An
1643 1000 1834 1034 SECUNDUM
1854 1000 2038 1026 DICENDUM
2067 989 2172 1037 quod
2192 1001 2271 1026 non
2290 991 2481 1038 quaelibet
2500 992 2573 1029 sol-

1510 1043 1662 1080 licitudo
1701 1055 1827 1079 rerum
1865 1042 2133 1091 temporalium
2178 1049 2232 1079 est
2267 1043 2478 1092 prohibita,
2507 1045 2575 1082 sed

1512 1096 1705 1145 superflua
1734 1103 1771 1132 et
1798 1095 2027 1142 inordinata,
2056 1102 2098 1132 ut
2125 1107 2240 1144 supra
2258 1095 2279 1117 '¹‘
2305 1096 2478 1133 habitum
2507 1105 2573 1135 est.
2601 1105 2765 1133 ‘Qu-murt·
2776 1104 2800 1126 ⁶·

1565 1151 1623 1185 An
1651 1161 1811 1186 TER-num
1839 1160 2022 1185 DICENDUM
2051 1149 2156 1196 quod
2185 1148 2339 1197 quando
2369 1161 2478 1186 mens
2506 1162 2575 1187 no-

1513 1209 1588 1238 stra
1616 1201 1774 1238 intendit
1805 1201 2078 1250 temporalibus
2111 1202 2225 1238 rebus
2253 1209 2294 1238 ut
2321 1201 2359 1238 in
2389 1202 2443 1239 eis
2471 1203 2575 1251 quie-

1513 1261 1603 1300 scat,
1624 1261 1796 1291 remanet
1813 1254 1851 1291 in
1880 1254 1933 1291 eis
1962 1254 2152 1303 depressa.
2184 1255 2261 1291 Sed
2281 1255 2437 1304 quando
2456 1255 2577 1293 inten-

1514 1307 1566 1344 dit
1586 1307 1638 1342 eis
1667 1307 1704 1343 in
1724 1307 1856 1344 ordine
1884 1307 1933 1343 ad
1952 1307 2224 1345 beatitudinem
2250 1309 2574 1358 consequendam,

1513 1371 1592 1396 non
1628 1360 1675 1395 ab
1711 1360 1764 1396 eis
1803 1360 2044 1408 deprimitur,
2075 1361 2142 1397 sed
2177 1360 2298 1408 magis
2335 1374 2380 1398 ea
2418 1360 2576 1400 elevatss
2701 1357 2718 1391 β

1513 1424 1676 1449 sursum.

1566 1467 1624 1502 An
1654 1476 1828 1507 QUARTUM
1856 1477 2040 1502 mCENDUM
2070 1466 2175 1513 quod
2199 1477 2244 1502 ex
2271 1478 2348 1515 quo
2378 1479 2456 1505 non
2483 1468 2578 1516 peti-

1514 1530 1599 1554 mus
1627 1517 1852 1566 temporalia
1880 1526 2063 1566 tanquam
2095 1517 2350 1568 principaliter
2386 1520 2575 1568 quaesita,

1514 1571 1582 1608 sed
1610 1571 1648 1607 in
1673 1571 1805 1608 ordine
1826 1571 1875 1607 ad
1904 1571 2018 1618 aliud,
2040 1584 2086 1608 eo
2106 1579 2239 1609 tenor-e
2268 1585 2291 1609 a
2309 1573 2393 1609 Deo
2413 1573 2577 1622 petimus

1512 1624 1593 1672 ipsa
1621 1632 1662 1660 ut
1681 1623 1792 1661 nobis
1821 1624 2079 1661 concedantur
2098 1625 2312 1663 secundum
2339 1627 2444 1675 quod
2464 1638 2578 1676 expe-

1516 1677 1623 1714 diunt
1651 1677 1699 1714 ad
1728 1678 1901 1714 salutem.

454 1794 479 1829 β)
499 1802 530 1820 ea
548 1795 642 1819 elevat.
654 1807 673 1812 -
691 1801 748 1819 eam
774 1794 860 1818 elevat
878 1793 932 1822 DK,
951 1793 1036 1817 elevat
1054 1792 1092 1824 pC
1112 1797 1137 1816 et
1161 1799 1187 1822 K,
1202 1798 1255 1823 per
1273 1798 1318 1816 eas
1343 1791 1463 1815 elevatur
1483 1791 1514 1819 G.
1533 1791 1653 1815 elevatur
1672 1790 1765 1815 PHIsC
1783 1795 1808 1814 et
1827 1798 1853 1815 a.

1175 1943 1495 1985 ARTICULUS
1526 1944 1793 1986 SEPTIMUS

1076 2035 1231 2066 UTRUM
1255 2035 1485 2066 DEBEAMUS
1508 2035 1593 2066 PRO
1619 2036 1726 2066 Acus
1750 2035 1897 2066 ORARE

1179 2114 1213 2138 1v
1233 2114 1316 2143 Sent„
1336 2114 1395 2140 dist.
1413 2122 1453 2143 κν,
1473 2122 1518 2147 qu.
1537 2122 1570 2146 xv,
1590 2120 1638 2140 art.
1656 2122 1682 2146 4,
1701 2115 1752 2147 qu*
1772 2114 1796 2140 3.

440 2243 445 2250 A

457 2311 462 2315 ’
524 2305 526 2307 ’
539 2280 711 2341 N*fenim
732 2299 839 2348 sequi
859 2298 1045 2335 debemus
1064 2299 1229 2335 formam
1250 2310 1367 2347 quam
1383 2299 1461 2335 Do-

425 2212 500 2268 2⁰²5&
516 2216 534 2245 ῃ
550 2226 558 2233 s
610 2206 632 2231 n
648 2204 827 2230 SEPTIMUM
847 2204 900 2229 s1c
915 2204 1155 2229 PROCEDITUR.
1176 2191 1336 2229 Videtur
1354 2192 1460 2240 quod
1514 2192 1731 2229 audiuntur.
1761 2194 1863 2241 Ergo
1882 2193 2035 2231 videtur
2053 2195 2160 2242 quod
2179 2207 2259 2233 non
2279 2197 2490 2235 debeamus
2507 2210 2580 2248 pro

432 2240 483 2295 §fiir
527 2239 590 2293 (ἢῆ
610 2259 688 2283 non
704 2246 912 2283 debeamus
927 2257 997 2294 pro
1013 2245 1093 2282 aliis
1113 2257 1233 2282 orare.
1256 2247 1298 2282 In
1313 2245 1460 2282 orando
1514 2245 1594 2282 aliis
1622 2258 1744 2282 orare.

1569 2299 1643 2335 SED
1675 2310 1822 2336 CONTRA
1849 2310 1916 2336 EST
1944 2300 2050 2348 quod
2086 2300 2221 2338 dicitur
2248 2302 2322 2340 Iac.
2342 2315 2366 2340 v
2383 2303 2423 2340 *ε
2467 2304 2582 2342 Orate
2606 2313 2747 2338 ’νεωσ-

478 2319 501 2336 η

421 2307 737 2389 wminus
756 2351 917 2389 tradidit.
949 2351 1026 2388 Sed
1054 2351 1092 2388 in
1117 2351 1301 2388 Oratione
1329 2352 1462 2388 Domi·
1508 2363 1583 2400 pro
1613 2352 1784 2398 invicem,
1806 2357 1845 2388 ut
1868 2352 2077 2390 salvemini.

402 2408 486 2445 nica
513 2406 711 2456 petitiones
738 2418 808 2455 pro
829 2405 940 2442 nobis
969 2404 1141 2451 facimus,
1162 2417 1240 2441 non
1268 2417 1338 2453 pro
1368 2404 1460 2452 aliis,

401 2461 586 2499 dicentes:
615 2460 758 2495 Panem
787 2464 956 2495 nostrum
993 2458 1251 2506 quotidianum
1279 2458 1328 2494 da
1356 2458 1462 2494 nobis

400 2514 520 2558 hodie,
537 2519 572 2548 et
592 2519 715 2549 cetera
738 2510 959 2549 huiusmodi
978 2516 1007 2548 α.
1042 2511 1143 2558 Ergo
1171 2523 1250 2547 non
1275 2510 1461 2547 debemus

401 2579 469 2615 pro
499 2565 579 2602 aliis
608 2577 728 2602 orare.

457 2631 491 2656 2.
513 2620 754 2665 PRAETEREA,
783 2619 832 2655 ad
860 2617 935 2653 hoc
963 2616 1083 2653 oratio
1112 2616 1155 2652 fit
1182 2614 1320 2665 quodl3
1349 2627 1460 2652 exau-

403 2672 534 2709 diatur.
567 2671 644 2707 Sed
662 2682 740 2707 una
760 2671 807 2708 de
837 2668 1119 2707 conditionibus
1138 2681 1236 2717 quae
1265 2669 1460 2717 requirun-

402 2733 462 2761 tur
480 2724 528 2761 ad
547 2725 622 2760 hoc
641 2723 745 2771 quod
765 2723 885 2760 oratio
901 2723 947 2759 sit
965 2722 1138 2759 audibilis
1152 2727 1179 2768 Υ,
1197 2729 1252 2759 est
1269 2728 1311 2758 ut
1330 2721 1462 2770 aliquis

404 2787 485 2814 oret
508 2789 577 2825 pro
602 2776 726 2824 seipso
746 2775 783 2813 *ε
813 2776 917 2813 unde
946 2787 1060 2823 super
1087 2774 1177 2812 illud
1206 2776 1310 2812 Ioan.
1330 2787 1390 2811 xvl
1409 2774 1460 2822 *²2

404 2831 446 2867 Si
471 2830 559 2878 quid
585 2829 766 2877 petieritis
800 2830 952 2865 Patrem
981 2828 1017 2864 in
1047 2828 1198 2865 nomine
1229 2840 1332 2874 meo,
1362 2829 1465 2865 dabit

403 2883 518 2928 vobis,
540 2882 772 2930 Augustinus
792 2881 881 2918 dicit
898 2881 936 2918 *ε
958 2881 1228 2917 Exaudiuntur
1247 2893 1375 2918 omnes
1388 2893 1462 2930 pro

403 2936 541 2983 seipsis,
558 2947 631 2971 non
652 2941 776 2971 autem
791 2946 864 2984 pro
884 2934 1066 2971 omnibus,
1102 2935 1207 2971 Unde
1226 2946 1299 2971 non
1321 2939 1463 2972 utcum-

406 3000 476 3036 que
494 2986 507 3009 δ
536 2988 673 3024 dictum
701 2993 763 3033 est,
792 3003 811 3020 ⁴<
830 2988 946 3024 Dabit
961 3000 1000 3023 »ς
1028 2987 1103 3032 sed,
1126 3002 1145 3020 «
1163 2987 1282 3024 Dabit
1305 2987 1410 3024 vobis
1427 3003 1460 3024 ».

406 3041 508 3087 Ergo
527 3039 676 3076 videtur
693 3039 799 3087 quod
818 3052 896 3076 non
926 3040 1134 3077 debeamus
1153 3052 1223 3088 pro
1243 3039 1322 3077 aliis
1342 3052 1462 3088 orare,

408 3092 475 3129 sed
504 3092 628 3128 solum
657 3104 727 3139 pro
756 3092 879 3128 nobis.

463 3145 496 3181 3.
518 3145 750 3190 PRAETEREA,
770 3156 840 3192 pro
869 3143 961 3190 aliis,
982 3144 1012 3180 si
1040 3151 1127 3180 sunt
1155 3145 1260 3190 mali,
1287 3145 1463 3193 prohibe-

408 3209 494 3234 mur
513 3209 643 3233 orare:
669 3196 880 3233 secundum
900 3196 992 3232 illud
1013 3197 1146 3233 Ierem.
1166 3208 1215 3233 vu
1233 3197 1271 3233 *ε
1295 3197 1351 3234 Tu
1370 3209 1463 3247 ergo

409 3250 488 3286 noli
513 3261 626 3286 orare
647 3261 721 3297 pro
744 3249 886 3297 populo
913 3249 995 3294 hoc,
1015 3254 1051 3284 et
1077 3261 1150 3285 non
1171 3250 1325 3285 obsistas
1352 3250 1464 3286 mihi:

408 3303 496 3350 quia
529 3314 602 3339 non
640 3302 844 3339 exaudiam
880 3307 924 3338 te.
962 3302 1037 3337 Pro
1075 3301 1186 3338 bonis
1223 3309 1351 3338 autem
1385 3314 1462 3339 non

409 3362 559 3403 oportet
586 3367 713 3391 orare:
743 3354 832 3403 quia
864 3354 934 3402 ipsi
961 3366 1030 3402 pro
1069 3353 1200 3402 seipsis
1226 3361 1376 3391 orantes
1404 3367 1464 3391 ex-

462 3466 490 3499 α)
509 3470 535 3491 et
552 3470 640 3491 cetera
658 3466 819 3491 huiusmodi.
831 3480 849 3485 -
866 3469 916 3492 etc.
935 3465 990 3497 PH,
1009 3473 1063 3491 om.
1081 3466 1114 3491 G.

464 3500 488 3534 β)
509 3502 586 3533 quod.
599 3514 620 3521 —
637 3505 666 3526 ut
684 3501 833 3531 PCEGHIa,
853 3509 906 3527 om.
925 3509 970 3533 px.

463 3537 489 3569 γ)
509 3537 642 3561 audibilis.
654 3550 673 3555 -
691 3537 851 3562 exaudibilis
871 3537 997 3561 PGLsCK
1016 3541 1041 3561 et
1058 3544 1084 3565 a,
1104 3536 1245 3562 laudabilis
1264 3538 1296 3562 H.

464 3571 488 3604 δ)
508 3575 654 3603 utcumque.
665 3586 685 3590 -
704 3575 733 3596 ut
747 3573 774 3601 B,
795 3570 857 3605 (om.
872 3572 934 3604 non)
953 3572 1106 3604 cuicumque
1123 3572 1151 3603 F,
1166 3575 1196 3597 ut
1209 3573 1360 3605 cuicumque
1376 3577 1404 3598 ut
1416 3574 1465 3606 pK,

1569 2405 1795 2442 Responnsso
1823 2417 2009 2443 monimum
2037 2406 2155 2455 quod,
2176 2407 2272 2444 sicut
2299 2407 2442 2446 dictum
2472 2417 2528 2457 est
2546 2410 2578 2459 ³¹³,
2607 2416 2803 2445 'An-immed·

1514 2457 1606 2494 illud
1635 2458 1822 2495 debemus
1850 2459 1996 2496 orando
2015 2467 2145 2508 petere
2174 2462 2279 2508 quod
2308 2460 2495 2500 debemus
2514 2463 2580 2501 de-

1516 2510 1693 2547 siderare.
1730 2511 1958 2548 Desiderare
1987 2519 2115 2549 autem
2154 2513 2341 2551 debemus
2369 2515 2472 2552 bona
2498 2529 2579 2555 non

1515 2563 1641 2600 solum
1670 2564 1793 2612 nobis,
1819 2565 1886 2602 sed
1915 2564 2029 2602 etiarn
2058 2565 2159 2602 aliis:
2187 2567 2263 2604 hoc
2289 2566 2391 2605 enim
2418 2569 2582 2616 pertinet

1515 2615 1564 2653 ad
1582 2616 1768 2653 rationem
1797 2617 2021 2665 dilectionis,
2043 2630 2159 2667 quam
2178 2620 2362 2668 proximis
2391 2621 2579 2661 debemus

1515 2668 1751 2717 impendere,
1770 2677 1811 2706 ut
1840 2682 1885 2706 ex
1912 2671 2134 2719 supradictis
2152 2671 2173 2695 ’⁸‘
2199 2680 2313 2722 patet.
2343 2675 2393 2711 Et
2410 2674 2498 2712 ideo
2519 2688 2580 2714 ca-
2606 2688 2819 2717 ·Qu.m,m.1‚

1516 2721 1604 2759 ritas
1618 2723 1693 2759 hoc
1712 2723 1876 2770 requirit,
1891 2731 1933 2760 ut
1950 2736 2021 2772 pro
2041 2724 2121 2761 aliis
2136 2737 2303 2763 oremus.
2326 2726 2437 2764 Unde
2458 2728 2579 2778 Chry·
2605 2721 2648 2764 {²11³-
2662 2721 2818 2771 ἕξςηῗὲὲζ

1517 2782 1710 2812 sostomus
1739 2775 1838 2823 dicit,
1858 2788 1971 2825 super
1988 2778 2126 2815 Matth.
2147 2777 2187 2815 *z
2216 2780 2292 2816 Pro
2310 2791 2351 2816 se
2375 2792 2489 2818 orare
2516 2793 2578 2819 ne·
2604 2771 2733 2848 §25:39
2775 2799 2821 2821 ..ει

1516 2829 1664 2865 cessitas
1692 2829 1814 2878 cogit:
1834 2841 1910 2877 pro
1937 2830 2056 2867 altero
2084 2837 2222 2878 autem,
2242 2833 2380 2870 caritas
2391 2835 2579 2883 fraterni-
2605 2826 2821 2880 xrv.-1ma¹3‘‹'>“i›iil

1517 2882 1599 2918 tatis
1626 2882 1809 2918 hortatur.
1830 2882 1990 2920 Dulcior
2017 2889 2142 2921 autem
2162 2891 2250 2922 ante
2276 2887 2401 2924 Deum
2420 2893 2475 2926 est
2491 2900 2578 2926 ora·
2605 2877 2688 2907 ω’*

1515 2935 1578 2980 tio,
1599 2946 1673 2971 non
1693 2946 1808 2983 quam
1837 2937 2032 2973 necessitas
2050 2938 2276 2985 transmittit,
2294 2940 2362 2976 sed
2382 2951 2496 2989 quam
2515 2953 2577 2979 ca-

1517 2988 1608 3024 ritas
1623 2988 1879 3036 fraternitatis
1906 2991 2155 3029 commendat.

1570 3042 1629 3077 AD
1658 3053 1795 3078 1>R1MUM
1823 3053 1922 3079 ERGO
1949 3055 2134 3081 morannum
2158 3045 2275 3092 quod,
2296 3044 2392 3083 sicut
2419 3046 2579 3096 Cypria-

1518 3105 1589 3130 nus
1609 3093 1708 3140 dicit,
1725 3093 1762 3131 in
1781 3094 1876 3131 libro
1896 3095 1942 3132 de
1964 3096 2067 3134 Orat.
2095 3097 2310 3144 Dominica,
2330 3098 2412 3136 ideo
2431 3111 2506 3140 non
2524 3099 2579 3137 di-

1518 3146 1648 3191 cimus,
1671 3161 1690 3179 «
1707 3148 1821 3183 Pater
1843 3159 1948 3184 meus
1965 3164 2000 3195 »,
2019 3150 2095 3196 sed,
2122 3166 2142 3183 e<
2161 3156 2285 3188 noster
2302 3164 2344 3195 ›,·
2374 3163 2454 3199 nec,
2476 3167 2496 3186 α
2513 3152 2577 3190 Da

1518 3198 1661 3244 mihi»,
1689 3199 1765 3244 sed,
1793 3214 1812 3232 «
1829 3201 1892 3237 Da
1920 3202 2026 3238 nobis
2043 3217 2076 3248 2,
2102 3203 2191 3251 quia
2221 3204 2370 3241 unitatis
2396 3205 2579 3255 magister

1518 3250 1638 3286 noluit
1647 3251 1828 3299 privatim
1843 3264 1994 3300 precem
2003 3255 2109 3302 fieri,
2131 3262 2172 3292 ut
2193 3257 2332 3294 scilicet
2352 3257 2434 3305 quis
2445 3269 2520 3306 pro
2537 3269 2578 3295 se

1518 3308 1661 3340 tantum
1675 3310 1861 3352 precetur.
1897 3307 2021 3343 Unum
2050 3309 2149 3346 enim
2178 3321 2292 3348 orare
2313 3322 2387 3359 pro
2406 3311 2578 3348 omnihus

1516 3355 1643 3401 voluit,
1664 3368 1737 3404 quo
1766 3358 1876 3395 modo
1896 3363 1909 3380 ⁸
1938 3359 1974 3396 in
2005 3372 2079 3398 uno
2099 3374 2228 3400 omnes
2255 3364 2332 3411 ipse
2345 3364 2522 3411 portavit.
2706 3371 2720 3389 ⁸

1515 3469 1668 3501 cuicumque
1683 3473 1712 3494 ut
1724 3471 1768 3500 sK,
1779 3471 1859 3502 ponit
1873 3475 1903 3496 ut
1919 3473 2100 3505 quodcumque
2119 3474 2151 3504 H,
2166 3477 2196 3499 ut
2209 3474 2363 3506 cuicumque
2380 3474 2411 3506 L,
2425 3477 2530 3500 tantum
2545 3475 2578 3507 G,

1517 3504 1672 3536 simpliciter
1692 3505 1755 3530 PDI.

1572 3539 1594 3572 ε)
1614 3547 1665 3572 quo
1684 3541 1771 3566 modo.
1783 3555 1800 3560 ·—
1819 3542 1927 3574 quando
1946 3543 1974 3573 C,
1994 3544 2119 3576 quoniam
2140 3544 2212 3569 PHa.
