2860 4244
906 318 1173 365 QUAESTIO
1202 318 1379 366 LXXIX,
1408 318 1704 355 ARTICULUS
1734 318 1765 354 II

250 400 360 449 cipue
375 398 533 458 quando
550 398 683 447 aliquis
700 398 944 446 impugnatur
961 403 1002 433 ut
1020 397 1163 433 malurn
1183 397 1303 444 faciat,

250 461 286 490 et
312 459 458 489 reslstlt.

2349 319 2420 364 169

1357 397 1453 445 palis
1483 397 1574 433 eius.
1605 396 1805 433 Declinare
1834 402 1962 432 autem
1985 407 2008 432 a
2026 396 2127 432 malo
2149 402 2203 431 est
2226 402 2331 431 actus
2350 395 2421 431 irn-

1357 449 1578 498 perfectior,
1610 457 1646 486 et
1672 449 1897 486 secundaria
1924 460 2012 497 pars
2042 447 2133 484 eius.
2172 449 2221 484 Et
2248 447 2335 484 ideo
2366 455 2421 484 est

301 507 360 542 An
387 516 547 541 TER-rium
574 515 758 541 mmmmm
786 502 892 551 quod
923 502 1046 539 facere
1075 502 1222 539 bonum
1252 509 1307 539 est
1331 530 1334 553 χ
1359 502 1467 551 quasi
1495 514 1584 550 pars
1613 501 1835 548 materialis,
1866 501 1946 538 sine
1975 513 2052 549 qua
2079 512 2157 538 non
2185 507 2310 549 potest
2338 512 2420 537 esse

248 565 353 595 actus
382 557 635 606 completivus
653 556 825 604 iustitiae,
856 563 893 592 et
919 554 1027 603 quasi
1055 567 1142 603 pars
1171 555 1306 603 princi-

1358 567 1445 603 pars
1474 554 1644 591 formalis
1673 554 1916 603 completiva.

922 660 1254 691 commentaria
1276 658 1528 691 Garamans
1551 658 1752 691 Caietani

278 752 299 773 N
315 742 447 773 articulo
462 741 567 781 primo
582 739 775 780 quaestionis
791 737 1144 778 septuagesimaenonae
1168 737 1301 768 dubium

251 754 415 817 Ioccurrit
437 785 517 815 circa
539 783 695 814 rationem
721 783 754 813 in
776 782 983 822 responsione
1006 782 1046 812 ad
1068 782 1210 822 primum
1238 781 1306 811 red-

248 829 363 866 ditium,
387 838 484 869 quare
514 827 632 859 scilicet
659 827 814 857 declinare
845 836 863 856 a
885 826 971 857 malo
1003 833 1034 857 et
1058 826 1159 856 facere
1181 826 1306 856 bonum

247 873 423 904 secundum
446 872 585 913 aliquam
609 871 772 911 propriam
793 870 948 902 rationem
976 870 1053 901 boni
1077 876 1107 900 et
1130 869 1223 905 mali,
1248 878 1306 909 po-

247 923 367 948 nuntur
389 922 492 957 partes
514 915 670 951 iustitiae,
699 921 730 946 et
757 925 824 946 non
851 921 1015 955 ponuntur
1042 920 1145 954 partes
1173 913 1306 944 aliarum

245 960 409 997 virtutum,
431 967 509 1001 puta
531 959 725 990 fortitudinis
741 966 771 990 et
787 959 1021 999 temperantiae,
1039 957 1215 988 secundum
1231 956 1307 986 alias

246 1004 396 1045 speciales
418 1004 557 1035 rationes
572 1003 659 1034 boni.
683 1003 776 1034 Ratio
791 1003 877 1034 enim
892 1003 1013 1033 litterae
1028 1009 1074 1032 est
1096 1001 1171 1042 quia
1185 1000 1218 1030 in
1238 999 1306 1030 aliis

245 1049 413 1080 virtutibus
436 1048 469 1079 in
491 1049 578 1079 idem
601 1047 680 1078 redit
703 1054 890 1088 utrumque:
914 1046 948 1077 in
962 1046 1080 1076 iustitia
1095 1051 1203 1076 autem
1219 1043 1306 1074 aliud

246 1099 293 1124 est
314 1093 537 1134 aequalitatem
560 1092 679 1128 facere,
704 1098 734 1122 et
757 1091 843 1122 aliud
865 1090 980 1121 factam
1003 1099 1070 1120 non
1093 1097 1305 1128 corrumpere.

245 1137 379 1168 Videtur
401 1143 508 1167 autem
531 1136 608 1167 haec
631 1135 711 1166 ratio
735 1135 832 1166 nulla.
856 1135 945 1164 Tum
968 1133 1042 1174 quia
1056 1133 1090 1163 in
1105 1133 1173 1172 ipsa
1189 1131 1307 1162 iustitia

246 1181 341 1212 etiam
363 1181 396 1211 in
419 1181 505 1211 idem
518 1180 599 1211 redit
617 1186 802 1219 utrumque:
827 1188 903 1208 nam
918 1177 1003 1208 idem
1019 1183 1065 1207 est
1084 1176 1306 1217 aequalitatem

245 1224 347 1256 facere
370 1231 401 1256 et
423 1225 461 1255 ab
484 1223 644 1264 inaequali
667 1223 831 1257 declinare,
855 1231 921 1251 non
945 1221 1051 1251 minus
1072 1230 1171 1261 quarn
1194 1221 1232 1251 ab
1257 1230 1308 1250 ex-

246 1269 353 1300 tremis
376 1269 415 1299 ad
438 1268 580 1298 medium
602 1266 717 1297 venire.
742 1283 763 1288 -
786 1266 874 1296 Tum
893 1265 969 1306 quia
988 1264 1070 1295 sicut
1083 1265 1171 1295 aliud
1186 1271 1233 1295 est
1256 1274 1307 1294 ae-

245 1313 430 1354 qualitatem
446 1312 546 1342 facere
570 1317 601 1341 et
619 1310 706 1340 aliud
722 1309 837 1340 factam
852 1319 918 1339 non
933 1319 1145 1349 corrumpere,
1162 1309 1205 1339 ita
1221 1308 1307 1339 aliud

245 1363 293 1388 est
313 1355 457 1387 medium
480 1355 560 1386 inter
582 1354 747 1395 passiones
766 1353 966 1390 constituere,
991 1359 1021 1384 et
1043 1353 1130 1384 aliud
1154 1352 1306 1384 constitu-

244 1407 316 1433 tum
338 1399 573 1442 mediumlnon
587 1407 807 1439 corrumpere.
834 1398 875 1428 Et
898 1398 942 1429 sic
965 1397 1107 1437 undique
1131 1397 1210 1428 ratio
1234 1397 1306 1428 ruit.

246 1468 271 1471 7-
279 1443 473 1476 -Adkhuffis
492 1442 696 1479 evidentiam,
721 1442 886 1473 sciendum
909 1448 955 1472 est
978 1442 1068 1482 quod
1090 1441 1171 1472 inter
1193 1451 1308 1482 aequa-

243 1488 375 1525 litatem,
395 1488 475 1519 circa
489 1497 587 1529 quam
606 1493 745 1517 versatur
759 1485 887 1522 iustitia,
908 1493 938 1517 et
953 1485 1106 1522 medium,
1123 1485 1203 1516 circa
1219 1485 1308 1526 quod

244 1532 323 1564 aliae
347 1539 421 1564 sunt
442 1532 573 1563 virtutes
596 1531 742 1568 morales,
767 1531 844 1561 haec
867 1537 913 1562 est
936 1529 1119 1566 differentia,
1143 1530 1233 1570 quod
1256 1539 1306 1560 ae-

244 1577 380 1619 qualitas
402 1584 449 1608 est
471 1576 505 1607 in
527 1576 621 1606 rebus
644 1575 730 1616 ipsis,
754 1574 898 1605 medium
913 1580 1020 1604 autem
1036 1573 1121 1604 intus
1143 1573 1178 1603 in
1193 1573 1307 1604 animis

245 1621 371 1652 nostris.
402 1621 443 1652 Et
465 1621 539 1652 hinc
561 1619 596 1651 fit
619 1626 655 1650 ut
678 1619 888 1650 constitutum
910 1627 966 1658 per
989 1617 1064 1648 alias
1087 1617 1218 1648 virtutes
1242 1627 1308 1647 me-

245 1665 336 1697 dium
358 1675 375 1696 a
397 1675 460 1702 me,
485 1663 594 1696 nullus
616 1663 696 1694 alius
719 1663 820 1704 possit
842 1670 1062 1702 corrumpere:
1091 1661 1198 1692 nullus
1222 1661 1308 1691 enim

244 1719 296 1741 me
312 1715 418 1750 potest
432 1709 568 1740 invitum
583 1718 620 1738 ex
634 1713 809 1748 temperato
826 1706 926 1737 facere
941 1706 1198 1746 intemperatum.
1221 1704 1307 1736 Con-

244 1754 388 1786 stitutum
409 1763 485 1784 vero
509 1751 731 1794 aequalitatem
754 1761 772 1782 a
795 1761 847 1781 me
870 1756 976 1791 potest
998 1750 1093 1787 alius,
1117 1760 1168 1780 me
1190 1749 1306 1787 invito,

245 1806 464 1839 corrumpere:
488 1804 524 1828 ut
546 1802 633 1838 patet
655 1806 729 1827 cum
752 1795 950 1826 reddendum
971 1794 1049 1825 iussi
1073 1803 1185 1834 agrum
1208 1804 1306 1825 suum

243 1842 368 1879 Ioanni,
393 1848 424 1873 et
446 1841 523 1872 alter
544 1841 633 1872 iubet
655 1840 793 1871 eundem
816 1849 929 1880 agrum
952 1839 990 1869 ab
1015 1849 1054 1869 eo
1079 1838 1302 1875 auferendum

243 1885 419 1927 corrumpit
441 1885 527 1916 enim
549 1885 602 1915 ille
625 1884 847 1925 aequalitatem
870 1893 969 1924 quam
992 1893 1051 1923 ego
1075 1882 1144 1913 feci.
1168 1882 1210 1913 Et
1232 1882 1306 1913 hinc

242 1931 364 1962 intenta
392 1931 432 1961 ad
459 1929 664 1971 propositum
693 1928 866 1959 differentia
894 1927 976 1958 clara
1006 1927 1157 1957 habetur:
1190 1926 1307 1957 scilicet

230 1973 333 2017 ⁴quod
354 1974 387 2006 in
408 1974 476 2005 aliis
492 1973 661 2005 virtutibus
684 1973 786 2004 facere
802 1971 946 2002 medium
968 1978 998 2002 et
1022 1981 1088 2001 non
1105 1981 1307 2011 corrumpere

242 2019 323 2051 illud
344 2019 431 2050 idem
454 2025 516 2055 est,
541 2018 622 2049 sicut
643 2016 835 2048 illuminatio
860 2015 1026 2052 continua;
1054 2015 1087 2045 in
1111 2015 1229 2046 iustitia
1251 2025 1306 2045 au-

242 2070 309 2095 tem
330 2063 433 2094 facere
455 2062 677 2104 aequalitatem
700 2067 731 2092 et
753 2071 819 2092 non
843 2069 1046 2100 corrumpere
1068 2059 1157 2089 illam
1185 2059 1307 2090 diversa

243 2114 333 2144 sunt,
367 2107 443 2148 quia
465 2106 637 2147 aequalitas
667 2105 748 2136 facta
769 2104 803 2135 in
826 2105 920 2135 rebus
950 2114 1016 2134 non
1041 2109 1244 2134 conservatur
1270 2113 1307 2134 ex

243 2161 318 2183 meo
348 2151 465 2188 facere,
489 2150 565 2192 quia
590 2159 658 2181 non
685 2149 843 2191 dependet
864 2159 883 2179 a
905 2158 974 2185 me,
998 2154 1104 2189 potest
1126 2158 1265 2189 namque
1289 2158 1307 2178 a

1360 737 1469 767 multis
1485 737 1552 767 aliis
1569 738 1740 777 corrumpi.
1766 738 1850 775 Quia
1866 748 1940 778 ergo
1961 738 2048 768 aliud
2072 745 2118 768 est
2134 738 2233 768 facere
2253 738 2423 778 aequalita-

1360 788 1434 817 tem,
1452 788 1483 811 et
1510 780 1596 811 aliud
1619 788 1665 811 est
1695 780 1786 823 [non]
1807 792 2009 822 corrumpere
2029 782 2251 823 aequalitatem
2274 782 2389 813 factam
2405 792 2423 812 a

1360 835 1392 855 se
1410 825 1461 855 vel
1483 825 1522 855 ab
1538 825 1617 861 alio;
1642 832 1673 855 et
1688 825 1750 855 hoc
1767 835 1833 856 non
1856 825 1950 856 habet
1963 826 2074 856 locum
2096 826 2129 856 in
2153 826 2220 856 aliis
2234 826 2420 857 virtutibus:

1359 869 1432 899 ideo
1448 868 1550 898 facere
1569 869 1693 899 bonum
1709 876 1746 899 ¹et
1769 869 1923 900 declinare
1946 880 1964 900 a
1986 870 2082 906 malo,
2100 880 2181 910 quae
2202 870 2279 901 haec
2301 871 2423 910 impor-

1359 919 1436 948 tant,
1454 912 1653 952 assignantur
1669 913 1842 953 specialiter
1857 913 2003 950 iustitiae‚
2020 921 2050 944 et
2069 924 2135 944 non
2158 914 2226 944 aliis
2242 914 2420 946 virtutibus.

1415 956 1456 986 Et
1478 956 1553 997 quia
1576 958 1699 987 Auctor
1718 966 1784 986 non
1798 957 1922 988 videtur
1946 967 1982 987 ex
2004 958 2123 988 litterae
2140 958 2304 998 superficie
2328 969 2423 998 super

1359 1000 1418 1030 hac
1442 1010 1474 1030 se
1497 1000 1646 1030 fundasse
1669 1000 1850 1037 differentia,
1874 1001 1958 1037 ideo,
1982 1002 2205 1041 respondendo
2230 1003 2268 1032 ad
2288 1003 2422 1039 obiecta,

1360 1044 1474 1074 dicitur
1505 1045 1594 1084 quod
1624 1043 1797 1074 differentia
1818 1044 1877 1075 ista
1901 1045 2076 1075 secundum
2099 1046 2263 1077 veritatem
2288 1056 2354 1076 non
2378 1053 2423 1076 at-

1359 1088 1498 1119 tenditur
1521 1098 1618 1128 penes
1642 1098 1801 1118 recessum
1825 1098 1842 1118 a
1865 1089 2002 1118 termino
2026 1099 2044 1119 a
2067 1099 2143 1129 quo,
2168 1097 2246 1129 puta
2270 1090 2367 1126 malo,
2393 1097 2423 1121 et

1359 1141 1521 1162 accessum
1537 1132 1577 1162 ad
1593 1132 1766 1162 terminum
1789 1132 1828 1161 ad
1852 1142 1960 1172 quem,
1984 1140 2063 1172 puta
2085 1134 2223 1163 bonum:
2249 1135 2303 1164 sed
2326 1144 2423 1174 penes

1359 1176 1460 1206 facere
1483 1176 1656 1206 terminum
1680 1176 1719 1206 ad
1742 1185 1853 1216 quem,
1880 1182 1910 1206 et
1933 1186 2000 1206 non
2024 1186 2226 1217 corrumpere
2250 1177 2351 1209 illum.
2383 1178 2425 1208 Et

1358 1220 1421 1250 hoc
1441 1220 1591 1260 expressit
1613 1220 1725 1256 littera,
1750 1219 1939 1260 assignando
1955 1230 2052 1260 quare
2069 1221 2243 1260 specialiter
2259 1221 2334 1252 haec
2351 1228 2425 1252 sunt

1360 1271 1463 1304 partes
1486 1264 1631 1300 iustitiae,
1656 1270 1692 1294 ut
1715 1270 1801 1304 patet
1823 1263 1856 1293 in
1880 1264 1938 1294 hac
1954 1265 2172 1304 responsione.
2197 1265 2302 1296 Causa
2317 1272 2424 1296 autem

1360 1318 1457 1349 quare
1479 1308 1581 1339 littera
1608 1308 1647 1338 de
1670 1307 1738 1338 aliis
1762 1307 1932 1338 virtutibus
1956 1308 2102 1339 meminit
2130 1319 2271 1339 accessus
2295 1309 2335 1339 ad
2358 1319 2424 1339 me-

1360 1352 1451 1383 dium
1474 1359 1504 1383 et
1526 1362 1666 1383 recessus
1689 1353 1728 1382 ab
1753 1352 1908 1389 extrem1s,
1933 1359 1963 1383 et
1986 1352 2048 1383 hoc
2065 1353 2292 1393 contraposuit,
2312 1360 2348 1384 ut
2370 1364 2424 1393 ap-

1359 1403 1456 1436 paret,
1479 1406 1570 1427 verae
1586 1396 1787 1433 differentiae,
1812 1406 1894 1437 quae
1911 1403 1957 1427 est
1980 1397 2157 1427 secundum
2180 1397 2280 1428 facere
2305 1404 2335 1428 et
2358 1407 2425 1427 non

1360 1450 1571 1481 corrumpere,
1597 1440 1658 1471 fuit
1681 1440 1755 1481 quia
1777 1442 1899 1471 Auctor
1922 1451 1940 1471 a
1955 1440 2134 1472 notioribus
2151 1442 2284 1472 docebat
2307 1447 2338 1472 et
2361 1451 2425 1472 ma-

1360 1484 1488 1516 nifestis.
1513 1484 1719 1515 Manifestum
1743 1491 1850 1515 autem
1865 1491 1912 1515 est
1935 1486 2024 1525 quod
2047 1485 2080 1515 in
2095 1485 2163 1515 aliis
2178 1485 2348 1516 virtutibus
2372 1481 2424 1516 de*-

1361 1529 1475 1559 clinare
1494 1539 1511 1559 a
1528 1529 1613 1559 malo
1634 1535 1665 1559 et
1687 1528 1788 1559 facere
1803 1529 1927 1559 bonum
1942 1529 2156 1560 communiter
2171 1536 2343 1560 sumuntur
2365 1540 2424 1570 pro

1360 1583 1484 1603 recessu
1507 1573 1546 1603 ab
1570 1573 1715 1604 extremis
1739 1579 1770 1603 et
1793 1583 1919 1603 accessu
1943 1574 1983 1603 ad
2006 1573 2160 1604 medium.
2193 1574 2234 1604 Et
2257 1580 2424 1614 propterea

1360 1616 1498 1648 ostendit
1521 1617 1610 1657 quod
1633 1617 1708 1647 haec
1732 1616 1898 1647 manifeste
1914 1617 2085 1657 importata
2107 1628 2163 1657 per
2185 1618 2241 1648 has
2265 1625 2368 1658 partes
2391 1618 2425 1648 in

1360 1660 1428 1691 aliis
1450 1660 1618 1691 virtutibus
1648 1670 1716 1690 non
1740 1667 1814 1691 sunt
1837 1661 1918 1691 duae
1942 1668 2064 1701 partes:
2099 1668 2128 1692 et
2156 1672 2212 1702 per
2235 1662 2424 1702 oppositum

1361 1711 1407 1735 est
1421 1705 1511 1745 quod
1526 1704 1580 1735 illa
1595 1714 1677 1745 quae
1693 1704 1859 1735 manifeste
1874 1704 2089 1745 importantur
2107 1715 2163 1746 per
2179 1706 2305 1736 easdem
2321 1713 2425 1746 partes

1359 1749 1393 1779 in
1420 1748 1550 1786 materia
1578 1748 1735 1786 iustitiae,
1760 1755 1835 1779 sunt
1863 1749 1943 1779 duae
1971 1755 2085 1789 partes.
2119 1750 2164 1780 Ita
2192 1750 2281 1789 quod
2304 1752 2426 1780 Auctor

1359 1793 1465 1833 primo
1489 1793 1620 1823 exclusit
1642 1793 1731 1833 quod
1753 1793 1925 1832 importata
1949 1803 2005 1833 per
2026 1793 2096 1823 illas
2119 1800 2222 1833 partes
2245 1794 2278 1823 in
2297 1794 2427 1825 materia

1360 1837 1495 1868 aliarum
1509 1837 1664 1868 virtutum
1686 1846 1753 1867 non
1777 1843 1851 1867 sunt
1874 1837 1955 1868 duae
1979 1844 2092 1877 partes.
2117 1838 2239 1868 Deinde
2257 1838 2346 1878 quod
2365 1838 2426 1868 im-

1359 1888 1484 1922 portata
1511 1892 1567 1922 per
1590 1881 1716 1912 easdem
1740 1888 1844 1921 partes
1862 1881 1904 1923 ‘in
1927 1882 2057 1912 materia
2080 1881 2217 1912 iustitiae
2248 1889 2322 1913 sunt
2344 1883 2425 1912 duae

1359 1933 1472 1966 partes.
1496 1926 1537 1956 Et
1559 1935 1626 1956 non
1650 1925 1870 1965 contraposuit
1891 1925 1924 1956 in
1941 1925 2070 1956 veritate
2093 1926 2146 1956 illa
2166 1925 2338 1966 significata
2359 1926 2426 1956 istis

1359 1969 1549 2010 significatis.
1577 1970 1619 2000 Et
1642 1980 1699 2010 per
1725 1969 1802 2000 haec
1825 1976 1912 2010 patet
1934 1970 2052 2000 solutio
2076 1970 2197 2010 primae
2220 1970 2423 2001 obiectionis:

1359 2014 1435 2055 quia
1463 2024 1529 2044 non
1552 2023 1648 2054 penes
1675 2013 1756 2044 illud
1779 2013 1883 2053 posita
1908 2020 1954 2044 est
1977 2013 2159 2045 differentia.
2188 2015 2229 2045 Et
2252 2014 2423 2045 secundae:

1358 2058 1434 2099 quia
1456 2068 1553 2098 penes
1572 2058 1660 2088 illam
1684 2057 1788 2098 posita
1808 2064 1855 2088 est
1874 2057 2064 2094 differentia;
2090 2065 2120 2089 et
2138 2058 2256 2089 falsum
2271 2065 2318 2089 est
2336 2058 2426 2099 quod

1359 2102 1399 2134 sit
1418 2103 1529 2133 eadem
1544 2102 1624 2133 ratio
1641 2102 1674 2132 in
1690 2102 1808 2132 iustitia
1832 2109 1863 2133 et
1885 2102 1954 2132 aliis
1977 2102 2014 2132 de
2034 2102 2136 2133 facere
2156 2109 2186 2133 et
2205 2113 2271 2133 non
2288 2113 2428 2133 corrum-

1358 2157 1432 2188 pere
1457 2147 1679 2183 constitutum,
1704 2153 1740 2177 ut
1762 2153 1848 2186 patet
1871 2156 1908 2176 ex
1932 2146 2032 2178 dictis.

1006 2317 1323 2360 ARTICULUS
1353 2316 1654 2359 SECUNDUS

793 2411 949 2442 UTRUM
972 2410 1294 2441 TRANSGREssm
1316 2410 1384 2440 srr
1408 2386 1614 2440 SPECIALE
1637 2407 1878 2439 PEccATUM

395 2523 433 2563 ἐς(
457 2513 480 2538 D
496 2511 686 2537 SECUNDUM
700 2511 753 2536 sm
768 2510 1009 2536 PROCEDITUR.
1024 2498 1184 2535 Videtur
1198 2497 1305 2546 quod

378 2552 436 2613 ξῇ
457 2553 702 2601 transgressio
731 2565 810 2589 non
829 2552 874 2588 sit
901 2551 1064 2601 speciale
1090 2558 1303 2600 peccatum.

400 2603 573 2644 Nulla
601 2606 704 2643 enim
733 2605 879 2655 species
915 2604 1070 2653 ponitur
1101 2604 1140 2641 in
1173 2603 1306 2640 defini-

414 2651 560 2697 tione
584 2658 743 2708 generis.
775 2658 852 2696 Sed
878 2657 1124 2705 transgressio
1153 2657 1307 2706 ponitur

248 2711 287 2749 in
316 2713 513 2750 communi
542 2711 761 2750 definitione
789 2711 953 2760 peccati:
984 2710 1071 2748 dicit
1091 2710 1194 2747 enim
1213 2711 1307 2746 Am-

247 2764 397 2803 brosius
418 2764 438 2785 ³*
469 2766 573 2814 quod
607 2773 809 2814 peccatum
843 2771 898 2801 est
933 2763 1181 2813 transgressio
1215 2763 1308 2812 legis

248 2817 408 2856 divinae.
429 2819 530 2866 Ergo
550 2818 795 2866 transgressio
814 2830 894 2854 non
914 2824 969 2853 est
987 2817 1132 2866 species
1150 2815 1308 2865 peccati.

303 2882 339 2907 2.
360 2871 593 2918 PRAETEREA,
608 2871 710 2908 nulla
724 2870 870 2920 species
885 2870 1030 2906 excedit
1045 2881 1158 2906 suurn
1176 2881 1307 2916 genus.

250 2923 327 2962 Sed
354 2924 599 2972 transgressio
629 2923 774 2961 excedit
799 2930 1020 2972 peccatum:
1059 2921 1148 2971 quia
1175 2933 1308 2970 pecca-

248 2985 331 3014 tum
351 2982 407 3013 est
434 2977 572 3014 dictum
594 2976 654 3013 vel
669 2977 823 3024 factum
841 2976 901 3013 vel
919 2975 1155 3023 concupitum
1174 2979 1305 3010 contra

248 3030 371 3079 legem
390 3030 474 3076 Dei,
493 3037 536 3066 ut
553 3035 656 3078 patet
674 3041 743 3077 per
761 3028 1027 3076 Augusfinum,
1047 3028 1154 3063 XXII
1174 3032 1306 3063 contra

247 3085 376 3120 Faust.
391 3083 430 3129 *ς
457 3082 704 3131 transgressio
725 3089 781 3118 est
802 3081 915 3118 etiam
935 3086 953 3102 ‘²
981 3087 1112 3117 contra
1131 3086 1306 3116 naturam

248 3137 312 3174 vel
348 3135 676 3173 consuetudinem.
715 3135 816 3183 Ergo
853 3133 1099 3181 transgressio
1137 3144 1216 3169 non
1252 3139 1307 3169 est

250 3189 396 3239 species
422 3188 580 3238 peccati.

306 3243 340 3279 3.
369 3243 609 3289 PRAETEREA,
644 3241 746 3278 nulla
782 3239 926 3289 species
963 3238 1129 3276 continet
1162 3238 1233 3275 sub
1266 3250 1306 3274 se

251 3307 386 3332 omnes
415 3302 538 3344 partes
566 3294 605 3331 in
626 3306 720 3343 quas
748 3293 927 3331 dividitur
953 3304 1083 3340 genus.
1114 3291 1192 3329 Sed
1219 3303 1307 3340 pec-

252 3355 380 3385 catum
409 3347 713 3395 transgressionis
741 3359 781 3383 se
811 3345 974 3383 extendit
997 3345 1045 3383 ad
1069 3344 1199 3382 omnia
1217 3344 1308 3382 vitia

253 3401 434 3450 capitalia,
465 3408 500 3437 et
529 3400 642 3437 etiam
670 3399 719 3436 ad
737 3406 894 3448 peccata
913 3398 1047 3445 cordis,
1068 3397 1144 3435 oris
1163 3405 1199 3434 et
1217 3409 1308 3446 ope-

253 3453 314 3492 ris.
343 3455 445 3502 Ergo
474 3452 719 3501 transgressio
743 3464 823 3489 non
842 3459 898 3489 est
916 3451 1077 3500 speciale
1095 3458 1306 3500 peccatum.

1413 2498 1487 2534 SED
1508 2508 1655 2534 CONTRA
1674 2508 1740 2533 EST
1759 2495 1866 2545 quod
1886 2495 2093 2545 opponitur
2112 2496 2265 2545 speciali
2284 2496 2425 2545 virtuti,

1359 2549 1500 2586 scilicet
1526 2549 1702 2586 iustitiae.

1412 2604 1638 2640 RESPONDEO
1658 2613 1845 2639 DICENDUM
1867 2601 1974 2650 quod
1994 2614 2137 2638 nomen
2161 2603 2426 2650 transgressio-

1359 2655 1417 2692 nis
1445 2668 1468 2693 a
1487 2655 1750 2704 corporalibus
1771 2655 1939 2691 motibus
1967 2654 2015 2691 ad
2043 2655 2207 2691 morales
2227 2663 2333 2692 actus
2362 2657 2426 2692 cle-

1360 2709 1525 2746 rivatum
1546 2716 1612 2746 est.
1641 2708 1788 2745 Dicitur
1807 2715 1935 2744 autem
1956 2707 2091 2755 aliquis
2111 2709 2323 2745 secundum
2345 2721 2426 2745 cor-

1360 2763 1531 2811 poralem
1559 2768 1708 2799 motum
1736 2760 1944 2808 transgredi
1972 2773 2018 2797 ex
2043 2773 2089 2796 eo
2119 2761 2223 2809 quod
2250 2761 2427 2810 graditur

1360 2821 1464 2852 trans
1482 2815 1689 2851 terminum
1718 2814 1788 2850 sibi
1816 2814 2041 2861 praefixum.
2072 2813 2277 2850 Terminus
2297 2821 2425 2850 autem

1359 2868 1578 2917 praefigitur
1605 2866 1765 2913 homini,
1795 2874 1837 2902 ut
1863 2867 1959 2902 ultra
1987 2878 2067 2902 non
2086 2873 2261 2913 transeat,
2282 2866 2321 2902 in
2341 2879 2426 2903 mo-

1360 2922 1501 2958 ralibus
1520 2932 1589 2968 per
1606 2926 1855 2968 praeceptum
1873 2918 2106 2966 negativum.
2132 2919 2181 2955 Et
2198 2919 2285 2955 ideo
2306 2926 2425 2955 trans-

1360 2973 1502 3022 gressio
1521 2972 1673 3021 proprie
1694 2971 1829 3008 dicitur
1849 2983 1894 3007 ex
1915 2983 1960 3008 eo
1981 2970 2086 3019 quod
2114 2971 2249 3020 aliquis
2268 2971 2342 3018 agit
2361 2971 2426 3008 ali-

1362 3026 1455 3075 quid
1478 3033 1609 3062 contra
1627 3032 1874 3073 praeceptum
1893 3023 2124 3072 negativum.

1414 3078 1530 3126 Quod
1545 3078 1702 3126 quidem
1719 3076 1959 3114 materialiter
1977 3084 2103 3125 potest
2118 3088 2200 3113 esse
2217 3088 2425 3113 commune

1361 3131 1541 3169 omnibus
1556 3130 1571 3161 β
1591 3130 1791 3179 speciebus
1809 3137 2073 3179 peccatorum:
2096 3130 2184 3178 quia
2202 3141 2272 3178 per
2291 3142 2425 3178 quam-

1359 3186 1450 3222 libet
1469 3184 1636 3233 speciem
1655 3183 1802 3232 peccati
1821 3183 1990 3220 mortalis
2014 3183 2135 3219 homo
2155 3183 2426 3230 transgreditur

1361 3237 1515 3287 aliquod
1542 3245 1792 3286 praeceptum
1819 3236 2005 3274 divinum.
2023 3257 2046 3264 -
2072 3236 2150 3273 Sed
2170 3236 2200 3272 si
2220 3236 2425 3284 accipiatur

1361 3291 1577 3338 formaliter,
1595 3290 1735 3327 scilicet
1749 3289 1961 3327 secundum
1977 3289 2076 3325 hanc
2091 3289 2294 3337 specialem
2314 3289 2425 3326 ratio-

1362 3357 1452 3382 nem
1463 3343 1569 3392 quod
1585 3351 1641 3381 est
1654 3344 1778 3381 facere
1791 3350 1920 3380 contra
1931 3349 2176 3391 praeceptum
2192 3341 2423 3389 negativum,

1361 3397 1413 3435 sic
1439 3405 1494 3434 est
1514 3397 1677 3446 speciale
1701 3404 1902 3446 peccatum
1923 3395 2128 3443 dupliciter.
2159 3394 2246 3431 Uno
2268 3395 2422 3442 quidem

1361 3450 1493 3498 modo,
1516 3450 1728 3487 secundum
1753 3449 1858 3498 quod
1884 3448 2089 3497 opponitur
2109 3447 2157 3483 ad
2177 3459 2316 3495 genera
2335 3459 2424 3497 pec-

306 3589 333 3622 α)
353 3593 392 3615 est
409 3589 500 3615 etiam.
513 3603 532 3608 —
550 3591 638 3614 autem
657 3591 697 3613 est
715 3588 747 3617 G,
766 3587 836 3612 enim
855 3587 886 3618 L,
903 3590 993 3612 autem
1012 3591 1052 3613 est
1069 3587 1150 3613 etiam
1169 3588 1198 3613 P.

395 3642 504 3668 Sume
523 3641 624 3666 Tenon.
642 3640 675 3666 D.
688 3640 803 3665 ‘saonam
815 3639 847 3664 T.
866 3639 909 3664 VI.

1418 3586 1443 3619 β)
1463 3587 1593 3612 omnibus.
1606 3600 1625 3605 -
1642 3586 1668 3611 in
1688 3585 1810 3610 omnibus
1828 3585 1857 3609 P.

2251 3643 2282 3660 22
