2860 4244
420 277 465 313 32

179 364 344 411 ὶθςξῑμςὲηξῇιιῇιε,
361 364 390 385 αι»
417 365 532 401 quam
551 353 707 390 intendit
725 354 922 401 legislator.
953 353 1062 390 Unde
1079 351 1313 400 Iurisperitus
1333 351 1420 388 dicit
1434 352 1470 388 *ε

178 415 283 441 consult„
298 396 390 443 25·‘¹¹⁴⁴’'
414 406 534 443 Nulla
562 406 657 442 ratio
686 406 778 442 iuris
796 411 862 442 aut
887 405 1080 453 aequitatis
1099 405 1308 453 benignitas
1330 405 1473 451 patitur

417 464 457 494 ut
474 470 569 506 quae
595 457 794 495 salubriter
805 470 879 505 pro
909 458 1060 494 utilitate
1086 456 1280 493 hominum
1307 457 1471 493 introdu-

414 515 560 556 cuntur,
582 523 626 547 ea
646 522 713 547 nos
731 510 883 546 duriore
902 509 1202 556 interpretatione
1221 514 1352 545 contra
1378 509 1471 557 ipso-

467 633 492 664 ζ)
511 632 685 657 commodum.
699 645 718 650 -
737 630 930 655 incommodum
949 629 1195 654 ABCDEFGIKLK.

1105 275 1370 322 QUAESTIO
1401 275 1485 322 LX,
1516 275 1811 314 ARTICULUS
1839 277 1889 314 Vl

1526 365 1611 389 rum
1632 355 1870 391 commodum
1891 355 1901 379 ἶ
1920 357 2178 404 producamus
2197 358 2248 394 ad
2263 358 2507 395 severitatem.
2538 359 2586 395 Et
2710 363 2724 391 t

1525 405 1564 441 in
1594 406 1729 442 talibus
1760 407 1873 444 etiam
1901 408 2090 456 legislator
2118 409 2223 446 aliter
2251 409 2452 447 iudicaret:
2483 418 2529 458 et,
2556 410 2586 447 si

1525 457 1809 506 considerasset,
1840 461 1922 508 lege
1952 461 2249 498 determinasset.

1580 510 1628 546 Et
1656 523 1723 559 per
1751 513 1824 549 hoc
1852 521 1954 561 patet
1983 514 2180 562 responsio
2211 514 2259 551 ad
2287 515 2450 552 tertium.

1191 755 1543 800 ARTICULUS
1583 758 1814 801 SEXTUS

806 848 960 879 UTRUM
986 848 1184 880 IUDICIUM
1207 849 1289 880 PER
1312 850 1651 881 USURPATIONEM
1675 851 1914 882 REDDATUR
1936 853 2193 885 PERVERSUM

1113 927 1185 958 Infra,
1205 935 1250 960 qu.
1269 935 1343 958 nvn,
1363 933 1410 952 art.
1433 935 1459 958 1;
1478 928 1522 952 Ad
1539 928 1626 958 Rom„
1647 936 1702 961 cap.
1721 937 1770 958 ΧΠ,
1790 930 1848 955 lect.
1866 937 1885 955 1.

528 1028 597 1072 fi«
621 1018 642 1042 o
667 1017 808 1043 sax-rum
836 1018 888 1043 sm
914 1018 1155 1044 PROCEDITUR.
1184 1007 1344 1044 Videtur
1363 1007 1467 1055 quod

435 1050 490 1118 (ξῆν
538 1048 594 1108 {⁷3
620 1058 800 1096 iudicium
815 1071 884 1107 per
894 1060 1183 1108 usurpationem
1199 1072 1276 1097 non
1291 1059 1470 1097 reddatur

425 1095 608 1169 Aac}
619 1123 853 1160 perversum.
893 1112 1035 1149 Iustitia
1065 1112 1167 1150 enim
1196 1121 1251 1149 est
1280 1112 1467 1161 quaedam

464 1139 805 1201 Qrectitudo
833 1163 872 1201 in
900 1165 1068 1213 agendis.
1100 1166 1176 1203 Sed
1206 1165 1296 1202 nihil
1326 1165 1469 1214 deperit

408 1215 554 1251 veritati
583 1226 604 1250 a
624 1229 869 1266 quocumque
897 1218 1052 1264 dicatur,
1082 1218 1148 1255 sed
1177 1230 1198 1254 a
1223 1230 1470 1266 quocumque

410 1276 464 1304 est
492 1267 723 1316 accipienda.
755 1271 856 1317 Ergo
878 1270 991 1307 etiam
1019 1270 1109 1307 nihil
1131 1270 1276 1319 deperit
1297 1270 1468 1317 iustitiae,

409 1333 430 1357 a
447 1333 691 1370 quocumque
712 1322 853 1359 iustum
873 1323 1162 1361 determinetur:
1185 1323 1288 1371 quod
1309 1323 1470 1371 pertinet

409 1374 458 1411 ad
486 1373 671 1411 rationem
701 1375 839 1412 iudicii.

462 1438 496 1463 2.
517 1428 749 1472 PRAETEREA,
771 1434 928 1475 peccata
946 1427 1081 1476 punire
1101 1427 1150 1465 ad
1173 1427 1357 1464 iudicium
1385 1439 1468 1476 per-

407 1479 508 1516 tinet.
540 1480 616 1517 Sed
636 1480 747 1528 aliqui
774 1479 1011 1517 laudabiliter
1034 1481 1208 1528 leguntur
1226 1488 1382 1528 peccata
1401 1493 1471 1529 pu-

408 1532 506 1568 nisse
527 1532 591 1580 qui
609 1540 736 1569 tamen
757 1532 1018 1569 auctoritatem
1039 1546 1118 1570 non
1144 1533 1336 1570 habebant
1355 1545 1471 1582 super

408 1584 491 1621 illos
529 1598 625 1634 quos
662 1586 887 1634 puniebant:
934 1586 1029 1622 sicut
1064 1587 1221 1634 Moyses
1257 1586 1468 1624 occidendo

169 1649 179 1657 ⁴
192 1647 264 1694 sV²‘⁵i
280 1653 380 1694 ¹¹11⁸qq'“
407 1638 650 1685 Aegyptium,
671 1646 711 1674 ut
737 1639 899 1675 habetur
926 1639 1048 1675 Exod.
1067 1651 1089 1675 11
1108 1638 1143 1684 *3
1175 1646 1211 1676 et
1230 1639 1404 1686 phinees,
1425 1640 1469 1676 fi-

170 1674 381 1725 ffi'vleisfiel’oep'
407 1690 478 1727 lius
507 1692 685 1738 Eleazari,
711 1692 877 1738 Zambri,
897 1691 1017 1728 filium
1049 1691 1192 1728 Salomi
1220 1697 1248 1738 α,
1269 1699 1310 1728 ut
1338 1692 1471 1740 legitur

171 1763 179 1772 ·
195 1736 353 1789 Vers.⁰;sqq.
407 1744 526 1781 Num.
547 1756 618 1780 xxv
636 1743 666 1790 ⁵¹⁶,
697 1750 732 1780 et
757 1750 967 1792 reputatum
996 1751 1050 1781 est
1074 1745 1110 1781 ei
1135 1745 1186 1781 ad
1212 1745 1400 1791 iustitiam,
1429 1753 1470 1783 ut

171 1802 271 1827 ’Vs-cv,
285 1807 371 1830 vers-³¹
409 1796 542 1833 dicitur
560 1797 597 1833 in
616 1797 756 1833 Psalm.
771 1796 791 1818 ’¹‘
810 1798 911 1844 Ergo
931 1797 1125 1846 usurpatio
1145 1797 1271 1834 iudicii
1290 1810 1367 1835 non
1387 1811 1471 1847 per-

407 1849 499 1885 tinet
526 1851 575 1886 ad
604 1849 833 1886 iniustitiam.
963 1847 968 1853 ’
1263 1885 1267 1890 1

464 1903 497 1938 3.
519 1903 751 1949 ΡΚΑΕΤΕΒΕΑ,
772 1909 939 1951 potestas
963 1902 1163 1951 spiritualis
1192 1902 1429 1951 distinguitur
1448 1916 1470 1941 a

407 1955 618 2003 temporali.
650 1955 727 1992 Sed
752 1955 983 2004 quandoque
1008 1956 1164 2004 praelati
1184 1957 1368 1993 habentes
1396 1957 1469 2006 spi—

408 2007 580 2044 ritualem
608 2015 834 2056 potestatem
863 2008 1115 2046 intromittunt
1138 2021 1178 2045 se
1209 2009 1255 2046 de
1284 2009 1342 2046 his
1371 2021 1468 2058 quae

407 2060 594 2108 pertinent
621 2060 668 2098 ad
697 2068 924 2109 potestatem
950 2062 1196 2099 saecularem.
1227 2063 1329 2110 Ergo
1362 2075 1470 2100 usur-

407 2120 539 2161 patum
567 2113 749 2150 iudicium
778 2126 857 2151 non
886 2121 940 2150 est
968 2114 1148 2152 illicitum.

460 2177 497 2212 4.
518 2167 751 2215 PRAETEREA,
772 2166 866 2204 sicut
885 2167 933 2204 ad
954 2175 1054 2205 recte
1078 2167 1323 2204 iudicandum
1345 2168 1469 2216 requi-

408 2218 500 2255 ritur
519 2220 730 2267 auctoritas,
759 2220 809 2256 ita
837 2220 952 2257 etiarn
981 2228 1018 2257 et
1045 2220 1182 2257 iustitia
1210 2220 1410 2258 iudicantis
1434 2229 1470 2259 et

170 2278 239 2324 {5³¹2-
251 2283 266 2304 1,
280 2277 309 2298 ad
324 2283 340 2305 ¹,
355 2284 380 2306 3³
408 2271 574 2318 scientia,
594 2279 636 2308 ut
656 2285 701 2309 ex
721 2273 944 2321 supradictis
958 2272 979 2294 ‘⁸‘
997 2281 1110 2322 patet.
1142 2273 1218 2310 Sed
1229 2267 1316 2310 'non
1338 2274 1470 2311 dicitur

170 2317 176 2324 ‘
206 2319 211 2324 ’
241 2319 245 2324 ’
408 2323 590 2361 iudicium
620 2337 702 2361 esse
722 2325 901 2362 iniustum
922 2326 952 2362 si
972 2326 1104 2375 aliquis
1132 2326 1271 2363 iudicet
1299 2339 1377 2364 non
1403 2328 1469 2364 ha-

408 2377 502 2413 bens
521 2377 692 2414 habitum
722 2378 892 2425 iustitiae,
913 2379 975 2415 vel
1003 2391 1081 2425 non
1101 2379 1246 2416 habens
1272 2379 1468 2418 scientiam

407 2429 508 2466 iuris.
547 2431 649 2477 Ergo
689 2443 812 2479 neque
853 2431 967 2467 etiam
1003 2431 1184 2468 iudicium
1222 2440 1468 2480 usurpatum,

409 2482 513 2530 quod
541 2483 584 2518 fit
611 2495 679 2531 per
708 2483 897 2520 defectum
935 2484 1183 2531 auctoritatis,
1213 2496 1366 2532 semper
1403 2486 1470 2522 erit

408 2535 600 2571 iniustum.

404 2600 406 2603 ’
463 2589 536 2624 SED
566 2599 711 2624 CONTRA
739 2600 806 2625 Esr
833 2589 938 2637 quod
968 2588 1102 2626 dicitur
1129 2590 1240 2626 Rom.
1261 2589 1378 2627 X1v*:
1414 2592 1468 2627 Tu

409 2641 490 2688 quis
518 2652 567 2686 es,
597 2641 663 2688 qui
689 2641 830 2678 iudicas
858 2641 1022 2678 alienum
1050 2641 1232 2678 servum?

463 2694 688 2730 RESPONDEO
708 2705 892 2731 DICENDUM
911 2695 1027 2742 quod,
1044 2706 1131 2730 cum
1152 2694 1334 2731 iudicium
1354 2695 1400 2731 sit
1418 2696 1470 2732 fe—

173 2756 246 2776 ·Art·
262 2755 366 2783 praeced-
410 2746 573 2782 rendum
594 2746 806 2783 secundum
831 2747 932 2794 leges
952 2747 1119 2796 scriptas,
1140 2755 1182 2783 ut
1201 2747 1344 2785 dictum
1365 2748 1468 2795 est'*,

409 2798 470 2834 ille
498 2798 564 2846 qui
592 2798 774 2836 iudicium
794 2800 864 2836 fert
891 2800 980 2848 legis
1010 2799 1152 2836 dictum
1176 2800 1469 2848 quodammodo

410 2851 689 2900 interpretatur,
729 2852 955 2901 applicando
998 2852 1123 2902 ipsum
1161 2853 1210 2890 ad
1246 2853 1469 2902 particulare

410 2904 617 2952 negotium,
657 2905 757 2941 Cum
791 2911 918 2942 autem
958 2905 1130 2942 eiusdem
1168 2906 1397 2943 auctoritatis
1425 2907 1471 2944 sit

409 2957 533 3004 legem
563 2957 797 3005 interpretari
827 2965 862 2994 et
894 2959 1017 3005 legem
1047 2958 1212 2995 condere
1231 2958 1263 3006 ³¹²,
1284 2959 1380 2996 sicut
1411 2960 1470 2996 lex

411 3009 523 3046 condi
543 3022 620 3046 non
649 3018 773 3058 potest
800 3010 870 3047 nisi
898 3011 1048 3059 publica
1068 3011 1300 3059 auctoritate,
1330 3013 1380 3049 ita
1399 3025 1470 3050 nec

410 3061 590 3098 iudicium
611 3062 696 3099 ferri
716 3070 841 3111 potest
859 3063 929 3100 nisi
948 3064 1099 3112 publica
1120 3064 1351 3113 auctoritate,
1371 3076 1469 3114 quae

411 3113 567 3162 quidem
596 3127 636 3151 se
657 3115 821 3152 extendit
840 3116 888 3152 ad
917 3128 983 3153 eos
1003 3117 1068 3164 qui
1096 3117 1359 3154 communitati
1383 3119 1470 3155 sub-

412 3167 562 3204 duntur.
601 3168 650 3204 Et
678 3167 764 3204 ideo
802 3168 897 3205 sicut
930 3168 1110 3205 iniustum
1140 3177 1237 3206 esset
1269 3177 1310 3206 ut
1337 3170 1470 3218 aliquis

413 3219 683 3267 constringeret
719 3220 834 3257 aliurn
871 3221 919 3257 ad
952 3221 1074 3268 legem
1113 3222 1342 3259 servandam
1371 3235 1469 3271 quae

413 3283 490 3309 non
520 3280 617 3309 esset
643 3273 795 3321 publica
823 3273 1043 3310 auctoritate
1072 3274 1233 3320 sancita,
1276 3275 1327 3311 ita
1355 3275 1468 3312 etiarn

171 2593 180 2601 ⁸
195 2590 260 2612 Vers.
275 2597 299 2618 4.

174 2962 181 2970 ¹
196 2961 224 2982 D.
239 2967 284 2989 552,
298 2962 348 2989 589.

467 3393 493 3426 α)
514 3393 625 3419 Salomt'.
641 3408 658 3413 -
679 3395 771 3419 salom
795 3394 835 3419 vel
861 3394 955 3420 Saloni
978 3395 1094 3425 codices,
1116 3396 1219 3420 Salumi
1244 3396 1272 3420 P.
1320 3396 1323 3401 ¹

466 3428 491 3461 β)
511 3429 701 3461 impulsionem.
712 3443 731 3449 —
748 3430 952 3462 compulsionem
972 3431 1015 3456 sC.

1523 1007 1703 1044 iniustum
1743 1017 1798 1045 est
1827 1009 1857 1046 si
1885 1009 2017 1058 aliquis
2047 1010 2212 1059 aliquem
2251 1014 2454 1061 compellat
2490 1015 2587 1053 ferre

1523 1060 1703 1097 iudicium
1724 1062 1828 1110 quod
1857 1062 2009 1110 publica
2028 1063 2247 1100 auctoritate
2268 1077 2345 1102 non
2364 1066 2492 1104 fertur.

1563 1115 1634 1149 'AD
1663 1125 1800 1151 PmMUM
1836 1126 1934 1152 ERGO
1973 1127 2157 1153 DICENDUM
2186 1118 2291 1164 quod
2330 1119 2586 1166 pronuntiat-io

1522 1166 1689 1203 veritatis
1705 1179 1783 1204 non
1802 1167 1983 1216 importat
1998 1169 2303 1217 compulsionem
2322 1169 2371 1207 ad
2390 1171 2466 1208 hoc
2481 1171 2588 1220 quod

1524 1218 1766 1266 suscipiatur,
1796 1220 1863 1257 sed
1892 1220 2053 1271 liberum
2090 1229 2145 1258 est
2173 1222 2378 1271 unicuique
2407 1235 2492 1261 eam
2531 1237 2588 1261 re-

1525 1270 1649 1318 cipere
1668 1273 1731 1308 vel
1751 1284 1829 1309 non
1850 1273 2017 1321 recipere
2045 1282 2159 1322 prout
2178 1276 2269 1312 vult.
2301 1276 2379 1313 Sed
2405 1276 2588 1314 iudicium

1522 1323 1702 1372 importat
1731 1326 1925 1372 quandam
1954 1326 2223 1374 impulsionem
2248 1326 2274 1364 β.
2305 1329 2353 1366 Et
2380 1329 2468 1365 ideo
2493 1329 2588 1366 iniu-
2714 1335 2728 1370 β

1524 1383 1624 1412 stum
1646 1384 1700 1412 est
1715 1377 1820 1425 quod
1834 1377 1967 1426 aliquis
1986 1378 2171 1416 iudicetur
2189 1381 2236 1416 ab
2253 1392 2298 1418 eo
2315 1381 2378 1430 qui
2393 1382 2586 1430 publicam
2689 1389 2696 1396 ⁴

1524 1429 1786 1466 auctoritatem
1814 1442 1892 1467 non
1920 1430 2047 1468 habet.
2574 1467 2575 1471 ,

1577 1483 1636 1518 Αι)
1665 1494 1855 1520 SECUNDUM
1893 1495 2078 1520 mCENDUM
2111 1484 2217 1532 quod
2251 1485 2410 1533 Moyses
2436 1487 2589 1525 videtur

1523 1535 1754 1583 Aegyptium
1784 1535 1967 1572 occidisse
1987 1536 2094 1585 quasi
2124 1548 2169 1573 ex
2193 1537 2439 1586 inspiratione
2459 1539 2588 1577 divina

1523 1587 1783 1624 auctoritatem
1814 1588 1995 1637 adeptus:
2037 1597 2079 1626 ut
2105 1589 2257 1627 videtur
2283 1603 2352 1638 per
2379 1592 2455 1628 hoc
2482 1593 2588 1641 quod

1524 1639 1657 1676 dicitur
1682 1641 1765 1677 Act.
1786 1652 1834 1677 vu
1853 1641 1884 1689 ²¹⁸,
1915 1643 2032 1689 quod,
2055 1654 2236 1690 percusso
2254 1643 2457 1693 Aegyptio,
2481 1645 2589 1682 aesti-

1523 1694 1655 1729 mabat
1686 1694 1845 1741 Moyses
1882 1695 2088 1744 intelligere
2108 1696 2257 1743 fratres
2292 1708 2380 1733 suos
2407 1698 2587 1745 quoniam

1523 1746 1711 1782 Dominus
1723 1758 1797 1794 per
1815 1759 1971 1784 manum
1988 1748 2104 1795 ipsius
2123 1749 2231 1785 daret
2247 1749 2404 1786 salutem
2419 1750 2586 1788 Israel.-

1523 1799 1594 1835 Vel
1621 1806 1747 1847 potest
1775 1799 1846 1836 dici
1875 1800 1981 1847 quod
2010 1801 2166 1848 Moyses
2196 1801 2332 1838 occidit
2354 1803 2587 1852 Aegyptium

1525 1852 1767 1889 defendendo
1788 1864 1876 1888 eum
1897 1853 1960 1901 qui
1981 1852 2155 1890 iniuriam
2169 1854 2382 1902 patiebatur
2401 1867 2488 1893 cum
2503 1867 2587 1894 mo-

1525 1905 1721 1941 deramine
1741 1905 1952 1954 inculpatae
1972 1907 2120 1942 tutelae.
2149 1906 2261 1943 Unde
2281 1908 2511 1952 Ambrosius
2532 1908 2588 1949 d}-

1525 1957 1583 2003 cit,
1605 1957 1643 1994 in
1662 1958 1756 1994 libro
1777 1958 1822 1994 de
1845 1958 1953 2006 OffiC.
1974 1958 2006 2005 *,
2027 1959 2133 2006 quod
2152 1959 2218 2007 qui
2234 1971 2308 1996 non
2330 1960 2474 2008 repellit
2489 1961 2586 2006 iniu-

1523 2011 1620 2047 riam
1641 2022 1664 2047 a
1689 2011 1789 2047 socio
1809 2023 1895 2047 cum
1908 2016 2041 2060 potest,
2061 2018 2138 2048 tam
2158 2017 2212 2048 est
2228 2012 2265 2049 in
2285 2013 2374 2050 vitio
2393 2025 2509 2062 quam
2526 2012 2591 2052 itte

1523 2064 1589 2111 qui
1606 2064 1727 2110 facit‚·
1748 2071 1783 2100 et
1807 2063 1950 2101 inducit
1975 2065 2194 2113 exemplum
2218 2066 2395 2114 Moysi.-
2414 2067 2485 2104 Vel
2503 2074 2590 2117 pot-

1524 2122 1579 2152 est
1608 2116 1701 2163 dici,
1727 2116 1822 2153 sicut
1850 2116 1939 2154 dicit
1965 2118 2210 2166 Augustinus,
2236 2117 2275 2155 in
2303 2119 2588 2161 Quaestionibus

1521 2170 1646 2206 Exod.
1661 2169 1693 2217 ³⁸,
1710 2169 1815 2217 quod
1828 2170 1923 2206 sicut
1936 2175 2049 2216 terra,
2065 2176 2152 2207 ante
2166 2171 2269 2208 utilia
2283 2172 2440 2219 semina,
2455 2174 2590 2210 herba-
2615 2183 2767 2232 232-52382
2785 2183 2825 2231 ,cg-

1523 2234 1609 2259 rum
1629 2223 1814 2259 inutilium
1838 2222 2030 2269 fertilitate
2057 2223 2252 2268 laudatur;
2274 2225 2328 2261 sic
2346 2225 2438 2262 illud
2454 2226 2591 2275 Moysi
2615 2234 2688 2263 ΠΗ,
2698 2241 2747 2264 0⁸1»-
2758 2217 2825 2258 ¹2¹2?

1511 2276 1665 2323 sactum
1693 2275 1867 2312 vitiosum
1896 2276 2044 2323 quidem
2061 2276 2154 2325 fuit,
2173 2277 2240 2314 sed
2270 2288 2438 2328 magnae
2450 2279 2589 2326 fertili-

1523 2329 1606 2365 tatis
1628 2329 1781 2377 signum
1805 2329 1983 2377 gerebat:
2012 2329 2238 2378 inquantum
2267 2330 2408 2367 scilicet
2436 2338 2516 2368 erat
2533 2331 2591 2371 si-

1523 2393 1640 2429 gnum
1658 2381 1804 2418 virtutis
1829 2381 1909 2418 eius
1937 2393 2012 2430 qua
2031 2383 2219 2430 populum
2247 2382 2473 2421 liberaturus
2497 2391 2586 2422 erat.

1578 2435 1636 2471 De
1666 2434 1810 2470 Phinee
1829 2439 1844 2461 Υ
1873 2441 2001 2470 autem
2027 2435 2232 2472 dicendum
2261 2442 2318 2472 est
2345 2437 2450 2484 quod
2470 2448 2516 2474 ex
2534 2437 2590 2474 in-

1524 2486 1724 2535 spiratione
1754 2486 1892 2534 divina,
1912 2487 1994 2523 zelo
2014 2487 2086 2523 Dei
2107 2495 2336 2535 commotus,
2357 2490 2431 2525 hoc
2450 2489 2547 2526 fecit.
2563 2509 2588 2518 ·-

1522 2539 1594 2575 Vel
1623 2539 1721 2587 quia,
1741 2538 1827 2575 licet
1854 2539 2027 2576 nondum
2059 2547 2157 2576 esset
2185 2552 2359 2578 summus
2387 2542 2587 2590 sacerdos,

1525 2599 1603 2628 erat
1630 2599 1760 2628 tamen
1789 2591 1887 2628 filius
1916 2591 2055 2628 summi
2084 2593 2310 2641 sacerdotis,
2339 2601 2376 2631 et
2417 2594 2465 2632 ad
2499 2607 2588 2633 eum

1523 2645 1598 2680 hoc
1617 2644 1797 2681 iudicium
1818 2644 2040 2692 pertinebat,
2070 2645 2165 2682 sicut
2188 2653 2225 2682 et
2243 2647 2291 2683 ad
2311 2647 2405 2683 alios
2433 2647 2586 2696 iudices,

1525 2697 1662 2745 quibus
1689 2697 1764 2733 hoc
1793 2704 1872 2733 erat
1898 2705 2146 2746 praeceptum
2164 2697 2196 2735 ⁸¹⁸.
2549 2714 2552 2718 ·
2614 2701 2826 2731 ’³³⁰²“P·¹¹¹¹·

1577 2751 1635 2786 AD
1653 2761 1813 2787 TERTmM
1842 2762 2025 2788 DICENDUM
2049 2751 2155 2798 quod
2182 2758 2350 2801 potestas
2383 2753 2587 2791 saecularis
2614 2734 2674 2783 3¹⁸3·
2689 2734 2734 2781 3¹⁰3
2753 2729 2826 2778 ¹3⁸¹st

1523 2802 1696 2839 subditur
1715 2802 1895 2851 spirituali
1923 2802 2019 2840 sicut
2047 2815 2185 2852 corpus
2204 2804 2355 2841 animae
2370 2804 2402 2842 ²¹².
2432 2806 2481 2842 Et
2499 2805 2587 2844 ideo
2613 2787 2827 2891 ,ῖέγέἒῆἒὲ

1523 2866 1602 2892 non
1622 2862 1678 2892 est
1692 2862 1916 2904 usurpatum
1937 2855 2119 2893 iudicium
2135 2857 2166 2893 si
2181 2857 2384 2905 spiritualis
2397 2859 2587 2907 praelatus
2614 2869 2655 2891 Ma
2665 2860 2824 2892 orit-erom-

1523 2920 1563 2944 se
1600 2907 1821 2945 intromittat
1856 2908 1903 2946 de
1939 2909 2212 2958 temporalibus
2241 2918 2425 2959 quantum
2463 2913 2513 2949 ad
2541 2909 2587 2950 ea

1523 2960 1562 2997 in
1581 2961 1716 3010 quibus
1739 2961 1912 2998 subditur
1927 2962 1961 2998 ei
1980 2962 2183 2999 saecularis
2201 2970 2380 3011 potestas,
2404 2965 2467 3001 vel
2487 2974 2592 3014 quaev

1524 3013 1557 3050 ei
1586 3026 1607 3050 a
1636 3014 1818 3051 saeculari
1846 3021 2032 3063 potestate
2059 3015 2334 3064 relinquuntur.
2544 3023 2570 3035 “³

1576 3068 1635 3103 AD
1655 3078 1828 3110 QUARTUM
1848 3079 2031 3105 mCENDUM
2052 3068 2157 3117 quod
2181 3068 2332 3106 habitus
2351 3068 2530 3107 scientiae
2549 3076 2587 3108 et

1522 3119 1682 3156 iustitiae
1711 3127 1798 3156 sunt
1825 3120 2075 3168 perfectiones
2101 3121 2296 3168 singularis
2316 3133 2520 3170 personae:
2549 3128 2587 3160 et

1523 3171 1611 3208 ideo
1639 3183 1707 3220 per
1726 3184 1860 3210 eorum
1879 3171 2070 3210 defectum
2099 3184 2178 3210 non
2207 3173 2342 3211 dicitur
2359 3181 2584 3224 usurpatum

1524 3224 1718 3271 iudicium,
1740 3224 1835 3261 sicut
1851 3237 1921 3272 per
1940 3225 2129 3262 defectum
2149 3227 2324 3275 publicae
2343 3227 2583 3275 auctoritatis,

1526 3288 1570 3313 ex
1597 3288 1673 3324 qua
1700 3277 1883 3313 iudicium
1910 3277 1991 3314 vim
2021 3278 2234 3316 coactivam
2264 3280 2389 3317 habet.
2431 3302 2435 3304 ἡ

2614 1653 2626 1665 ⁸
2639 1653 2706 1676 Ven-
2726 1658 2759 1682 25.

2614 1973 2625 1983 ⁸
2643 1972 2696 1995 Lib.
2713 1972 2737 2000 Ι,
2761 1978 2812 2000 cap.

2614 2005 2693 2022 xxxn.

1577 3398 1603 3430 γ)
1623 3398 1727 3424 Phinee.
1740 3412 1760 3418 -
1778 3399 1890 3425 Ph1‘nees
1909 3399 2028 3426 PCGHa.
