2860 4244
951 255 1216 301 QUAESTIO
1247 256 1347 302 ClV,
1376 255 1672 292 ARTICULUS
1702 256 1750 292 ΙΙΙ
2365 255 2438 302 387

271 335 416 366 cluditur.
440 353 461 359 -
485 335 518 367 Si
529 345 604 366 vero
619 335 834 366 consideretur
857 333 1034 364 obedientia
1049 334 1225 364 secundum
1242 343 1329 364 corn-
1384 334 1471 364 Sicut
1499 334 1532 364 in
1561 334 1756 364 naturalibus
1783 333 1883 372 figura
1913 333 2006 369 caeli,
2038 340 2068 363 et
2094 331 2251 363 inferioris
2287 332 2442 372 corporis,

270 389 400 410 munem
425 379 581 410 rationem
610 379 733 410 virtutis
758 379 808 410 vel
831 378 916 414 vitii,
941 378 1117 408 secundum
1149 387 1246 418 quam
1270 378 1330 407 dis·
1383 385 1458 408 sunt
1481 378 1576 408 unius
1596 378 1725 409 rationis
1748 378 1925 408 secundum
1948 377 2109 417 propriam
2129 376 2285 407 rationem
2307 375 2442 416 figurae:

269 423 424 465 tinguitur
446 423 546 454 virtus
575 433 648 463 erga
677 423 783 454 Deum
813 422 863 452 vel
893 421 1076 462 proximum
1098 422 1148 451 vel
1171 422 1329 461 seipsum,
1384 429 1414 452 et
1437 429 1511 452 sunt
1541 422 1739 452 diversorum
1769 431 1921 461 generum
1953 422 2131 452 secundum
2161 430 2368 451 communem
2395 430 2444 450 ra—

271 475 301 498 et
323 467 465 498 similiter
487 474 652 508 peccatum
676 474 784 498 contra
800 467 906 497 Deum
929 473 983 496 aut
1006 465 1189 506 proximum
1205 472 1259 495 aut
1274 466 1330 495 sei·
1384 466 1505 495 tionem
1530 465 1619 502 entis,
1643 476 1707 506 qua
1731 465 1978 496 diversificantur
1993 475 2048 506 per
2063 464 2299 504 incorruptibile
2323 471 2353 495 et
2376 474 2444 494 cor-

270 520 382 552 psum:
407 511 450 542 sic
474 511 652 542 obedientia
682 510 778 541 divini
806 509 979 551 praecepti,
1003 516 1034 539 et
1064 509 1243 539 obedientia
1272 509 1330 539 hu·
1384 509 1542 548 ruptibile.
1567 510 1607 540 Et
1630 517 1759 549 propter
1783 509 1898 539 dictam
1917 509 2128 540 diversitatem
2145 512 2265 539 Auctor
2287 508 2320 538 in
2343 508 2444 538 littera

270 555 356 585 mani
380 555 547 596 praecepti,
572 555 766 585 diversarum
790 561 864 584 sunt
887 553 1058 590 rationum,
1075 559 1105 583 et
1120 552 1263 582 similiter
1284 552 1330 582 in·
1384 553 1547 583 subiunxit
1570 553 1700 584 limitate
1724 554 1762 583 de
1787 553 1965 584 obedientia
1989 553 2138 584 hominis.
2162 571 2179 575 -
2206 553 2246 583 Et
2269 552 2313 582 sic
2335 552 2443 582 omnia

271 598 480 635 obedientiae,
496 599 650 640 quoniam
674 608 737 629 una
760 597 886 638 respicit
908 598 1013 627 Deum
1029 603 1060 627 et
1075 596 1135 626 alia
1155 596 1330 626 hominem.
1385 604 1574 627 consonant.

1071 731 1389 775 ARTICULUS
1418 731 1645 773 TERTIUS

870 826 1026 857 UTRUM
1049 823 1313 857 οΒΕῡῐΕΝΤιΑ
1336 825 1403 855 SIT
1426 825 1598 855 MAXIMA
1621 826 1851 857 VIRTUTUM

1138 903 1182 927 Ad
1201 903 1324 935 Philipp„
1344 910 1399 934 cap.
1418 910 1446 932 11,
1465 902 1523 927 lect.
1543 910 1579 927 111.

485 995 507 1020 n
535 994 695 1020 TERTlUM
715 995 768 1019 sm
787 994 1027 1020 PROCEDrrUR.
1048 981 1207 1018 Videtur
1229 981 1333 1030 quod
1360 980 1361 983 ’
1386 981 1635 1029 praecipuum
1656 980 1668 1006 ζ
1697 989 1752 1018 est
1769 983 1959 1029 voluntas,
1978 983 2201 1032 inquantum
2223 985 2362 1023 scilicet
2379 999 2447 1036 per
2569 987 2584 1016 ζ

406 1045 462 1078 wia>
485 1035 701 1073 obedientia
721 1035 766 1072 sit
785 1035 951 1072 maxima
968 1034 1161 1071 virtutum.
1191 1033 1335 1070 Dicitur
1387 1034 1625 1070 voluntatem
1655 1035 1773 1070 homo
1804 1035 1982 1071 omnibus
2007 1036 2086 1072 aliis
2107 1038 2216 1074 bonis
2243 1038 2368 1076 utitur.
2398 1040 2446 1076 Et

422 1076 452 1130 ’ᾖ
468 1088 471 1091 ’
486 1089 587 1125 enim
609 1090 623 1125 I
642 1090 740 1138 Reg.
761 1100 809 1124 xv
829 1090 866 1124 *ε
894 1086 1038 1124 Melior
1057 1093 1111 1123 est
1127 1087 1334 1123 obedientia
1387 1086 1486 1133 ideo,
1507 1099 1576 1135 per
1595 1098 1635 1123 se
1659 1087 1863 1135 loquendo,
1885 1088 2109 1125 laudabilior
2128 1098 2182 1126 est
2210 1091 2446 1128 obedientiae

330 1135 599 1190 fflquam
618 1142 803 1178 victimae.
830 1141 904 1177 Sed
931 1139 1071 1177 oblatio
1091 1139 1333 1176 victimarum
1386 1139 1518 1186 virtus,
1545 1151 1644 1187 quae
1671 1147 1827 1188 propter
1854 1141 1980 1177 Deum
2011 1142 2216 1179 contemnit
2252 1145 2446 1192 propriam

272 1193 435 1244 pertinet
463 1195 508 1231 ad
539 1194 770 1242 religionem,
799 1205 897 1242 quae
927 1199 981 1230 est
1007 1193 1204 1241 potissima
1240 1192 1335 1229 inter
1360 1201 1361 1242 ζ
1386 1193 1645 1238 voluntatem,
1677 1204 1794 1239 quam
1823 1193 1917 1230 aliae
1945 1194 2101 1231 virtutes
2135 1197 2318 1243 morales,
2349 1209 2446 1245 quae

24 1250 247 1283 'fu-uxum·
274 1246 590 1297 omnesuvirtutes·
607 1247 783 1291 morales,
803 1253 844 1282 ut
863 1258 907 1282 ex
927 1245 1075 1295 supra*
1095 1245 1200 1283 dictis
1219 1253 1332 1294 patet.
1359 1247 1361 1261 ‘
1387 1246 1544 1294 propter
1577 1246 1704 1282 Deum
1743 1245 1868 1293 aliqua
1897 1246 1968 1283 alia
2002 1248 2105 1284 bona
2141 1256 2388 1286 contemnunt
2415 1249 2445 1286 ²⁸.
2475 1252 2484 1260 “
2500 1251 2592 1280 D·⁹³⁶·

26 1302 34 1308 ”
131 1317 151 1336 ι
251 1297 378 1348 ‘E'rg'o
407 1299 624 1337 obedientia
649 1307 705 1336 est
732 1299 929 1348 potissima
948 1299 1043 1335 inter
1069 1299 1225 1335 virtutes
1246 1303 1274 1334 α.
1359 1310 1361 1350 Ι
1387 1298 1499 1335 Unde
1520 1298 1725 1345 Gregorius
1755 1298 1852 1345 dicit,
1873 1298 1911 1335 in
1938 1300 2003 1336 ult.
2023 1301 2168 1337 Moral.
2189 1301 2220 1347 ²¹²,
2241 1302 2345 1351 quod
2365 1304 2447 1339 obe·
2474 1310 2684 1340 &Cap-mam,

15 1359 247 1418 §egnati-¹·
329 1363 364 1389 2.
396 1352 638 1400 PRAETEREA,
669 1352 879 1400 Gregorius
905 1351 1002 1399 dicit,
1031 1353 1096 1388 ult.
1125 1352 1269 1388 Moral.
1297 1351 1333 1399 ²¹⁶,
1359 1351 1361 1397 ζ
1387 1351 1524 1387 aientia
1556 1351 1715 1387 victimis
1742 1352 1824 1388 iure
1844 1353 2113 1400 praeponitur:
2141 1355 2228 1402 quia
2247 1367 2320 1403 per
2345 1356 2447 1392 victi·
2475 1342 2498 1357 ¹¹¹
2513 1340 2613 1359 mxu.

30 1418 32 1423 ’
113 1403 120 1410 ”
164 1401 183 1430 ³
272 1404 380 1454 quod
399 1405 607 1443 ohedientia
634 1405 714 1442 sola
733 1406 852 1442 virtus
878 1411 932 1441 est
949 1416 1046 1452 quae
1071 1405 1224 1441 virtutes
1242 1410 1335 1441 cete·
1359 1400 1361 1434 l
1387 1415 1470 1440 mas
1499 1403 1624 1440 aliena
1652 1415 1764 1449 care,
1788 1416 1859 1452 per
1886 1405 2131 1443 obedientiam
2159 1418 2248 1444 vero
2276 1408 2448 1446 voluntas

266 1467 340 1495 vras
365 1459 482 1495 menti
507 1459 645 1504 inserit,
665 1459 895 1511 insertasque
922 1458 1087 1494 custodit.
1118 1458 1195 1494 Sed
1221 1469 1335 1494 causa
1359 1445 1361 1507 ff
1381 1457 1542 1504 propria
1567 1461 1763 1493 mactatur.

341 1004 366 1025 »Σ
393 1008 459 1049 μᾷ(

323 1048 327 1056 «

274 1519 331 1548 est
365 1511 493 1560 potior
530 1511 679 1548 effectu.
717 1512 819 1559 Ergo
858 1510 1073 1547 obedientia
1118 1518 1173 1546 est
1207 1510 1361 1558 potior}
1442 1509 1552 1546 Unde
1583 1509 1695 1545 etiam
1725 1521 1990 1558 quaecumque
2024 1510 2095 1547 alia
2121 1512 2301 1549 virtutum
2331 1526 2448 1562 opera

34 1607 36 1618 ζ
274 1564 455 1601 omnibus
482 1563 694 1601 virtutibus.
1223 1598 1226 1601 ,
1359 1551 1362 1598 l
1390 1573 1435 1598 ex
1453 1562 1528 1598 hoc
1547 1561 1738 1598 meritoria
1758 1570 1844 1598 sunt
1863 1563 1965 1610 apud
1994 1565 2120 1600 Deum
2147 1566 2250 1613 quod
2270 1565 2343 1602 sint
2361 1571 2379 1594 η
2407 1575 2449 1603 ut
2571 1574 2587 1596 ἰ

25 1646 33 1657 ,.
52 1620 248 1670 Qfflsssso
329 1618 364 1655 3.
395 1617 636 1664 mmmmm,
666 1615 873 1664 Gregorius
902 1615 1010 1662 dicit,
1039 1615 1104 1651 ult.
1133 1615 1277 1652 Moral.
1298 1615 1333 1662 ²¹⁶,
1360 1636 1361 1639 =
1390 1614 1590 1651 obediatur
1616 1614 1801 1651 voluntati
1830 1614 1992 1652 divinae.
2033 1617 2135 1652 Nam
2163 1618 2193 1653 si
2221 1618 2306 1665 quis
2335 1619 2447 1656 etiam

48 1679 50 1683 ’
132 1675 148 1709 β
274 1671 380 1719 quod
409 1681 602 1719 nunquam
635 1681 708 1718 per
734 1669 979 1705 obedientiam
1017 1667 1160 1704 malum
1186 1669 1283 1716 fieri
1299 1666 1334 1716 β,
1361 1682 1362 1717 1
1389 1666 1614 1715 martyrium
1644 1667 1854 1713 sustineret,
1883 1669 1945 1704 vel
1975 1669 2104 1705 omnia
2132 1682 2200 1706 sua
2218 1672 2448 1719 pauperibus

273 1723 477 1772 aliquando
514 1728 639 1760 autem
673 1722 779 1758 debet
803 1733 877 1770 per
912 1721 1158 1758 obedientiam
1196 1722 1335 1758 honum
1361 1719 1363 1759 l
1391 1728 1573 1768 erogaret,
1605 1720 1674 1756 nisi
1702 1721 1797 1756 haec
1821 1720 2011 1757 ordinaret
2039 1722 2088 1758 ad
2107 1721 2367 1770 impletionem
2396 1725 2449 1761 di—

272 1775 376 1825 'quod
401 1775 531 1826 agitur
564 1775 764 1812 intermitti.
805 1775 878 1811 Sed
914 1786 994 1811 non
1029 1774 1336 1823 praetermittitur
1361 1760 1363 1812 ἷ
1389 1772 1502 1810 vinae
1530 1773 1747 1820 voluntatis,
1768 1774 1873 1822 quod
1902 1781 2002 1810 recte
2022 1774 2070 1811 ad
2091 1775 2346 1814 obedientiam
2365 1789 2449 1826 per-

270 1827 418 1878 ,aliquid
455 1828 524 1866 nisi
557 1840 627 1879 pro
666 1828 824 1865 meliori.
865 1828 966 1875 Ergo
1001 1827 1236 1875 obedientia,
1265 1840 1335 1877 pro
1361 1817 1364 1870 1
1390 1826 1502 1872 tinet,
1532 1825 1723 1862 meritoria
1753 1838 1834 1862 esse
1868 1838 1946 1862 non
1978 1835 2154 1876 possent:
2190 1829 2286 1865 sicut
2322 1842 2392 1866 nec
2420 1831 2449 1866 si

274 1893 352 1931 qua
379 1881 726 1930 praetermittuntur
753 1881 856 1918 bona
883 1880 1043 1917 aliarum
1066 1880 1261 1928 virtutum,
1283 1889 1337 1918 est
1361 1873 1363 1914 1
1390 1879 1526 1916 fierent
1554 1879 1633 1916 sine
1670 1878 1841 1926 caritate,
1870 1891 1968 1928 quae
2005 1880 2084 1917 sine
2118 1881 2333 1919 obedientia
2367 1895 2449 1920 esse

273 1934 475 1972 virtutibus
504 1934 582 1971 aliis
610 1934 754 1971 melior.
1362 1947 1364 1978 ς
1391 1945 1469 1969 non
1498 1939 1633 1980 potest.
1663 1932 1808 1968 Dicitur
1837 1932 1938 1969 enim
1969 1933 1982 1968 I
2013 1934 2116 1970 loan.
2147 1946 2169 1970 11
2194 1934 2224 1980 *,
2255 1935 2360 1982 quod
2388 1937 2452 1984 qui
2478 1947 2487 1955 ·
2504 1945 2569 1967 Vm.
2583 1952 2606 1972 4,
2621 1952 2639 1973 ⁵-

20 2019 21 2023 ,
58 2029 71 2042 ι
109 2022 152 2041 „w
173 2031 183 2041 ι
330 1988 404 2024 SED
433 1999 579 2024 CONTRA
607 1998 673 2024 EST
692 1987 797 2035 quod
817 1986 1033 2023 obedientia
1052 1986 1167 2022 habet
1185 1987 1336 2024 laudem
1362 1996 1364 2037 ς
1391 1986 1480 2022 dicit
1505 1997 1544 2021 se
1577 1996 1684 2022 nosse
1716 1986 1858 2030 Deum,
1888 1991 1924 2022 et
1949 1986 2128 2022 mandata
2162 1987 2240 2024 eius
2277 2000 2350 2024 non
2388 2001 2450 2025 cu—

26 2028 56 2050 ”’”
100 2034 154 2076 Πεῖ
177 2063 179 2066 <
202 2063 204 2065 ·
236 2059 239 2067 ι
277 2053 323 2078 ex
352 2052 398 2079 eo
423 2042 529 2089 quod
542 2051 594 2089 >ex
613 2040 764 2077 caritate
784 2039 973 2088 procedit:
1003 2038 1092 2076 dicit
1111 2038 1213 2076 enim
1243 2039 1336 2076 Gre-
1363 2041 1365 2090 ζ
1390 2039 1509 2084 stodit,
1530 2038 1696 2074 mendax
1723 2044 1796 2074 est.-
1825 2039 1890 2086 qui
1915 2045 2039 2075 autem
2066 2045 2194 2076 servat
2217 2041 2333 2077 verba
2360 2041 2449 2088 eius,

19 2100 250 2133 'eno-mma·
271 2093 415 2142 goriuS,
436 2094 500 2133 ult.
528 2092 673 2131 Moral.
692 2092 724 2139 *,
750 2092 854 2142 quod
882 2092 1088 2129 ohedientia
1108 2104 1182 2129 non
1211 2093 1338 2129 servili
1391 2103 1479 2130 vere
1506 2091 1542 2127 in
1571 2091 1642 2127 hoc
1670 2093 1807 2127 caritas
1826 2091 1901 2127 Dei
1913 2093 2080 2140 perfecta
2109 2098 2171 2129 est.
2201 2093 2250 2130 Et
2268 2094 2343 2130 hoc
2363 2095 2450 2132 ideo

22 2147 34 2167 ἶ
276 2142 395 2193 metis,
422 2146 489 2183 sed
513 2146 678 2183 caritatis
705 2145 842 2195 affectu
874 2146 1062 2182 servanda
1090 2151 1160 2182 est:
1194 2158 1268 2182 non
1297 2146 1338 2182 ti·
1363 2151 1365 2171 ¹
1393 2152 1448 2182 est
1476 2143 1564 2192 quia
1593 2144 1757 2180 amicitia
1785 2144 1870 2180 facit
1899 2144 1995 2181 idem
2014 2144 2108 2181 velle
2135 2151 2170 2182 et
2197 2146 2294 2183 nolle
2312 2146 2343 2183 ²⁸.
2479 2154 2597 2185 {Sanust-
2614 2154 2688 2175 Cata-

276 2207 384 2237 more
408 2211 573 2248 poenae,
600 2199 666 2236 sed
698 2210 830 2236 amore
861 2199 1030 2235 iustitiae.
1069 2199 1171 2246 Ergo
1206 2199 1338 2236 caritas
1445 2200 1504 2234 An
1528 2208 1666 2234 nmmum
1685 2208 1783 2234 ERGO
1802 2209 1986 2234 DICENDUM
2006 2197 2111 2246 quod
2130 2198 2346 2236 obedientia
2365 2212 2451 2249 pro·
2479 2180 2692 2235 iii'ifffiissfissii'*

277 2259 335 2290 est
359 2253 486 2302 potior
511 2252 631 2289 virtus
659 2263 778 2299 quam
805 2251 1034 2288 obedientia.
1364 2269 1365 2298 3
1394 2250 1492 2287 cedit
1521 2262 1566 2286 ex
1595 2249 1815 2296 reverentia,
1845 2262 1944 2298 quae
1974 2250 2123 2287 exhibet
2151 2252 2292 2288 cultum
2323 2260 2358 2289 et
2384 2253 2452 2289 ho-

271 2311 276 2314 *
331 2304 556 2343 RESPONDEO
576 2315 760 2342 memnon
779 2305 884 2353 quod
908 2304 1003 2341 sicut
1020 2311 1222 2353 peccatum
1249 2317 1338 2341 con·
1364 2304 1366 2341 ἶ
1393 2315 1528 2340 norem
1557 2302 1753 2352 superiori.
1791 2303 1840 2339 Et
1868 2311 2053 2351 quantum
2090 2303 2138 2340 ad
2174 2305 2269 2352 hoc,
2300 2306 2370 2341 sub
2399 2306 2452 2342 di-

273 2353 372 2399 {sistit
398 2358 437 2396 in
465 2358 540 2396 hoc
568 2357 672 2405 quod
699 2358 831 2404 homo,
862 2364 1080 2406 contempto
1109 2358 1208 2406 Deo,
1234 2369 1338 2401 com·
1365 2361 1366 2364 ’
1392 2356 1512 2394 versis
1539 2355 1740 2392 virtutibus
1776 2355 2006 2393 continetur:
2043 2356 2128 2392 licet
2165 2358 2376 2395 secundum
2413 2371 2453 2395 se

272 2410 521 2453 mutabilibus
548 2410 659 2448 bonis
686 2410 877 2457 inhaeret;
905 2410 956 2447 ita
985 2410 1162 2447 meritum
1181 2410 1338 2447 virtuosi
1365 2420 1367 2456 ξ
1395 2409 1652 2454 considerata,
1681 2416 1806 2458 prount—
1831 2409 1982 2457 respicit
2018 2408 2203 2446 rationem
2241 2411 2452 2459 praecepti,

269 2471 384 2502 tactus
419 2463 586 2501 consistit
614 2475 635 2500 e
663 2464 851 2500 contrario
881 2463 918 2499 in
946 2463 1020 2500 hoc
1056 2463 1161 2510 quod
1197 2464 1337 2509 homo,
1365 2458 1367 2466 ¹
1393 2462 1439 2499 sit
1466 2474 1542 2498 una
1561 2461 1734 2510 specialis
1753 2461 1883 2499 virtus.
1915 2463 2142 2510 Inquantum
2172 2475 2260 2510 ergo
2285 2464 2455 2511 procedit

137 2527 156 2554 τ
278 2517 506 2568 contemptis
544 2516 654 2553 bonis
691 2516 843 2563 creatis,
874 2517 959 2553 Deo
987 2516 1158 2552 inhaeret
1175 2521 1202 2552 Υ.
1237 2516 1340 2553 Finis
1394 2528 1437 2552 ex
1469 2515 1680 2552 reverentia
1716 2515 1993 2562 praelatorum,
2024 2515 2236 2552 continetur
2269 2517 2453 2565 quodam-

270 2570 407 2608 'autem
426 2569 554 2618 potior
581 2577 637 2606 est
654 2569 712 2606 his
732 2582 831 2618 quae
853 2577 939 2605 sunt
958 2570 1006 2606 ad
1025 2569 1156 2606 finem.
1187 2569 1227 2605 Si
1252 2581 1340 2617 ergo
1394 2568 1513 2605 modo
1544 2568 1614 2604 sub
1635 2567 1888 2604 observantia.
1919 2569 2148 2616 Inquantum
2168 2581 2261 2605 vero
2285 2569 2455 2617 procedit

274 2624 389 2673 bona.
412 2630 535 2660 creata
571 2630 726 2672 propter
763 2623 836 2660 hoc
870 2628 1160 2659 contemnantur
1187 2629 1227 2658 ut
1254 2623 1339 2658 Deo
1366 2625 1369 2668 l
1395 2634 1440 2658 ex
1468 2620 1679 2658 reverentia
1707 2628 1919 2668 parentum,
1950 2621 2020 2656 sub
2049 2620 2196 2669 pietate.
2228 2623 2453 2670 Inquantum

278 2676 532 2722 inhaereatur,
556 2675 680 2713 maior
709 2683 764 2712 est
791 2675 873 2712 laus
900 2675 1047 2712 virtutis
1067 2687 1112 2711 ex
1131 2675 1207 2711 hoc
1235 2675 1340 2722 quod
1393 2686 1487 2711 vero
1506 2673 1678 2722 procedit
1699 2685 1743 2709 ex
1764 2673 1973 2709 reverentia
1991 2673 2075 2719 Dei,
2097 2675 2166 2710 sub
2193 2674 2388 2721 religione:
2418 2683 2454 2712 et

279 2729 364 2766 Deo
392 2728 563 2765 inhaeret
588 2740 705 2779 quam
735 2740 781 2764 ex
808 2729 882 2765 hoc
910 2727 1015 2775 quod
1052 2728 1156 2764 bona
1193 2735 1341 2764 terrena
1367 2762 1369 2772 ,
1393 2726 1554 2776 pertinet
1568 2727 1616 2762 ad
1645 2725 1902 2771 devotionem,
1919 2737 2017 2773 quae
2044 2734 2098 2762 est
2117 2726 2329 2775 principalis
2349 2736 2453 2764 actus

139 2782 156 2808 δ
281 2781 499 2819 contemnit.
538 2782 588 2818 Et
623 2781 710 2818 ideo
748 2781 831 2817 illae
850 2778 863 2802 ὅ
891 2780 1048 2816 virtutes
1085 2779 1222 2827 quibus
1255 2781 1340 2816 Deo
1395 2778 1595 2826 religionis.
1633 2778 1744 2815 Unde
1773 2778 1983 2814 secundum
2008 2779 2092 2824 hoc,
2114 2779 2338 2816 laudabilius
2357 2778 2369 2801 θ
2399 2788 2453 2817 est
2576 2772 2590 2797 ⁰

43 2858 79 2875 ..a
153 2862 166 2871 Α
184 2854 206 2869 τι
231 2852 240 2861 ·
280 2834 493 2879 secundum
514 2847 554 2871 se
582 2834 811 2880 inhaeretur,
831 2833 971 2869 scilicet
988 2832 1234 2879 theologicae,
1255 2840 1342 2869 sunt
1395 2831 1552 2868 obedire
1571 2832 1656 2867 Deo
1677 2842 1793 2878 quam
1813 2830 2040 2867 sacrificium
2061 2831 2208 2868 offerre.
2227 2852 2251 2859 -
2271 2833 2320 2868 Et
2339 2833 2451 2870 etiam

106 2885 112 2890 '
215 2884 239 2898 “¹
279 2888 447 2937 potiores
461 2887 662 2924 virtutibus
680 2886 900 2932 moralibus,
917 2885 1054 2933 quibus
1074 2884 1214 2933 aliquid
1229 2892 1341 2921 terre-
1394 2884 1484 2933 quia
1504 2884 1540 2920 in
1560 2883 1745 2931 sacrificio
1775 2883 1992 2919 immolatur
2009 2883 2132 2920 aliena
2161 2896 2263 2930 caro,
2278 2896 2351 2932 per
2370 2887 2453 2922 obe-

281 2953 374 2977 num
404 2939 656 2977 contemnitur
683 2946 725 2975 ut
752 2939 837 2975 Deo
866 2938 1115 2974 inhaereatur.
1395 2937 1571 2973 dientiam
1609 2942 1733 2972 autem
1762 2936 1922 2984 propria
1957 2936 2150 2982 voluntas,
2178 2945 2220 2974 ut
2248 2938 2452 2985 Gregorius

336 2994 434 3030 Inter
451 2993 609 3029 virtutes
635 2999 762 3028 autem
791 2991 968 3037 morales,
988 2997 1091 3026 tanto
1121 2989 1246 3037 aliqua
1273 3002 1341 3038 po·
1396 2990 1483 3026 dicit
1501 2989 1532 3025 ²¹².
2481 2986 2573 3040 ζοξρῗο·
2602 2986 2642 3007 ⁶5¹·
2667 2986 2689 3006 ”¹

123 3056 158 3074 ·⁸
280 3045 354 3082 tior
378 3052 433 3082 est
454 3052 597 3092 quanto
626 3043 776 3081 maius‘
801 3043 941 3092 aliquid
967 3041 1175 3079 contemnit
1193 3049 1235 3078 ut
1256 3043 1341 3079 Deo
1432 3041 1667 3090 ⁴Specialiter
1702 3049 1830 3078 tamen
1858 3041 1895 3077 in
1924 3053 2013 3077 casu
2049 3042 2087 3078 in
2116 3054 2193 3090 quo
2230 3044 2455 3092 loquebatur

282 3097 486 3135 inhaereat.
513 3098 609 3134 Sunt
636 3104 764 3134 autem
794 3096 863 3133 tria
885 3108 1025 3144 genera
1053 3095 1246 3132 bonorum
1274 3096 1343 3131 hu-
1397 3095 1564 3141 Samuel,
1585 3093 1719 3130 melius
1747 3093 1877 3131 fuisset
1905 3094 2008 3130 Sauli
2037 3095 2192 3132 obedire
2222 3097 2307 3133 Deo
2336 3109 2452 3144 quam

283 3162 486 3188 manorum
516 3162 612 3198 quae
641 3150 760 3186 homo
780 3156 905 3197 potest
925 3156 1168 3185 contemnere
1187 3155 1344 3196 propter
1397 3146 1574 3184 animalia
1601 3146 1753 3195 pinguia
1772 3147 2070 3184 Amalecitarum
2090 3148 2127 3185 in
2147 3149 2373 3186 sacrificium
2399 3151 2453 3186 of-

282 3205 428 3241 Deum:
458 3215 622 3251 quorum
658 3202 836 3239 infimum
874 3209 961 3238 sunt
993 3201 1181 3238 exteriora
1218 3202 1341 3246 bona;
1368 3234 1370 3248 ἦ
1396 3201 1505 3247 ferre,
1536 3207 1667 3236 contra
1694 3199 1767 3236 Dei
1795 3200 2019 3237 mandatum
2038 3200 2068 3236 ³¹².

282 3256 453 3293 medium
491 3263 620 3300 autem
654 3262 741 3292 sunt
768 3255 871 3291 bona
904 3254 1090 3303 corporis;
1119 3266 1341 3302 supremum
1369 3249 1370 3264 ³
1449 3256 1508 3290 AD
1540 3264 1730 3290 SECUNDUM
1763 3264 1946 3290 monimum
1979 3253 2083 3301 quod
2120 3254 2168 3290 ad
2197 3254 2451 3292 obedientiam

281 3317 410 3346 autem
425 3316 512 3346 sunt
525 3310 628 3346 bona
642 3308 804 3355 animae,
822 3307 917 3344 inter
930 3319 1030 3355 quae
1050 3307 1342 3355 quodammodo
1395 3306 1584 3355 pertinent
1621 3317 1756 3342 omnes
1792 3313 1897 3342 actus
1932 3305 2113 3342 virtutum
2150 3315 2263 3354 prout
2291 3315 2378 3344 sunt
2415 3308 2452 3344 in

2481 3195 2488 3203 ·
2502 3192 2568 3215 Vers.
2582 3199 2618 3222 23,
2631 3193 2668 3214 26.

335 3424 363 3454 ιι)
382 3423 504 3448 virtutes.
521 3435 540 3442 ο-
557 3428 648 3447 omnes
665 3421 778 3446 virtutes
797 3420 948 3446 PADGsFK
966 3426 993 3445 et
1010 3427 1037 3445 a.
1368 3429 1370 3432 ·
1449 3418 1474 3451 ὅ)
1494 3419 1564 3444 ilIae.
1581 3433 1599 3437 —
1618 3419 1685 3444 istae
1703 3419 1735 3450 G,
1753 3427 1807 3444 orn.
1827 3419 1856 3444 P.

336 3458 362 3491 β)
382 3459 481 3484 malum
499 3457 574 3490 fieri.
591 3471 610 3476 —
629 3457 727 3482 malum
745 3456 811 3490 fieri
832 3458 921 3487 potest
945 3455 1036 3484 Aesx.
1061 3455 1159 3479 malum
1176 3454 1244 3487 fieri
1268 3455 1343 3479 debet
1449 3455 1472 3487 ε)
1492 3454 1587 3479 maius.
1604 3468 1623 3473 -
1642 3454 1727 3487 magis
1745 3453 1867 3484 AEFGL,
1885 3453 1981 3484 aliquis
2000 3453 2086 3486 magis
2105 3454 2150 3478 Pa.

283 3493 372 3522 Pola,
392 3494 468 3518 debet
485 3493 584 3517 malum
597 3492 661 3526 fleri
679 3492 718 3521 H,
738 3492 836 3516 malum
848 3490 886 3523 fit
903 3491 938 3521 L;
958 3491 1034 3516 debet
1051 3495 1110 3522 post
1131 3489 1273 3515 intermitti
1296 3498 1342 3522 po-
1448 3489 1475 3521 ζ)
1490 3490 1674 3522 praecipuum.
1690 3502 1711 3509 ·—
1725 3489 1887 3520 principium
1906 3488 1990 3513 Abla.

278 3535 347 3555 nunt
365 3529 416 3560 Pa3
435 3536 482 3561 pro
500 3528 602 3561 agitur,
620 3527 727 3560 agimus
741 3527 770 3551 Ρ.
1369 3539 1371 3550 ,v
1449 3527 1476 3557 η)
1494 3525 1558 3550 sint.
1576 3538 1594 3544 -—
1612 3528 1675 3550 sunt
1692 3524 1807 3556 ALpFK‚
1819 3524 1894 3556 fiunt
1912 3523 2055 3549 PDGfflsK
2074 3529 2099 3548 et
2116 3531 2142 3548 a.

336 3564 363 3597 γ)
383 3564 511 3589 inhaeret.
528 3577 546 3582 -
564 3563 632 3588 sicut
642 3562 698 3595 fini
716 3562 812 3586 addunt
831 3561 877 3586 Pa.
1369 3559 1371 3584 Ξ
1451 3559 1474 3592 θ)
1494 3560 1662 3585 laudabilius.
1680 3573 1698 3578 —-
1717 3559 1857 3583 laudabilis
1877 3558 1991 3591 BFpCK.
