2860 4238
113 403 127 427 δ

17 439 27 448 ·
40 437 106 459 Vere.
122 442 159 458 πο.

117 473 128 489 ε

17 563 100 613 scii?
107 568 168 611 ¹122.
174 568 227 611 ³1'v.

17 770 30 782 '
42 769 100 792 lbid.

13 1346 199 1384 '‘bidumss.

19 2355 22 2357 ,
33 2340 68 2355 .Π1
70 2341 119 2354 :::::

23 2816 203 2859 ‘'Andaeit-

917 271 1183 317 QUAESTIO
1213 271 1352 318 CXIX,
1380 270 1677 307 ARTICULUS
1707 270 1755 306 111
2344 269 2420 317 467

251 350 495 400 prodigalitas
535 350 658 398 magis
695 349 901 398 opponitur
936 349 1160 397 prudentiae
1195 362 1311 398 quam
1337 353 1339 397 ἶ
1367 349 1445 397 mit,
1466 349 1567 386 unde
1595 348 1725 385 vivere
1755 348 1867 384 debet
1886 353 1926 383 ⁷¹¹:
1965 355 2096 396 peccat
2124 347 2237 383 etiam
2265 347 2304 384 in
2337 348 2425 383 alte-

253 401 436 441 avaritia⁶
446 403 614 440 :dicitur
633 403 734 439 enirn
753 404 866 439 Prov.
886 401 999 438 xxl*:
1024 403 1236 439 Thesaurus
1255 404 1313 440 de·
1338 405 1340 433 ἕ
1368 414 1470 448 rum,
1502 400 1765 438 consumendo
1795 401 1899 438 bona
1923 411 1967 436 ex
1995 399 2133 448 quibus
2161 399 2240 436 aliis
2269 400 2426 437 deberet

251 456 460 494 siderabilis
478 461 514 492 et
539 456 662 492 oleum
691 455 728 492 in
751 455 993 493 tabernaculo
1013 459 1026 476 ⁸
1054 455 1158 492 iusti:
1187 461 1222 492 et
1244 457 1313 493 im·
1339 430 1581 513 providere.
1611 454 1660 490 Et
1687 453 1891 502 praecipue
1920 454 1995 489 hoc
2024 461 2180 502 apparet
2202 452 2239 489 in
2269 452 2425 500 clericis,

247 510 416 558 prudens
442 509 555 545 homo
575 508 768 556 dissipabit
784 508 891 552 illud‚·
920 515 955 543 et
973 507 1230 556 Philosophus
1259 509 1312 546 di·
1340 514 1341 553 4
1368 507 1432 556 qui
1461 514 1547 543 sunt
1575 507 1854 555 dispensatores
1883 506 2072 543 bonorum
2101 506 2306 553 Ecclesiae,
2328 517 2425 554 quae

255 563 314 610 cit,
343 562 382 599 in
402 561 454 598 IV
471 562 591 598 Ethic.
611 561 642 607 ²¹²,
673 561 778 609 quod
796 561 997 609 insipientis
1015 566 1069 597 est
1085 563 1313 610 superabun-
1340 582 1342 607 χ
1368 567 1455 596 sunt
1482 571 1707 608 pauperum,
1728 571 1825 606 quos
1854 558 2078 595 defraudant
2103 558 2263 607 prodige
2287 571 2426 607 expen-

255 617 388 653 danter
414 614 508 651 dare
542 619 578 650 et
612 625 687 650 non
720 613 901 661 accipere.
937 614 1040 672 Ergo
1073 614 1314 663 prodigalitas
1341 614 1342 659 1
1370 612 1509 650 dendo.
1549 612 1726 648 Similiter
1761 612 1873 648 etiam
1910 623 2046 648 avarus
2079 619 2211 660 peccat
2247 612 2285 648 in
2320 611 2426 670 31103,

256 676 312 705 331
338 667 490 716 gravius
517 673 716 715 peccatum
746 677 863 713 quarn
891 666 1058 703 avaritia.
1341 687 1343 712 4
1368 665 1592 724 inquantum
1622 663 1749 701 deficit
1775 664 1813 701 in
1844 664 2076 701 dationibus:
2106 672 2237 713 peccat
2257 665 2369 701 etiam
2389 664 2428 700 in

310 721 384 757 SED
404 730 551 756 CONTRA
574 730 641 756 EST
660 719 766 767 quod
792 719 1049 768 Philosophus
1078 719 1176 767 dicit,
1207 719 1245 756 in
1264 720 1316 756 IV
1341 717 1344 763 Ι
1371 718 1551 766 seipsum,
1580 717 1806 765 inquantum
1836 710 1963 754 deficit
1990 717 2027 754 in
2056 717 2291 766 sumptibus;
2324 717 2427 754 unde

254 773 375 811 Ethic.
395 771 415 794 '⁸‘
423 771 568 819 ,quod
602 772 783 820 prodigus
816 772 974 809 multum
1005 773 1152 809 videtur
1185 766 1344 809 melior!
1371 770 1504 808 dicitur
1522 769 1754 806 Eccle.v1*:
1783 770 1848 807 Vir
1866 770 1929 806 cui
1945 771 2048 807 Deus
2067 771 2166 807 dedit
2181 771 2339 816 divitias,
2360 781 2428 807 nec

256 825 441 863 illiberali.
1343 822 1500 861 tribuit
1529 820 1542 843 ⁰
1577 822 1613 858 ei
1641 828 1860 870 potestatem
1894 828 1934 859 ut
1964 824 2136 860 comedat
2164 835 2214 859 ex
2249 823 2311 860 eis.
2352 823 2428 860 Sed

310 879 537 915 RESPONDEO
564 889 750 914 111331111οΜ
778 878 882 926 quod
910 877 1164 926 prodigalitas,
1185 889 1319 914 secun·
1343 855 1345 913 1
1370 884 1500 912 13111311
1530 875 1567 911 in
1595 876 1670 911 1103
1705 875 1990 923 superabundat
2025 876 2224 924 prodigus,
2255 876 2343 924 quia
2377 875 2430 912 sic

256 933 349 969 dum
378 943 419 967 se
448 930 706 977 considerata,
736 930 862 967 minus
888 938 1088 978 peccatum
1119 937 1174 966 est
1201 942 1318 978 quam
1344 951 1346 1015 4
1372 928 1442 965 sibi
1471 935 1508 964 et
1536 927 1765 976 quibusdam
1804 928 1884 964 aliis
1917 936 2029 965 nocet
2064 929 2167 977 quod
2203 936 2332 965 tamen
2367 929 2430 965 ali-

257 983 424 1021 avaritia.
455 983 503 1019 Et
531 984 606 1020 hoc
633 983 766 1042 triplici
794 983 951 1020 ratione.
989 983 1119 1019 Primo
1149 982 1317 1030 quidem,
1373 981 1510 1030 quibus
1538 980 1703 1029 prodest.
1734 983 1883 1017 Avarus
1913 989 2038 1018 autern
2068 994 2138 1018 nec
2166 981 2234 1018 sibi
2263 994 2332 1018 nec
2351 981 2431 1018 aliis

257 1037 346 1087 quia
383 1035 541 1073 avaritia
577 1036 698 1083 magis
736 1035 861 1072 differt
896 1048 919 1072 a
955 1035 1093 1072 virtute
1130 1035 1317 1084 opposita.
1344 1055 1347 1086 4
1372 1034 1549 1084 prodest:
1579 1034 1668 1082 quia
1696 1045 1775 1069 non
1802 1033 1916 1070 audet
1935 1034 1988 1070 uti
2017 1034 2129 1071 etiam
2149 1035 2198 1071 ad
2226 1047 2334 1071 suam
2362 1035 2432 1071 uti-

258 1089 382 1137 Magis
411 1089 511 1125 enim
537 1089 586 1126 ad
614 1089 808 1125 liberalem
846 1088 1007 1137 pertinet
1035 1089 1143 1135 dare,
1173 1088 1210 1125 in
1241 1101 1317 1137 quo
1345 1092 1347 1137 ξ
1373 1088 1516 1124 litatem
1545 1086 1656 1123 bonis
1685 1086 1773 1122 suis.

258 1142 544 1191 superabundat
570 1141 763 1190 prodigus,
793 1153 911 1188 quam
940 1141 1112 1189 accipere
1146 1143 1208 1178 vel
1236 1142 1320 1180 1311-
1345 1170 1347 1188 4
1427 1142 1485 1177 AD
1505 1151 1695 1177 SECUNDUM
1714 1150 1898 1176 mCENDUM
1917 1139 2020 1187 quod
2041 1151 2128 1175 curn
2150 1141 2195 1176 de
2210 1139 2309 1176 vitiis
2330 1152 2432 1176 com-

258 1207 361 1242 nere,
391 1194 429 1231 in
457 1206 536 1242 quo
565 1194 850 1243 superabundat
877 1206 1027 1230 avarus.
1346 1238 1348 1245 4
1375 1193 1539 1230 munitet
1566 1193 1779 1241 loquimur,
1809 1191 2021 1228 iudicamus
2060 1192 2106 1228 de
2136 1193 2188 1229 eis
2221 1193 2431 1230 secundum

313 1247 507 1294 Secundo,
527 1246 617 1295 quia
629 1247 818 1296 prodigus
836 1252 890 1284 est
906 1247 1030 1283 multis
1052 1246 1161 1292 utilis,
1181 1246 1320 1296 quibus
1346 1247 1348 1250 ’
1374 1246 1548 1295 proprias
1576 1246 1741 1283 rationes
1760 1250 1767 1266 ³
1795 1245 1986 1293 ipsorum:
2015 1245 2110 1282 sicut
2137 1246 2235 1282 circa
2260 1246 2434 1295 prodiga-

252 1300 361 1348 dat:-
370 1311 512 1339 amrus
539 1305 664 1337 autem
693 1300 797 1345 nulli,
816 1300 882 1336 sed
908 1312 976 1337 nec
1001 1300 1073 1337 sibi
1099 1299 1178 1347 ipsi,
1199 1307 1240 1336 ut
1268 1298 1349 1336 di-
1375 1300 1515 1336 litatem
1543 1299 1771 1336 attendimus
1799 1300 1902 1348 quod
1936 1298 2128 1347 superflue
2164 1299 2354 1336 consumit
2381 1299 2435 1336 di-

260 1353 355 1392 citur
381 1353 420 1390 in
447 1353 500 1390 IV
525 1353 646 1390 Ethic.
666 1352 686 1374 '¹‘
1347 1344 1349 1398 4
1375 1353 1502 1398 vitias,
1533 1352 1630 1389 circa
1658 1352 1856 1390 avaritiam
1882 1364 1976 1389 vero
2014 1354 2116 1400 quod
2151 1353 2342 1413 superflue
2371 1365 2434 1390 eas

313 1406 463 1453 Tertio,
500 1405 590 1454 quia
627 1404 871 1454 prodigalitas
907 1413 961 1441 est
994 1404 1102 1442 facile
1131 1405 1320 1442 sanabilis.
1348 1402 1350 1465 4
1377 1406 1521 1443 13111131.
1552 1405 1670 1452 Quod
1698 1413 1826 1442 autem
1845 1405 1980 1454 aliquis
1998 1413 2154 1454 propter
2180 1406 2435 1454 intemperan-

261 1459 311 1498 Et
336 1471 406 1508 per
424 1460 499 1496 hoc
526 1459 632 1517 quod
661 1458 822 1496 declinat
849 1456 897 1494 acl
917 1465 1081 1495 aetatem
1109 1458 1322 1503 senectutis,
1349 1459 1469 1506 113111
1489 1458 1682 1506 superflue
1703 1466 1914 1505 consumat,
1934 1459 2036 1495 1103
2027 1471 2102 1496 13111
2122 1459 2295 1496 nominat
2323 1460 2435 1496 simul

261 1524 361 1562 quae
390 1520 447 1550 est
465 1511 652 1558 contraria
678 1510 940 1560 prodigalitati.
970 1511 1019 1547 Et
1036 1523 1106 1559 per
1123 1511 1199 1547 hoc
1218 1487 1350 1558 quod'
1350 1546 1351 1558 4
1378 1512 1498 1549 11111113
1515 1518 1687 1560 peccata:
1716 1511 1818 1549 unde
1839 1519 1875 1548 et
1893 1512 1984 1548 tales
2003 1512 2151 1560 prodigi
2169 1521 2256 1549 sunt
2273 1513 2434 1561 peiores,

261 1565 437 1615 pervenit
463 1564 513 1602 ad
541 1572 747 1612 egestatem
776 1563 823 1600 de
839 1563 970 1611 facili,
1001 1564 1092 1600 dum
1122 1564 1240 1600 multa
1268 1563 1322 1600 in·
1350 1605 1351 1610 4
1377 1572 1420 1602 111
1447 1564 1579 1601 dicitur
1598 1565 1649 1601 IV
1667 1565 1787 1602 Ethic.
1807 1565 1827 1586 ’¹‘
1855 1565 1973 1611 Quod
1993 1573 2120 1602 autem
2139 1566 2327 1603 illiberalis
2355 1566 2436 1602 sive
2462 1574 2473 1584 ·

261 1618 398 1659 utiliter
416 1618 429 1642 ²
458 1617 667 1655 consumit:
697 1625 733 1653 et
752 1617 815 1663 sic,
835 1628 982 1665 pauper
1000 1617 1130 1663 factus,
1151 1629 1230 1654 non
1256 1629 1324 1665 po·
1350 1630 1352 1669 4
1379 1629 1517 1655 avarus
1546 1618 1732 1654 abstineat
1759 1618 1806 1655 ab
1835 1617 2063 1666 accipiendis
2092 1618 2232 1666 alienis,
2254 1619 2320 1656 etsi
2339 1619 2376 1655 in
2396 1631 2436 1655 se

262 1678 336 1709 1331
360 1671 400 1708 111
428 1670 558 1708 dando
585 1669 910 1728 superabundare.
941 1669 990 1706 Et
1018 1669 1131 1706 etiarn
1159 1669 1249 1718 quia
1277 1670 1325 1707 de
1351 1680 1353 1696 ²
1378 1670 1566 1708 laudabile
1592 1671 1778 1717 videatur,
1798 1678 1927 1707 tamen
1947 1682 1992 1708 ex
2019 1683 2133 1708 causa
2151 1680 2304 1720 propter
2322 1684 2437 1721 quam

262 1723 361 1766 facili
386 1723 607 1773 perducitur
633 1723 683 1760 ad
708 1722 905 1769 virtutem,
935 1730 1093 1771 propter
1118 1722 1326 1760 similitudi·
1351 1713 1353 1768 1
1379 1723 1478 1771 facit,
1506 1723 1755 1773 vituperabile
1784 1731 1851 1771 est,
1873 1723 1964 1760 dum
1983 1723 2070 1761 ideo
2090 1737 2168 1762 non
2186 1726 2268 1762 vult
2290 1726 2338 1762 ab
2358 1725 2438 1762 aliis

263 1789 353 1816 nem
383 1789 499 1826 quam
525 1776 642 1814 habet
669 1775 719 1812 ad
746 1776 882 1824 ipsam.
912 1796 936 1803 -
966 1775 1044 1812 Sed
1072 1788 1212 1813 avarus
1248 1788 1327 1813 non
1352 1760 1353 1815 1
1379 1777 1551 1825 accipere
1579 1789 1627 1814 ne
1657 1784 1813 1824 cogatur
1841 1776 1919 1814 aliis
1947 1777 2050 1815 dare.

263 1829 312 1871 de
340 1829 440 1868 facili
467 1837 632 1876 sanatur,
663 1828 807 1865 ratione
835 1828 1100 1877 supradicta&
1433 1831 1492 1867 An
1519 1841 1679 1867 TERTIUM
1712 1841 1896 1867 DICENDUM
1929 1830 2033 1878 quod
2067 1830 2196 1867 omnia
2222 1830 2314 1867 vitia
2351 1842 2439 1878 pru-

316 1885 376 1921 An
396 1895 534 1920 Palmum
553 1893 651 1920 ERGO
671 1893 856 1919 mCENDuM
875 1881 982 1929 quod
1001 1881 1212 1928 differentia
1239 1894 1353 1931 pro·
1352 1899 1354 1908 2
1352 1868 1529 1920 dentiae
1557 1890 1825 1932 opponuntur,
1855 1883 1951 1920 sicut
1987 1891 2024 1920 et
2056 1895 2192 1920 omnes
2223 1883 2380 1920 virtutes
2417 1895 2439 1919 a

265 1931 341 1984 digi
368 1943 405 1973 et
432 1935 537 1973 avari
565 1948 644 1972 non
664 1935 867 1972 attenditur
894 1925 1106 1971 secundum
1124 1936 1199 1972 hoc
1221 1935 1354 1983 quod
1381 1936 1580 1995 prudentia
1615 1935 1833 1983 diriguntur.
1882 1937 1931 1972 Et
1973 1936 2059 1973 ideo
2101 1936 2236 1973 vitium
2279 1949 2323 1973 ex
2365 1937 2439 1972 hoc

266 1996 322 2030 est
348 2001 508 2038 peccare
537 1989 574 2026 in
603 1988 785 2037 seipsum,
815 1995 851 2024 et
878 1987 917 2024 in
945 1988 1071 2025 alium.
1106 1988 1210 2025 Nam
1238 2000 1327 2037 pro·
1352 1971 1354 2031 1
1380 1989 1463 2037 ipso
1493 1989 1599 2037 quod
1627 1989 1834 2037 opponitur
1862 1989 1931 2026 3011
1959 1989 2204 2037 prudentiae,
2232 1989 2354 2026 levius
2382 2001 2439 2026 re-

266 2040 375 2093 digus
401 2049 535 2091 peccat
561 2042 600 2078 in
628 2041 808 2090 seipsum,
837 2041 930 2078 dum
957 2041 1060 2078 bona
1087 2053 1157 2078 sua
1189 2053 1326 2078 consu·
1353 2042 1354 2083 1
1381 2049 1543 2090 putatur.

319 2149 345 2184 δ)
363 2150 491 2176 avaritia.
508 2164 526 2170 -
543 2150 677 2176 avaritiae
695 2150 724 2175 P.

318 2185 341 2219 ε)
360 2186 541 2211 tabernaculo.
558 2200 578 2205 —
596 2186 746 2211 habitaculo
765 2185 794 2209 Ρ.

316 2220 345 2254 ζ)
364 2222 448 2247 multa
466 2221 605 2247 inutiliter.
622 2234 642 2241 -
658 2222 745 2246 multa
762 2220 827 2252 (om.
845 2220 878 2253 A)
898 2220 1020 2252 imperite
1038 2223 1065 2245 et
1083 2220 1120 2252 (et
1138 2228 1192 2246 om.
1210 2221 1242 2253 B)
1267 2221 1329 2246 inu·

266 2256 350 2284 tiliter
368 2256 445 2288 ΑΒΚ,
465 2257 550 2281 multa
568 2259 594 2282 et
613 2256 715 2281 utiliter
733 2256 763 2287 E,
783 2261 843 2288 post
859 2260 925 2289 spat.
943 2256 1031 2288 viginti
1050 2256 1138 2281 litteris
1154 2264 1263 2281 vacuum
1278 2257 1330 2281 uti-

1435 2152 1463 2183 η)
1483 2151 1568 2176 debet.
1585 2164 1604 2170 -
1621 2152 1727 2176 deberet
1745 2151 1791 2175 Pa.

1435 2184 1460 2218 Θ)
1480 2186 1582 2212 tribuit.
1599 2200 1618 2205 —
1636 2186 1737 2211 tribuat
1755 2185 1900 2211 ABDEFK.

1438 2221 1456 2254 ι)
1470 2222 1599 2254 proprias
1617 2222 1744 2247 rationes.
1762 2235 1780 2240 —
1794 2221 1935 2253 propriam
1955 2222 2085 2247 rationem
2105 2221 2174 2247 PDa.

267 2292 333 2317 liter*
347 2291 376 2316 F.

939 2358 1270 2391 Commenta-ia
1292 2358 1543 2392 Cardinalis
1565 2359 1766 2391 Caietam

298 2440 318 2460 u
342 2429 528 2470 quaestione
542 2428 922 2460 centesimadecimanona
937 2428 995 2459 tria
1010 2434 1096 2459 nota.
1121 2429 1264 2459 Primum
1280 2436 1327 2460 est
1352 2432 1354 2457 Ξ
1436 2429 1582 2459 Tertium
1606 2435 1654 2459 est
1683 2430 1770 2469 quod
1793 2436 1919 2469 peccata
1942 2439 2023 2470 quae
2047 2439 2083 2459 ex
2106 2429 2221 2459 minori
2246 2439 2337 2460 sensu
2360 2429 2442 2462 fiunt

271 2401 388 2515 ‚Iquod
411 2473 554 2515 quaestio
578 2473 637 2504 ista
660 2480 747 2503 mota
766 2479 813 2503 est
827 2473 860 2502 in
883 2472 980 2511 priori
1004 2472 1110 2508 Libro,
1135 2483 1324 2513 qu.1.xxx1v‚
1353 2491 1355 2527 4
1382 2473 1420 2502 ab
1446 2473 1493 2503 his
1516 2473 1571 2513 qui
1594 2480 1748 2504 vocantur
1770 2473 1937 2513 simplices,
1955 2480 1991 2503 ut
2006 2473 2158 2513 contingit
2181 2473 2213 2503 in
2237 2474 2345 2504 multis
2368 2474 2441 2504 acti-

267 2524 324 2550 311.
349 2528 375 2554 1,
391 2527 433 2549 an
453 2517 620 2559 cupiditas,
637 2527 696 2557 pro
713 2517 839 2547 avaritia
862 2523 998 2556 sumpta,
1018 2517 1060 2547 sit
1074 2516 1171 2548 radix
1186 2518 1326 2548 omnium
1353 2521 1355 2576 4
1382 2518 1441 2547 bus
1464 2518 1621 2547 bonarum
1646 2517 1817 2547 mulierum
1841 2524 1871 2548 et
1893 2517 2063 2547 hominum
2093 2518 2282 2548 devotorum
2305 2517 2360 2559 qui
2375 2528 2441 2548 non

268 2562 441 2593 malorum.
471 2562 513 2592 Et
535 2568 701 2601 propterea
731 2571 798 2591 non
821 2560 910 2591 aliter
931 2566 978 2591 est
1000 2561 1078 2591 hic
1070 2571 1102 2591 in
1126 2561 1257 2591 arn'culo
1281 2571 1328 2591 se·
1382 2561 1504 2602 pollent
1527 2561 1703 2601 prudentia,
1728 2569 1816 2592 tanto
1839 2561 1958 2592 leviora
1982 2569 2055 2592 sunt
2081 2569 2200 2602 quanto
2225 2562 2284 2592 soli
2306 2563 2442 2603 pruden-

269 2606 386 2642 cundo,
402 2604 435 2635 in
458 2604 664 2646 responsione
687 2605 727 2635 ad
750 2604 900 2645 primum,
918 2605 1122 2636 discutienda.
1383 2605 1442 2635 tiae
1473 2612 1697 2645 opponuntur:
1732 2613 1767 2636 ut
1794 2606 1826 2635 in
1856 2605 2061 2646 responsione
2091 2606 2130 2635 ad
2162 2606 2288 2636 tertium
2319 2606 2441 2637 articuli

324 2649 509 2680 Secundum
521 2656 569 2679 est
583 2650 672 2689 quod
686 2649 889 2689 prodigalitas
905 2649 1090 2679 clericorum
1106 2658 1172 2679 non
1196 2649 1330 2689 simplex
1383 2649 1463 2680 tertii
1487 2649 1607 2680 dicitur.
1631 2649 1672 2679 Et
1695 2649 1773 2679 ratio
1791 2657 1837 2680 est
1852 2650 1926 2690 quia
1949 2656 2088 2679 servatur
2106 2649 2138 2678 in
2153 2649 2219 2679 istis
2243 2649 2369 2681 affectus
2393 2661 2440 2680 se-

270 2699 316 2724 est
338 2693 558 2732 prodigalitas,
583 2693 637 2723 sed
660 2693 754 2724 habet
776 2703 930 2723 annexam
963 2693 1123 2723 avaritiam
1147 2693 1329 2732 oppositam
1384 2694 1525 2723 cundum
1555 2703 1587 2723 se
1618 2694 1697 2723 bene
1725 2693 1912 2733 dispositus,
1945 2694 2022 2723 dum
2053 2700 2165 2733 putant
2198 2703 2230 2723 se
2264 2703 2328 2724 non
2359 2694 2440 2724 male

269 2736 415 2768 iustitiae.
441 2737 604 2774 Quoniam
627 2737 758 2767 clericus
780 2736 892 2776 accipit
907 2737 1074 2776 pecuniam
1094 2747 1112 2767 a
1126 2736 1328 2777 pauperibus,
1384 2736 1493 2768 facere.

270 2780 344 2822 quia
376 2780 510 2822 pecunia
540 2780 701 2843 Ecclesia}
728 2787 775 2810 est
808 2790 1005 2821 pauperum,
1036 2787 1067 2811 et
1095 2781 1148 2811 dat
1181 2781 1328 2820 quand0,
1439 2781 1480 2811 Et
1502 2780 1578 2811 haec
1603 2781 1641 2811 de
1664 2787 1730 2811 tota
1752 2781 1810 2811 hac
1834 2781 2018 2821 quaestione
2042 2780 2207 2811 sufficiant.

271 2824 332 2861 cui,
361 2831 429 2861 etc.5
453 2834 518 2855 non
543 2830 669 2865 oportet
703 2847 710 2854 .

2550 360 2565 382 ⁷1

2456 776 2467 787 ⁸
2479 775 2546 797 Vers.
2560 781 2580 796 2.
