2860 4244
171 472 178 481 ⁸
194 471 260 492 Vers.
275 476 307 497 25.

172 735 182 745 ⁶
198 733 254 755 Ord.

173 783 182 792 ⁸
197 781 261 802 Vers.
278 786 293 802 ι.

177 1461 183 1470 ’
192 1459 240 1481 Lib.
248 1458 264 1485 Ι,
271 1465 383 1487 qui-xxm.

409 228 482 275 392
1089 221 1355 269 QUAESTlO
1385 221 1486 267 CIV,
1516 219 1812 257 ARTICULUS
1840 219 1891 255 VI

408 312 547 342 manet.
586 305 700 341 Nunc
729 311 876 350 autem,
906 303 944 339 in
973 309 1070 338 statu
1106 300 1217 337 huius
1245 300 1367 346 vitae,
1396 311 1466 348 per
1490 299 1493 348 Ι
1519 310 1612 346 gura
1649 298 1741 335 novi
1769 297 2027 335 Testamenti:
2067 304 2102 334 et
2140 296 2228 334 ideo
2258 296 2388 333 debuit
2416 307 2582 344 cessare,

408 358 563 407 gratiam
593 356 728 394 Christi
763 356 967 393 liberamur
996 366 1018 390 a
1046 353 1254 390 defectibus
1291 351 1462 399 animae,
1491 349 1493 385 l
1519 351 1677 388 veritate
1705 350 1893 388 veniente.
1923 350 2015 387 Non
2044 357 2172 386 autem
2202 356 2258 386 est
2285 348 2406 386 simile
2436 349 2482 386 de
2502 349 2584 398 lege

410 423 488 448 non
520 418 647 447 autem
677 421 699 446 a
727 407 932 445 defectibus
969 405 1154 456 corporis:
1183 413 1225 442 ut
1260 411 1363 454 patet
1398 416 1466 453 per
1491 419 1493 434 ι
1520 404 1712 451 humana,
1741 416 1810 452 per
1838 415 1954 452 quam
1987 403 2106 439 homo
2145 401 2340 439 subiicitur
2371 401 2531 439 homini.
2559 422 2584 429 -

408 464 647 512 Apostolum,
676 462 787 499 Rom.
807 460 905 508 V11*,
935 459 999 508 qui
1028 459 1115 496 dicit
1135 458 1182 495 de
1206 457 1332 507 seipso
1361 458 1465 505 quod

1521 457 1571 493 Et
1606 464 1736 494 tamen
1774 456 1888 493 etiarn
1923 467 1969 492 ex
1997 456 2078 504 lege
2118 454 2245 492 divina
2281 455 2402 492 homo
2437 462 2586 493 tenetur

409 522 529 553 mente
554 515 668 552 servit
693 514 770 564 legi
797 513 880 559 Dei,
909 523 1024 549 carne
1051 517 1176 548 autem
1210 511 1287 561 legi
1309 510 1464 559 peccati.
1521 509 1669 546 homini
1696 509 1866 546 obedire.

410 570 458 606 Et
493 569 579 606 ideo
608 567 658 604 illi
691 567 755 615 qui
792 566 890 602 fiunt
921 564 987 602 filii
1015 564 1087 602 Dei
1121 576 1191 613 per
1218 563 1396 612 gratiam,
1426 563 1467 599 li-
1492 586 1495 615 l

410 620 489 657 beri
517 627 603 657 sunt
631 631 653 656 a
680 618 860 668 spirituali
888 617 1064 654 servitute
1097 616 1261 667 peccati:
1291 628 1370 654 non
1402 628 1467 652 au·

409 681 484 710 tem
514 685 536 709 a
565 672 742 710 servitute
772 670 970 720 corporali,
995 683 1071 720 qua
1097 669 1372 719 temporalibus
1401 669 1468 706 do·
1493 671 1495 714 ξ

410 725 519 762 minis
557 733 730 762 tenentur
758 723 932 771 adstricti,
953 731 994 761 ut
1023 722 1110 761 dicit
1138 723 1275 760 Glossa
1293 722 1325 770 ³¹²,
1354 734 1469 771 super

409 778 541 838 illud-I
570 779 621 814 ad
646 778 742 814 Tim.
771 789 806 814 vi
827 777 867 824 ²²,
901 777 1135 825 Quicumque
1169 781 1257 813 sunt
1281 776 1349 812 sub
1377 775 1467 825 iugo

407 842 519 877 serm,
541 838 610 867 etc.

1573 564 1634 599 An
1652 573 1812 599 mmmm
1833 573 2018 599 memnon
2037 561 2142 609 quod
2162 559 2396 610 principibus
2419 559 2587 601 saecula·

1522 614 1625 651 ribus
1654 614 1841 652 intantum
1860 615 1980 652 homo
2001 613 2156 652 obedire
2180 621 2340 661 tenetur,
2360 613 2587 662 inquantum

1523 667 1619 705 ordo
1639 667 1799 705 iustitiae
1818 667 1983 716 requirit.
2013 667 2063 705 Et
2081 666 2168 704 ideo
2189 666 2220 704 si
2248 679 2327 704 non
2344 665 2514 704 habeant
2531 665 2588 703 iu-

1522 728 1623 757 stum
1651 720 1905 769 principatum
1934 719 2004 758 sed
2030 727 2272 769 usurpatum,
2296 720 2359 757 vel
2391 719 2422 756 si
2451 718 2588 758 iniusta

1522 773 1766 823 praecipiant,
1788 786 1867 810 non
1885 780 2061 822 tenentur
2083 772 2137 810 eis
2157 772 2296 810 subditi
2311 772 2487 810 obedire:
2517 770 2589 809 nisi

1522 827 1617 864 forte
1645 838 1715 876 per
1742 825 1929 874 accidens,
1953 833 2111 875 propter
2135 825 2338 864 vitandum
2367 825 2589 864 scandalum

462 885 520 920 An
549 894 738 920 SECUNDUM
766 894 951 920 mCENDUM
979 882 1085 931 quod
1107 881 1166 918 lex
1191 888 1303 919 vetus
1330 880 1399 917 fuit
1425 880 1468 917 fi·
1495 877 1498 929 i
1523 881 1585 917 vel
1613 879 1824 929 periculum
1843 883 1868 916 ⁸.

461 997 483 1029 ε)
503 997 543 1022 vel
557 996 716 1028 periculum.
734 1010 753 1015 -
772 996 834 1022 Om.
852 996 924 1028 LpK.

1089 1074 1421 1108 Commentaria
1444 1074 1694 1108 Cardinalis
1715 1073 1916 1107 Caietam

440 1165 461 1185 N
491 1154 623 1186 articulo
653 1161 740 1185 sexto
770 1153 911 1184 eiusdem
936 1153 1252 1194 centesimaequartae
1276 1153 1469 1194 quaestionis

414 1167 576 1229 Idubium
601 1198 746 1235 occurrit,
771 1198 804 1228 in
827 1197 1033 1238 responsione
1057 1197 1096 1227 ad
1119 1197 1270 1238 primum,
1295 1197 1333 1228 de
1352 1196 1470 1228 satisfa-

412 1243 515 1274 ctione
538 1242 762 1284 responsionis.
790 1242 873 1273 Nam
897 1251 961 1272 non
986 1240 1134 1272 satisfacit
1155 1247 1353 1281 argumento.
1386 1241 1471 1279 Quia

410 1287 514 1327 glossa
529 1287 592 1324 illa,
608 1287 648 1317 ad
661 1286 806 1323 litteram,
830 1286 972 1327 loquitur
995 1285 1033 1316 de
1051 1285 1192 1316 libertate
1215 1285 1323 1326 quoad
1346 1291 1470 1325 tempo-

411 1332 495 1368 ralia,
516 1331 596 1362 sicut
619 1337 720 1362 textus
743 1330 878 1371 loquens
895 1330 933 1360 de
951 1329 1093 1360 libertate
1109 1339 1127 1360 a
1143 1329 1281 1360 tributis:
1306 1329 1471 1370 responsio

412 1382 518 1406 autem
541 1375 688 1406 Auctoris
710 1374 854 1415 loquitur
877 1374 915 1404 de
932 1373 1074 1404 libertate
1089 1372 1252 1415 spirituali,
1270 1380 1300 1404 et
1318 1373 1473 1404 contraria

412 1419 545 1450 omnino
565 1419 688 1450 videtur
702 1419 836 1459 glossae.
851 1435 870 1441 —
885 1418 927 1449 Et
946 1417 1150 1449 confirmatur
1169 1417 1242 1448 hoc.
1266 1417 1351 1456 Quia
1369 1418 1473 1458 glossa

411 1463 464 1495 illa
487 1470 614 1504 sumpta
638 1470 684 1494 est
706 1473 743 1493 ex
766 1462 966 1503 Augustino,
990 1461 1022 1493 in
1050 1462 1108 1504 Qq.
1127 1461 1255 1503 Evang.
1271 1461 1299 1499 *,
1324 1462 1379 1492 ubi
1401 1468 1473 1493 ante

411 1508 465 1538 illa
487 1508 583 1538 verba
604 1507 733 1538 dicitur:
764 1507 852 1538 Dicit
867 1507 961 1549 filios
987 1515 1056 1538 esse
1082 1506 1214 1544 liberos,
1239 1507 1298 1537 hoc
1320 1511 1384 1544 est,
1410 1516 1472 1537 non

413 1552 606 1593 vectigales:
623 1557 660 1582 ut
674 1557 760 1592 patet
781 1551 815 1582 in
841 1551 963 1582 Calena
975 1551 1104 1589 Aurea,
1129 1560 1224 1592 super
1246 1550 1302 1581 illo
1325 1557 1421 1582 textu.

466 1596 518 1626 Ad
539 1596 602 1626 hoc
625 1595 738 1627 dicitur
764 1595 853 1636 quod
876 1597 997 1626 Auctor
1020 1594 1171 1626 satisfacit
1193 1602 1399 1635 argumento,
1424 1605 1475 1625 ex-

413 1640 564 1680 ponendo
594 1640 733 1680 glossam
763 1639 936 1671 formaliter
966 1640 1005 1670 de
1027 1638 1100 1670 filiis
1126 1639 1185 1670 Dei
1215 1646 1374 1680 quatenus
1401 1645 1475 1670 sunt

413 1683 479 1720 filii,
503 1690 534 1714 et
557 1694 623 1715 non
645 1691 802 1725 quatenus
826 1690 899 1715 sunt
922 1683 1011 1715 servi.
1035 1683 1076 1714 Et
1098 1683 1174 1725 quia
1192 1683 1225 1714 in
1247 1683 1306 1714 hac
1322 1683 1386 1715 vita
1401 1690 1475 1714 sunt

413 1727 469 1758 filii
484 1729 591 1769 quoad
607 1728 756 1765 animam,
774 1735 804 1759 et
818 1735 960 1759 remanet
974 1727 1106 1758 servitus
1122 1727 1229 1769 quoad
1246 1737 1377 1768 corpus;
1402 1727 1475 1758 ideo

415 1782 481 1802 non
497 1780 543 1803 est
565 1772 768 1813 intelligenda
791 1773 896 1813 glossa
910 1772 964 1803 illa
983 1772 1043 1802 nisi
1058 1772 1096 1803 de
1112 1772 1253 1803 libertate
1269 1772 1393 1802 animae
1416 1782 1476 1812 pro

1523 1163 1629 1192 nunc,
1654 1153 1796 1195 corporis
1819 1143 1940 1184 autem*
1957 1153 2087 1194 quando
2120 1152 2279 1194 completa
2303 1152 2360 1184 erit
2386 1150 2529 1184 filiorum
2554 1150 2594 1187 li,-

1524 1198 1637 1228 bertas.

1580 1241 1691 1272 Posset
1713 1240 1922 1272 nihilominus
1945 1241 2035 1272 aliter
2057 1241 2173 1282 exponi
2196 1241 2320 1282 glossa,
2345 1238 2480 1272 dicendo
2503 1235 2599 1284 quotlf

1525 1295 1582 1326 per
1593 1285 1687 1326 filios
1708 1285 1825 1326 Regis,
1849 1295 1905 1316 seu
1928 1285 2036 1326 Regni
2056 1286 2191 1323 aeterni,
2219 1295 2286 1316 non
2308 1285 2456 1326 intelligit
2478 1294 2599 1319 omne&

1525 1329 1734 1368 Christianos,
1750 1329 1806 1360 sed
1828 1339 1884 1360 eos
1914 1328 1969 1370 qui
1990 1337 2140 1369 praesunt
2162 1329 2195 1360 in
2215 1339 2324 1371 regno,
2345 1329 2437 1371 quasi
2458 1328 2526 1362 filii.
2548 1326 2598 1370 ῌῖ

1526 1380 1634 1404 autern
1649 1380 1724 1404 sunt
1746 1373 1901 1414 episcopi,
1918 1373 2092 1415 presbyteri
2108 1380 2139 1405 et
2161 1374 2227 1415 qui,
2243 1374 2458 1416 relinquentes
2473 1371 2594 1413 omnin,

1527 1416 1691 1449 Christum
1714 1425 1902 1459 sequuntur,
1926 1417 2094 1450 iudicaturi
2117 1418 2229 1449 orbem
2243 1418 2270 1450 *.
2298 1418 2342 1449 Hi
2365 1417 2452 1450 enim
2475 1417 2511 1452 in
2525 1416 2601 1454 hoc.

1527 1462 1661 1499 mundo,
1685 1467 1839 1503 tanquam
1861 1461 1918 1493 filii
1940 1462 2048 1504 Regis,
2074 1472 2111 1494 ex
2134 1472 2247 1494 eorum
2270 1469 2353 1494 statu
2377 1472 2513 1504 reguum
2533 1460 2600 1509 Dei

1525 1507 1559 1537 in
1583 1506 1650 1537 aliis
1674 1516 1848 1548 propagare
1871 1506 2042 1548 fovereque
2067 1507 2195 1538 debent:
2221 1513 2252 1538 et
2273 1506 2363 1539 liberi
2379 1507 2476 1539 etiam
2493 1508 2514 1539 θ’.
2530 1506 2601 1549 δαῖς-ζ

1525 1551 1625 1582 vitute
1648 1549 1875 1591 temporalium
1899 1551 2107 1582 dominorum
2131 1561 2199 1582 esse
2221 1551 2346 1583 debent.
2377 1551 2420 1583 Et
2441 1551 2505 1583 hoc
2527 1548 2601 1593 sssf

1525 1595 1643 1626 vatoris
1667 1595 1828 1626 doctrinae
1851 1603 2016 1633 consonat,
2041 1596 2121 1626 dum
2143 1596 2274 1628 Petrum
2296 1595 2496 1637 Apostolum
2516 1592 2595 1629 libe·-

1528 1650 1602 1670 rum
1625 1639 1775 1677 insinuat,
1793 1639 1988 1680 subiungens
2002 1639 2034 1670 *2
2059 1640 2109 1672 Ne
2131 1640 2389 1683 scandalizemus
2412 1650 2486 1680 eos,
2507 1639 2601 1679 801«)oefl
2621 1643 2635 1657 ⁵

1525 1686 1587 1724 pro
1610 1689 1656 1720 te;
1685 1690 1715 1715 et
1737 1683 1860 1724 glossae
1882 1683 2027 1725 loquenti
2057 1684 2089 1715 in
2113 1684 2172 1716 hac
2194 1685 2275 1722 vita,
2288 1685 2380 1716 'dum
2407 1684 2484 1718 dicit
2505 1681 2603 1737 qumiy

1529 1729 1562 1758 in
1586 1727 1723 1769 quolibet
1745 1738 1848 1770 regno
1863 1733 1993 1760 terreno
2017 1728 2110 1760 liberi
2133 1738 2202 1760 esse
2215 1729 2330 1761 debent
2341 1729 2413 1771 filii
2426 1739 2522 1772 regnu
2536 1727 2596 1772 sub

1529 1782 1592 1813 quo
1613 1777 1689 1803 sunt
1712 1773 1820 1803 omnia
1843 1782 1958 1814 regna.

2646 1642 2715 1667 vt·-
2729 1648 2766 1671 η.
