2860 4244
160 483 169 491 ⁴
185 482 241 509 Cap.
259 488 274 501 v

162 514 224 555 {321sp-
230 508 255 530 S.
263 497 308 529 Th.
316 508 369 529 lect.

159 561 247 613 :20:²31

304 487 327 503 n.
345 487 368 502 10

260 565 292 585 ιιι,
305 566 327 581 n.
339 565 367 588 13,

255 586 300 607 ΤΙι.
315 587 367 607 lect.

156 1496 165 1504 “
180 1495 263 1516 Psalm.
278 1500 348 1515 xxxiv
358 1510 363 1520 ,

156 1528 216 1543 vers.
231 1527 263 1547 ¹4-

156 1550 165 1559 ·
178 1548 213 1569 Ρε.
222 1554 268 1574 xiv,
277 1553 334 1569 vers.
344 1553 362 1574 5.

155 1651 163 1659 ⁴
179 1650 246 1670 Vers.
262 1655 292 1676 ¹7-

154 1967 163 1975 *
179 1965 246 1987 Vers.
262 1971 286 1986 ιι.

154 2015 161 2021 ”
178 2014 205 2035 Ι).
219 2019 295 2041 i2o9a.

154 2071 163 2079 ⁸
178 2069 242 2091 Vers.
260 2076 292 2091 ιο.

122 2204 184 2219 ΓΕ

154 2692 163 2700 ⁸
175 2691 273 2712 institut.
284 2690 316 2717 11,
332 2696 362 2717 ιν,

220 2717 343 2744 Ususructu
355 2733 362 2743 ,

154 2743 263 2765 Μοιηιῐιε.
286 2750 299 2771 p

155 2776 174 2791 2.
185 2781 194 2786 -
204 2770 239 2792 Cf.
253 2770 295 2797 Dig

155 2803 182 2821 v,
199 2796 228 2817 de
247 2796 362 2824 Ustgfruct.

155 2828 235 2844 earum
243 2829 301 2849 rer„
312 2829 327 2850 r,
342 2828 362 2843 2.

297 2749 362 2795 3315:

404 249 474 285 156

397 379 651 415 conductione
681 386 716 414 et
744 378 929 413 locatione
960 377 1108 413 domus.

449 431 614 467 Pecunia
640 438 778 476 autern,
805 429 1015 466 secundum
1042 429 1334 477 Philosophum,
1360 428 1399 466 in
1418 429 1452 465 V

394 484 513 520 Ethic.
534 483 554 504 '³‘
582 491 617 519 et
637 483 674 519 in
704 484 717 518 Ι
737 482 842 518 Polit.
863 481 916 527 *³¹3
938 481 1189 530 principaliter
1218 488 1273 518 est
1297 482 1452 519 inventa

396 536 443 572 ad
473 534 790 572 commutationes
819 534 1028 571 faciendas:
1071 541 1106 570 et
1134 533 1183 570 ita
1210 534 1387 583 proprius
1417 542 1453 571 et

395 588 608 637 principalis
639 587 825 635 pecuniae
853 599 944 623 usus
974 594 1029 622 est
1064 587 1180 635 ipsius
1210 588 1450 636 consumptio

396 693 626 741 expenditur.
657 693 705 728 Et
723 699 878 740 propter
905 693 980 728 hoc
1000 688 1213 730 secundum
1238 706 1279 730 se
1306 702 1360 730 est
1386 694 1451 730 illi-

395 746 509 782 citum
537 757 607 793 pro
636 757 707 781 usu
736 745 920 793 pecuniae
949 753 1142 782 mutuatae
1172 746 1343 795 accipere
1367 759 1451 795 pre·

393 798 507 844 tium,
538 798 643 846 quod
672 797 807 834 dicitur
834 810 960 834 usura.
1003 798 1174 846 Etsicut
1211 799 1280 837 alia
1317 800 1450 837 iniuste

394 850 573 898 acquisita
600 858 748 886 tenetur
773 851 891 887 homo
921 851 1132 898 restituere,
1163 852 1212 888 ita
1245 853 1450 901 pecuniam

394 915 510 952 quam
538 915 607 951 per
634 915 791 939 usuram
820 903 976 952 accepit.

446 957 504 992 AD
524 967 660 992 PRIMUM
688 967 787 992 ERGO
806 968 990 994 DICENDUM
1020 958 1124 1004 quod
1152 969 1267 994 usura
1295 958 1347 994 ibi
1372 970 1451 994 me·
1476 962 1478 986 ἱ

392 1008 585 1056 taphorice
615 1009 796 1057 accipitur
826 1021 896 1058 pro
926 1010 1295 1058 superexcrescentia
1330 1012 1450 1047 bono-

394 1073 477 1097 rum
506 1061 766 1110 spiritualium,
788 1074 905 1109 quam
933 1062 1043 1110 exigit
1068 1064 1173 1099 Deus
1191 1064 1326 1100 volens
1353 1071 1394 1100 ut
1412 1064 1450 1100 in

393 1114 503 1151 bonis
532 1115 694 1162 acceptis
723 1115 770 1151 ab
791 1126 838 1150 eo
865 1127 1017 1164 semper
1043 1115 1301 1164 proficiamus.
1333 1117 1450 1162 Quod

394 1175 448 1203 est
476 1167 525 1204 ad
552 1167 747 1204 utilitatem
776 1175 956 1215 nostram,
988 1181 1066 1205 non
1096 1169 1186 1205 eius.

445 1221 504 1256 Αι)
521 1232 709 1257 SECUNDUM
726 1232 908 1257 DICENDUM
925 1221 1029 1269 quod
1050 1221 1197 1258 Iudaeis
1216 1220 1449 1269 prohibitum

392 1272 460 1308 fuit
488 1273 657 1321 accipere
685 1285 842 1309 usuram
870 1285 894 1309 a
909 1274 1094 1319 fratribus
1111 1274 1199 1319 suis,
1229 1273 1371 1311 scilicet
1390 1274 1450 1311 Iu-

393 1325 512 1362 daeis:
536 1338 605 1374 per
624 1327 726 1374 quod
748 1325 857 1362 datur
876 1325 1027 1373 intelligi
1048 1326 1153 1374 quod
1173 1325 1343 1373 accipere
1363 1338 1450 1362 usu·
1475 1342 1477 1351 ·

391 1390 473 1414 ram
494 1390 515 1414 a
534 1390 778 1426 quocumque
799 1378 956 1415 homine
976 1386 1031 1415 est
1050 1378 1267 1427 simpliciter
1286 1379 1448 1424 malum;

393 1431 577 1467 debemus
613 1431 714 1467 enim
744 1443 901 1467 ornnem
936 1431 1134 1468 hominem
1172 1431 1313 1467 habere
1343 1432 1452 1479 quasi
1475 1458 1476 1461 η

387 1484 607 1531 proximum
627 1489 663 1519 et
676 1485 844 1531 fratrem
865 1483 895 1530 ³¹³,
916 1484 1118 1533 praecipue
1139 1484 1177 1520 in
1206 1491 1303 1521 statu
1322 1485 1449 1522 Evan-

391 1536 486 1584 gelii,
507 1536 555 1572 ad
576 1536 679 1585 quod
700 1548 835 1573 omnes
853 1545 1051 1574 vocantur.
1083 1537 1193 1574 Unde
1217 1537 1254 1574 in
1274 1537 1414 1574 Psalm.
1430 1536 1450 1559 ’¹‘
1475 1560 1477 1571 .

391 1589 562 1626 absolute
593 1589 744 1626 dicitur:
787 1590 861 1631 Qui
881 1591 1083 1638 pecuniam
1110 1602 1219 1627 suam
1249 1601 1323 1626 non
1353 1591 1452 1626 dedit

390 1643 441 1679 ad
468 1654 645 1685 usuram,·
674 1650 709 1678 et
737 1643 875 1679 Ezech.
905 1654 989 1679 xvm
1013 1642 1052 1679 *ε
1090 1643 1164 1685 Qui
1190 1654 1344 1680 usuram
1373 1655 1448 1680 non
1475 1654 1476 1664 ¹

390 1695 584 1743 acceperit.
616 1695 732 1741 Quod
758 1702 885 1732 autem
904 1696 952 1732 ab
974 1695 1157 1732 extraneis
1177 1708 1333 1732 usuram
1354 1695 1449 1732 acci·
1474 1713 1476 1751 ζ

390 1755 535 1797 perent,
555 1759 634 1784 non
657 1748 724 1784 fuit
743 1747 796 1784 eis
825 1760 1051 1785 concessum
1080 1749 1188 1797 quasi
1206 1748 1359 1796 licitum,
1381 1749 1448 1786 sed
1474 1754 1476 1759 ⁴

389 1801 619 1850 permissum
640 1802 687 1837 ad
713 1800 836 1837 maius
862 1802 1006 1838 malum
1031 1801 1249 1838 vitandum:
1278 1814 1326 1839 ne
1353 1802 1448 1838 scili-

391 1862 450 1890 cet
477 1866 498 1890 a
528 1853 696 1900 Iudaeis,
726 1854 851 1890 Deum
881 1854 1111 1900 colentibus,
1139 1867 1275 1898 usuras
1302 1854 1448 1903 accipe-

391 1913 483 1953 rent,
503 1913 659 1955 propter
678 1907 887 1953 avaritiam,
910 1906 969 1943 cui
990 1906 1106 1943 dediti
1135 1915 1251 1955 erant,
1270 1914 1313 1944 ut
1331 1908 1449 1944 habe-

390 1967 449 1996 tur
469 1959 586 1996 Isaiae
606 1971 664 1995 LVI
682 1958 713 1995 ²¹⁶.
731 1980 754 1986 -
775 1959 892 2006 Quod
916 1967 1044 1996 autem
1063 1959 1102 1996 in
1125 1960 1341 2009 praemium
1361 1973 1448 2009 pro-

390 2012 557 2059 mittitur,
581 2012 811 2048 Faenerabis
831 2012 1004 2062 gentibus
1026 2012 1150 2049 multis
1175 2021 1244 2050 etc.
1259 2013 1290 2061 *,
1316 2014 1448 2052 faenus

390 2064 440 2101 ibi
459 2065 560 2112 large
580 2064 760 2112 accipitur
777 2077 848 2114 pro
869 2072 1019 2102 mutuo:
1042 2065 1137 2102 sicut
1157 2073 1192 2103 et
1206 2066 1449 2103 Eccli.xx1x*

390 2117 541 2155 dicitur:
570 2117 688 2154 Multi
713 2130 787 2154 non
817 2129 932 2155 causa
961 2119 1146 2167 nequitiae
1171 2131 1244 2155 non
1260 2120 1452 2167 faenerati

387 2176 482 2216 sunt,
513 2170 606 2207 idest
635 2182 708 2207 non
737 2176 1013 2208 mutuaverunt.
1042 2171 1276 2209 Promittitur
1301 2185 1390 2220 ergo
1410 2172 1448 2210 in

388 2223 603 2273 praemium
624 2223 773 2260 Iudaeis
802 2223 1033 2261 abundantia
1060 2224 1288 2272 divitiarum,
1311 2237 1356 2262 ex
1375 2238 1450 2275 qua

390 2276 568 2324 contingit
596 2277 700 2324 quod
728 2276 808 2313 aliis
836 2284 1010 2314 mutuare
1038 2277 1195 2326 possint.

441 2332 513 2370 An,
537 2341 695 2366 TERTIUM
719 2328 734 2359 β
761 2341 944 2367 DICENDUM
978 2330 1084 2380 quod
1120 2331 1222 2378 leges
1256 2331 1448 2368 humanae

390 2382 577 2419 dimittunt
596 2382 720 2430 aliqua
748 2390 904 2431 peccata
932 2383 1118 2432 impunita
1136 2391 1293 2433 propter
1321 2383 1450 2421 condi-

389 2435 510 2472 tiones
529 2435 728 2472 hominum
748 2436 1070 2484 imperfectorum,
1091 2436 1127 2473 in
1147 2437 1285 2485 quibus
1309 2438 1450 2474 multae

389 2488 562 2525 utilitates
600 2488 872 2537 impedirentur
909 2489 939 2525 si
977 2490 1107 2526 omnia
1139 2497 1294 2538 peccata
1331 2490 1450 2527 distri-

391 2548 447 2578 cte
476 2541 768 2590 prohiberentur
789 2542 924 2590 poenis
953 2542 1141 2593 adhibitis.
1171 2543 1220 2579 Et
1248 2543 1335 2580 ideo
1365 2556 1452 2580 usu-

391 2606 450 2630 ras
478 2595 536 2630 lex
564 2595 732 2631 humana
762 2595 958 2641 concessit,
989 2608 1066 2632 non
1096 2595 1204 2643 quasi
1234 2595 1450 2633 existimans

391 2659 454 2683 eas
483 2659 564 2684 esse
593 2648 804 2684 secundum
832 2648 1021 2693 iustitiam,
1051 2649 1118 2685 sed
1147 2660 1194 2685 ne
1223 2649 1451 2698 impediren-

389 2707 449 2736 tur
475 2700 647 2737 utilitates
677 2701 896 2738 multorum.
927 2702 1038 2738 Unde
1064 2701 1102 2738 in
1131 2702 1212 2750 ipso
1239 2702 1318 2738 iure
1353 2702 1451 2739 civili

391 2752 524 2790 dicitur
541 2753 561 2775 ’¹‘
589 2754 693 2802 quod
722 2766 781 2790 res
808 2766 904 2803 quae
933 2767 1001 2791 usu
1034 2760 1305 2792 consumuntur
1332 2767 1451 2804 neque

390 2807 534 2843 ratione
562 2807 728 2843 naturali
762 2819 881 2855 neque
917 2807 1018 2844 civili
1050 2808 1234 2856 recipiunt
1261 2810 1451 2857 usumfru-

1047 246 1312 292 QUAESTIO
1342 246 1552 293 Lxxvm,
1582 247 1878 285 ARTICULUS
1908 250 1921 284 1

396 334 524 375 petere
562 326 721 362 domum
761 325 1044 361 commodatam
1067 329 1102 360 ²:
1146 324 1241 360 sicut
1276 331 1378 372 patet
1414 324 1480 374 in}

1508 329 1630 361 ctum:
1660 333 1695 361 et
1728 326 1831 374 quod
1866 327 2024 363 Senatus
2052 338 2125 363 non
2154 328 2251 374 fecit
2277 339 2409 364 earum
2442 341 2570 366 rerum

1509 378 1795 425 usumfructum,
1816 391 1884 415 nec
1911 379 2010 415 enim
2024 385 2195 427 poterat‚·
2222 380 2288 416 sed
2310 381 2418 429 quasi
2445 393 2569 418 usum-

1496 430 1672 476 fructum
1700 431 1895 477 constituit,
1924 432 2138 469 concedens
2167 432 2306 469 scilicet
2337 445 2484 471 usuras.
2522 435 2570 471 Et

1508 481 1784 531 Philosophus,
1815 484 1974 521 naturali
2003 484 2147 521 ratione
2176 485 2328 532 ductus,
2359 486 2459 534 dicit,
2487 486 2526 523 in
2555 488 2567 523 Ι

1506 534 1611 571 Polit.
1634 535 1664 582 ³¹⁸,
1686 536 1791 584 quod
1820 538 1996 573 usuraria
2024 538 2216 586 acquisitio
2239 538 2490 586 pecuniarum
2519 545 2572 575 est

1477 615 1480 627 γ
1506 588 1675 625 maxime
1695 595 1851 636 praeter
1879 596 2067 627 naturam.

395 641 474 677 sive
497 640 696 686 distractio,
718 640 927 675 seeundum
947 639 1051 687 quod
1076 639 1114 676 in
1135 641 1451 677 commutationes
1478 688 1479 691 Ἰ

1559 642 1618 676 AD
1647 652 1820 683 QUARTUM
1840 654 2024 680 DICENDUM
2053 642 2159 692 quod
2179 644 2270 681 dare
2290 651 2470 680 mutuum
2491 656 2569 680 non

1506 705 1658 741 semper
1686 701 1834 731 tenetur
1860 696 1999 732 homo:
2030 703 2065 732 et
2093 695 2180 733 ideo
2204 704 2389 744 quantum
2418 697 2467 733 ad
2495 697 2570 733 hoc

1505 746 1661 794 ponitur
1698 746 1793 783 inter
1821 748 1988 784 consilia.
2025 748 2102 785 Sed
2131 750 2234 797 quod
2271 750 2391 786 homo
2421 750 2568 786 lucrum

1507 799 1552 835 de
1582 806 1718 835 mutuo
1757 811 1835 836 non
1868 807 2044 847 quaerat,
2073 801 2148 838 hoc
2181 802 2279 839 cadit
2317 804 2387 839 sub
2423 802 2568 839 ratione

1505 851 1707 901 praecepti.
1724 873 1748 879 -
1769 853 1900 889 Potest
1917 860 2045 889 tamen
2065 853 2136 889 dici
2157 854 2356 892 consilium
2375 867 2445 904 per
2464 867 2568 896 com-

1505 905 1742 953 parationem
1763 905 1811 942 ad
1841 905 1940 942 dicta
1965 905 2271 954 Pharisaeorum,
2293 908 2357 956 qui
2385 909 2570 956 putabant

1505 970 1660 995 usuram
1698 958 1863 1007 aliquam
1902 970 1985 995 esse
2020 957 2180 995 licitam:
2214 959 2310 996 sicut
2346 967 2383 997 et
2420 960 2568 998 dilectio

1505 1011 1745 1048 inimicorum
1766 1018 1822 1048 est
1841 1011 2041 1048 consilium
2058 1012 2089 1048 *.
2106 1032 2130 1040 -
2145 1011 2216 1048 Vel
2235 1011 2402 1061 loquitur
2417 1013 2470 1050 ibi
2490 1026 2568 1050 non

1506 1064 1552 1101 de
1582 1076 1648 1112 spe
1675 1063 1836 1101 usurarii
1864 1064 1976 1111 lucri,
2005 1065 2073 1102 sed
2102 1064 2148 1101 de
2177 1076 2245 1113 spe
2279 1077 2378 1113 quae
2415 1067 2570 1114 ponitur

1504 1117 1541 1153 in
1569 1117 1739 1154 homine.
1769 1118 1861 1153 Non
1894 1117 1996 1154 enim
2026 1117 2212 1155 debemus
2249 1125 2427 1154 mutuum
2456 1118 2567 1165 dare,

1504 1169 1566 1206 vel
1599 1169 1872 1218 quodcumque
1906 1171 2052 1207 bonum
2090 1171 2233 1218 facere,
2268 1179 2426 1220 propter
2461 1183 2570 1220 spem

1503 1222 1690 1259 hominis:
1721 1222 1789 1259 sed
1816 1231 1972 1271 propter
2000 1234 2108 1272 spem
2137 1224 2221 1260 Dei.

1556 1275 1616 1311 An
1645 1286 1807 1316 QumwM
1835 1287 2020 1316 DICENDUM
2055 1277 2160 1323 quod
2195 1276 2256 1313 ille
2293 1276 2359 1324 qui
2393 1283 2569 1314 mutuare

1504 1338 1583 1363 non
1621 1334 1770 1364 tenetur
1804 1328 2200 1376 recompensationem
2237 1336 2363 1378 potest
2398 1329 2568 1379 accipere

1504 1378 1586 1416 eius
1605 1380 1712 1427 quod
1738 1380 1845 1417 fecit:
1875 1380 1943 1418 sed
1967 1393 2046 1419 non
2074 1381 2238 1430 amplius
2266 1382 2380 1419 debet
2409 1382 2567 1430 exigere.

1505 1433 1835 1481 Recompensatur
1863 1441 1991 1470 autem
2021 1433 2090 1470 sibi
2120 1434 2333 1471 secundum
2366 1435 2568 1483 aequalita-

1503 1492 1580 1522 tem
1609 1485 1769 1522 iustitiae
1789 1486 1819 1523 si
1847 1493 1993 1523 tantum
2019 1486 2051 1523 ei
2071 1486 2251 1524 reddatur
2279 1495 2465 1535 quantum
2485 1500 2568 1525 rnu-

1503 1538 1633 1575 tuavit.
1664 1539 1776 1576 Unde
1796 1539 1826 1575 si
1855 1539 2017 1587 amplius
2042 1539 2164 1587 exigat
2191 1552 2262 1588 pro
2290 1541 2488 1578 usufructu
2517 1541 2568 1578 rei

1503 1603 1601 1639 quae
1621 1591 1738 1629 alium
1758 1604 1870 1628 usum
1899 1604 1978 1629 non
2006 1593 2121 1629 habet
2141 1593 2211 1629 nisi
2236 1594 2569 1643 consumptionem

1503 1644 1755 1691 substantiae,
1786 1644 1896 1693 exigit
1932 1644 2096 1694 pretium
2113 1652 2118 1659 “
2134 1645 2213 1682 eius
2251 1646 2355 1695 quod
2383 1659 2463 1684 non
2499 1655 2567 1685 est.

1503 1697 1552 1734 Et
1580 1696 1632 1733 ita
1660 1705 1716 1734 est
1743 1697 1879 1734 iniusta
1909 1698 2065 1735 exactio.

1555 1753 1614 1786 AD
1643 1762 1784 1787 snx‘ruM
1804 1763 1988 1788 mer-:unum
2017 1751 2123 1800 quod
2142 1764 2234 1788 usus
2261 1751 2479 1804 principalis
2501 1751 2567 1803 ἤει-

1502 1815 1633 1839 sorum
1653 1810 1920 1851 argenteorum
1939 1816 2018 1840 non
2047 1811 2103 1841 est
2129 1804 2212 1854 ipsa
2231 1817 2367 1842 eorum
2390 1814 2569 1856 consuti}-

1501 1855 1600 1904 ptio:
1632 1863 1667 1892 et
1687 1855 1774 1893 ideo
1802 1869 1895 1893 usus
1916 1868 2050 1893 eorum
2078 1864 2204 1906 potest
2221 1857 2339 1895 vendi
2362 1857 2472 1905 licite,
2493 1870 2569 1902 ser-

1501 1915 1592 1946 vato
1622 1908 1793 1946 dominio
1823 1909 1887 1946 rei.
1916 1909 2018 1946 Usus
2046 1917 2175 1947 autem
2207 1910 2424 1960 principalis
2451 1908 2567 1961 pecu-

1502 1961 1587 1998 niae
1607 1969 1806 2010 argenteae
1828 1970 1883 1999 est
1911 1962 2099 2000 distractio
2118 1962 2305 2012 pecuniae
2333 1963 2373 2011 in
2395 1970 2569 2010 commu-

1502 2014 1674 2052 tationes.
1704 2015 1815 2058 Unde
1835 2027 1914 2052 non
1942 2015 2028 2053 licet
2048 2015 2128 2052 eius
2152 2028 2266 2053 usum
2290 2015 2459 2054 vendere
2479 2015 2568 2064 cu‘m

1501 2067 1576 2104 hoc
1604 2069 1709 2116 quod
1745 2068 1880 2118 aliquis
1914 2067 2006 2105 velit
2033 2069 2113 2105 eius
2149 2067 2426 2107 restitutionem
2463 2069 2570 2121 (χαρά

1503 2127 1637 2157 mutuo
1667 2120 1780 2158 dedit.
2504 2122 2506 2125 ’
2542 2170 2544 2174 y

1558 2173 1766 2210 Sciendum
1799 2180 1930 2211 tamen
1967 2173 2072 2223 quod
2102 2173 2349 2212 secundarius
2386 2187 2477 2212 usus
2511 2187 2569 2213 ar·
2619 2223 2621 2226 Α

1502 2233 1726 2275 genteorum
1756 2239 1939 2264 vasorum
1966 2234 2097 2276 posset
2117 2239 2198 2264 esse
2229 2228 2490 2269 commutatio.
2503 2226 2570 2278 Et

1502 2279 1619 2322 talem
1646 2291 1760 2316 usum
1789 2292 1924 2317 eorum
1953 2281 2122 2318 vendere
2155 2292 2233 2330 non
2261 2278 2402 2318 liceret.
2445 2277 2495 2326 Et
2518 2279 2568 2329 'si‘-

1504 2331 1640 2369 militer
1658 2340 1784 2381 potest
1803 2345 1884 2370 esse
1904 2333 2038 2382 aliquis
2057 2338 2072 2362 Υ
2096 2333 2190 2380 alius
2210 2334 2459 2379 secundarius
2476 2342 2569 2387 usus

1501 2385 1687 2435 pecuniae
1722 2393 1944 2434 argenteae:
1970 2394 2012 2425 ut
2038 2393 2130 2434 puta
2168 2386 2198 2424 si
2225 2387 2310 2437 quis
2343 2387 2570 2432 concederet

1503 2438 1706 2488 pecuniam
1733 2439 1918 2487 signatam
1938 2439 1987 2476 ad
2015 2433 2321 2488 ostentationem,
2340 2441 2403 2484 vel
2431 2441 2568 2501 adpo-

1505 2491 1676 2528 nendum
1704 2492 1789 2528 loco
1817 2492 1997 2542 pignoris.
2028 2493 2077 2529 Et
2104 2493 2218 2529 talem
2242 2495 2356 2536 usu'r‘n
2383 2491 2579 2542 pecuniae

1504 2544 1601 2581 licite
1630 2545 1750 2581 homo
1778 2545 1946 2582 vendere
1975 2552 2100 2594 potest
2118 2543 2148 2581 ³¹³.

1556 2599 1615 2634 An
1644 2609 1823 2634 ΞΕΡτιΜυΜ
1852 2610 2036 2636 DtCENDUM
2065 2597 2170 2647 quod
2198 2598 2258 2635 ille
2296 2598 2360 2648 qui
2389 2598 2454 2636 dat
2481 2612 2569 2637 usu-

1504 2662 1586 2686 ram
1606 2663 1684 2687 non
1705 2650 1922 2699 simpliciter
1940 2651 2155 2688 voluntarie
2175 2651 2250 2698 dat,
2271 2653 2338 2689 sed
2368 2664 2456 2689 cum
2477 2665 2570 2702 qua-

1505 2703 1595 2739 darn
1633 2703 1876 2740 necessitate:
1917 2704 2143 2753 inquantum
2184 2704 2326 2753 indiget
2363 2704 2568 2753 pecuniam

1505 2756 1677 2804 accipere
1714 2763 1869 2804 mutuo,
1900 2770 2017 2806 quam
2046 2757 2105 2794 ille
2134 2757 2199 2807 qui
2231 2759 2346 2796 habet
2382 2771 2461 2797 non
2487 2759 2569 2796 vult

1504 2809 1585 2846 sine
1612 2821 1727 2846 usura
1755 2817 1941 2847 mutuare.

443 2919 470 2951 α)
489 2919 693 2944 commodatam.
707 2933 725 2938 -—
742 2920 971 2945 accommodatam
990 2920 1037 2945 Pa.

444 2953 469 2986 β)
488 2955 531 2979 Ad
549 2955 666 2979 tertium.
680 2969 695 2973 -
715 2955 908 2988 Responsiones
936 2956 967 2980 ad
987 2961 1138 2988 argumenta
1157 2957 1260 2981 tertium
1284 2961 1309 2981 et
1328 2962 1448 2989 quartum

391 2990 476 3014 locum
495 2994 595 3014 mutant
613 2990 639 3014 in
658 2990 787 3015 codicibus
807 2996 831 3015 et
850 2998 876 3016 a.

1555 2922 1582 2955 γ)
1601 2922 1738 2955 aliquis.—
1756 2923 1818 2948 Om.
1837 2923 1876 2953 H;
1895 2923 1965 2948 alius
1984 2931 2038 2948 orn.
2059 2922 2135 2954 PLa‚·
2153 2924 2329 2949 secundarius
2347 2932 2401 2949 orn.
2420 2924 2454 2949 D.

1062 3061 1394 3095 Commentaria
1417 3061 1669 3095 Gaii-dinalis
1690 3055 1892 3096 Caietani

421 3141 440 3160 N
464 3129 596 3160 articulo
626 3129 729 3169 primo
761 3130 953 3171 quaestionis
983 3132 1363 3172 septuagesimaeoctavae
1393 3133 1450 3163 du-

394 3143 511 3204 Ibium
535 3173 671 3204 occurrit
690 3173 769 3203 circa
792 3174 947 3204 rationem
970 3174 1089 3204 litterae
1113 3185 1176 3215 qua
1199 3177 1352 3215 probatur
1376 3186 1450 3206 usu-

389 3228 458 3248 ram
483 3227 548 3248 esse
572 3224 745 3257 peccatum.
770 3220 918 3257 Arguunt
938 3218 1022 3248 enim
1046 3218 1177 3258 quidam
1200 3220 1289 3260 quod
1312 3220 1448 3250 rat10nes

390 3272 455 3292 non
479 3262 541 3292 sint
570 3261 719 3292 efficaces.
751 3262 835 3299 Quia
865 3261 979 3292 falsum
1009 3269 1054 3293 est
1084 3263 1173 3302 quod
1202 3263 1234 3293 in
1263 3263 1449 3294 huiusmodi

390 3307 483 3336 rebus
497 3305 723 3336 mutuabilibus
743 3315 809 3336 non
826 3305 946 3337 differat
970 3316 1046 3337 usus
1063 3316 1080 3336 a
1097 3307 1270 3338 substantia
1285 3307 1344 3338 rei:
1370 3317 1450 3348 quo-

391 3350 476 3380 niam
492 3350 524 3380 in
541 3350 689 3380 omnibus
710 3349 818 3386 differt,
836 3350 916 3381 sicut
935 3350 1076 3390 operatio
1096 3361 1114 3380 a
1129 3357 1249 3382 natura.
1273 3368 1292 3374 -
1316 3352 1356 3382 Et
1374 3352 1448 3392 quia

391 3394 470 3424 ratio
493 3394 545 3424 illa
575 3394 663 3435 quod
687 3394 820 3434 pecunia
844 3401 889 3425 est
912 3393 1124 3434 principaliter
1154 3402 1283 3435 propter
1305 3395 1447 3435 negotia-

390 3438 502 3474 tiones,
527 3448 592 3468 non
616 3438 709 3468 habet
731 3438 840 3468 locum
863 3438 895 3468 in
919 3438 986 3469 aliis
1006 3439 1244 3476 mutuabilibus,
1269 3446 1345 3479 puta
1361 3439 1446 3476 vino,

391 3482 503 3518 tritico,
519 3488 576 3512 etc.
600 3483 674 3512 Non
690 3482 850 3513 concludit
868 3482 963 3522 igitur
978 3482 1142 3513 efficaciter
1164 3483 1265 3514 littera
1279 3483 1446 3515 intentum.

1502 3139 1533 3163 et
1555 3143 1603 3163 res
1628 3133 1770 3164 differant
1792 3134 1843 3164 vel
1865 3144 1931 3164 non
1949 3133 2099 3172 differant,
2118 3133 2284 3176 dupliciter
2298 3134 2430 3177 intelligi
2451 3142 2565 3176 potest.

1501 3176 1620 3213 Primo,
1644 3177 1821 3208 secundum
1845 3187 1911 3208 esse
1935 3184 2080 3208 naturae:
2106 3184 2135 3209 et
2158 3178 2220 3209 hoc
2244 3185 2290 3210 est
2313 3187 2396 3212 extra
2419 3180 2566 3220 proposi-

1502 3227 1581 3251 tum.
1607 3220 1764 3257 Secundo,
1788 3221 1821 3251 in
1838 3221 1948 3252 ordine
1965 3222 2003 3252 ad
2021 3222 2304 3254 commutationes:
2329 3230 2360 3254 et
2382 3222 2444 3254 hoc
2461 3229 2508 3255 est
2527 3225 2566 3254 ad

1501 3264 1721 3304 propositum,
1746 3265 1801 3295 ubi
1831 3266 1871 3296 de
1893 3265 2011 3296 iustitia
2039 3273 2071 3297 et
2095 3267 2248 3298 iniustitia
2277 3268 2566 3298 commutationum

1501 3315 1658 3339 tractatur.
1684 3309 1772 3340 Licet
1794 3319 1868 3349 ergo
1891 3309 1924 3340 in
1948 3320 2016 3341 esse
2038 3318 2169 3343 naturae
2191 3311 2303 3343 vinum
2327 3319 2358 3343 et
2380 3321 2458 3343 usus
2480 3312 2563 3348 vini,

1500 3359 1579 3392 puta
1601 3353 1716 3389 bibere,
1734 3353 1966 3394 distinguantur
1973 3363 1981 3390 ;
2005 3355 2038 3385 in
2062 3355 2172 3387 ordine
2195 3363 2302 3387 tamen
2324 3356 2365 3387 ad
2387 3362 2564 3388 commuta-

1501 3396 1603 3427 tiones
1627 3407 1684 3436 pro
1710 3397 1823 3428 eodem
1847 3405 2052 3438 computatur
2070 3398 2182 3430 vinum
2206 3407 2236 3430 et
2260 3400 2326 3430 eius
2343 3409 2420 3430 usus
2428 3409 2435 3436 ;
2461 3410 2564 3441 neque

1473 3438 1475 3484 l
1501 3450 1645 3471 seorsum
1660 3441 1753 3472 vendi
1775 3449 1880 3482 potest
1893 3442 2015 3479 vinum,
2036 3450 2067 3474 et
2090 3453 2235 3474 seorsum
2258 3443 2346 3486 quod
2369 3443 2432 3474 bibi
2452 3444 2562 3484 possit.

1500 3485 1541 3515 Et
1563 3485 1663 3516 simile
1683 3492 1729 3516 est
1752 3485 1784 3515 in
1808 3486 1875 3516 aliis
1899 3486 2093 3518 huiusmodi.
2124 3487 2166 3518 Et
2187 3487 2249 3518 hoc
2272 3486 2476 3518 manifestum
2500 3495 2565 3519 erat

446 3526 497 3556 Ad
519 3527 581 3556 hoc
604 3526 716 3556 dicitur
739 3527 828 3566 quod
851 3534 983 3567 utraque
1007 3527 1144 3557 obiectio
1168 3528 1308 3567 procedit
1332 3537 1368 3558 ex
1389 3528 1447 3558 mi-
1473 3552 1475 3576 l
1500 3529 1533 3558 in
1557 3529 1658 3559 littera
1682 3530 1812 3566 dicente,
1836 3540 1902 3561 non
1926 3531 2014 3572 quod
2031 3531 2092 3562 sint
2107 3531 2202 3567 idern,
2221 3532 2274 3562 sed
2289 3532 2377 3572 quod
2395 3541 2458 3562 non
2474 3533 2564 3563 debet

392 3570 461 3600 nori
484 3570 642 3600 intellectu
658 3570 786 3601 litterae.
810 3571 851 3601 Et
874 3571 974 3611 prima
991 3571 1136 3611 quidem:
1162 3582 1236 3602 narn
1260 3572 1348 3612 quod
1372 3582 1448 3602 usus
1473 3578 1475 3603 1
1500 3582 1643 3603 seorsum
1669 3576 1847 3614 computari
1872 3585 1948 3606 usus
1972 3576 2020 3605 rei
2042 3585 2062 3605 a
2086 3585 2123 3606 re
2146 3576 2224 3615 ipsa.

2600 544 2652 566 'Cn
2672 551 2808 574 .1n.n.23.-

2597 570 2651 593 S.T
2669 587 2675 593 .
2691 572 2742 593 lect.
2758 578 2807 593 νιιι.

2597 1017 2606 1027 ⁸
2614 1016 2651 1038 Cf.
2661 1016 2741 1038 Matth.
2755 1022 2807 1044 cap.

2596 1049 2618 1069 v,
2634 1048 2693 1064 vers.
2708 1049 2744 1071 43.
2754 1049 2792 1069 44.

2595 2541 2606 2551 ⁸
2617 2540 2654 2563 Cf.
2667 2540 2719 2569 Οἱς.
2730 2540 2781 2567 vn,
2792 2547 2808 2567 ι,

2596 2567 2626 2588 de
2632 2566 2768 2595 [lust-ncnc,
2772 2567 2807 2590 28.
