2860 4244
10 640 14 648 .
72 631 81 640 ·
97 628 162 651 Vera.
177 633 206 656 13,
222 633 253 654 ¹⁴-

72 789 83 800 ⁸
96 787 162 810 vers.
177 787 208 809 ιδ.

164 1414 181 1449 β

45 1463 282 1513 {Qu-marm
293 1467 381 1512 sta,
418 1472 460 1501 ut
495 1477 540 1502 ex
577 1465 801 1525 supradictis
837 1472 941 1514 patet
958 1464 996 1486 *·

964 280 1232 326 QUAESTIO
1263 281 1454 329 LXXVII,
1484 281 1780 318 ARTlCULUS
1811 283 1841 318 ll

311 358 415 407 quod
436 358 536 395 enim
556 358 786 406 permixtum
807 365 862 394 est
884 357 1022 406 patitur
1042 358 1231 395 defectum
1253 371 1373 407 quan-

310 419 391 448 tum
421 411 469 448 ad
498 411 677 459 speciem.
699 432 723 438 -
742 411 849 447 Alius
877 418 1006 447 autem
1036 410 1203 447 defectus
1234 420 1288 448 est
1316 424 1373 448 se-
1397 436 1399 449 ;

311 464 478 500 cundum
500 463 758 513 quantitatem,
779 475 876 512 quae
905 475 974 511 per
992 475 1210 500 mensuram
1233 477 1371 512 cogno·
1396 471 1398 513 j

310 516 435 554 scitur.
466 517 515 553 Et
542 517 629 554 ideo
659 517 686 553 si
721 516 805 564 quis
833 515 993 552 scienter
1029 523 1155 552 utatur
1183 517 1371 554 deficienti
1396 531 1397 534 ¹

310 581 489 606 mensura
517 569 555 606 in
582 569 800 615 vendendo,
822 569 994 605 fraudem
1024 569 1234 615 committit,
1257 578 1293 606 et
1317 578 1372 606 est

308 622 433 659 illicita
463 621 646 659 venditio.
685 622 796 658 Unde
831 621 967 658 dicitur
993 622 1103 657 Deut.
1123 633 1194 658 xxv
1212 622 1250 658 *z
1278 623 1369 659 Non

308 675 460 712 habebis
486 674 524 711 in
550 673 700 710 sacculo
724 674 873 710 diversa
895 674 1079 722 pondera,
1100 675 1222 711 maius
1241 681 1277 711 et
1302 675 1371 711 mi-

309 739 400 764 nus:
428 738 497 764 nec
522 726 594 763 erit
619 726 655 763 in
684 727 796 763 domo
825 731 888 768 tua
915 726 1063 763 modius
1090 728 1215 764 maior
1241 734 1278 764 et
1302 728 1370 764 mi-

307 833 431 869 minus
458 843 544 868 eum
572 831 639 879 qui
652 832 755 880 facit
779 833 884 877 haec,
904 838 940 868 et
965 833 1188 869 adversatur
1220 843 1369 869 omnem

307 885 536 922 iniustitiam.
558 905 582 912 -
601 885 754 922 Tertius
775 885 942 922 defectus
971 893 1027 922 est
1046 896 1090 922 ex
1118 893 1224 934 parte
1253 884 1371 933 quali·
1395 895 1397 936 ς

306 937 411 975 tatis:
440 944 532 986 puta
564 937 595 974 si
633 938 787 986 aliquod
821 938 962 974 animal
998 938 1192 975 infirmum
1228 937 1371 974 vendat

307 990 416 1040 quasi
443 1002 592 1028 sanum.
623 991 739 1038 Quod
759 991 789 1028 si
818 991 904 1039 quis
923 990 1084 1027 scienter
1111 990 1249 1034 fecerit,
1270 989 1368 1025 frau-

307 1044 396 1081 dem
434 1043 636 1080 committit
671 1043 710 1081 in
737 1043 979 1081 venditione:
1015 1042 1118 1079 unde
1154 1049 1211 1078 est
1245 1041 1369 1078 illicita

305 1096 486 1134 venditio.

307 1254 581 1292 restitutionem
607 1261 767 1290 tenetur.
807 1253 846 1290 Si
873 1265 968 1290 vero
1001 1264 1047 1290 eo
1075 1252 1272 1300 ignorante
1305 1252 1370 1289 ali-

306 1306 391 1355 quis
410 1306 692 1355 praedictorum
713 1306 930 1343 defectuum
949 1305 987 1342 in
1007 1318 1047 1342 re
1064 1305 1220 1343 vendita
1247 1305 1368 1352 tuerit,

304 1360 482 1397 venditor
509 1359 666 1408 quidem
695 1370 775 1396 non
802 1367 946 1408 peccat,
968 1358 1058 1406 quia
1086 1358 1173 1395 facit
1190 1358 1370 1395 iniustum
1394 1383 1397 1392 .

305 1411 564 1466 materialiter,
585 1423 672 1448 -non
700 1419 830 1449 tamen
849 1410 865 1441 β
893 1412 973 1448 eius
1002 1411 1172 1460 operatio
1194 1419 1249 1448 est
1276 1411 1371 1448 iniu-

1039 1472 1187 1501 tenetur
1220 1471 1370 1512 tamen,

305 1529 393 1555 cum
414 1518 463 1555 ad
482 1518 562 1554 eius
582 1518 753 1555 notitiam
773 1517 1000 1566 pervenerit,
1016 1517 1202 1554 damnum
1223 1528 1371 1554 recom-

304 1583 468 1620 pensare
497 1571 671 1619 emptori.

358 1624 409 1660 Et
431 1624 544 1673 quod*
565 1624 708 1661 dictum
729 1630 786 1660 est
813 1623 861 1660 de
888 1622 1101 1668 venditore,
1123 1622 1237 1658 etiam
1264 1622 1372 1659 intel-

303 1677 509 1725 figendum.
527 1684 585 1713 est
611 1688 656 1713 ex
684 1683 790 1725 parte
819 1675 1014 1725 emptoris.
1049 1674 1240 1722 Contingit
1269 1675 1371 1712 enim
1396 1713 1398 1718 ,

305 1730 538 1779 quandoque
571 1729 814 1767 venditorem
850 1729 1004 1766 credere
1033 1739 1144 1765 suam
1178 1739 1259 1765 rem
1289 1740 1372 1765 esse

304 1781 667 1832 minuspretiosam
703 1789 889 1830 quantum
918 1782 967 1819 ad
995 1781 1182 1830 speciem:
1212 1780 1308 1818 sicut
1340 1780 1371 1817 si

304 1835 442 1885 aliquis
466 1835 612 1873 vendat
639 1847 776 1872 aurum
795 1839 811 1863 Υ
839 1836 925 1872 loco
954 1833 1172 1880 aurichalci,
1202 1841 1371 1883 emptor,

305 1888 336 1926 si
364 1888 403 1926 id
431 1896 647 1937 cognoscat,
667 1887 802 1926 iniuste
832 1888 934 1935 emit,
956 1895 993 1924 et
1020 1887 1069 1924 ad
1098 1886 1372 1937 restitutionem

201 1925 257 1966 ’Ψ-
304 1948 465 1979 tenetur.
495 1942 545 1979 Et
571 1942 709 1979 eadem
729 1940 824 1978 ratio
854 1949 909 1978 est
937 1941 984 1978 de
1009 1940 1156 1978 defectu
1186 1939 1373 1989 qualitatis

307 2002 344 2032 et
371 1994 600 2043 quantitatis.

358 2050 418 2085 An
447 2059 585 2085 PRIMUM
612 2058 710 2085 ERGO
739 2058 924 2084 mesanum
950 2045 1057 2095 quod
1084 2057 1222 2082 aurum
1252 2053 1288 2082 et
1315 2057 1372 2082 ar-

305 2108 462 2150 gentum
490 2113 568 2138 non
597 2101 723 2138 solum
752 2111 840 2138 cara
874 2106 962 2136 sunt
988 2106 1145 2148 propter
1175 2098 1373 2135 utilitatem

305 2165 490 2191 vasorum
509 2165 608 2202 quae
637 2165 683 2191 ex
702 2153 756 2190 eis
775 2153 1016 2199 fabricantur,
1037 2159 1102 2189 aut
1121 2151 1284 2190 aliorum
1304 2152 1374 2188 hu-

306 2206 486 2254 iusmodi,
505 2207 574 2244 sed
603 2207 715 2244 etiarn
743 2213 900 2256 propter
922 2205 1141 2253 dignitatem
1172 2212 1208 2241 et
1234 2204 1374 2253 purita-

306 2267 385 2297 tem
414 2259 646 2298 substantiae
674 2259 858 2308 ipsorum.
896 2259 945 2296 Et
972 2258 1060 2296 ideo
1090 2258 1119 2294 si
1148 2269 1285 2294 aurum
1312 2258 1374 2294 vel

306 2321 506 2361 argentum
544 2314 592 2350 ab
621 2312 828 2350 alchimicis
865 2312 1006 2348 factum
1034 2323 1168 2348 veram
1205 2310 1374 2359 speciem

360 2435 386 2469 β)
405 2443 458 2461 non
478 2439 576 2461 tamen.
589 2449 607 2454 -
626 2442 673 2461 nec
691 2435 722 2461 P.

358 2472 385 2506 γ)
404 2478 534 2497 aurum.—
551 2471 724 2503 sophisticum
742 2470 786 2502 Gl,
804 2478 858 2496 om.
877 2470 963 2495 ceteri.

557 2540 560 2571 1

2416 283 2479 319 151

1426 371 1504 396 non
1533 360 1672 396 habeat
1690 359 1771 396 auri
1800 366 1836 395 et
1855 358 2007 406 argenti,
2030 366 2085 395 est
2113 359 2349 395 fraudulenta
2377 366 2413 395 et
2433 359 2486 395 in-

1425 411 1521 448 iusta
1548 412 1730 449 venditio.
1761 411 1988 448 Praesertim
2026 423 2113 447 cum
2141 411 2214 448 sint
2241 411 2390 460 aliquae
2418 412 2487 448 uti-

1424 464 1544 501 litates
1573 465 1652 501 auri
1682 472 1717 501 et
1745 464 1888 512 argenti
1914 464 2007 511 veri,
2037 464 2248 500 secundum
2277 465 2485 501 naturalem

1426 517 1688 565 operationem
1708 517 1891 566 ipsorum,
1913 529 2011 566 quae
2040 529 2117 553 non
2138 517 2370 554 conveniunt
2393 529 2485 553 auro

1396 579 1397 619 ξ
1423 580 1492 617 per
1510 570 1725 606 alchimiam
1746 570 2009 618 sophisticato:
2031 570 2125 606 sicut
2143 569 2248 618 quod
2267 570 2381 606 habet
2400 582 2486 618 pro—

1423 622 1619 670 prietatem
1640 623 1880 670 laetificandi,
1901 631 1938 659 et
1965 630 2097 659 contra
2116 622 2301 671 quasdam
2329 622 2487 659 infirmi—

1423 681 1517 710 tates
1545 674 1817 711 medicinaliter
1844 675 1959 712 iuvat.
1990 675 2242 723 Frequentius
2276 674 2389 712 etiam
2418 687 2487 724 po-

1395 744 1397 774 3
1424 732 1495 762 test
1513 726 1604 774 poni
1633 727 1670 763 in
1689 728 1924 775 operatione,
1946 735 1982 764 et
2001 727 2140 765 diutius
2167 728 2206 765 in
2230 740 2299 765 sua
2323 727 2486 776 puritate

308 791 398 822 nor‚·
427 787 463 816 et
480 786 614 828 postea
632 778 652 800 *
671 779 866 816 subditur:
895 780 1147 816 Abominatur
1173 781 1272 817 enim
1292 781 1370 816 Do-
1395 786 1397 788 '

1422 786 1623 826 permanet
1650 791 1785 816 aurum
1804 792 1940 818 verum
1969 792 2085 828 quam
2105 793 2241 817 aurum
2267 780 2487 829 sophistica-

1423 837 1517 867 tum.
1540 852 1563 858 -
1584 831 1623 867 Si
1652 839 1779 868 autern
1808 844 1876 880 per
1895 833 2108 870 alchimiam
2138 834 2247 870 fieret
2266 845 2401 870 aurum
2421 846 2486 871 ve-

1423 895 1521 930 rum,
1542 895 1619 920 non
1641 892 1738 920 esset
1765 885 1931 922 illicitum
1951 885 2076 933 ipsum
2095 898 2165 934 pro
2185 898 2278 923 vero
2297 886 2484 923 vendere:

1422 936 1511 983 quia
1540 936 1631 972 nihil
1659 937 1837 984 prohibet
1863 945 1983 974 artem
2012 938 2065 974 uti
2093 939 2280 987 aliquibus
2312 939 2486 976 naturali-

1394 1027 1396 1031 ,
1423 989 1494 1024 bus
1524 988 1645 1025 causis
1683 989 1732 1025 ad
1759 990 2050 1037 producendum
2085 993 2274 1028 naturales
2303 999 2340 1028 et
2371 1004 2485 1029 veros

1425 1041 1581 1078 effectus
1595 1040 1632 1086 *ς
1662 1041 1758 1078 sicut
1771 1043 2003 1089 Augustinus
2025 1043 2124 1089 dicit,
2141 1044 2179 1080 in
2194 1045 2243 1080 111
2259 1044 2304 1080 de
2318 1045 2354 1080 T
2350 1044 2473 1081 rin.

1395 1106 1396 1136 3
1424 1093 1471 1130 de
1498 1094 1556 1130 his
1585 1106 1684 1142 quae
1713 1102 1791 1131 arte
1821 1095 2056 1132 daemonum
2084 1096 2192 1132 fiunt.

359 1150 409 1186 Et
436 1149 475 1186 in
494 1149 672 1186 omnibus
700 1148 837 1185 talibus
865 1159 944 1184 non
968 1147 1092 1184 solum
1122 1146 1255 1195 aliquis
1282 1159 1370 1195 pec·
1394 1144 1396 1151 ⁴

307 1209 367 1239 cat
394 1202 572 1239 iniustam
590 1201 853 1238 venditionem
881 1199 1069 1247 faciendo,
1091 1201 1157 1237 sed
1187 1199 1299 1236 etiam
1321 1200 1371 1237 ad
1395 1223 1396 1226 =

1476 1148 1535 1183 AD
1563 1158 1754 1184 SECUNDUM
1782 1159 1965 1184 DICENDUM
1994 1148 2099 1196 quod
2131 1160 2329 1185 mensuras
2358 1161 2484 1186 rerum

1421 1199 1615 1236 venalium
1635 1211 1790 1236 necesse
1811 1208 1866 1236 est
1892 1201 1930 1236 in
1951 1200 2109 1237 diversis
2137 1201 2229 1237 locis
2259 1214 2342 1238 esse
2362 1201 2485 1238 diver-

1422 1264 1494 1298 sas,
1510 1260 1668 1300 propter
1686 1252 1944 1290 diversitatem
1960 1253 2093 1302 copiae
2114 1261 2150 1290 et
2168 1254 2319 1302 inopiae
2338 1266 2484 1291 rerum:

1423 1305 1512 1353 quia
1530 1305 1596 1342 ubi
1617 1318 1676 1342 res
1701 1305 1820 1353 magis
1840 1306 2037 1343 abundant
2055 1304 2080 1353 ⁶,
2103 1315 2385 1343 consueverunt
2404 1319 2486 1343 esse

1424 1358 1588 1395 maiores
1623 1370 1839 1395 mensurae.
1879 1360 1920 1396 In
1957 1371 2194 1407 unoquoque
2235 1368 2364 1396 tamen
2401 1360 2486 1396 loco

1422 1412 1471 1448 ad
1500 1419 1665 1448 rectores
1703 1411 1862 1448 civitatis
1899 1412 2060 1460 pertinet
2096 1412 2350 1449 determinare
2387 1425 2485 1460 quae

1423 1471 1509 1500 sunt
1528 1469 1540 1485 ⁸
1569 1464 1687 1500 iustae
1716 1476 1919 1501 mensurae
1948 1477 2075 1502 rerum
2095 1466 2300 1511 venalium,
2321 1465 2486 1513 pensatis

1424 1516 1705 1553 conditionibus
1720 1518 1893 1554 locorum
1910 1525 1946 1554 et
1963 1530 2102 1554 rerum.
2124 1519 2173 1555 Et
2186 1518 2273 1555 ideo
2292 1519 2361 1555 has
2380 1530 2486 1554 men-

1424 1581 1531 1606 suras
1559 1569 1711 1617 publica
1739 1571 1959 1606 auctoritate
1985 1571 2047 1607 vel
2076 1571 2350 1608 consuetudine
2384 1571 2485 1607 insti-

1424 1629 1522 1658 tutas
1550 1622 1755 1670 praeterire
1783 1635 1862 1659 non
1890 1623 1985 1659 licet.

1478 1676 1536 1711 AD
1565 1686 1725 1712 mavum
1753 1678 1938 1712 mCENDUM
1966 1675 2092 1723 quod,
2122 1676 2217 1712 sicut
2253 1676 2485 1723 Augustinus

1426 1727 1526 1774 dicit,
1547 1727 1585 1764 in
1614 1729 1666 1764 XI
1686 1728 1731 1764 de
1763 1729 1843 1765 Civ.
1869 1729 1944 1765 Dei
1963 1729 1996 1775 *,
2025 1728 2187 1776 pretium
2216 1740 2343 1765 rerum
2370 1741 2487 1766 vena-

1425 1780 1518 1817 lium
1547 1793 1626 1817 non
1659 1781 1916 1818 consideratur
1944 1781 2155 1818 secundum
2191 1782 2351 1829 gradum
2379 1789 2487 1818 natu-

1425 1845 1501 1880 rae,
1523 1845 1612 1870 cum
1637 1833 1870 1882 quandoque
1897 1834 2014 1882 pluris
2033 1834 2221 1871 vendatur
2246 1846 2346 1871 unus
2366 1847 2487 1883 equus

1426 1898 1543 1935 quam
1573 1899 1670 1923 unus
1699 1899 1851 1923 servus:
1888 1887 1956 1925 sed
1989 1887 2248 1924 consideratur
2276 1888 2487 1925 secundum

1425 1939 1530 1988 quod
1560 1951 1618 1976 res
1638 1939 1676 1976 in
1703 1952 1816 1977 usum
1844 1940 2012 1977 hominis
2030 1940 2200 1977 veniunt.
2230 1941 2279 1976 Et
2297 1940 2384 1978 ideo
2410 1953 2487 1977 non

1426 1999 1576 2041 oportet
1603 1994 1708 2041 quod
1735 1993 1914 2030 venditor
1939 1994 2002 2030 vel
2030 2001 2181 2042 emptor
2202 2001 2406 2041 cognoscat
2425 2006 2488 2030 oc-

1426 2046 1545 2082 cultas
1565 2045 1619 2082 rei
1640 2046 1818 2083 venditae
1838 2045 2052 2094 qualitates:
2081 2046 2149 2083 sed
2176 2046 2256 2083 illas
2276 2047 2400 2083 solum
2420 2059 2489 2095 per

1426 2111 1521 2147 quas
1557 2098 1723 2136 redditur
1750 2098 1928 2136 humanis
1964 2099 2095 2135 usibus
2130 2107 2234 2148 apta,
2263 2106 2354 2148 puta
2383 2099 2486 2148 quod

1426 2164 1546 2200 equus
1565 2151 1612 2188 sit
1638 2151 1744 2188 fortis
1771 2159 1808 2188 et
1827 2152 1926 2188 bene
1955 2160 2089 2198 currat,
2110 2160 2147 2188 et
2173 2152 2342 2189 similiter
2369 2152 2407 2189 in
2428 2165 2488 2189 ce-

1425 2205 1524 2242 teris.
1554 2205 1634 2241 Has
1663 2212 1790 2241 autem
1819 2205 2015 2253 qualitates
2043 2205 2091 2242 de
2119 2205 2217 2242 facili
2247 2205 2424 2242 venditor
2452 2213 2488 2242 et

1428 2265 1579 2306 emptor
1606 2270 1837 2306 cognoscere
1865 2265 2035 2306 possunt.

1418 2390 1529 2398 ww

1479 2433 1503 2466 ὃ)
1523 2433 1671 2458 abundant.
1683 2446 1703 2452 —
1720 2433 1841 2458 abundat
1860 2433 1888 2457 P.

1480 2469 1502 2501 ε)
1521 2472 1593 2493 sunt.
1606 2482 1626 2487 -
1642 2468 1698 2493 sint
1717 2468 1769 2493 PD-

983 2566 1316 2600 Commenta-ia
1338 2565 1589 2598 cardinalis
1612 2564 1812 2598 Caietam

339 2675 359 2695 n
382 2664 516 2696 articulo
539 2664 680 2704 secundo
711 2664 854 2695 eiusdem
883 2663 1080 2704 quaestionis
1108 2662 1374 2703 septuagesimae-

311 2676 510 2750 Isepfimae,
534 2715 612 2739 nota
640 2709 746 2750 quod,
770 2708 844 2739 licet
869 2710 1009 2744 Auctor,
1033 2707 1066 2737 in
1096 2707 1304 2748 responsione
1335 2707 1375 2736 ad

308 2752 467 2794 primum,
490 2762 557 2783 non
579 2758 704 2792 reputet
729 2751 927 2792 impossibile
953 2751 1020 2783 fieri
1043 2761 1158 2782 aurum
1181 2761 1292 2781 verum
1318 2760 1374 2791 per

309 2803 426 2832 artem;
449 2796 525 2837 quia
546 2803 654 2828 tamen
677 2806 843 2837 nunquam
867 2803 922 2827 aut
943 2806 1014 2827 raro
1037 2795 1088 2832 fit,
1113 2796 1168 2826 sed
1191 2795 1373 2836 saepissime

309 2840 423 2872 accidit
445 2840 650 2876 contrarium,
674 2840 765 2881 quod
786 2840 905 2872 scilicet
927 2850 964 2871 ex
979 2850 1055 2870 vero
1078 2850 1157 2871 auro
1181 2839 1302 2871 faciunt
1325 2839 1374 2870 fu-

310 2894 412 2921 mum,
437 2885 516 2915 dum
539 2884 655 2915 multas
678 2894 831 2924 expensas
853 2883 988 2920 faciunt,
1013 2894 1095 2925 quae
1118 2883 1151 2914 in
1175 2883 1303 2914 fumum
1325 2893 1372 2914 re-

310 2929 493 2965 solvuntur;
517 2928 590 2959 ideo
613 2927 801 2959 huiusmodi
816 2937 865 2958 ars
881 2935 941 2960 aut.
951 2937 1018 2958 non
1034 2928 1183 2964 humana,
1208 2934 1263 2958 aut
1286 2927 1373 2968 prin-

311 2973 430 3013 cipum,
454 2979 528 3013 post
549 2981 598 3002 res
621 2972 781 3003 consultas
805 2981 879 3002 cum
895 2971 1099 3012 sapientibus,
1117 2977 1173 3002 est.
1198 2971 1304 3002 Habes
1320 2981 1375 3001 au-

310 3023 375 3048 tem
399 3017 432 3047 in
454 3016 555 3047 littera
578 3016 668 3057 quod
683 3026 749 3046 non
766 3015 881 3047 sufficit
895 3015 1100 3047 alchimicum
1115 3025 1229 3046 aurum
1251 3016 1302 3046 vel
1326 3025 1373 3045 ar-

310 3067 443 3101 gentum
472 3060 534 3092 tale
557 3059 658 3091 facere
682 3067 718 3091 ut
740 3060 897 3096 nummis,
921 3060 1004 3090 vasis
1027 3066 1058 3090 et
1085 3059 1270 3090 huiusmodi
1298 3069 1373 3090 con-

311 3104 467 3136 struendis
498 3104 539 3135 sit
568 3103 691 3135 habile:
722 3111 808 3136 tum-
822 3110 952 3144 propter
981 3110 1111 3135 naturae
1141 3103 1372 3144 impuritatem;

1426 2669 1497 2693 tum
1519 2669 1649 2702 propter
1672 2661 1872 2702 operationes
1896 2661 2068 2698 naturales;
2098 2668 2167 2692 tum
2191 2668 2319 2701 propter
2342 2661 2486 2702 frequen-

1426 2706 1541 2737 tiorem
1557 2707 1818 2748 applicationem;
1842 2713 1912 2737 tum
1936 2712 2066 2746 propter
2088 2705 2319 2736 diuturniorem
2342 2715 2487 2745 perman-

1426 2751 1560 2781 sionem.
1585 2750 1738 2781 lniustam
1759 2760 1833 2790 ergo
1857 2750 1958 2781 reddit
1970 2749 2185 2780 venditionem
2209 2749 2278 2779 talis
2299 2749 2412 2789 speciei
2437 2750 2487 2780 de-

1426 2794 1543 2830 fectus,
1559 2801 1617 2826 etc.
1649 2795 1690 2825 Et
1712 2794 1738 2824 si
1762 2795 1842 2825 bene
1869 2794 2062 2834 perspexeris
2091 2793 2148 2823 has
2170 2800 2309 2834 quatuor
2331 2793 2485 2829 rationes,

1426 2839 1546 2869 videbis
1570 2849 1622 2869 eas
1644 2838 1759 2869 habere
1781 2838 1892 2869 locum
1906 2838 1940 2868 in
1955 2838 2024 2868 aliis
2046 2847 2128 2878 quae
2151 2847 2208 2877 per
2222 2836 2403 2868 alchimiam
2422 2836 2487 2867 fieri

1426 2889 1570 2923 possunt,
1595 2882 1873 2923 proportionaliter
1895 2881 2101 2922 applicando:
2126 2881 2185 2911 nisi
2208 2880 2288 2911 forte
2304 2880 2392 2911 tertia
2407 2881 2486 2911 ratio

1426 2927 1499 2957 loco
1523 2927 1556 2957 in
1579 2926 1772 2967 quibusdam
1796 2932 1905 2962 careat,
1930 2932 2098 2966 propterea
2116 2925 2192 2966 quia
2206 2934 2254 2955 res
2270 2924 2323 2955 illa
2346 2934 2410 2954 non
2428 2924 2487 2954 nisi

1427 2970 1526 3001 semel
1555 2970 1704 3010 applicari
1735 2969 1891 3010 potuisset
1918 2970 1958 3000 ad
1981 2969 2199 3010 operationem
2226 2978 2263 2999 ex
2286 2975 2397 2999 natura
2419 2978 2485 2999 sua.

1427 3014 1580 3055 Reliquae
1603 3024 1742 3055 namque
1761 3023 1948 3045 communes
1964 3014 2004 3043 ad
2019 3013 2127 3044 omnia
2150 3012 2334 3043 huiusmodi
2351 3012 2486 3043 rationes

1426 3058 1591 3094 videntur,
1612 3066 1670 3089 etc.
1702 3058 1743 3089 Et
1769 3058 1841 3088 ideo
1865 3064 2027 3089 memento
2057 3057 2214 3098 applicare
2237 3067 2288 3087 eas
2316 3057 2354 3087 ad
2379 3066 2486 3087 occur-

1429 3102 1538 3133 tentia.

2474 1048 2619 1102 7⁸⁸DCa1924
2620 1054 2686 1096 vffip.

2516 1794 2525 1801 ⁸
2540 1792 2596 1820 Cap.
2611 1799 2658 1814 xvi.
