2860 4244
175 851 226 873 ·Cf.
242 858 279 879 qu.
293 857 368 873 Lxxxv

172 878 197 899 In
199 882 234 900 tro
236 878 258 899 d.

167 1808 219 1830 ’Vi
222 1808 250 1830 de
269 1808 322 1830 Guli
325 1808 377 1830 elm.

167 1834 299 1861 Altissiod„
313 1835 377 1856 Sum.

203 1867 222 1883 r.
251 1867 263 1882 a
335 1878 340 1888 ‚
372 1876 378 1883 .

182 1893 236 1909 xvm
240 1894 291 1915 qu.
298 1888 376 1914 13Alb

231 1914 292 1962 x‚xle
303 1904 377 1941 Sent„

277 1946 322 1968 vt,11
335 1944 376 1963 8.Ι·ῐ

263 2003 280 2019 α

165 2501 174 2510 ·
191 2500 259 2522 Vers.
275 2500 310 2522 62.

170 3022 179 3030 ⁸
194 3020 261 3042 Vers.
275 3026 295 3048 3.

416 248 492 293 234

1041 247 1307 293 QUAESTIO
1338 247 1585 294 LXXXVIII,
1614 249 1910 287 ARTICULUS
1941 252 1952 287 l

834 453 1255 548 ‘QUAESTIO
1295 470 2157 530 ocTOGESIMAocTAVA

1356 591 1439 631 DE
1473 591 1641 632 VOTO

1185 706 1219 730 IN

491 811 599 837 ElNDE
628 799 947 836 considerandum
974 807 1028 836 est
1057 799 1103 836 de
1132 808 1241 847 voto,
1270 813 1339 849 per
1366 801 1499 848 quod
1497 805 1499 839 l

411 812 632 901 Daliquid
660 854 744 889 Deo
774 852 1003 901 promittitur
1020 851 1051 890 ²¹⁸.
1498 849 1499 900 l

410 909 457 944 Et
486 907 582 943 circa
609 907 684 943 hoc
713 914 945 954 quaeruntur
973 906 1189 943 duodecim.
1497 930 1499 953 ,

462 960 613 996 Primo:
644 959 736 1007 quid
765 959 811 996 sit
837 966 985 996 votum.

462 1012 661 1049 Secundo:
692 1012 783 1061 quid
813 1012 921 1049 cadat
949 1013 1019 1049 sub
1046 1019 1152 1049 voto.

461 1065 612 1104 Tertio:
643 1065 690 1102 de
719 1065 947 1112 obligatione
974 1064 1067 1102 voti.

460 1119 627 1165 Quarto:
659 1118 705 1155 de
735 1118 890 1155 utilitate
918 1117 1100 1155 vovendi.

461 1172 625 1219 Quinto:
655 1171 761 1208 cuius
788 1171 934 1208 virtutis
964 1171 1009 1208 sit
1037 1178 1152 1207 actus.

462 1227 596 1262 Sexto:
626 1231 753 1261 utrum
783 1224 903 1272 magis
933 1223 1167 1260 meritorium
1197 1223 1243 1259 sit
1262 1223 1384 1259 facere
1405 1222 1468 1258 ali-

513 1278 605 1326 quid
634 1290 678 1314 ex
706 1285 798 1314 voto
828 1289 945 1325 quam
974 1276 1053 1312 sine
1081 1283 1187 1312 voto.

463 1331 655 1380 Septimo:
687 1331 733 1367 de
762 1329 998 1367 solemnitate
1026 1328 1117 1365 voti.

1249 705 1436 732 DUODECIM
1464 707 1666 733 ARTICULOS
1694 708 1810 734 DIVISA

1581 803 1751 839 Octavo:
1782 811 1909 840 utrum
1938 804 2084 852 possint
2110 797 2254 842 vovere
2275 806 2339 854 qui
2368 815 2455 843 sunt
2482 814 2588 855 pote-

1632 860 1716 897 stati
1744 860 1894 897 alterius
1923 861 2090 897 subiecti.

1578 918 1717 954 Nono:
1747 925 1873 954 utrum
1911 917 2018 966 pueri
2047 917 2193 966 possint
2228 927 2321 956 voto
2355 921 2511 969 obligari
2540 922 2587 959 ad

1633 975 1822 1023 religionis
1851 974 2073 1023 ingressum.

1578 1032 1760 1069 Decimo:
1800 1040 1927 1069 utrum
1968 1041 2104 1070 votum
2141 1033 2188 1070 sit
2232 1034 2485 1083 dispensabile
2525 1037 2588 1073 vel

1632 1090 1915 1127 commutabile.

1577 1147 1813 1184 Undecimo:
1843 1155 1970 1184 utrum
1999 1148 2036 1184 in
2072 1148 2233 1185 solemni
2266 1156 2359 1186 voto
2396 1149 2589 1187 continen-

1631 1207 1704 1243 tiae
1732 1207 1852 1255 possit
1881 1207 2102 1256 dispensari.
2475 1201 2479 1203 ⁵

1577 1266 1841 1303 Duodecimo:
1870 1275 1998 1310 utrum
2019 1267 2230 1316 requiratur
2249 1268 2287 1304 in
2307 1268 2588 1317 dispensatione

1630 1325 1711 1362 voti
1739 1325 1944 1374 superioris
1973 1326 2184 1363 auctoritas.

1223 1442 1540 1487 ARTICULUS
1570 1442 1775 1485 PRIMUS

810 1539 966 1570 UTRUM
989 1538 1147 1570 VOTUM
1171 1537 1412 1569 CONSISTAT
1437 1536 1479 1566 IN
1503 1535 1616 1567 som
1639 1534 1881 1566 PROPOSITO
1905 1535 2184 1567 VOLUNTAris

1167 1618 1201 1642 IV
1220 1617 1304 1646 Sent„
1325 1617 1384 1641 dist.
1403 1623 1504 1647 xxxvm,

556 1722 595 1766 25<
620 1711 642 1736 n
671 1710 808 1736 PRIMUM
835 1711 889 1736 Slc
917 1709 1156 1735 PRocanl'ruR.
1186 1697 1345 1734 Videtur
1364 1697 1471 1744 quod

435 1733 589 1819 ’.ξίφη
619 1759 756 1790 votum
785 1752 965 1789 consistat
993 1751 1031 1788 in
1060 1752 1141 1788 solo
1175 1750 1372 1799 proposito
1401 1761 1470 1787 vo-

426 1806 474 1855 ’,ς
486 1822 546 1852 *⁷4
557 1791 780 1846 ’(Ιιπιῐᾶῐὶε.
826 1805 925 1852 Quia
967 1804 1177 1841 secundum
1216 1803 1405 1863 quosdam
1429 1802 1468 1849 ³¹⁶,

428 1852 441 1864 ’”
467 1853 561 1895 ''⁴⁴31ss
577 1852 755 1896 &votum
777 1866 832 1895 est
850 1858 1038 1906 conceptio
1066 1858 1155 1894 boni
1175 1856 1370 1917 propositi,
1390 1856 1470 1892 ani-

406 1913 461 1949 mi
483 1917 500 1932 α
528 1911 791 1949 deliberatione
815 1913 995 1959 firmata,
1024 1922 1099 1959 qua
1127 1910 1209 1959 quis
1244 1910 1296 1946 ad
1329 1909 1473 1958 aliquid

403 1965 618 2009 faciendum
661 1965 721 2002 vel
757 1976 831 2001 non
857 1964 1083 2024 faciendum
1117 1976 1157 2000 se
1192 1963 1274 2000 Deo
1315 1962 1468 2012 obligat.

406 2019 483 2056 Sed
503 2018 701 2066 conceptio
722 2017 813 2054 boni
832 2017 1027 2066 propositi,
1049 2029 1137 2054 curn
1164 2016 1342 2053 omnibus
1370 2027 1469 2063 quae

405 2071 611 2118 adduntur,
641 2078 766 2120 potest
792 2071 831 2107 in
859 2072 940 2108 solo
969 2078 1077 2107 motu
1114 2069 1318 2107 voluntatis
1348 2068 1470 2105 consi-

405 2132 512 2161 stere.
544 2125 645 2173 Ergo
674 2131 809 2161 votum
849 2124 886 2161 in
916 2124 997 2160 solo
1031 2123 1229 2173 proposito
1264 2121 1469 2159 voluntatis

405 2177 582 2215 consistit.

459 2243 493 2267 2.
524 2230 757 2277 PRAETEREA,
778 2230 903 2278 ipsum
927 2242 1070 2267 nomen
1094 2229 1172 2266 voti
1188 2229 1339 2266 videtur
1363 2241 1385 2265 a
1403 2240 1468 2265 110-

405 2284 544 2320 luntate
572 2291 830 2332 assumptum:
861 2283 994 2321 dicitur
1020 2283 1123 2320 enim
1152 2282 1286 2331 aliquis
1313 2281 1469 2331 proprio

405 2344 497 2373 voto
527 2337 650 2373 facere
678 2349 777 2385 quae
814 2336 1026 2373 voluntarie
1056 2336 1153 2373 facit.
1192 2335 1268 2373 Sed
1296 2334 1471 2384 proposi-

405 2398 486 2426 tum
516 2397 571 2426 est
591 2397 694 2426 actus
722 2389 946 2426 voluntatis:
976 2389 1180 2438 promissio
1201 2396 1328 2426 autern
1359 2388 1470 2424 ratio-

406 2443 474 2480 nis.
503 2443 605 2490 Ergo
626 2450 760 2479 votum
781 2443 820 2479 in
848 2443 930 2479 solo
952 2450 1038 2479 actu
1065 2442 1270 2479 voluntatis
1290 2441 1469 2478 consistit.

488 2496 522 2532 3.
542 2496 775 2542 PRAETEREA,
797 2495 988 2532 Dominus
1009 2495 1109 2542 dicit,
1127 2496 1219 2532 Luc.
1236 2507 1271 2531 1x
1285 2494 1322 2531 *ε
1343 2495 1469 2532 Nemo

406 2549 551 2586 mittens
579 2561 735 2585 manum
763 2549 814 2585 ad
846 2554 1018 2585 aratrum
1047 2554 1080 2584 et
1121 2548 1302 2596 aspiciens
1328 2546 1342 2576 β
1370 2553 1470 2583 retro

406 2608 514 2651 aptus
533 2607 587 2638 est
603 2614 723 2652 regno
745 2602 826 2638 Dei.
853 2602 929 2638 Sed
950 2601 1083 2650 aliquis
1104 2613 1149 2637 ex
1168 2602 1243 2637 hoc
1263 2601 1345 2650 ipso
1366 2600 1470 2649 quod

406 2656 521 2692 habet
556 2655 795 2704 propositum
832 2655 931 2692 bene
967 2653 1127 2692 faciendi
1163 2653 1275 2691 mittit
1311 2665 1470 2690 manum

407 2709 456 2750 ad
485 2715 662 2745 aratrum.
702 2709 817 2756 Ergo,
848 2708 878 2744 si
906 2708 1062 2757 aspiciat
1089 2714 1204 2754 retro,
1236 2706 1419 2744 desistens
1449 2719 1470 2743 a

407 2762 511 2798 bono
549 2761 767 2810 propositO,
797 2773 875 2798 non
915 2769 969 2798 est
997 2769 1106 2809 aptus
1141 2772 1256 2808 regno
1286 2760 1369 2796 Dei.
1413 2760 1471 2796 Ex

407 2815 489 2851 solo
510 2814 618 2862 igitur
647 2815 751 2851 bono
778 2814 976 2863 proposito
998 2813 1130 2862 aliquis
1159 2813 1345 2861 obligatur
1369 2813 1471 2862 apud

406 2869 545 2914 Deum,
569 2869 682 2904 etiam
711 2868 813 2904 nulla
840 2867 1095 2916 promissione
1121 2867 1228 2903 facta.
1258 2867 1307 2903 Et
1339 2866 1389 2903 ita
1416 2866 1471 2902 vi-

408 2921 517 2958 detur
544 2922 648 2969 quod
686 2921 723 2957 in
752 2921 834 2957 solo
869 2920 1066 2969 proposito
1094 2919 1299 2957 voluntatis
1335 2926 1470 2956 votum

409 2974 596 3010 consistat.

462 3027 536 3063 SED
575 3037 721 3063 CONTRA
757 3037 822 3063 1-:s·r
861 3026 966 3074 quod
1006 3026 1139 3063 dicitur
1172 3026 1295 3063 Eccle.
1315 3038 1339 3062 v
1357 3025 1397 3062 *z
1432 3026 1474 3062 Si

408 3079 498 3128 quid
532 3079 665 3116 vovisti
691 3079 794 3124 Deo,
829 3091 875 3115 ne
907 3079 1066 3116 moreris
1100 3078 1272 3116 reddere:
1309 3079 1475 3127 displicet

408 3133 507 3169 enim
527 3132 562 3168 ei
588 3131 744 3179 infidelis
764 3137 800 3167 et
823 3132 933 3168 stulta
956 3133 1170 3179 promissio.
1201 3133 1301 3179 Ergo
1325 3144 1470 3169 vovere

410 3193 465 3222 est
491 3184 723 3233 promittere,
746 3191 782 3220 et
808 3192 942 3221 votum
973 3192 1028 3220 est
1054 3184 1269 3232 promissio.

464 3239 688 3275 RESPONDEO
726 3248 910 3274 DffiENDUM
957 3237 1061 3286 quod
1097 3244 1232 3274 votum
1276 3237 1470 3284 quandam

410 3291 680 3339 obligationem
710 3290 888 3339 importat
915 3290 964 3326 ad
993 3289 1134 3337 aliquid
1166 3289 1379 3326 faciendum
1409 3290 1471 3326 vel

411 3344 688 3381 dimittendum.
720 3343 872 3391 Obligat
891 3350 1019 3380 autem
1038 3343 1159 3379 homo
1188 3355 1228 3379 se
1256 3342 1402 3379 homini
1421 3342 1470 3379 ad

1523 1623 1567 1648 qu.
1586 1622 1604 1645 1,
1624 1619 1670 1640 art.
1694 1623 1715 1644 ι,
1735 1614 1784 1647 qu*
1808 1622 1828 1639 t.

1525 1695 1665 1743 aliquid
1693 1707 1762 1744 per
1789 1695 1951 1732 modurn
1979 1694 2256 1744 promissionis,
2287 1708 2385 1745 quae
2404 1701 2420 1724 Υ
2448 1705 2505 1734 est
2531 1709 2590 1735 ra-

1525 1748 1637 1786 tionis
1674 1756 1799 1795 actus,
1830 1748 1880 1785 ad
1913 1760 2030 1797 quam
2067 1748 2228 1797 pertin-et
2264 1749 2460 1787 ordinare:
2495 1750 2590 1788 sicut

1525 1801 1627 1838 enim
1655 1801 1776 1838 homo
1811 1801 2036 1850 imperando
2064 1802 2127 1838 vel
2161 1801 2406 1850 deprecando
2440 1803 2590 1840 ordinat

1480 1854 1816 1903 q-uodammodo
1846 1854 1938 1902 quid
1966 1854 2035 1890 sibi
2065 1855 2112 1890 ab
2141 1854 2221 1891 aliis
2249 1855 2327 1903 fiat,
2357 1856 2407 1892 ita
2433 1856 2590 1906 promit-

1524 1908 1640 1945 tendo
1670 1907 1819 1944 ordinat
1847 1907 1940 1955 quid
1968 1907 2049 1956 ipse
2078 1919 2147 1955 pro
2177 1907 2250 1944 alio
2286 1909 2411 1945 facere
2439 1909 2588 1947 debeat.

1525 1961 1602 1998 Sed
1629 1960 1832 2010 promissio
1862 1973 1962 2009 quae
1991 1961 2040 1997 ab
2067 1960 2223 1998 homine
2251 1960 2294 1998 fit
2321 1961 2481 2009 homini,
2511 1974 2591 2000 non

1523 2021 1648 2063 potest
1676 2014 1759 2051 fieri
1786 2014 1856 2051 nisi
1889 2026 1958 2062 per
1988 2014 2109 2051 verba
2136 2014 2199 2050 vel
2227 2025 2495 2064 quaecumque
2529 2027 2592 2054 ex-

1523 2068 1662 2104 teriora
1690 2067 1807 2115 signa.
1844 2068 1928 2104 Deo
1958 2073 2086 2103 autem
2118 2074 2244 2115 potest
2270 2067 2352 2104 fieri
2385 2068 2588 2116 promissio

1523 2133 1593 2170 per
1620 2121 1741 2158 solam
1770 2120 1990 2157 interiorem
2024 2119 2314 2168 cogitationem:
2345 2120 2435 2169 quia
2465 2129 2508 2158 ut
2535 2121 2590 2158 di-

1525 2174 1619 2211 citur
1649 2175 1661 2210 1
1683 2175 1781 2224 Reg.
1801 2173 1917 2221 xv1*,
1947 2173 2116 2210 homines
2142 2173 2270 2210 vident
2285 2171 2299 2195 δ
2327 2185 2372 2211 ea
2400 2186 2497 2223 quae
2518 2185 2590 2224 pa·
2617 2184 2628 2195 ⁴

1524 2233 1617 2274 rent,
1637 2227 1703 2264 sed
1728 2228 1832 2264 Deus
1861 2227 2024 2276 intuetur
2051 2239 2128 2263 cor.
2159 2227 2434 2276 Exprimuntur
2459 2235 2591 2267 tamen

1524 2280 1758 2330 quandoque
1785 2281 1905 2317 verba
1934 2281 2118 2317 exteriora
2145 2281 2207 2317 vel
2235 2281 2285 2318 ad
2309 2281 2367 2318 sui
2393 2281 2509 2330 ipsius
2529 2293 2592 2319 ex·

1525 2334 1762 2380 citationem,
1792 2333 1887 2370 sicut
1920 2333 2018 2370 circa
2056 2333 2268 2370 orationem
2303 2334 2447 2371 dictum
2475 2334 2589 2371 est':

1522 2388 1586 2424 vel
1605 2393 1617 2408 ι
1647 2387 1694 2424 ad
1725 2387 1817 2423 alios
1847 2387 2151 2433 contestandum,
2171 2394 2214 2423 ut
2239 2399 2318 2424 non
2338 2388 2463 2424 solum
2493 2386 2589 2424 desi-

1525 2448 1596 2477 stat
1624 2452 1646 2476 a
1674 2439 1855 2483 fractione
1891 2439 1972 2476 voti
2003 2448 2160 2488 propter
2190 2439 2369 2477 timorem
2398 2440 2491 2487 Dei,
2522 2441 2590 2478 sed

1526 2493 1638 2530 etiam
1667 2500 1823 2542 propter
1851 2492 2104 2530 reverentiam
2133 2492 2346 2530 hominum.
2381 2493 2588 2530 Promissio

1524 2555 1654 2583 autem
1682 2546 1854 2594 procedit
1889 2558 1933 2582 ex
1970 2545 2168 2594 proposito
2197 2546 2368 2583 faciendi.
2412 2546 2589 2595 Proposi—

1525 2607 1606 2636 tum
1645 2607 1772 2636 autem
1812 2598 1977 2647 aliquam
2016 2599 2328 2636 deliberationem
2365 2599 2588 2648 praeexigit:

1526 2665 1613 2689 cum
1638 2652 1684 2689 sit
1702 2660 1807 2689 actus
1835 2652 2038 2689 voluntatis
2059 2651 2299 2689 deliberatae.
2330 2652 2393 2689 Sic
2412 2652 2522 2701 igitur
2541 2652 2590 2690 ad

1524 2714 1660 2743 votum
1680 2705 1748 2742 tria
1769 2717 1813 2742 ex
1833 2705 2054 2742 necessitate
2075 2705 2337 2753 requiruntur:
2364 2706 2489 2754 primo
2509 2705 2590 2755 qui-

1526 2759 1627 2805 dem,
1650 2758 1886 2804 deliberati03
1908 2759 2090 2806 secundo,
2106 2759 2345 2807 propositum
2363 2759 2588 2805 voluntatis;

1525 2812 1645 2858 tertio,
1666 2812 1881 2860 promissio,
1901 2811 1939 2848 in
1959 2824 2034 2860 qua
2061 2811 2253 2860 perficitur
2277 2812 2371 2849 ratio
2399 2812 2489 2850 voti.
2520 2812 2590 2849 Su-

1525 2865 1785 2914 peradduntur
1798 2877 1893 2902 vero
1910 2865 2142 2914 quandoque
2158 2873 2195 2901 et
2213 2865 2285 2902 alia
2301 2865 2390 2911 duo,
2407 2866 2455 2902 ad
2471 2877 2588 2924 quan·

1527 2918 1617 2956 dam
1651 2918 1731 2954 voti
1770 2918 2121 2955 confirmationem:
2159 2917 2296 2956 scilicet
2332 2917 2588 2968 pronuntiatio

1526 2970 1614 3018 oris,
1635 2971 1847 3008 secundum
1870 2971 1960 3008 illud
1989 2972 2129 3009 Psalm.
2150 2971 2190 3008 *ε
2219 2972 2392 3009 Reddam
2421 2972 2487 3009 tibi
2502 2976 2589 3008 vota

1525 3035 1623 3070 mea,
1644 3035 1741 3072 quae
1767 3024 2018 3061 distinxerunt
2044 3024 2144 3062 labia
2172 3037 2280 3070 mea;
2310 3032 2346 3061 et
2372 3025 2509 3062 iterum
2537 3032 2590 3062 te-

1525 3077 1747 3114 stimonium
1776 3077 1951 3114 aliorum.
1981 3077 2092 3115 Unde
2122 3078 2301 3126 Magister
2330 3077 2428 3125 dicit,
2457 3089 2589 3115 xxxvm

1526 3130 1608 3168 dist.
1632 3131 1652 3151 *⁵
1681 3131 1732 3167 IV
1759 3130 1821 3167 lib.
1851 3131 1972 3176 Sent.,
2002 3130 2107 3179 quod
2134 3138 2269 3168 votum
2299 3139 2355 3168 est
2386 3130 2660 3179 testificatioffn

1525 3184 1711 3231 quaedam
1724 3183 1986 3231 promissionis
2006 3189 2245 3231 spontaneae,
2266 3195 2363 3232 quae
2382 3185 2464 3222 Deo
2491 3189 2528 3221 et
2543 3183 2590 3220 de

1525 3236 1581 3272 his
1609 3248 1705 3284 quae
1732 3241 1819 3273 sunt
1844 3236 1919 3272 Dei
1933 3237 2029 3283 fieri
2054 3237 2180 3273 dehet:
2208 3237 2385 3285 quamvis
2412 3235 2588 3274 testifica—

1525 3288 1576 3325 tio
1613 3289 1732 3337 possit
1767 3289 1815 3325 ad
1844 3288 2060 3326 interiorem
2097 3290 2400 3328 testificationem
2434 3289 2587 3339 proprie

1524 3341 1662 3378 referri.

464 3487 491 3520 α)
510 3487 632 3512 animi.-
650 3495 708 3512 cum
729 3487 870 3518 BDEGKx,
889 3494 949 3512 cum
968 3487 1053 3512 animi
1072 3487 1118 3512 Pa.

465 3521 490 3555 β)
509 3522 647 3554 aspiciens.
660 3536 678 3541 -
698 3523 839 3554 respiciens
853 3523 939 3554 ADK;
959 3526 986 3547 et
1004 3522 1134 3555 aspiciens
1148 3525 1221 3547 retro
1241 3530 1296 3548 om.
1309 3527 1336 3547 et
1348 3527 1407 3554 post
1423 3522 1474 3546 Dei

412 3558 480 3582 addit
498 3565 562 3590 ergo
581 3558 604 3583 si
622 3558 735 3590 aspiciat
754 3561 826 3582 retro
845 3561 924 3590 aptus
945 3565 996 3582 non
1016 3561 1056 3583 est
1075 3565 1158 3591 regno
1178 3557 1230 3582 Dei
1249 3565 1277 3582 x.
1499 3543 1501 3589 i

1580 3486 1606 3519 γ)
1626 3493 1702 3519 quae.
1716 3500 1734 3505 —
1754 3487 1799 3519 qui
1817 3487 1844 3511 Ρ.
1865 3487 1962 3512 Eadem
1982 3495 2029 3520 pro
2047 3494 2135 3520 quam,
2154 3494 2238 3520 quem.

1580 3521 1605 3554 ὃ)
1625 3522 1743 3547 homines
1757 3522 1857 3548 vident.
1866 3536 1884 3541 —
1896 3522 1974 3547 homo
1985 3523 2058 3548 videt
2065 3524 2119 3554 Ακ;
2133 3530 2180 3555 pro
2189 3522 2237 3548 sed
2247 3522 2327 3550 Deus,
2342 3522 2416 3547 Deus
2427 3525 2516 3547 autem
2532 3522 2588 3547 AG.

1581 3557 1602 3589 ε)
1623 3558 1671 3582 vel.
1685 3571 1704 3576 -
1721 3557 1802 3582 etiam
1822 3558 1919 3582 addunt
1937 3558 1989 3583 ΡΙ).

2410 3643 2428 3654 κ

2615 2975 2671 2997 ·Ps.
2689 2981 2734 2997 ινι

2617 3007 2693 3030 ¹3¹4·

2769 2981 2827 2997 vers·

2616 3157 2672 3186 Hug
2669 3131 2822 3181 211οὲ
2767 3158 2827 3181 vm.

2616 3164 2774 3207 DeugSacran.
2787 3185 2828 3207 lib.

2615 3210 2646 3238 11,
2657 3217 2680 3239 p.
2690 3216 2731 3238 m,
2746 3217 2797 3240 etp.
2806 3217 2826 3240 3.
