2860 4244
49 542 58 551 ⁴
71 540 136 561 νει-ε.
155 539 176 561 8.

49 746 59 757 “
73 746 101 767 Ι).
116 751 169 773 ¹¹27·

48 1590 178 1618 vnvm,
184 1596 258 1619 upa.

49 1752 166 1775 'fluerem
180 1757 197 1774 ι.

49 1805 61 1818 “
66 1804 182 1834 Qun-urm,
187 1809 259 1832 nrt-4·

51 2010 260 2039 ‘OEug-r,fin.

1007 292 1273 338 QUAESTlo
1303 292 1351 338 C,
1380 290 1675 329 ARTICULUS
1706 292 1719 326 l

284 372 520 409 nisteriorum
553 372 636 408 Dei.
665 392 690 399 -
719 370 869 430 Tertio,
907 370 996 417 quia
1023 369 1191 406 venditio
1229 382 1338 418 repu-

284 432 373 473 gnat
409 424 657 473 spiritualium
687 423 835 471 origini,
866 434 963 472 quae
1002 434 1046 458 ex
1083 422 1240 469 gratuita
1268 422 1340 459 Dei

283 478 476 520 voluntate
511 477 751 526 proveniunt.
788 475 905 515 Unde
937 482 972 512 et
1008 475 1198 511 Dominus
1238 475 1339 522 dicit,

285 531 419 568 Matth.
448 543 471 567 x
498 530 533 567 *ε
567 530 693 566 Gratis
719 529 925 576 accepistis:
952 528 1072 577 gratis
1099 528 1194 565 date.

286 637 529 685 spiritualem,
558 634 841 671 irreverentiam
871 633 1021 670 exhibet
1052 634 1136 669 Deo
1167 641 1202 670 et
1230 634 1342 670 rebus
1369 629 1370 646 ³

287 689 434 726 divinis.
473 689 632 736 Propter
660 687 784 736 quod,
813 693 945 734 peccat
972 693 1129 734 peccato
1167 686 1342 734 irreligio-

287 742 401 779 sitatis
429 741 459 777 ⁹².

339 797 398 831 AD
425 805 562 830 patmum
595 803 693 828 ERGO
722 803 905 828 DICENDUM
944 791 1048 839 quod
1086 791 1181 828 sicut
1213 790 1342 838 religio

287 846 454 883 consistit
477 845 515 881 in
535 845 701 894 quadam
726 844 815 881 fidei
843 845 1124 892 protestatione,
1146 856 1262 892 quarn
1291 851 1343 880 ta-

287 911 376 936 men
404 898 595 935 interdum
633 897 767 945 aliquis
805 909 883 934 non
911 898 1027 934 habet
1060 897 1098 934 in
1128 897 1263 941 corde;
1293 897 1343 934 ita

287 952 399 988 etiam
428 951 526 988 vitia
557 950 733 1000 opposita
766 950 935 998 religioni
971 950 1113 987 habent
1149 950 1342 998 quandam

285 1004 596 1053 protestationem
625 1003 865 1051 infidelitatis,
893 1002 978 1039 licet
1006 1002 1237 1051 quandoque
1266 1015 1344 1039 non

287 1057 332 1094 sit
359 1056 559 1094 infidelitas
586 1057 623 1093 in
652 1064 791 1093 mente.
822 1056 1041 1092 Secundum
1070 1055 1145 1091 hoc
1173 1067 1275 1102 ergo,
1297 1055 1343 1091 si-

287 1110 418 1147 monia
436 1109 603 1147 haeresis
623 1109 756 1146 dicitur
781 1107 993 1145 secundum
1015 1107 1237 1144 exteriorem
1258 1120 1345 1156 pro-

285 1163 544 1200 testationem:
583 1162 671 1210 quia
707 1161 745 1197 in
781 1162 856 1197 hoc
895 1161 1000 1208 quod
1043 1159 1176 1208 aliquis
1213 1161 1345 1197 vendit

287 1217 433 1253 donum
464 1215 622 1264 Spiritus
651 1213 795 1260 Sancti,
826 1213 1115 1262 quodammodo
1150 1225 1189 1249 se
1217 1221 1342 1262 prote-
1371 1210 1372 1231 ³

1156 1267 1261 1314 quod
1291 1275 1345 1304 est
1371 1269 1372 1279 ¹

286 1276 403 1306 statur
430 1280 514 1305 esse
543 1267 741 1307 dominum
771 1266 970 1315 spiritualis
1006 1266 1116 1311 doni3

284 1320 528 1359 haereticum.

340 1374 547 1411 Sciendum
575 1381 704 1410 tamen
733 1373 838 1420 quod
868 1372 1000 1409 Simon
1028 1372 1176 1419 Magus,
1197 1380 1346 1432 praeter
1371 1369 1373 1380 '

285 1427 359 1464 hoc
387 1426 494 1475 quod
527 1426 577 1462 ab
603 1425 789 1474 Apostolis
826 1425 983 1473 Spiritus
1015 1425 1144 1461 Sancti
1177 1425 1344 1474 gratiam

280 1480 442 1529 pecunia
479 1491 604 1516 emere
639 1479 775 1524 voluit,
806 1478 895 1515 dixit
931 1478 1035 1526 quod
1064 1477 1231 1514 mundus
1267 1490 1346 1515 non

287 1541 366 1570 erat
393 1545 415 1569 a
443 1533 528 1569 Deo
558 1539 723 1579 creatus,
748 1531 816 1568 sed
843 1543 867 1567 a
891 1531 1054 1578 quadam
1082 1541 1245 1578 superna
1271 1531 1347 1567 vir-

286 1592 380 1623 tute:
406 1593 449 1622 ut
477 1585 564 1622 dicit
592 1584 769 1631 Isidorus,
798 1584 837 1620 in
864 1583 959 1620 libro
979 1583 1145 1631 Etymol.
1166 1583 1186 1604 ²³⁶
1214 1584 1262 1620 Et
1290 1596 1346 1620 se-

288 1639 458 1676 cundum
478 1644 496 1665 η
524 1639 618 1684 hoc,
647 1638 743 1674 inter
770 1637 864 1673 alios
895 1636 1105 1673 haereticos
1139 1635 1347 1673 Simoniaci

288 1699 577 1740 computantur:
603 1698 645 1727 ut
662 1698 766 1739 patet
787 1689 826 1726 in
845 1689 939 1725 libro
959 1688 1159 1737 Augustini
1178 1689 1224 1725 de
1241 1691 1347 1726 Hae-

287 1745 430 1782 resibus
456 1743 487 1780 ²⁸.

339 1799 398 1834 An
423 1807 631 1855 sectJNDle.
641 1807 826 1832 monimum
846 1795 964 1843 quod,
994 1794 1089 1831 sicut
1109 1807 1231 1854 ’supra
1249 1795 1269 1816 ’¹‘
1293 1795 1346 1832 di-

287 1858 391 1887 ctum
421 1857 493 1897 est,
523 1848 658 1886 iust1tia
687 1857 723 1885 et
751 1861 888 1885 omnes
925 1855 1049 1907 partes
1084 1847 1185 1895 eius,
1216 1855 1253 1884 et
1279 1860 1348 1896 per

288 1879 528 1950 consequens
557 1901 687 1939 omnia
714 1901 804 1938 vitia
834 1900 1020 1950 opposita,
1050 1908 1137 1937 sunt
1155 1900 1192 1937 in
1212 1902 1347 1937 volun-

286 1963 362 1993 tate
382 1955 477 1992 sicut
496 1955 534 1991 in
554 1954 735 1991 subiecto.
766 1955 815 1991 Et
834 1954 921 1991 ideo
942 1954 1212 1990 convenienter
1231 1954 1345 1990 simo·
1374 1950 1375 1967 ³

287 2009 350 2046 nia
377 2021 446 2057 per
473 2008 710 2045 voluntatem
740 2007 918 2044 definitur
935 2006 966 2043 ³¹⁶.
987 2029 1011 2035 -
1031 2007 1193 2043 Additur
1218 2015 1346 2043 autem

286 2062 462 2107 studiosa,
483 2061 531 2098 ad
560 2060 833 2108 designandum
864 2060 1100 2106 electionem,
1127 2072 1226 2108 quae
1248 2060 1348 2108 prin-

289 2114 455 2163 cipaliter
495 2113 656 2162 pertinet
692 2113 740 2150 ad
778 2113 956 2150 virtutem
994 2121 1030 2150 et
1066 2113 1213 2150 vitium.
1257 2114 1347 2150 Non

288 2175 417 2204 autem
447 2167 572 2203 omnis
592 2166 656 2215 qui
675 2174 809 2215 peccat
837 2166 1020 2203 electione
1039 2174 1172 2214 peccat
1190 2174 1347 2214 peccato
1374 2184 1376 2195 ›

288 2220 326 2257 in
357 2219 535 2269 Spiritum
566 2220 766 2256 Sanctum:
797 2220 863 2256 sed
893 2220 1017 2256 solum
1046 2218 1111 2267 qui
1147 2227 1346 2268 peccatum

290 2273 388 2321 eligit
415 2285 484 2322 per
512 2280 772 2321 contemptum
802 2285 937 2309 eorum
966 2284 1064 2320 quae
1082 2271 1260 2309 homines
1289 2285 1348 2309 so-

254 2377 260 2384 .
289 2327 366 2363 lent
385 2326 573 2363 retrahere
589 2323 602 2347 θ
618 2338 641 2362 a
658 2327 869 2374 peccando,
888 2333 931 2362 ut
949 2337 1063 2374 supra
1077 2324 1097 2346 ²¹⁶
1116 2325 1259 2362 dictum
1280 2333 1346 2362 est.

341 2381 400 2416 An
422 2390 583 2416 TERTfflM
610 2390 794 2415 DICENDUM
823 2379 928 2426 quod
962 2390 1121 2426 regnum
1151 2378 1346 2415 caelorum

289 2431 423 2469 dicitur
460 2431 554 2478 emi,
585 2431 677 2468 dum
706 2431 791 2479 quis
820 2433 884 2469 dat
910 2431 1014 2480 quod
1047 2431 1162 2468 habet
1194 2439 1350 2479 propter

287 2485 432 2531 Deum,
462 2485 563 2532 large
592 2492 746 2532 sumpto
776 2484 930 2521 nomine
961 2484 1184 2532 emptionis,
1215 2496 1348 2520 secun-

288 2537 381 2575 dum
402 2537 507 2585 quod
526 2537 707 2586 accipitur
726 2549 796 2585 pro
816 2537 962 2574 merito.
985 2537 1102 2584 Quod
1121 2544 1250 2573 tamen
1270 2549 1348 2573 non

286 2591 461 2640 pertingit
479 2591 528 2627 ad
548 2590 753 2638 perfectam
785 2591 970 2637 rationem
1000 2589 1212 2638 emptionis.
1243 2590 1347 2626 Tum

288 2643 378 2691 quia
406 2655 480 2680 non
507 2649 595 2680 sunt
620 2643 831 2692 condignae
851 2643 1046 2691 passiones
1073 2643 1182 2679 huius
1209 2648 1347 2690 tempo-

288 2697 351 2742 ris,
381 2708 452 2733 nec
479 2696 605 2743 aliqua
633 2703 762 2733 nostra
790 2697 891 2733 dona
917 2697 980 2733 vel
1009 2708 1143 2744 opera,
1173 2696 1225 2732 ad
1236 2697 1348 2744 sutu-

342 2811 369 2842 η)
388 2809 541 2835 secundum.
552 2822 573 2829 -
590 2809 629 2834 sic
645 2809 790 2834 secundum
810 2809 856 2834 Pa.

342 2843 366 2878 θ)
386 2851 479 2877 quae...
498 2844 643 2869 retrahere.
654 2857 674 2863 -
691 2851 758 2877 quae
776 2844 894 2869 homines
906 2844 992 2869 solent
1010 2844 1115 2869 retrahi
1132 2844 1245 2875 BEFpC,
1258 2851 1351 2869 secun-

289 2881 352 2906 dum
371 2887 439 2912 quae
457 2880 522 2912 (per
543 2886 612 2912 quae
636 2879 717 2904 PDsC
736 2884 762 2904 et
779 2887 810 2909 a,
829 2879 923 2911 quibus
942 2879 969 2911 l)
995 2879 1114 2904 homines
1138 2879 1224 2904 solent
1247 2879 1351 2903 retrahi

289 2915 404 2941 PDGlsC
421 2920 446 2940 et
463 2922 489 2944 a,
504 2921 572 2947 quae
590 2914 707 2940 homines
720 2914 863 2939 retrahunt
881 2914 938 2946 HK,
952 2921 1020 2946 quae
1034 2914 1152 2939 homines
1171 2914 1200 2946 (a
1214 2913 1351 2945 peccando

289 2951 442 2982 retrahunt)
462 2951 492 2974 A.

2374 288 2447 324 353

1366 369 1367 402 ἓ
1393 381 1477 406 ram
1496 369 1661 418 gloriam
1681 379 1778 416 quae
1805 367 2030 404 revelabitur
2057 367 2093 403 in
2124 366 2239 411 nohis,
2260 373 2301 402 ut
2320 365 2451 402 dicitur

1366 422 1504 471 }Rom.
1534 434 1594 458 V111
1622 421 1652 458 ²⁸.
1691 422 1796 458 Tum
1835 421 1921 469 quia
1957 419 2134 456 meritum
2172 431 2250 455 non
2285 418 2452 455 consistit

1367 475 1369 522 ξ
1394 474 1646 523 principaliter
1672 474 1711 510 in
1748 473 1920 510 exteriori
1950 473 2053 509 dono
2081 472 2143 509 vel
2172 479 2257 508 actu
2280 472 2343 508 vel
2367 483 2452 519 pas-

1368 554 1369 570 2
1396 527 1513 573 sione,
1536 527 1603 563 sed
1632 528 1669 563 in
1698 526 1864 563 interiori
1892 525 2042 562 affectu.

340 584 388 620 Et
415 583 502 620 ideo
541 582 694 630 aliquis,
730 581 933 618 vendendo
961 581 1023 616 vel
1060 581 1225 617 emendo
1260 593 1370 624 rem{

1448 582 1507 616 AD
1537 591 1709 621 QUARTUM
1738 591 1921 616 DICENDUM
1949 578 2054 628 quod
2084 578 2219 615 Simon
2248 578 2384 624 Magus
2403 576 2452 613 ad

1396 633 1470 669 hoc
1500 644 1626 668 emere
1654 632 1775 668 voluit
1799 631 2028 680 spiritualem
2057 638 2283 680 potestatem
2302 638 2344 666 ut
2368 641 2451 666 eam

1396 693 1529 733 postea
1557 685 1759 721 venderet:
1796 684 1930 720 dicitur
1958 684 2058 720 enim
2089 685 2115 731 1,
2145 696 2206 732 qu.
2238 695 2273 719 111
2292 682 2323 729 ²⁸,
2349 683 2452 731 quod

1370 743 1371 758 l
1397 737 1525 774 Simon
1546 738 1692 786 Magus
1715 738 1853 773 donum
1875 738 2031 785 Spiritus
2047 737 2175 773 Sancti
2196 748 2320 772 emere
2337 735 2455 772 voluit

1398 795 1438 826 ut
1464 802 1513 826 ex
1539 790 1748 826 venditione
1770 790 1967 839 signorum
1996 802 2092 838 quae
2105 801 2176 838 per
2195 801 2280 825 eum
2298 790 2450 837 fierent,

1398 842 1679 890 multiplicatam
1702 843 1903 890 pecuniam
1923 843 2146 879 lucraretur.
2175 843 2224 878 Et
2247 841 2300 878 sic
2319 841 2369 877 illi
2389 841 2453 889 qui

1398 895 1601 943 spiritualia
1629 895 1811 941 vendunt,
1842 896 2126 932 conformantur
2156 894 2302 931 Simoni
2338 895 2453 941 Mago

1398 948 1436 984 in
1464 948 1687 984 intentione:
1717 947 1756 984 in
1776 955 1860 984 actu
1880 960 1985 995 vero,
2007 948 2056 984 illi
2076 948 2140 995 qui
2160 959 2288 984 emere
2306 947 2452 984 volunt.

1399 1000 1453 1037 Illi
1481 1007 1608 1037 autem
1639 1000 1702 1047 qui
1729 1001 1912 1047 vendunt,
1942 1001 1980 1037 in
2008 1009 2093 1037 actu
2120 1000 2312 1037 imitantur
2335 999 2453 1046 Giezi,

1399 1053 1626 1102 discipulum
1655 1052 1803 1098 Elisaei,
1834 1054 1879 1089 de
1909 1065 1985 1100 quo
2015 1053 2147 1100 legitur
2167 1053 2218 1089 IV
2245 1054 2342 1102 Reg.
2371 1065 2394 1088 v
2421 1052 2453 1099 ³¹⁶,

1399 1106 1503 1154 quod
1524 1106 1668 1154 accepit
1687 1105 1891 1153 pecuniam
1907 1118 1928 1141 a
1948 1107 2098 1153 leproso
2119 1105 2314 1142 mundato.
2344 1106 2454 1142 Unde

1397 1159 1615 1197 venditores
1644 1158 1890 1206 spiritualium
1928 1166 2087 1206 possunt
2125 1158 2196 1194 dici
2225 1170 2302 1194 non
2331 1159 2455 1194 solum

1398 1212 1614 1257 Simoniaci,
1644 1211 1712 1248 sed
1741 1211 1854 1248 etiam
1888 1211 2050 1260 Giezitae
2067 1210 2097 1247 ²¹⁶.

1451 1267 1509 1302 Αι)
1530 1276 1692 1307 QUtNTuM
1720 1276 1904 1301 DICENDUM
1932 1263 2038 1313 quod
2066 1263 2222 1301 nomine
2254 1263 2454 1310 emptionis

1400 1326 1436 1355 et
1466 1317 1695 1355 venditionis
1728 1317 1939 1365 intelligitur
1970 1317 2094 1353 omnis
2131 1323 2343 1352 contractus
2379 1328 2458 1352 non

1399 1371 1589 1419 gratuitus.
1628 1370 1740 1407 Unde
1779 1382 1850 1406 nec
1886 1369 2114 1418 permutatio
2151 1369 2457 1417 praebendarum

1398 1425 1460 1461 vel
1499 1423 1837 1460 ecclesiasticorum
1875 1423 2151 1459 beneficiorum
2189 1421 2272 1458 fieri
2312 1429 2456 1470 potest,

1400 1476 1619 1514 auctoritate
1656 1476 1842 1524 partium,
1873 1476 2016 1524 absque
2054 1475 2221 1524 periculo
2251 1474 2455 1521 simoniae,

1400 1530 1494 1567 sicut
1513 1542 1584 1566 nec
1611 1528 1824 1575 transactio,
1845 1536 1886 1564 ut
1905 1528 2019 1565 iura*
2039 1527 2300 1565 determinant.
2330 1528 2496 1564 Potest

1399 1590 1528 1619 tamen
1547 1583 1747 1630 praelatus,
1765 1594 1809 1618 ex
1829 1581 1956 1618 officio
1977 1594 2059 1628 suo,
2075 1581 2372 1630 permutationes
2390 1581 2458 1616 hu—

1373 1666 1375 1687 }
1399 1635 1565 1672 iusmodi
1594 1635 1717 1671 facere
1746 1647 1815 1683 pro
1845 1647 1959 1670 causa
1986 1611 2065 1671 utili
2091 1635 2153 1671 vel
2182 1633 2402 1670 necessaria.

1454 1690 1512 1725 AD
1541 1700 1682 1724 SEXTUM
1715 1699 1899 1724 mCENDUM
1933 1687 2038 1735 quod
2072 1686 2166 1723 sicut
2203 1686 2331 1722 anima
2365 1685 2467 1722 vivit

1401 1742 1613 1778 secundum
1642 1740 1820 1788 seipsam,
1851 1752 1989 1788 corpus
2016 1751 2110 1776 vero
2139 1738 2233 1776 vivit
2253 1751 2296 1775 ex
2315 1739 2457 1774 unione

1401 1794 1572 1839 animae3
1602 1794 1653 1830 ita
1682 1793 1795 1830 etiam
1825 1793 2014 1841 quaedam
2052 1799 2138 1829 sunt
2166 1791 2370 1840 spiritualia
2405 1803 2460 1827 se-

1402 1847 1571 1884 cundum
1601 1847 1744 1896 seipsa,
1775 1846 1870 1882 sicut
1905 1853 2142 1883 sacramenta
2171 1852 2206 1881 et
2235 1844 2306 1881 alia
2334 1844 2461 1880 huius-

1402 1900 1526 1946 modi3
1565 1902 1756 1948 quaedam
1794 1907 1920 1935 autem
1960 1899 2136 1936 dicuntur
2176 1897 2378 1946 spiritualia
2416 1910 2461 1934 ex

1402 1954 1476 1990 hoc
1505 1953 1610 2002 quod
1630 1953 1765 1990 talibus
1786 1952 2003 1989 adhaerent.
2039 1951 2149 1989 Unde
2170 1952 2197 1998 I,
2219 1963 2281 1998 qu.
2303 1963 2350 1997 111,
2373 1950 2461 1986 dici-

1402 2014 1473 2053 tur,
1500 2019 1580 2054 cap.
1621 2007 1662 2042 Si
1688 2006 1770 2054 quis
1797 2006 1981 2051 obiecerit,
2011 2005 2116 2053 quod
2144 2003 2353 2052 spiritualia
2380 2005 2462 2040 sine

1402 2059 1661 2108 corporalibus
1680 2059 1790 2095 rebus
1810 2070 1883 2094 non
1894 2058 2120 2106 proficiunt.-
2138 2058 2233 2094 sicut
2251 2068 2318 2093 nec
2332 2057 2460 2093 anima

1401 2114 1481 2149 sine
1509 2124 1667 2160 corpore
1694 2111 1966 2159 corporaliter‘
1994 2111 2095 2147 vivit.

1455 2167 1513 2202 AD
1547 2177 1727 2202 SEPTIMUM
1760 2176 1944 2201 DICENDUM
1982 2163 2085 2211 quod
2123 2163 2228 2210 Papa
2256 2169 2381 2210 potest
2408 2161 2462 2198 in-

1404 2230 1552 2255 currere
1587 2218 1723 2255 vitium
1760 2217 1962 2263 simoniae,
1993 2216 2086 2253 sicut
2122 2223 2158 2251 et
2185 2215 2341 2263 quilibet
2370 2215 2462 2251 alius

1402 2265 1541 2308 horno‘:
1567 2278 1767 2320 peccatum
1788 2270 1889 2306 enim
1907 2277 2010 2306 tanto
2027 2269 2065 2305 in
2085 2269 2210 2317 aliqua
2224 2280 2389 2316 persona
2409 2275 2464 2304 est

1403 2324 1555 2372 gravius
1575 2332 1717 2373 quanto
1737 2323 1924 2360 maiorem
1945 2322 2090 2359 obtinet
2107 2322 2248 2358 locum.
2274 2321 2464 2367 Quamvis

1405 2377 1506 2414 enim
1536 2389 1594 2414 res
1623 2376 1815 2414 Ecclesiae
1845 2376 1917 2412 sint
1935 2381 1951 2397 κ
1981 2375 2059 2412 eius
2087 2382 2128 2411 ut
2146 2374 2362 2423 principalis
2391 2374 2462 2410 dis-

1403 2430 1635 2479 pensatoris,
1665 2442 1744 2466 non
1780 2434 1910 2466 tamen
1943 2435 2030 2465 sunt
2068 2428 2148 2464 eius
2175 2434 2217 2463 ut
2253 2426 2399 2464 domini
2429 2434 2465 2463 et

1402 2483 1645 2532 possessoris.
1685 2483 1733 2519 Et
1761 2482 1848 2518 ideo
1884 2482 1915 2518 si
1950 2481 2134 2529 reciperet
2161 2492 2231 2528 pro
2261 2480 2387 2527 aliqua
2424 2492 2463 2516 re

1404 2536 1584 2585 spirituali
1611 2535 1815 2584 pecuniam
1846 2535 1893 2572 de
1922 2534 2129 2571 redditibus
2158 2533 2313 2569 alicuius
2347 2533 2464 2569 eccle-

1404 2590 1493 2636 siae,
1511 2601 1589 2625 non
1610 2596 1752 2625 careret
1766 2588 1858 2624 vitio
1879 2587 2075 2624 simoniae.
2097 2587 2145 2623 Et
2165 2585 2333 2622 similiter
2353 2586 2464 2622 etiam

1403 2649 1533 2691 posset
1553 2641 1755 2678 simoniam
1773 2641 2009 2678 committere
2025 2639 2241 2688 recipiendo
2262 2639 2464 2687 pecuniam

1404 2697 1451 2732 ab
1483 2695 1609 2743 aliquo
1640 2694 1735 2731 laico
1765 2707 1843 2730 non
1870 2692 1884 2715 λ
1914 2694 1961 2730 de
1990 2692 2100 2729 bonis
2129 2692 2334 2728 Ecclesiae.

1459 2809 1477 2841 ι)
1496 2808 1682 2840 corporaliter.
1694 2821 1713 2826 -
1731 2808 1793 2832 Om.
1812 2807 1921 2831 codices.

1457 2843 1483 2875 κ)
1503 2850 1545 2868 res
1566 2843 1698 2868 Ecclesiae
1716 2843 1778 2867 sint.
1790 2856 1808 2862 —
1826 2849 1868 2866 res
1881 2842 1917 2866 sit
1936 2841 1987 2867 BF.
1998 2854 2018 2859 -
2036 2841 2086 2865 Pro
2100 2841 2156 2865 eius
2169 2843 2206 2870 ut,
2222 2840 2248 2864 in
2268 2840 2323 2864 eius
2333 2843 2467 2871 potestate

1405 2882 1533 2911 tanquam
1551 2878 1583 2903 D.

1457 2912 1487 2946 λ)
1507 2920 1568 2938 non.
1580 2927 1599 2932 -
1618 2913 1678 2938 Om.
1698 2913 1747 2944 pK‚
1767 2915 1796 2936 ut
1814 2912 1860 2936 det
1877 2911 1911 2937 G.

969 3027 1300 3059 Commentaria
1323 3027 1573 3060 Cardinalis
1597 3025 1797 3058 Caietam

300 3101 341 3130 ‘N
365 3099 496 3130 articulo
520 3098 625 3138 primo
649 3097 842 3138 quaestionis
866 3097 1062 3132 centesimae,
1086 3096 1118 3126 in
1144 3096 1350 3136 responsione

295 3112 363 3174 lad
387 3142 573 3178 secundum,
597 3142 734 3172 dubium
757 3141 893 3172 occurrit
917 3141 997 3171 circa
1019 3140 1072 3170 illa
1086 3141 1196 3171 verba:
1220 3140 1349 3171 Iustitia

292 3193 322 3219 et
345 3197 453 3218 omnes
469 3191 584 3227 partes
606 3187 685 3224 eius,
709 3191 740 3216 et
756 3195 820 3226 per
842 3194 1035 3236 consequens
1064 3185 1171 3215 omnia
1194 3185 1270 3215 uitia
1297 3195 1350 3225 op-

285 3233 405 3273 posita,
424 3236 500 3262 sunt
523 3231 555 3260 in
579 3230 742 3261 voluntate
763 3231 845 3261 sicut
868 3230 901 3259 in
915 3229 1064 3260 subiecto.
1088 3228 1243 3259 Videntur
1266 3229 1351 3259 enim

292 3276 368 3307 haec
385 3276 478 3305 verba
494 3281 603 3305 contra
616 3276 789 3305 Auctorem
805 3273 923 3314 ipsum.
947 3272 1110 3310 Quoniam
1126 3279 1249 3303 constat
1263 3273 1352 3314 quod

291 3319 434 3362 loquitur
465 3319 504 3349 de
534 3318 674 3359 partibus
703 3317 839 3348 iustitiae
869 3327 935 3347 non
962 3317 1069 3348 solum
1096 3317 1298 3357 integralibus
1322 3323 1353 3348 et

293 3363 487 3399 subiecfivis,
511 3363 566 3393 sed
589 3361 828 3403 potentialibus:
853 3360 994 3402 alioquin
1018 3371 1084 3391 non
1106 3361 1290 3402 loqueretur
1312 3361 1353 3391 ad

293 3407 504 3458 propositum,
521 3406 595 3447 quia
615 3406 653 3437 de
672 3405 808 3436 simonia
829 3405 981 3446 loquitur,
1001 3415 1083 3446 quae
1102 3412 1148 3435 est
1162 3405 1275 3436 vitium
1295 3415 1352 3455 pp—

293 3452 435 3492 positum
458 3450 618 3490 religioni,
643 3460 725 3491 quae
747 3456 794 3480 est
817 3459 880 3479 una
902 3459 974 3489 pars
997 3449 1176 3489 potentialis
1206 3449 1351 3480 iustitiae.

292 3496 333 3527 Et
356 3506 430 3526 cum
453 3497 574 3525 Auctor
603 3501 701 3535 ponat
731 3493 825 3524 etiam
847 3493 1064 3524 liberalitatem
1091 3500 1211 3533 partem
1241 3500 1353 3533 poten-

293 3540 400 3570 tialem
422 3539 567 3575 iustitiae,
585 3546 620 3570 ut
644 3545 728 3578 patet
746 3537 877 3568 inferius
896 3547 950 3577 qu.
968 3547 1059 3573 cxvn,
1075 3543 1130 3568 art.
1151 3538 1184 3573 5;
1209 3543 1239 3567 et
1254 3543 1353 3577 ponat

295 3593 365 3640 eam
384 3583 576 3614 subiective'
568 3593 601 3613 ιιι
618 3581 863 3622 concupiscibili,
879 3588 945 3612 tam
967 3580 1123 3612 inferius
1115 3591 1147 3611 ιιι
1164 3590 1218 3622 qu.
1234 3591 1352 3617 cxxxrv,

435 3646 544 3671 Sumne
562 3645 663 3669 Τιιι-ςοι..
683 3645 714 3668 D.
729 3644 843 3668 ΤιιοΜΑε
861 3643 894 3668 Τ.
912 3643 955 3668 Vl.

1405 3102 1461 3126 art.
1478 3105 1509 3135 4,
1526 3096 1565 3126 ad
1587 3107 1612 3132 1,
1628 3105 1726 3136 quam
1742 3094 1896 3135 superius,
1914 3093 2030 3124 scilicet
2044 3093 2077 3123 in
2094 3093 2120 3123 1·
2136 3093 2200 3129 11⁸⁶,
2218 3103 2272 3134 qu.
2292 3103 2340 3128 Lx,
2357 3099 2413 3124 art.
2433 3094 2465 3123 5:

1405 3140 1572 3181 quomodo
1596 3149 1670 3179 ergo
1690 3146 1773 3170 stant
1794 3139 1872 3169 haec
1895 3138 1960 3168 duo
1985 3137 2090 3173 simul,
2115 3137 2231 3168 scilicet
2249 3137 2338 3177 quod
2355 3147 2467 3167 omnes

1405 3191 1508 3225 partes
1531 3183 1668 3214 iustitiae
1691 3190 1766 3214 sunt
1788 3183 1820 3213 in
1843 3183 2008 3213 voluntate
2024 3189 2060 3213 ut
2075 3182 2107 3211 in
2132 3181 2284 3217 subiecto,
2309 3188 2339 3211 et
2361 3181 2467 3221 aliqua

1405 3239 1476 3269 pars
1500 3228 1577 3264 eius,
1602 3228 1719 3258 scilicet
1732 3227 1910 3263 liberalitas,
1927 3233 1973 3257 est
1991 3226 2024 3256 in
2040 3225 2275 3266 concupiscibili
2294 3231 2327 3255 ut
2346 3225 2378 3254 in
2394 3226 2466 3255 sub-

1404 3270 1509 3304 tecto?

1462 3317 1499 3347 11.
1519 3316 1570 3346 Ad
1593 3316 1654 3346 hoc
1679 3315 1830 3352 dubium,
1854 3315 1942 3355 quod
1973 3314 2067 3344 etiam
2096 3319 2222 3343 motum
2245 3312 2304 3343 fuit
2327 3312 2359 3342 in
2379 3322 2466 3352 prae-

1406 3360 1528 3391 cedenti
1551 3359 1657 3396 Libro,
1676 3369 1731 3400 qu.
1755 3370 1803 3395 Lx,
1824 3366 1879 3389 art.
1903 3360 1918 3388 5
1938 3357 1965 3394 *,
1989 3357 2102 3388 dicitur
2124 3357 2212 3397 quod
2235 3356 2268 3386 in
2284 3357 2342 3386 hac
2365 3366 2398 3386 re
2421 3363 2467 3387 est

1407 3404 1526 3445 aliquid
1549 3403 1763 3440 manifestum,
1781 3410 1812 3434 et
1826 3402 1945 3443 aliquid
1960 3401 2156 3441 ambiguum.
2180 3401 2263 3431 Nam
2287 3401 2406 3431 clarum
2421 3407 2467 3431 est

1407 3449 1521 3488 primo,
1546 3448 1636 3489 quod
1659 3457 1770 3478 omnes
1793 3447 1922 3477 virtutes
1938 3455 2019 3486 quae
2043 3452 2117 3475 sunt
2140 3445 2180 3475 ad
2203 3445 2346 3481 alterurn,
2371 3454 2467 3485 opor-

1406 3499 1450 3523 tet
1480 3492 1620 3533 aliquam
1646 3492 1840 3522 habitualem
1868 3489 2093 3530 perfectionem
2122 3489 2154 3518 in
2184 3489 2348 3520 voluntate
2376 3496 2411 3519 ut
2434 3489 2466 3519 in

1407 3536 1548 3567 subiecto
1572 3545 1700 3576 ponere,
1726 3546 1762 3566 ex
1785 3545 1823 3565 eo
1847 3534 1936 3574 quod
1959 3533 2106 3564 voluntas
2127 3543 2184 3563 nec
2207 3543 2244 3563 ex
2263 3539 2374 3563 natura
2398 3542 2465 3568 sua,

1408 3590 1465 3611 nec
1491 3590 1527 3611 ex
1558 3587 1668 3610 natura
1701 3578 1851 3615 volentis,
1876 3577 2044 3608 inclinatur
2071 3577 2252 3608 naturaliter
2282 3577 2314 3607 in
2344 3577 2467 3607 bonurn

2291 3638 2325 3670 45

2479 430 2489 439 ·
2504 429 2571 452 Vers.
2586 430 2617 452 18.

2481 689 2489 697 ⁸
2501 687 2558 710 Can.
2569 687 2691 709 Salvator.

2483 1059 2492 1069 ⁸
2509 1058 2573 1080 Vers.
2588 1064 2616 1079 20
2631 1063 2683 1085 sqq.

2483 1209 2493 1218 ⁸
2501 1208 2536 1230 Cf.
2547 1213 2598 1229 can.
2609 1207 2694 1229 Notum

2484 1235 2521 1261 sit,
2527 1234 2625 1261 caum,
2632 1240 2671 1261 qu.
2677 1240 2694 1255 1.

2619 1530 2697 1552 uaesi-

2486 1531 2549 1584 mqa
2550 1537 2593 1578 pde
2632 1563 2696 1578 erum

2485 1585 2627 1609 Permutat.;
2646 1589 2696 1611 cap.

2486 1612 2519 1634 Su
2505 1617 2569 1638 u,per
2578 1610 2607 1632 de
2619 1600 2694 1631 'Tran-

2485 1641 2544 1663 saca

2497 3367 2634 3389 'comment
2640 3373 2703 3389 num.

2494 3400 2510 3421 ι,
2527 3400 2553 3415 ιι.
