2860 4244
415 270 487 295 202
1045 253 1309 301 QUAESTiO
1340 252 1549 301 LXXXIII,
1580 253 1875 293 ARTICULUS
1904 254 1938 292 X

177 343 317 392 21¹.‘''¹'''⁰¹''
334 348 383 372 ew·
413 335 505 373 sicut
531 334 760 383 Augustinus
778 333 873 379 dicit,
895 333 945 370 ad
957 332 1120 369 Probum
1137 330 1166 377 *,
1200 346 1216 364 et
1237 327 1465 369 desiderium
1492 332 1495 408 1

1492 416 1494 431 i

1521 331 1636 369 nobis.
1658 331 1700 369 Si
1716 332 1910 370 consilium
1930 337 1984 369 est
2022 342 2069 369 uo
2089 331 2187 369 beati
2202 337 2288 370 sunt
2305 332 2562 371 misericordes

277 395 290 422 ⁰
414 396 584 426 nostrum
615 388 661 426 ud
692 386 779 424 iliud
814 396 968 434 regnum
1001 383 1226 428 excitamus,
1255 388 1295 420 ut
1324 380 1433 420 nobis
1453 379 1466 404 θ
1996 342 2019 381 q
2563 361 2572 380 '

1521 382 1640 421 debita
1665 383 1903 429 dimittamus,
1926 390 1965 421 ut
1991 384 2095 422 nobis
2118 389 2245 422 nostra
2264 384 2505 424 dimittantur.
2535 386 2577 424 Si
2605 428 2607 431 f

412 440 550 486 veniat,
581 446 691 489 utque
721 438 756 476 in
787 451 832 475 eo
862 447 1060 485 regnemus
1084 450 1116 472 ».
1139 455 1161 463 -
1192 434 1308 482 Quod
1338 441 1463 472 autem
1492 433 1494 487 i
1520 435 1720 474 intellectus
1738 442 1791 475 est
1809 447 1881 486 quo
1901 436 1999 474 beati
2015 441 2100 474 sunt
2118 436 2257 474 mundo
2281 436 2405 484 eorde,
2425 449 2575 477 oremus

413 493 556 539 dicitur,
572 492 657 529 Fiat
675 491 843 528 voluntas
863 494 936 536 tua,
957 504 974 522 α
994 495 1091 525 recte
1113 487 1339 536 intelligiturz
1363 487 1464 525 Obe-
1491 490 1493 547 l
1520 500 1566 526 ne
1601 488 1806 527 habeamus
1841 489 1981 538 duplex
2014 500 2100 534 cor,
2133 489 2354 538 temporalia
2387 491 2574 538 sectando,

413 545 532 583 dieitur
551 549 558 567 ⁸
579 542 786 593 praeceptis
807 540 888 579 tuis.
919 541 1021 579 Sicut
1047 539 1082 577 in
1108 539 1211 578 caelo
1231 540 1320 578 etin
1342 545 1464 578 terra:
1492 555 1493 569 1
1518 541 1563 578 de
1590 539 1722 589 quibus
1750 541 1965 580 tentationes
1981 542 2087 590 fiunt
2114 541 2150 579 in
2180 542 2296 580 nobis.
2336 542 2378 580 Si
2393 543 2574 592 sapientia

176 603 382 653 ;‘’g,³'‘50”·„¹g⁰;';·
412 597 525 645 idest,
555 595 648 634 sicut
684 595 730 633 ub
760 594 919 642 angelis,
950 593 997 631 ite
1027 593 1074 630 ab
1104 592 1321 631 hominibus
1340 609 1357 627 »
1379 592 1409 631 ⁴¹.
1439 612 1463 621 -
1491 597 1492 635 ζ
1518 598 1571 631 est
1597 603 1671 642 qua
1699 593 1798 632 beati
1822 598 1907 632 sunt
1928 594 2083 644 pacifici
2108 594 2286 643 quoniam
2304 594 2385 644 filii
2409 594 2484 634 Dei
2510 605 2575 635 vo-

176 636 295 684 021·-'i'·'-'¹
341 645 346 652 '
378 645 382 655 '
412 649 520 689 Unde
549 649 619 686 hac
649 655 721 685 tres
748 645 945 696 petitiones
975 645 1138 696 perfecte
1173 645 1465 696 complebuntur
1490 643 1492 694 i
1518 646 1714 693 cabuntur,
1734 657 1884 685 oremus
1904 651 1944 684 ut
1960 646 2163 685 liberemur
2181 658 2204 686 a
2224 646 2343 686 malo.-
2371 647 2451 698 ipsa
2474 647 2573 687 enim

412 702 447 740 in
477 701 551 739 vite
580 700 720 738 future:
750 699 841 737 uliae
871 710 963 736 vero
1002 705 1164 749 quatuor
1192 698 1378 748 pertinent
1417 698 1463 736 ed
1491 708 1492 753 i
1518 698 1686 736 liberatio
1714 698 1848 737 liberos
1876 710 1943 737 nos
1959 699 2083 749 saciet
2098 699 2204 747 stlios
2234 699 2316 739 Dei.

411 750 669 792 necessitatem
707 751 805 790 vitae
843 750 1070 801 praesentis,
1105 750 1199 790 sicut
1232 750 1463 801 Augustinus
1491 755 1492 768 ³
1570 752 1628 789 An
1655 761 1827 794 αυΑιιτυΜ
1856 761 2037 790 nicsuuun
2066 751 2189 801 quod,
2219 752 2314 791 sicut
2341 748 2574 803 Aug'ustinus

177 816 257 845 ·‹2·=v-
272 822 322 839 w·
411 805 508 853 dicit,
539 805 575 843 in
603 804 820 843 Enchiridio
840 803 870 842 ¹¹¹.
1519 803 1617 850 dicit,
1639 803 1676 841 in
1695 803 1887 842 Enchirid.
1909 802 1939 852 ⁸⁸,
1970 804 2094 843 Lucas
2115 801 2354 844 in'Oratione
2371 805 2574 844 Dominica
2601 814 2611 827 ⁶
2626 812 2756 844 cns-em

465 860 519 896 Αι)
548 868 735 896 sscuunun
774 867 954 895 mesenum
984 855 1110 906 quod,
1147 867 1232 895 cum
1271 856 1390 895 oratio
1419 855 1464 894 sit
1490 890 1492 903 ,
1514 856 1706 906 petitiones
1734 868 1807 894 non
1836 860 1986 905 septem,
2005 857 2072 895 sed
2094 857 2257 907 quinque
2274 858 2492 908 complexus
2509 864 2572 898 est.
2688 857 2689 862 ’

410 910 589 960 interpres
605 909 790 956 desiderii,
807 908 902 948 ordo
922 908 1148 959 petitionum
1169 920 1245 948 non
1262 909 1464 959 respondet
1490 934 1492 972 ;
1522 909 1722 948 Ostendens
1749 908 1847 947 enim
1877 908 2023 947 tertiam
2047 909 2261 958 petitionem
2285 910 2448 949 duarum
2462 922 2575 962 prae-

175 1237 241 1261 ·l.lb.
252 1237 278 1264 ΙΙ,
287 1242 337 1267 esp.
348 1242 379 1260 ιιι.

179 3339 187 3350 ·
205 3338 269 3362 Vere.
283 3336 315 3362 ιο.

276 3372 293 3391 e

179 3397 387 3451 ;.t.⁴.t÷‘.‘.”·.·0.⁰····

409 962 531 1002 ordini
559 962 808 1010 executionis,
838 963 904 1001 sed
934 961 1055 1001 ordini
1085 961 1256 1001 desiderii
1295 962 1374 1001 sive
1411 961 1464 1000 in-

409 1014 602 1064 tentionis,
632 1014 669 1054 in
698 1027 774 1063 quo
810 1014 913 1065 prius
943 1021 997 1052 est
1025 1014 1111 1053 finis
1139 1026 1254 1065 quem
1292 1027 1335 1053 ea
1364 1026 1462 1064 quae
1490 1053 1492 1068 )

409 1076 495 1107 sunt
514 1068 720 1121 adfinem,
742 1075 777 1106 et
803 1066 1020 1107 consecutio
1050 1066 1139 1106 boni
1161 1079 1274 1118 quam
1303 1067 1462 1106 remotio
1490 1069 1491 1109 j

1490 1120 1491 1155 i
1517 1128 1632 1159 tatem
1652 1131 1940 1169 cognoscamus,
1961 1128 1998 1158 et
2017 1131 2105 1158 cum
2126 1120 2209 1170 ipso
2231 1131 2442 1170 regnemus.
2467 1121 2578 1165 Quod

1490 1191 1491 1194 =
1516 1174 1627 1212 etiam
1656 1173 1873 1211 Matthaeus
1904 1173 1941 1211 in
1971 1172 2098 1211 ultimo
2124 1173 2267 1223 posuit,
2299 1188 2317 1207 «
2340 1174 2480 1213 Libera
2508 1185 2576 1213 nos

410 1123 519 1213 megin
534 1185 692 1213 TERTluM
713 1184 895 1213 chENDUM
915 1172 1020 1222 quod
1040 1173 1284 1222 Augustinus,
1310 1172 1347 1210 in
1368 1172 1462 1210 libro

408 1228 453 1266 de
473 1228 590 1265 Serm.
612 1227 723 1266 Dom.
747 1227 783 1265 in
804 1226 937 1264 Monte
955 1225 986 1274 ¹⁸,
1017 1225 1169 1275 adaptat
1197 1232 1342 1275 septem
1371 1224 1463 1275 peti-

409 1280 529 1319 tiones
558 1279 668 1319 donis
697 1287 732 1317 ct
760 1277 1069 1326 beatitudinibus,
1100 1277 1249 1316 dicens:
1285 1277 1327 1316 Si
1352 1277 1464 1316 timor

409 1333 484 1372 Dei
500 1337 554 1371 est
570 1343 642 1383 quo
667 1332 765 1370 beati
781 1337 867 1369 sunt
884 1335 899 1354 ⁸⁸
922 1341 1108 1381 pauperes
1126 1330 1269 1379 spiritu,
1289 1334 1464 1380 petamus
1490 1355 1491 1380 i

410 1391 449 1424 ut
474 1386 723 1434 sanctificetur
751 1384 786 1421 in
816 1382 1026 1422 hominibus
1062 1394 1196 1421 nomen
1226 1383 1300 1421 Dei
1331 1382 1464 1421 timore

408 1444 519 1477 cast0.
550 1438 591 1475 Si
612 1437 732 1487 pietas
750 1442 804 1475 est
820 1446 894 1485 qua
923 1436 1021 1475 beati
1046 1441 1133 1474 sunt
1151 1436 1266 1483 mites,
1291 1440 1464 1485 petamus
1490 1469 1491 1474 ,

409 1496 448 1529 ut
474 1490 599 1529 veniat
624 1501 784 1542 regnum
804 1489 894 1535 eius,
925 1494 963 1527 ut
990 1488 1238 1536 mitescamus,
1268 1499 1336 1527 nec
1354 1489 1390 1527 ei
1406 1500 1463 1527 re·

407 1544 589 1582 sistamus.
620 1542 662 1581 Si
678 1542 829 1581 scientia
849 1547 901 1580 est
920 1553 995 1592 qua
1023 1542 1121 1581 beati
1137 1547 1223 1581 sunt
1241 1542 1307 1592 qui
1324 1541 1462 1594 lugent,

408 1608 558 1635 oremus
587 1601 627 1635 ut
647 1597 725 1646 stat
750 1595 921 1634 voluntas
949 1594 1049 1634 eius:
1078 1594 1165 1645 quia
1185 1593 1198 1619 λ
1225 1594 1278 1633 sic
1306 1606 1379 1633 non
1409 1594 1464 1632 Iu—

407 1650 590 1701 gebimus.
619 1649 662 1687 Si
675 1648 862 1699 fortitudo
890 1653 944 1686 est
961 1659 1035 1699 qua
1064 1648 1164 1687 beati
1188 1653 1274 1686 sunt
1295 1648 1360 1698 qui
1386 1658 1466 1686 esu-

409 1702 525 1750 riunt,
555 1713 704 1741 oremus
733 1706 771 1740 ut
798 1701 909 1752 panis
946 1706 1070 1739 noster
1097 1701 1333 1752 quotidianus
1360 1701 1467 1739 detur
1492 1735 1494 1744 Α

460 1816 484 1852 θ)
505 1816 588 1844 victis.
605 1829 621 1836 -
641 1815 707 1842 iilud
726 1815 799 1842 nobis
820 1814 865 1842 i‘a.

460 1854 478 1886 ι)
502 1852 655 1879 Οὸοάίαων.
668 1863 686 1872 -
703 1850 727 1877 st
740 1850 879 1877 oscalatus·
898 1850 945 1884 pA,
965 1853 994 1876 ut
1013 1849 1151 1876 obediatur
1171 1849 1255 1876 PEll...

461 1895 475 1915 κ
505 1891 606 1914 κακὴ-
623 1886 676 1913 sint
695 1885 738 1918 m.
758 1886 830 1921 fiuent
848 1885 924 1911 ceteri
944 1890 968 1911 et
989 1884 1059 1915 Pisa:
1084 1889 1141 1911 ante
1166 1884 1250 1916 mites,
1269 1884 1323 1911 stnt
1343 1884 1375 1915 li.
1393 1884 1466 1919 fiunt

409 1923 473 1950 PAC
498 1923 545 1949 La.

1518 962 1716 1001 missarum
1751 972 1828 1000 esse
1855 961 2131 1011 quodammodo
2169 963 2437 1012 repetitionem,
2461 975 2573 1016 prae-

1518 1014 1749 1054 termittendo
1777 1026 1861 1053 eam
1879 1014 1980 1064 facit
1999 1019 2015 1044 ὓ*
2045 1014 2220 1066 intelligi:
2249 1014 2338 1066 quia
2366 1015 2503 1056 scilicet
2526 1017 2573 1056 ad

1517 1069 1591 1107 hoc
1610 1066 1813 1118 praecipue
1832 1067 2008 1105 voluntas
2028 1067 2098 1106 Dei
2118 1066 2236 1106 tendit
2263 1076 2304 1106 ut
2332 1067 2412 1107 eius
2441 1068 2575 1109 sancti·

1517 1238 1540 1264 a
1569 1226 1670 1264 malo
1692 1241 1726 1272 ι,
1753 1226 1878 1264 Lucas
1906 1238 1979 1264 non
2010 1226 2153 1275 posuit,
2184 1231 2222 1264 ut
2255 1226 2349 1265 sciat
2381 1226 2575 1277 unusquis-

1517 1289 1588 1328 que
1615 1278 1652 1316 in
1682 1289 1725 1316 eo
1752 1289 1792 1315 se
1817 1277 1988 1316 liberari⁸
2004 1290 2027 1317 a
2055 1278 2157 1318 malo
2185 1279 2287 1329 quod
2312 1291 2386 1319 non
2415 1279 2577 1331 infertur

1517 1330 1553 1369 in
1583 1330 1831 1369 tentationem.

1570 1384 1627 1422 An
1643 1393 1805 1427 Qum-rum
1821 1393 2004 1422 nicenum«
2020 1382 2126 1433 quod
2146 1383 2266 1423 oratio
2283 1396 2360 1423 non
2374 1384 2578 1435 porrigitur

1518 1436 1602 1475 Deo
1622 1443 1663 1474 ut
1688 1435 1812 1486 ipsum
1832 1435 2050 1475 flectamus:
2079 1435 2146 1474 sed
2171 1443 2213 1475 ut
2232 1435 2269 1475 in
2289 1436 2400 1476 nobie
2424 1437 2514 1489 ipsis
2532 1437 2577 1478 fi-

1518 1488 1668 1528 duciam
1689 1487 1894 1527 excitemus
1913 1488 2141 1539 postulandi.
2164 1489 2275 1538 Quae
2294 1489 2451 1540 quidem
2469 1501 2578 1542 pree-

1519 1541 1628 1592 cipue
1658 1541 1840 1580 excitetur
1867 1541 1904 1580 in
1933 1541 2044 1580 nobis
2073 1541 2351 1582 considerando
2380 1542 2460 1582 eius
2486 1542 2577 1583 ceri-

1518 1601 1635 1633 tatem
1664 1594 1713 1633 ad
1742 1606 1825 1643 nos,
1847 1606 1922 1645 que
1951 1595 2096 1634 bonum
2126 1602 2298 1635 nostrum
2321 1594 2414 1646 vult,
2435 1602 2471 1635 et
2491 1596 2582 1636 ideo‘

1520 1645 1694 1696 dicimus,
1722 1648 1835 1686 Pater
1862 1652 2007 1694 noster,·
2035 1655 2071 1686 et
2099 1647 2179 1687 eius
2208 1648 2481 1699 excellentiam,
2501 1658 2578 1702 que

1520 1708 1655 1750 potest,
1685 1706 1722 1738 et
1749 1699 1837 1739 ideo
1867 1699 2040 1750 dicimus,
2069 1701 2135 1750 qui
2159 1712 2198 1739 es
2225 1701 2262 1740 in
2291 1701 2412 1741 caelis.
2565 1696 2570 1722 ³

1572 1812 1601 1846 λ)
1620 1813 1692 1848 quta.
1705 1826 1725 1834 —
1742 1817 1769 1840 ct
1788 1814 1815 1840 Ρ.

1572 1848 1600 1884 μ)
1613 1849 1695 1884 facit.
1706 1861 1725 1870 -
1742 1849 1829 1884 mag-ts
1841 1849 1913 1884 saett
1931 1849 2020 1875 PDsK.

1078 1997 1409 2032 Commentario.
1432 1995 1680 2032 Cardianus
1703 1996 1902 2031 Caietam

439 2090 457 2112 Ν
481 2078 612 2112 articulo
638 2087 724 2109 nono
748 2077 889 2109 eiusdem
913 2075 1122 2119 quaestionis.
1148 2076 1271 2109 adverte
1295 2072 1387 2119 quod
1407 2075 1468 2118 pri-

440 2134 510 2156 mue
538 2131 597 2156 tres
621 2121 787 2164 petitiones
816 2120 977 2154 Oretionis
1002 2119 1188 2153 Dominicse
1219 2119 1307 2153 eliter
1335 2127 1469 2162 possunt

409 2167 543 2201 ordinari
568 2166 674 2210 quoad
698 2164 868 2208 principale
885 2164 1111 2197 desideratum:
1139 2171 1173 2196 ut
1188 2174 1300 2197 omnes
1317 2171 1415 2197 tresve
1440 2173 1469 2197 e-

409 2218 491 2245 ctent
520 2210 730 2254 principaliter
758 2209 796 2243 nd
820 2218 963 2242 umorem
992 2218 1057 2251 quo
1082 2208 1187 2242 Deum
1212 2208 1243 2242 in
1267 2207 1371 2252 seipso
1396 2207 1465 2241 dli-

409 2255 528 2297 gimuu
562 2253 746 2288 secundario
779 2260 884 2286 nutem
915 2253 953 2286 sd
985 2262 1127 2286 amorem
1158 2262 1224 2296 quo
1254 2262 1312 2284 nos
1341 2251 1372 2284 in
1396 2252 1466 2285 Deo

410 2299 578 2341 diligimus.
604 2299 637 2331 ln
656 2298 744 2331 cuius
761 2298 896 2339 signum.
922 2298 953 2329 in
971 2296 1101 2339 singuiis
1120 2296 1215 2330 trium
1241 2296 1370 2339 ponitur
1394 2305 1467 2339 pro-

410 2353 528 2376 nomen
544 2348 652 2375 tuum:
674 2342 705 2375 in
722 2341 848 2384 reliquis
873 2349 1010 2384 quatuor
1034 2351 1211 2383 pronomen
1229 2341 1339 2374 nostri.
1364 2341 1404 2374 Et
1422 2340 1466 2373 sic

433 2387 510 2420 rime
539 2386 615 2429 petit
638 2386 843 2419 elevationem
868 2385 1010 2420 stabilem
1035 2385 1130 2418 divini
1154 2385 1301 2418 Nominis
1325 2394 1399 2418 cum
1423 2384 1465 2418 ef-

423 2438 506 2470 ectu;
532 2430 678 2469 secunde,
702 2430 790 2473 quod
814 2430 879 2472 ipse
904 2437 1009 2471 regnet
1033 2440 1106 2463 eum
1123 2429 1243 2468 effectu.
1269 2439 1333 2462 non
1358 2429 1464 2462 disbo-

410 2476 470 2515 Ius‚
495 2485 559 2508 non
585 2483 666 2512 curo,
692 2484 755 2506 non
780 2474 928 2511 mundus.
955 2483 1018 2506 non
1043 2480 1223 2516 peccatum
1249 2472 1352 2510 tertis.
1377 2473 1464 2515 quod

1520 2076 1581 2108 hoc
1627 2076 1692 2108 uod
1716 2076 1748 2108 in
1771 2075 1902 2118 singulis
1926 2075 2046 2108 dictum
2070 2083 2126 2114 est,
2152 2085 2223 2109 eum
2247 2076 2373 2120 effectu,
2397 2074 2582 2121 intelligitur

1520 2128 1576 2163 per
1597 2085 1690 2153 iilum
1713 2120 1919 2153 subiunctum
1935 2121 2080 2158 modum.
2104 2121 2186 2154 sieut
2201 2121 2232 2153 tn
2250 2121 2350 2162 cesto,
2369 2126 2401 2155 ct
2419 2122 2452 2155 in
2471 2125 2582 2157 terrei

1520 2164 1594 2207 quis
1618 2164 1814 2206 singularum
1837 2164 1933 2197 trium
1957 2171 2003 2197 est
2029 2164 2157 2198 modus.
2191 2165 2236 2198 ite
2265 2165 2354 2208 qued
2376 2172 2499 2200 rectum
2521 2174 2586 2208 nup

1520 2215 1620 2242 strum
1647 2207 1838 2241 desiderium
1867 2207 1973 2251 primo
1996 2208 2036 2241 ud
2064 2208 2125 2242 hoc
2154 2208 2270 2248 tendit,
2303 2209 2365 2243 hoc
2388 2217 2495 2253 optet.
2542 2206 2545 2251 J
2577 2244 2586 2251 ,,

1520 2251 1612 2294 petit.
1638 2251 1727 2295 qussi
1761 2251 1859 2295 ipsius
1890 2251 1947 2285 Del
1971 2252 2113 2291 bonum.
2139 2259 2174 2287 ut
2196 2251 2263 2296 ipse
2293 2251 2326 2287 In
2357 2263 2416 2288 suo
2439 2254 2492 2288 No
2561 2262 2585 2305 e,

1521 2295 1738 2333 sanctificetur,
1763 2295 1844 2329 idest
1866 2305 1960 2338 super
1976 2296 2083 2329 omnis
2107 2296 2257 2330 stabiliter
2272 2297 2419 2339 elevetur,
2443 2293 2530 2333 sicut'

1518 2341 1615 2378 caelo,
1632 2340 1674 2374 its
1690 2347 1720 2373 et
1739 2341 1770 2373 in
1787 2348 1879 2378 terrs;
1905 2347 1940 2373 ut
1955 2340 2022 2383 lpse
2040 2348 2158 2383 regnet.
2175 2350 2240 2374 non
2256 2348 2432 2384 pecatum,
2449 2334 2583 2381 sicutffl

1519 2385 1616 2422 caelo.
1633 2384 1674 2418 its
1698 2391 1729 2417 et
1750 2384 1782 2417 ln
1806 2392 1902 2423 terrs;
1927 2391 1963 2418 ut
1978 2384 2078 2428 ipsiu·
2093 2385 2251 2424 voluntas.
2266 2394 2333 2419 non
2356 2386 2580 2430 silentque·-

1519 2438 1668 2471 cumque,
1684 2427 1747 2465 fist.
1765 2428 1845 2461 sicut
1862 2429 1893 2461 in
1909 2429 2006 2467 nelo,
2024 2428 2065 2462 its
2082 2436 2112 2462 et
2128 2429 2161 2462 in
2176 2436 2266 2463 terre.
2286 2430 2321 2463 in
2362 2430 2455 2464 uibus
2471 2437 2585 2465 tmen*
2635 2446 2637 2451 ¹
2677 2438 2703 2451 Ἠ
2728 2442 2734 2449 ·’

1519 2472 1636 2506 eisdem
1653 2472 1858 2515 petitionibus
1870 2479 1977 2506 nostre
1991 2473 2075 2506 bons
2092 2473 2264 2516 spiritualis
2280 2483 2313 2506 m
2397 2484 2415 2508 s
2430 2475 2581 2515 secunde-

411 2529 466 2552 sus
490 2519 658 2561 implentur
682 2518 826 2550 voluntas
851 2526 923 2550 cum
947 2519 1066 2550 eflectu.
1093 2518 1177 2550 Haec
1197 2517 1282 2550 enim
1299 2526 1383 2549 nunc
1401 2526 1464 2549 non
1520 2516 1566 2549 rio
1591 2515 1744 2558 petimus,
1770 2523 1804 2549 ut
1835 2516 1866 2549 in
1902 2516 2002 2550 litters
2033 2516 2210 2570 exponitur.
2244 2516 2440 2553 Ordinantur
2471 2525 2579 2556 sutem

410 2564 523 2597 sdsunt
547 2563 614 2595 Deo
639 2561 896 2595 nisisecundum
920 2561 1012 2604 quid:
1045 2568 1173 2604 propter
1196 2568 1242 2594 tot
1270 2568 1411 2603 peccate.
1436 2568 1466 2593 et
1517 2560 1597 2593 inter
1620 2570 1651 2592 se
1680 2559 1737 2593 hee
1766 2566 1826 2593 tres
1851 2559 1906 2593 sic:
1932 2559 2006 2603 quis
2031 2570 2152 2603 primo,
2167 2556 2322 2601 ‘Numam
2347 2563 2506 2603 secundo,
2531 2572 2577 2606 req
2633 2607 2635 2610 Α
2655 2605 2658 2611 ⁴
2676 2594 2689 2611 Ι

411 2606 653 2641 occultationem
678 2605 910 2648 adimpletionis
934 2615 972 2638 eo
997 2606 1094 2637 modo
1123 2614 1188 2647 quo
1213 2604 1391 2647 implentur.
1426 2605 1465 2637 Et
1518 2613 1633 2646 gnum:
1658 2604 1760 2642 tertio,
1785 2604 1823 2637 sd
1848 2611 1962 2637 nutum
1986 2605 2128 2638 executio
2152 2605 2353 2639 desideretur.

1159 2765 1511 2810 ARTICULUS
1550 2764 1826 2809 DECIMUS

882 2858 1035 2891 ornum
1062 2858 1208 2891 onem-2
1231 2858 1298 2890 srr
1322 2857 1540 2891 moenium
1564 2857 1823 2890 RA‘rioNAms
1846 2856 2109 2891 CREATURAE

1169 2935 1201 2962 tv
1222 2936 1305 2968 δοκε..
1325 2936 1383 2963 dist.
1402 2943 1442 2969 xv,
1461 2942 1506 2970 qu.
1525 2942 1558 2968 tv,
1578 2941 1625 2963 nrt.
1644 2934 1669 2967 6,
1688 2935 1737 2970 qu·
1762 2943 1782 2966 i.
1802 2935 1826 2963 S.

439 3035 504 3073 »Ὗ
528 3036 536 3062 .
625 3026 646 3053 n
666 3026 826 3054 υκοιΜυΜ
845 3026 899 3053 sic
920 3026 1158 3054 rnocnmwa.
1189 3014 1347 3054 Videtur
1364 3014 1468 3065 quod

465 3068 581 3118 ’ᾖξ’
625 3079 732 3106 orare
762 3079 839 3106 non
867 3067 912 3106 sit
931 3068 1129 3118 proprium
1157 3067 1347 3107 rationalis
1367 3079 1470 3107 crea-

436 3113 551 3175 ,J'hvf
580 3111 609 3131 “
626 3127 741 3159 turae.
772 3119 954 3160 Eiusdem
980 3121 1082 3159 enim
1111 3120 1262 3159 videtur
1289 3132 1370 3159 esse
1404 3132 1469 3171 pe-

426 3174 453 3205 't'
473 3171 567 3200 ’ψ’-’ὖ
583 3166 597 3193 ¹
626 3179 703 3211 tere
731 3180 766 3211 et
785 3172 967 3223 accipere.
998 3173 1076 3211 Sed
1099 3172 1270 3224 accipere
1291 3172 1470 3212 convenit

415 3224 528 3264 etium
557 3224 735 3265 Personis
763 3224 949 3274 increatis,
970 3224 1110 3264 scilicet
1139 3224 1234 3264 Filio
1254 3232 1290 3264 et
1316 3224 1471 3275 Spiritui

415 3279 566 3317 Sancto.
598 3278 698 3328 Ergo
727 3276 840 3318 etium
870 3277 924 3318 eis
948 3277 1127 3317 convenit
1156 3290 1285 3317 orare:
1315 3290 1405 3316 num
1433 3286 1469 3317 et

416 3331 529 3370 Filius
557 3330 655 3378 dicit,
687 3332 789 3370 ioan.
809 3342 869 3370 xiv
888 3330 928 3370 *ε
967 3331 1054 3382 Ego
1085 3332 1230 3382 rogabo
1259 3331 1408 3369 Rstrem
1429 3335 1467 3377 ’ς

415 3391 449 3422 et
479 3383 525 3421 tie
555 3383 693 3434 Spiritu
724 3385 863 3422 Sancto
895 3382 981 3422 dicit
1009 3384 1217 3434 Apostolus
1237 3382 1276 3421 *κ
1313 3384 1471 3433 Spiritus

409 3436 573 3485 postulat
594 3448 666 3486 pro
696 3437 809 3475 nobis.

469 3549 495 3579 e)
516 3548 630 3575 thirem.
645 3562 662 3569 -
682 3556 765 3575 noevum
786 3549 879 3575 mitium
901 3549 945 3575 Ρη.

2557 2803 2583 2833 ti

2553 2919 2584 2940 (Γ

2549 2959 2572 2988 ,11

1575 3026 1609 3053 2.
1628 3015 1860 3063 Patareus,
1881 3014 2002 3064 angeli
2022 3022 2110 3054 sunt
2127 3027 2242 3067 supra
2262 3016 2586 3059 rationaleserseiv

1521 3075 1642 3107 tures:
1672 3078 1760 3106 cum
1780 3066 1854 3106 sint
1873 3067 2142 3107 intellectuales
2160 3069 2405 3111 substantiae.
2434 3070 2587 3112 Sed-»eu

1521 3120 1676 3170 angelos
1695 3120 1858 3170 pertinet
1877 3132 2008 3160 orare:
2036 3121 2140 3160 unde
2164 3121 2201 3160 in
2222 3122 2360 3162 Psaim.
2381 3122 2402 3148 ¹⁸·
2428 3122 2586 3164 diem
2607 3133 2818 3164 ·r·.m.m7.

1521 3173 1688 3211 Adorate
1705 3184 1804 3219 eum,
1832 3184 1962 3212 omnes
1984 3174 2115 3225 angeli
2130 3174 2220 3214 eius.
2251 3176 2352 3226 Ergo
2373 3175 2580 3217 orereflon

1522 3233 1577 3263 est
1604 3225 1800 3275 proprium
1830 3225 2021 3265 rationalis
2049 3235 2255 3268 creaturae.
2446 3242 2450 3254 ³
2485 3245 2487 3250 ⁴
2584 3245 2585 3248 ¹

1577 3278 1611 3316 3.
1632 3278 1863 3325 pateream,
1892 3278 2063 3319 eiusdem
2094 3288 2149 3319 est
2177 3293 2286 3321 orere
2307 3282 2413 3321 cuiue
2432 3288 2498 3321 est
2522 3280 2582 3321 iri-³

1522 3342 1661 3369 vocare
1691 3331 1830 3378 Deum,
1859 3332 1963 3380 quod
1993 3333 2197 3384 praecipue
2229 3335 2272 3373 fit
2298 3334 2459 3374 orendo.
2501 3333 2580 3374 Sed

1523 3383 1639 3421 brutis
1668 3382 1895 3422 animalibus
1925 3386 2103 3425 convenit
2130 3387 2309 3426 invocare
2337 3388 2486 3426 Deum:
2522 3399 2579 3426 se-

1521 3436 1688 3475 cundum
1715 3436 1804 3475 iliud
1833 3437 1973 3476 Psnim.
1994 3439 2030 3477 *ε
2064 3440 2139 3483 Qui
2163 3441 2230 3479 dat
2254 3439 2427 3479 iumentis
2453 3450 2578 3479 escam

2605 3430 2817 3461 ‘Palma-vs.

2606 3462 2704 3486 *Ost-0·
