2860 4244
0 3234 2 3247 -
0 3207 3 3215 a
0 3130 3 3170 ,ψ
0 3099 3 3116 .-
0 3000 7 3087 ..Ρη-,-
0 2927 6 2982 ι-ψ,

101 1916 220 1940 ’ΔΙ-ωσι.

101 1942 202 1971 nib-m.

101 1975 173 1997 ΕΗ»-

990 291 1257 337 QUAESTIO
1287 293 1499 340 LXXXIX,
1528 293 1824 330 ARTlCULUS
1852 294 1887 329 V

355 378 484 405 mento
506 370 754 406 confirmatur
781 382 859 406 non
887 377 1041 418 propter
1060 370 1133 406 hoc
1161 371 1204 407 fit
1228 371 1414 418 religionis

353 428 476 458 actus:
507 422 595 470 quia
624 423 835 460 secundum
863 423 982 459 finem
1011 423 1173 459 morales
1202 431 1306 460 actus
1331 436 1414 472 spe-

353 473 428 510 cies
457 476 673 512 sortiuntur.

405 528 464 563 An
483 540 674 566 SECUNDUM
693 540 879 566 mmmmm
894 528 997 576 quod
1017 527 1075 564 ille
1096 528 1160 576 qui
1185 529 1281 565 iurat
1299 529 1414 565 utitur

352 579 508 627 quidem
536 581 784 618 veneratione
805 589 869 617 aut
888 581 1087 618 dilectione
1108 581 1187 617 eius
1207 594 1275 630 per
1294 594 1411 629 quem

350 630 466 670 iurat:
495 646 573 671 non
602 641 729 671 autem
759 634 909 670 ordinat
937 633 1191 671 iuramentum
1220 635 1268 671 ad
1296 647 1412 671 vene-

351 685 515 724 randum
539 694 605 724 aut
624 686 858 735 diligendum
879 697 967 722 eum
990 699 1060 735 per
1079 699 1194 736 quem
1215 687 1322 734 iurat,
1344 687 1411 724 sed

349 737 399 775 ad
427 738 568 787 aliquid
597 739 696 776 aliud
725 740 830 788 quod
860 746 915 775 est
939 739 1195 777 necessarium
1222 739 1411 788 praesenti

348 797 462 827 vitae.

401 845 460 880 An
488 855 648 882 TER‘rmM
676 856 861 882 memnon
890 845 994 894 quod
1023 845 1118 882 sicut
1146 845 1335 882 medicina
1358 852 1412 881 est

346 894 447 934 utilis
485 897 534 935 ad
563 897 799 944 sanandum,
830 905 867 934 et
893 906 1023 935 tamen
1052 906 1194 946 quanto
1215 897 1228 922 ἶ
1257 905 1311 934 est
1337 898 1411 934 vir-

399 1006 424 1039 ζ)
443 1011 551 1040 quanto.
566 1021 584 1026 —
602 1007 689 1041 magis
708 1008 805 1032 addunt
822 1008 869 1033 Pa.

2452 307 2525 343 277

1470 372 1626 419 tuosior,
1655 379 1759 408 tanto
1790 372 1911 408 maius
1934 381 2210 410 nocumentum
2238 373 2380 410 inducit
2399 374 2429 410 si
2450 387 2526 411 non

1470 423 1594 461 debite
1623 432 1814 471 sumatur;
1843 425 1892 462 ita
1922 425 2032 462 etiam
2060 426 2315 463 iuramentum
2336 427 2425 463 utile
2446 428 2526 475 qui-

1469 477 1557 514 dem
1597 485 1651 514 est
1686 478 1734 514 ad
1763 479 2113 526 confirmationem,
2143 487 2272 516 tamen
2300 488 2442 528 quanto
2473 489 2527 517 est

1468 530 1588 577 magis
1607 531 1883 578 venerandum,
1913 539 2016 568 tanto
2038 540 2092 568 est
2121 533 2239 580 magis
2266 532 2524 582 periculosum

1468 582 1537 618 nisi
1557 583 1682 619 debite
1702 583 1911 620 inducatur.
1934 584 2045 631 Quia,
2066 593 2107 621 ut
2122 585 2256 622 dicitur
2268 586 2383 622 Eccli.
2395 598 2479 623 xxm
2492 586 2523 632 ²⁸,

1465 635 1500 671 si
1518 636 1772 682 frustraverit,
1805 637 1901 673 idest
1928 638 2117 686 deceperit
2144 639 2313 686 fratrem,
2353 638 2524 676 delictum

1467 687 1563 724 illius
1589 700 1704 736 supra
1724 690 1843 737 ipsum
1864 690 1954 734 erit;
1981 696 2018 727 et
2040 691 2074 727 si
2090 691 2387 738 dissimulaverit,
2416 692 2524 740 quasi

1466 752 1535 788 per
1562 740 1842 778 simulationem
1875 742 2034 780 iurando
2064 743 2220 791 falsum,
2254 745 2433 793 delinquit
2458 745 2524 782 du-

1461 792 1608 840 pliciter
1635 795 1737 842 (quia
1766 794 1903 832 scilicet
1929 796 2103 833 simulata
2131 797 2298 845 aequitas
2316 803 2371 835 est
2385 798 2525 846 duplex

1466 845 1640 893 iniquitas
1658 846 1712 892 ’¹53
1741 853 1777 883 et
1801 848 1834 883 si
1851 848 1888 884 in
1912 860 2052 886 vanum
2069 854 2087 876 η
2107 849 2298 896 iuraverit,
2323 850 2420 887 idest
2443 850 2522 888 sine

1466 897 1592 934 debita
1621 911 1734 936 causa
1763 907 1798 936 et
1826 901 2059 947 necessitate,
2088 914 2162 939 non
2192 903 2459 950 iustificabitur.

1514 1008 1538 1040 η)
1559 1015 1666 1034 vanum.
1678 1021 1699 1028 -
1716 1016 1827 1034 vacuum
1848 1010 1940 1034 BFKx.

1016 1086 1349 1119 Commentario.
1370 1086 1620 1119 cardinalis
1641 1088 1844 1120 Caietam

376 1176 396 1196 N
420 1165 558 1196 articulis
585 1173 698 1207 quarto
727 1173 758 1197 et
784 1166 897 1207 quinto
921 1165 1019 1196 simul
1047 1165 1189 1196 eiusdem
1216 1165 1410 1206 quaestionis

349 1181 511 1240 Idubium
527 1210 672 1246 occurrit,
689 1210 856 1251 quomodo
872 1210 1087 1240 iuramentum
1106 1220 1139 1240 se
1162 1209 1275 1240 habeat
1298 1210 1337 1240 ad
1355 1219 1408 1240 ve-

343 1264 417 1285 rum
440 1254 529 1294 quod
551 1253 730 1285 iuramento
753 1253 910 1284 firmatur:
935 1264 975 1284 an
999 1254 1115 1285 scilicet
1138 1260 1174 1284 ut
1196 1253 1284 1290 finis,
1309 1264 1349 1284 an
1373 1261 1409 1285 ut

344 1299 383 1328 ad
405 1297 512 1328 finem.
538 1298 579 1328 Et
600 1298 731 1339 quidem
754 1299 843 1339 quod
866 1298 1081 1328 iuramentum
1102 1308 1168 1328 non
1183 1298 1223 1329 sit
1245 1297 1316 1328 finis
1331 1298 1406 1335 veri,

343 1342 424 1373 clare
443 1341 576 1372 habetur
590 1342 624 1372 in
639 1342 847 1383 responsione
866 1343 906 1372 ad
925 1342 1066 1383 primum
1085 1342 1188 1384 quinti
1205 1342 1336 1379 articuli,
1353 1343 1408 1373 ubi

342 1385 670 1428 poniturfdifferentia
683 1387 765 1418 inter
780 1394 894 1418 votum
909 1394 940 1417 et
954 1387 1170 1418 iuramentum
1185 1387 1219 1416 in
1238 1387 1299 1417 hoc
1318 1387 1407 1427 quod

338 1428 455 1461 Votum
477 1430 642 1461 materiam
665 1441 757 1461 suam
781 1430 854 1462 facit
877 1427 984 1462 actum
998 1431 1168 1471 religionis,
1192 1431 1406 1462 iuramentum

342 1482 451 1506 autem
474 1485 550 1505 non.
575 1493 596 1498 —
620 1475 718 1512 Quod
742 1482 849 1506 autem
871 1475 1087 1506 iuramentum
1112 1475 1273 1505 ordinetur
1296 1475 1335 1505 ad
1353 1485 1406 1506 ve-

342 1527 415 1549 rum
439 1525 475 1550 ut
497 1518 529 1549 id
559 1520 647 1559 quod
671 1525 718 1550 est
741 1520 780 1549 ad
802 1519 899 1550 finem
925 1519 1090 1550 ordinatur
1111 1519 1143 1549 in
1166 1518 1282 1555 finem,
1302 1519 1335 1549 in
1359 1528 1406 1549 re-

341 1562 517 1602 sponsione
540 1563 579 1593 ad
602 1563 781 1594 secundum
803 1563 906 1603 quinti
930 1563 1052 1594 articuli
1079 1569 1184 1602 patet,
1209 1562 1264 1593 ubi
1294 1563 1407 1593 dicitur

342 1607 431 1647 quod
453 1608 568 1638 iurans
590 1617 653 1638 non
673 1607 803 1638 ordinat
825 1608 1041 1638 iuramentum
1058 1607 1102 1637 ad
1117 1606 1333 1638 venerandum
1350 1612 1407 1637 aut

341 1650 542 1692 diligendum
558 1661 630 1682 eum
643 1661 707 1692 per
724 1661 816 1692 quem
834 1652 932 1691 iurat,
947 1651 1005 1682 sed
1019 1650 1062 1681 ad
1077 1651 1199 1691 aliquid
1214 1651 1305 1681 aliud
1322 1651 1406 1691 quod

340 1700 388 1726 est
411 1696 626 1726 necessarium
649 1696 818 1736 praesenti
839 1696 941 1726 vitae:
970 1695 1032 1725 hoc
1062 1701 1169 1725 autem
1193 1701 1316 1726 constat
1340 1705 1406 1725 esse

341 1738 561 1779 certitudinem
583 1738 649 1769 veri
671 1739 761 1779 quod
783 1739 963 1769 iuramento
986 1738 1138 1770 firmatur.
1163 1756 1184 1762 —
1209 1739 1306 1776 Quod
1329 1749 1405 1769 vero

339 1781 556 1814 iuramentum
579 1793 646 1814 non
666 1782 830 1814 ordinetur
845 1783 884 1813 ad
906 1793 1018 1813 verum
1042 1783 1131 1825 quod
1146 1782 1290 1813 firmatur
1311 1790 1347 1814 ut
1369 1782 1406 1813 fi-

302 1826 307 1830 ’
338 1834 429 1864 nem,
454 1836 491 1858 ex
513 1837 553 1859 eo
576 1833 662 1867 patet
685 1827 774 1868 quod
796 1827 887 1858 latria
909 1837 974 1858 non
997 1834 1079 1858 recte
1115 1827 1278 1858 ordinatur
1301 1827 1334 1857 in
1357 1837 1405 1858 res

337 1870 495 1902 humanas
519 1878 555 1903 ut
576 1870 692 1902 finem:
718 1881 793 1902 curn
805 1872 889 1913 finis
909 1872 1045 1902 nobilior
1066 1873 1108 1902 sit
1131 1881 1168 1902 eo
1190 1871 1275 1912 quod
1293 1877 1340 1902 est
1362 1872 1406 1902 ad

223 1916 311 1972 ἔρφῑῗ
327 1915 433 1956 finem
448 1915 476 1946 *.
502 1917 615 1957 Neque
639 1915 724 1946 enim
752 1915 800 1946 fas
824 1923 870 1946 est
899 1916 1041 1946 divinam
1063 1915 1268 1947 reverentiam
1291 1916 1405 1946 huma·
1430 1946 1432 1955 ι

338 1969 398 1990 nae
420 1959 541 1992 veritati
565 1969 756 2000 supponere.

393 2003 432 2036 11.
457 2005 508 2035 Ad
530 2004 593 2035 hoc
616 2003 751 2034 dubium
774 2003 888 2034 dicitur
911 2004 1000 2045 quod
1023 2004 1055 2034 in
1070 2004 1249 2034 iuramento
1271 2013 1404 2034 concur-

337 2055 412 2079 runt
435 2048 517 2079 duo:
542 2049 677 2079 alterum
699 2055 736 2079 ut
754 2048 938 2085 exhibitum,
962 2048 1079 2079 scilicet
1101 2048 1206 2078 divina
1222 2048 1403 2085 reverentia,

337 2102 421 2134 quae
443 2093 549 2124 Deum
571 2092 752 2123 invocando
775 2092 809 2122 in
832 2099 945 2123 testem
972 2092 1134 2123 exhibetur
1157 2092 1217 2133 ipsi
1241 2093 1311 2123 Deo
1319 2101 1327 2129 ;
1361 2093 1403 2123 al-

337 2144 443 2168 terum
470 2143 506 2169 ut
533 2143 747 2178 expectatum,
772 2136 889 2168 scilicet
915 2136 1128 2167 manifestatio
1150 2136 1232 2173 veri,
1257 2147 1338 2177 quae
1368 2144 1404 2168 ut

335 2180 400 2218 fiat,
425 2182 526 2212 aDeo
541 2181 676 2212 iurando
690 2180 889 2221 imploratur.
913 2181 1058 2211 Primum
1081 2181 1198 2211 horum
1221 2187 1340 2220 spectat
1363 2182 1402 2212 ad

337 2225 440 2266 ipsam
464 2225 631 2256 essentiam
654 2225 839 2262 iuramenti:
869 2232 905 2256 ut
934 2231 1021 2265 patet
1050 2235 1087 2256 ex
1114 2225 1176 2256 hoc
1204 2225 1294 2266 quod
1320 2225 1403 2256 iura-

338 2276 484 2300 mentum
507 2276 553 2300 est
569 2277 657 2301 actus
671 2269 788 2306 latriae,
814 2276 849 2300 ut
864 2269 896 2300 in
913 2269 1013 2300 littera
1028 2269 1045 2288 *
1066 2269 1187 2300 dicitur.
1219 2269 1402 2300 Secundum

337 2320 446 2345 autem
465 2320 585 2354 spectat
607 2314 648 2344 ad
668 2313 815 2344 effectum
828 2313 939 2354 ipsius,
958 2313 1116 2345 mediante
1135 2320 1242 2344 tamen
1258 2314 1338 2344 Deo.
1362 2314 1404 2345 Et

336 2358 439 2390 simile
461 2365 508 2390 est
529 2359 635 2389 videre
653 2358 687 2388 in
703 2358 857 2389 oratione.
882 2358 952 2399 Ipsa
968 2367 1107 2399 namque
1122 2358 1224 2389 oratio
1249 2364 1296 2389 est
1314 2364 1401 2389 actus

335 2402 464 2434 latriae:
496 2402 652 2443 protectio
684 2409 791 2433 tamen
820 2403 859 2432 ab
891 2403 1036 2434 hostibus
1066 2402 1339 2433 circumstantibus
1368 2403 1401 2432 in

336 2447 414 2478 silva
436 2456 492 2486 per
514 2447 655 2488 aliquem
677 2447 788 2487 petita,
814 2453 860 2477 est
883 2446 1010 2478 effectus
1033 2446 1184 2477 orationis
1208 2446 1314 2476 divina
1336 2457 1401 2477 me-

336 2491 442 2522 diante
465 2501 536 2531 ope.
570 2491 610 2521 Et
639 2491 915 2531 quemadmodum
943 2491 1044 2522 oratio
1068 2490 1137 2530 ipsa
1165 2491 1203 2520 ad
1230 2491 1337 2521 Deum
1369 2498 1404 2521 ut

335 2534 434 2566 finem
450 2535 623 2571 ordinatur,
647 2542 678 2566 et
701 2545 767 2565 non
790 2535 829 2565 ad
853 2545 921 2565 rem
943 2536 1116 2566 humanam
1137 2542 1173 2565 ut
1196 2534 1306 2571 finem;
1331 2534 1414 2565 effe?

336 2585 405 2610 ctus
428 2585 535 2610 tamen
559 2579 722 2616 orationis,
745 2586 823 2619 puta
845 2580 978 2620 protegi,
1003 2579 1166 2610 ordinatur
1189 2579 1227 2608 ad
1252 2589 1319 2609 rem
1343 2579 1401 2610 hu—

336 2634 467 2654 manam
497 2631 532 2655 ut
553 2623 668 2660 finem,
692 2630 769 2663 puta
798 2623 896 2653 vitam
920 2623 1133 2664 corporalem:
1161 2623 1205 2653 ita
1226 2623 1259 2653 in
1283 2633 1401 2663 propo-

337 2667 397 2698 sito
421 2667 530 2708 ipsum
552 2668 765 2698 iuramentum
783 2677 849 2697 non
873 2668 1036 2699 ordinatur
1058 2668 1091 2698 in
1109 2677 1221 2697 verum
1245 2668 1333 2708 quod
1349 2667 1400 2698 fir-

337 2718 442 2742 matur
469 2719 504 2743 ut
534 2711 640 2749 finem,
661 2712 715 2742 sed
738 2711 770 2741 in
790 2711 912 2748 Deum;
937 2712 1064 2743 effectus
1087 2719 1193 2742 tamen
1221 2711 1400 2748 iuramenti,

337 2755 454 2787 scilicet
469 2755 672 2792 manifestari,
688 2755 852 2786 ordinatur
869 2756 909 2786 ad
920 2766 1031 2787 verum
1048 2762 1084 2786 ut
1097 2755 1208 2792 finem;
1228 2755 1300 2786 finis
1316 2756 1402 2786 enim

337 2809 435 2840 quare
463 2799 544 2830 illud
572 2799 791 2830 manifestatur
817 2806 864 2830 est
893 2807 929 2831 ut
950 2810 1063 2831 verum
1090 2809 1157 2830 esse
1181 2807 1400 2839 cognoscatur.

336 2843 474 2884 Oportet
496 2853 572 2884 ergo
587 2850 717 2874 cautum
731 2853 798 2874 esse
820 2844 972 2875 lectorem
995 2844 1050 2875 ubi
1067 2843 1221 2874 invenerit
1243 2844 1402 2874 iuramen-

337 2895 409 2919 tum
432 2887 569 2918 ordinari
583 2888 635 2918 vel
657 2897 724 2918 non
743 2887 881 2918 ordinari
903 2889 944 2918 ad
957 2888 1023 2919 veri
1038 2887 1264 2927 cognitionem,
1282 2894 1317 2918 ut
1339 2888 1400 2918 dis-

338 2931 461 2972 tinguat
483 2938 520 2962 ut
542 2931 689 2962 diximus.

393 2976 446 3007 111.
462 2976 524 3006 Pro
534 2975 694 3007 intellectu
710 2982 816 3006 tamen
825 2975 955 3011 litterae,
968 2975 1046 3006 scito
1063 2975 1162 3016 quod,
1172 2975 1211 3005 de
1222 2974 1400 3006 iuramento

337 3020 408 3061 ipso
422 3020 598 3061 loquendo,
612 3026 648 3051 ut
663 3021 785 3050 Auctor
799 3019 952 3060 loquitur,
970 3019 1141 3049 dicendum
1157 3025 1204 3049 est
1218 3019 1308 3059 quod
1323 3028 1400 3050 neu-

337 3071 423 3095 trum
437 3064 478 3095 ad
489 3063 624 3095 alterum
640 3063 805 3094 ordinatur
820 3070 856 3094 ut
870 3062 983 3094 finem:
999 3063 1043 3094 ita
1063 3063 1155 3104 quod
1170 3072 1228 3094 nec
1242 3063 1400 3094 iuramen—

337 3115 409 3139 tum
421 3115 468 3139 est
481 3107 554 3138 finis
564 3108 630 3139 veri
646 3108 734 3148 quod
749 3106 902 3146 firmatur,
919 3117 976 3138 nec
992 3117 1009 3138 e
1025 3113 1143 3138 contra.
1163 3107 1205 3138 Et
1218 3107 1307 3148 quod
1317 3107 1400 3138 iura-

337 3159 484 3183 mentum
499 3162 566 3183 non
581 3152 622 3184 sit
637 3151 718 3188 finis,
730 3151 812 3182 clare
825 3158 911 3192 patet
928 3151 961 3183 in
979 3151 1185 3192 responsione
1201 3153 1241 3182 ad
1258 3151 1400 3191 primum

301 3188 308 3208 ἲ
337 3196 442 3238 quinti
461 3196 594 3228 articuli.
618 3196 716 3234 Quod
740 3195 835 3226 etiam
853 3206 966 3227 verum
984 3205 1050 3227 non
1067 3195 1106 3227 sit
1127 3195 1199 3227 finis
1222 3195 1400 3232 iuramenti,

337 3241 434 3272 habes
456 3240 490 3271 in
512 3240 720 3281 responsione
743 3240 783 3270 ad
801 3240 930 3271 tertium
953 3240 1056 3281 quarti
1080 3239 1211 3277 articuli,
1231 3239 1286 3270 ubi
1305 3239 1401 3270 habes

338 3292 374 3316 ut
393 3285 474 3316 sicut
488 3285 575 3316 Deus
598 3291 728 3325 propter
745 3283 881 3324 gloriam
904 3294 997 3316 suam
1017 3290 1049 3315 et
1066 3291 1210 3316 nostram
1233 3283 1400 3315 utilitatem

337 3336 497 3370 operatur,
512 3329 556 3360 ita
578 3339 638 3360 nos
660 3328 802 3360 iuramus
825 3335 955 3369 propter
978 3329 1118 3360 divinam
1140 3328 1348 3360 reverentiam
1370 3334 1402 3359 et

1461 1165 1595 1205 gloriam
1612 1173 1643 1196 et
1657 1166 1824 1197 utilitatem
1840 1167 2024 1198 humanam.
2045 1169 2086 1199 Et
2101 1169 2212 1200 dicitur
2224 1170 2286 1201 hoc
2300 1172 2520 1211 respondendo

1462 1217 1648 1249 argumento
1672 1212 1760 1251 quod
1783 1210 1854 1241 finis
1870 1211 2028 1252 religionis
2048 1219 2094 1243 est
2115 1213 2212 1247 Deus.
2227 1214 2394 1246 iuramenti
2415 1223 2520 1247 autem

1462 1253 1661 1286 confirmatio
1674 1255 1754 1285 veri:
1772 1262 1924 1296 tanquam
1936 1256 1962 1286 si
1971 1263 2076 1297 aperte
2087 1256 2240 1288 diceretur
2252 1259 2340 1299 quod
2353 1259 2520 1291 iuramenti

1460 1297 1530 1328 finis
1555 1305 1601 1329 est
1623 1299 1725 1335 Deus,
1750 1299 1948 1331 confirmatio
1972 1307 2080 1331 autern
2101 1301 2166 1331 veri
2190 1311 2255 1332 non
2278 1310 2324 1333 est
2346 1302 2416 1333 finis
2439 1304 2520 1334 iura-

1460 1342 1568 1379 menti,
1586 1344 1640 1373 sed
1664 1343 1780 1374 utilitas
1797 1354 1833 1374 ex
1848 1344 2027 1376 iuramento
2050 1345 2254 1385 proveniens;
2279 1347 2359 1377 sicut
2381 1354 2466 1387 patet
2487 1348 2519 1378 in

1460 1387 1605 1427 exemplo
1629 1387 1703 1418 dato
1727 1388 1766 1418 de
1790 1388 1973 1428 operatione
1995 1389 2065 1426 Dei,
2090 1390 2179 1420 cuius
2202 1389 2272 1420 finis
2296 1398 2343 1421 est
2363 1391 2440 1431 ipse,
2462 1392 2520 1423 uti-

1459 1429 1528 1460 litas
1547 1437 1654 1461 autem
1678 1438 1724 1462 est
1746 1433 1870 1462 bonum
1886 1439 2041 1464 nostrum.
2065 1433 2106 1464 Et
2129 1434 2241 1465 merito
2266 1434 2309 1464 sic
2332 1434 2421 1465 dixit:
2446 1437 2521 1476 quia

1459 1473 1531 1505 licet
1554 1475 1640 1505 testis
1664 1482 1699 1506 ut
1722 1476 1765 1506 sic
1780 1476 1937 1507 videretur
1958 1487 2024 1507 esse
2047 1485 2176 1518 propter
2198 1477 2378 1509 firmitatem
2393 1480 2458 1510 veri
2482 1481 2520 1510 ad

1459 1519 1548 1558 quod
1576 1518 1719 1555 affertur,
1745 1520 1927 1551 excellentia
1954 1527 2059 1551 tamen
2083 1521 2152 1552 talis
2176 1531 2212 1552 ac
2235 1528 2338 1553 tantae
2367 1533 2520 1563 personae

1459 1572 1542 1602 quae
1565 1563 1651 1593 Deus
1675 1570 1730 1598 est,
1754 1564 1787 1593 in
1811 1563 1971 1594 infinitum
1995 1565 2094 1596 elevat
2117 1566 2334 1596 inductionem
2357 1567 2457 1603 testis;
2482 1575 2518 1599 ut

1459 1613 1545 1645 patet
1563 1616 1600 1636 ex
1615 1606 1676 1637 hoc
1699 1608 1787 1647 quod
1810 1607 1958 1638 inducere
1981 1609 2086 1639 Deum
2105 1609 2137 1639 in
2161 1616 2273 1640 testem
2297 1617 2344 1641 est
2367 1618 2454 1642 actus
2477 1612 2519 1642 la-

1459 1649 1545 1686 triae,
1570 1660 1651 1690 quae
1675 1651 1734 1680 soli
1753 1651 1823 1681 Deo
1840 1652 1976 1682 exhiberi
1998 1659 2112 1692 potest.
2137 1653 2183 1683 Ex
2198 1654 2259 1684 hoc
2275 1654 2361 1684 enim
2376 1656 2521 1695 provenit

1459 1694 1548 1734 quod
1571 1694 1636 1724 veri
1660 1694 1814 1725 certitudo
1838 1706 1904 1726 non
1927 1695 2015 1733 finis,
2041 1697 2094 1727 sed
2125 1697 2242 1727 utilitas
2271 1705 2317 1728 est
2343 1698 2519 1730 iuramenti.

1459 1737 1551 1768 Unde
1575 1739 1704 1778 quando
1721 1739 1861 1769 invenies
1883 1740 1971 1780 quod
1995 1740 2209 1771 iuramentum
2228 1741 2391 1772 ordinatur
2409 1744 2448 1773 ad
2467 1754 2520 1774 ve-

1458 1791 1530 1812 rum
1553 1783 1642 1823 quod
1665 1782 1821 1820 firmatur,
1847 1791 1882 1814 ut
1904 1784 2004 1814 littera
2028 1784 2103 1815 dicit
2125 1785 2158 1814 in
2181 1785 2387 1825 responsione
2410 1787 2448 1817 ad
2473 1797 2519 1818 se-

1458 1827 1601 1856 cundum
1616 1826 1719 1867 quinti
1735 1828 1867 1864 articuli,
1891 1828 2027 1868 intellige
2051 1829 2089 1859 de
2105 1829 2215 1859 ordine
2231 1829 2355 1860 honesti
2374 1831 2414 1860 ad
2433 1831 2519 1866 utile,

1458 1877 1489 1901 et
1505 1881 1570 1901 non
1588 1871 1627 1901 de
1642 1871 1753 1901 ordine
1769 1871 1854 1902 utilis
1870 1873 1909 1902 ad
1925 1872 2110 1903 honestum:
2135 1873 2306 1904 honestum
2327 1874 2412 1904 enim
2428 1875 2521 1906 habet

1458 1924 1617 1945 annexum
1640 1915 1716 1946 utile
1738 1916 1829 1956 quasi
1847 1916 2003 1952 effectum,
2021 1924 2052 1948 et
2074 1927 2140 1948 non
2156 1917 2250 1948 habet
2272 1917 2348 1952 utile
2371 1928 2430 1958 pro
2446 1918 2519 1950 fine.

1513 1959 1579 1989 Nec
1602 1966 1632 1990 te
1655 1961 1838 1999 perturbent
1853 1960 1906 1990 illa
1921 1961 2015 1991 verba
2029 1961 2061 1991 in
2078 1961 2189 1991 eadem
2202 1962 2408 2002 responsione
2426 1963 2517 2000 dicta,

1458 2003 1586 2034 scilicet:
1611 2003 1733 2034 Jurans
1760 2014 1823 2035 non
1847 2005 1975 2035 ordinat
1998 2006 2213 2036 iuramentum
2237 2006 2280 2036 ad
2302 2007 2518 2037 venerandum

1457 2053 1515 2078 aut
1536 2047 1735 2089 diligendum
1760 2058 1831 2079 eum
1855 2059 1919 2089 per
1944 2059 2036 2089 quem
2060 2050 2157 2080 iurat.
2188 2050 2276 2080 Haec
2299 2050 2384 2080 enim
2406 2050 2519 2081 intelli—

1457 2098 1575 2131 guntur
1597 2091 1651 2122 sic.
1683 2092 1791 2122 Iurans
1820 2102 1886 2123 non
1910 2093 2034 2124 ordinat
2063 2094 2206 2124 absolute
2234 2093 2449 2125 iuramentum
2479 2096 2518 2125 ad

1457 2136 1682 2172 venerandum,
1706 2137 1761 2167 sed
1784 2137 1909 2168 ordinat
1931 2147 1967 2168 ex
1983 2137 2164 2168 necessitate
2180 2138 2394 2169 iuramentum
2409 2139 2448 2169 ad
2467 2149 2518 2170 ve-

1458 2180 1643 2211 nerandum.
1674 2180 1722 2210 Ex
1744 2181 1806 2211 hoc
1829 2181 1914 2211 enim
1937 2191 2031 2212 sensu
2062 2182 2176 2212 directe
2199 2181 2308 2213 satisfit
2330 2190 2516 2223 argumento

1457 2234 1492 2254 ex
1515 2224 1716 2255 veneratione
1739 2225 1798 2255 Dei
1824 2225 1969 2256 inferenti
1993 2226 2253 2266 appetibilitatem
2275 2225 2452 2258 iuramenti.
2484 2227 2517 2258 Si

1456 2268 1541 2299 enim
1556 2268 1658 2299 iurare
1677 2275 1757 2299 esset
1775 2269 1834 2299 Dei
1849 2270 2008 2300 veneratio
2025 2270 2179 2307 absolute,
2196 2270 2410 2311 appetendum
2426 2277 2515 2302 esset.

1456 2313 1498 2349 Si,
1511 2319 1547 2343 ut
1563 2319 1658 2353 patet,
1672 2323 1738 2343 non
1750 2319 1797 2344 est
1811 2314 1970 2344 veneratio
1984 2314 2044 2344 Dei
2060 2314 2119 2344 nisi
2134 2314 2166 2344 in
2179 2314 2371 2351 necessitate,
2384 2315 2514 2355 quando

1455 2357 1572 2388 scilicet
1595 2363 1722 2398 oportet
1735 2367 1846 2387 verum
1865 2358 1996 2398 aliquod
2019 2357 2200 2389 certificare:
2225 2365 2302 2389 tunc
2317 2359 2438 2389 utimur
2459 2359 2517 2389 ho-

1455 2408 1542 2432 nesta
1557 2401 1758 2432 veneratione
1780 2408 1810 2432 et
1833 2402 2000 2433 dilectione
2018 2402 2078 2432 Dei
2093 2403 2132 2433 ad
2149 2403 2316 2434 utilitatem
2331 2402 2516 2439 humanam,

1455 2455 1552 2486 quam
1574 2446 1645 2477 talis
1668 2446 1827 2476 invocatio
1852 2453 1924 2477 nata
1947 2453 1993 2477 est
2015 2456 2133 2486 parere.

1511 2490 1563 2520 IV.
1589 2490 1649 2520 Sed
1674 2490 1776 2520 adhuc
1791 2490 1870 2520 circa
1886 2490 1962 2521 haec
1978 2490 2112 2521 dubium
2127 2497 2229 2526 restat,
2248 2501 2287 2520 an
2303 2490 2516 2521 iuramentum

1455 2541 1485 2564 et
1507 2544 1620 2564 verum
1649 2534 1738 2574 quod
1763 2533 1967 2565 confirmatur
1989 2544 2022 2565 se
2045 2535 2181 2565 habeant
2210 2541 2246 2564 ut
2269 2535 2371 2565 forma
2395 2542 2424 2565 et
2447 2545 2513 2566 ma-

1454 2578 1546 2614 teria;
1571 2588 1611 2608 an
1635 2578 1743 2618 aliquo
1767 2578 1829 2608 alio
1853 2579 1972 2615 modo;
1997 2585 2051 2609 aut
2075 2578 2207 2608 omnino
2232 2588 2287 2618 per
2310 2578 2462 2610 accidens.

1510 2622 1561 2652 Ad
1584 2623 1646 2653 hoc
1669 2622 1782 2652 dicitur
1805 2623 1904 2663 quod,
1928 2623 2054 2663 proprie
2070 2623 2244 2663 loquendo,
2267 2623 2392 2653 nullum
2415 2633 2515 2663 genus

1455 2676 1567 2697 causae
1591 2674 1621 2697 et
1645 2666 1771 2698 effectus
1794 2667 1922 2707 proprie
1936 2667 2093 2697 invenitur
2113 2667 2192 2697 inter
2208 2676 2243 2696 ea
2262 2667 2322 2697 nisi
2338 2666 2514 2698 efficientis:

1455 2711 1567 2740 eodem
1591 2711 1690 2740 modo
1718 2720 1784 2751 quo
1809 2711 1978 2751 deprecans
2001 2711 2082 2741 inter
2105 2710 2271 2741 efficientes
2296 2721 2404 2741 causas
2428 2721 2514 2741 com-

1454 2761 1593 2794 putatur.
1618 2755 1664 2785 Ita
1687 2761 1793 2785 tamen
1817 2755 1905 2795 quod
1929 2755 2092 2785 causalitas
2106 2755 2273 2785 iuramenti
2293 2765 2388 2794 supra
2403 2765 2514 2785 verum

1455 2809 1521 2829 non
1552 2798 1702 2829 referatur
1731 2799 1770 2828 ad
1793 2809 1904 2829 verum
1933 2799 1966 2828 in
1990 2809 2037 2835 se,
2061 2799 2116 2829 sed
2146 2798 2179 2828 in
2206 2798 2254 2828 sui
2283 2798 2513 2829 certificatione.

1454 2843 1553 2880 Quod
1576 2852 1613 2872 ex
1632 2842 1694 2873 hoc
1716 2849 1802 2882 patet
1824 2843 1914 2883 quod
1935 2842 2086 2873 invocans
2109 2842 2215 2872 Deum
2237 2842 2270 2872 in
2293 2849 2404 2873 testem
2423 2843 2514 2873 invo-

1455 2893 1504 2917 cat
1518 2885 1787 2917 manifestatorem
1801 2886 1876 2917 veri.
1891 2887 1949 2917 Est
1964 2893 2069 2917 tamen
2085 2886 2243 2926 quaedam
2258 2885 2431 2917 similitudo
2448 2897 2513 2916 ma-

1453 2930 1548 2961 teriae
1572 2937 1603 2960 et
1625 2929 1746 2960 formae
1769 2930 1849 2960 inter
1864 2940 1899 2960 ea
1914 2930 2022 2970 quoad
2040 2930 2102 2960 hoc
2122 2930 2210 2970 quod
2232 2930 2445 2961 iuramentum
2462 2940 2513 2961 su—

1454 2974 1595 3014 pervenit
1618 2981 1648 3005 et
1670 2974 1761 3014 quasi
1777 2974 1916 3005 adiacere
1931 2974 2115 3014 intelligitur
2137 2983 2212 3004 vero
2235 2975 2324 3014 quod
2348 2973 2513 3004 confirma-

1454 3025 1514 3049 tur.
1533 3018 1608 3048 Non
1627 3024 1734 3048 tamen
1749 3025 1796 3048 est
1809 3018 1853 3048 ibi
1872 3018 1999 3058 proprie
2013 3017 2142 3049 materia
2157 3024 2188 3049 et
2206 3017 2319 3054 forma,
2335 3018 2416 3048 sicut
2434 3019 2514 3050 inter

1453 3069 1567 3093 votum
1589 3069 1620 3092 et
1641 3072 1710 3092 rem
1732 3062 1940 3102 promissam:
1973 3062 2050 3103 quia
2073 3062 2202 3101 materia
2223 3069 2271 3092 est
2298 3069 2427 3103 propter
2449 3062 2513 3093 for-

1454 3113 1556 3144 mam3
1580 3106 1644 3136 iam
1659 3113 1767 3137 autem
1782 3106 1902 3137 dictum
1917 3113 1963 3138 est
1977 3106 1995 3126 *
2010 3106 2098 3147 quod
2113 3115 2225 3137 verum
2241 3116 2307 3137 non
2323 3113 2370 3137 est
2384 3113 2514 3147 propter

1453 3150 1678 3181 iuramentum.
1709 3151 1897 3191 Appellatur
1924 3157 2031 3181 tamen
2053 3160 2165 3181 verum
2194 3151 2283 3190 quod
2310 3149 2514 3181 confirmatur

1453 3195 1583 3225 materia
1604 3194 1791 3231 iuramenti,
1814 3194 1865 3225 vel
1894 3201 2024 3235 propter
2046 3194 2162 3225 dictam
2186 3194 2439 3225 similitudinem:
2463 3195 2513 3224 vel

1453 3238 1560 3279 potius
1586 3238 1668 3270 sicut
1694 3238 1824 3270 materia
1849 3238 1984 3279 agentis,
2010 3238 2089 3269 circa
2115 3248 2213 3279 quam
2235 3238 2352 3269 scilicet
2374 3245 2513 3269 versatur

1453 3292 1564 3323 agens3
1588 3283 1669 3314 sicut
1691 3283 1820 3314 materia
1843 3282 1995 3314 orationis
2018 3292 2077 3322 pro
2092 3282 2223 3313 sanitate
2238 3289 2369 3313 vocatur
2386 3282 2511 3318 sanitas,

1454 3335 1485 3359 et
1507 3327 1703 3358 huiusmodi.

2553 591 2564 601 ⁸
2578 590 2644 612 Vers-
2659 597 2687 619 13,
2705 597 2735 617 14.

2551 854 2561 863 ⁴
2569 853 2607 874 Au
2625 868 2632 875 .
2640 853 2728 875 Enarr.
2737 854 2761 875 in

2551 879 2588 901 Ρε.
2630 879 2669 906 111,
2675 886 2762 907 vers.7.

2646 917 2661 939 η

2541 3113 2550 3121 ·
2560 3110 2630 3133 Num.
2645 3111 2752 3139 praeced.
