2860 4244
192 1084 200 1092 ⁸
211 1083 257 1109 Qu.
266 1088 303 1108 cv,
311 1085 379 1103 artua.
390 1092 401 1096 -

174 1129 176 1131 .
191 1109 226 1131 Cf.
238 1109 398 1130 Comment.n.

193 1141 217 1156 n.

191 1524 200 1533 ⁸
214 1522 284 1544 Num.
299 1528 323 1544 ιι.

190 2598 199 2607 '¹
215 2597 281 2618 Vera.
296 2602 331 2625 29.

193 3128 201 3136 ⁸
215 3127 283 3149 Vers.
299 3133 330 3154 ¹7·

194 3284 203 3292 ·
218 3282 285 3304 Vers.
299 3288 331 3311 35.

428 257 505 303 408

430 335 572 365 trariatur
596 333 754 364 dilectioni
785 343 882 373 quam
907 342 942 362 ex
966 331 1145 361 necessitate
1170 329 1304 360 caritatis
1327 328 1372 358 illi
1396 328 1488 358 debe-

430 389 520 414 mus,
545 378 736 418 ingratitudo
768 376 939 406 formaliter
969 381 1135 414 peccatum
1165 373 1298 403 mortale
1330 371 1426 402 etiam
1457 372 1488 402 in

428 423 528 453 littera
551 422 694 462 ponitur,
720 421 796 451 dum
820 420 933 450 dicitur
955 419 1043 459 quod
1067 425 1195 458 propter
1218 416 1399 447 interiorem
1418 426 1490 446 con-

430 473 587 506 temptum
610 465 740 496 omissio
765 471 810 494 est
837 470 1001 503 peccatum
1025 462 1167 492 mortale.
1187 479 1208 484 —
1232 462 1272 491 Et
1296 470 1370 490 cum
1394 470 1489 501 quae-

430 511 521 541 ritur:
547 510 633 546 Quid
650 509 731 539 tollit
752 507 898 548 proximo
925 507 1115 546 ingratitudo
1140 502 1335 535 formaliter?
1358 514 1488 544 respon-

429 555 520 584 detur
535 553 622 594 quod
638 552 720 583 tollit
735 561 877 582 amorem
893 551 937 581 illi
954 551 1095 581 debitum
1111 557 1142 580 et
1160 550 1328 579 honorem.
1353 549 1394 579 Et
1412 549 1488 579 haec

429 608 493 628 non
511 597 781 638 qualitercumque
805 596 895 631 tollit,
913 595 966 625 sed
985 594 1229 625 contemnendo.
1254 594 1330 630 Quo
1346 600 1486 624 contem-

428 650 485 682 ptu
506 641 674 672 committit
696 640 727 669 in
752 639 983 670 benefactorem
1007 646 1078 669 actu
1102 638 1248 669 interiore
1273 637 1394 674 saltem,
1411 638 1488 668 dum

427 686 498 716 ideo
515 695 579 715 non
594 685 662 715 vult
681 684 848 714 retribuere
864 690 899 714 ut
914 683 989 713 velit
1007 690 1116 713 contra
1132 682 1384 713 benefactorem:
1410 682 1489 712 sicut

428 730 512 760 enim
532 736 732 768 contemptus
755 727 911 768 praecepti
935 734 982 757 est
1003 727 1083 757 velle
1103 726 1202 757 facere
1221 727 1270 756 vel
1289 726 1435 757 omittere
1454 733 1489 756 ut

427 773 466 804 sit
489 781 596 804 contra
619 779 831 812 praeceptum,
856 772 898 802 ita
922 778 1124 811 contemptus
1147 769 1299 807 beneficii,
1325 778 1360 801 ut
1383 770 1436 806 sic,
1454 781 1488 801 ac

427 818 559 858 proinde
582 817 806 852 benefactoris,
831 823 876 846 est
902 816 981 846 velle
1012 815 1112 846 facere
1134 816 1185 846 vel
1216 815 1361 846 omittere
1393 822 1427 846 ut
1451 815 1488 845 sit

427 868 535 892 contra
551 861 791 891 benefactorem.
817 860 914 897 Quod
930 870 966 890 ex
982 869 1041 890 suo
1058 869 1170 900 genere
1187 867 1279 890 sonat
1295 859 1488 890 contrarium

427 912 532 936 actum
555 905 715 935 dilectioni
739 904 957 939 benefactoris,
982 914 1017 934 ac
1040 914 1096 944 per
1118 904 1180 935 hoc
1202 904 1262 935 Dei
1280 904 1331 934 vel
1353 903 1487 944 proximi

426 950 573 980 iniuriam
595 949 766 989 importare
788 949 927 985 videtur,
952 949 1007 989 qui
1032 948 1213 980 benefactor
1236 956 1301 980 est:
1336 949 1376 978 ad
1402 948 1487 978 idern

427 994 511 1024 enim
535 993 646 1024 vitium
668 993 899 1033 ingratitudinis
922 1000 1039 1032 spectat
1063 999 1266 1033 contemptus
1289 992 1442 1029 beneficii,
1459 999 1489 1023 et

426 1038 648 1073 benefactoris,
673 1038 754 1069 sicut
776 1038 815 1068 ad
839 1037 970 1068 eandem
986 1037 1136 1068 virtutem
1156 1037 1356 1078 gratitudinis
1371 1044 1490 1077 spectat

427 1090 607 1123 utrumque.
638 1082 738 1113 Cuius
769 1082 955 1122 oppositum
987 1081 1108 1112 dictum
1136 1089 1182 1113 est
1200 1082 1218 1101 *
1244 1081 1427 1122 contingere
1456 1081 1487 1111 in

427 1126 621 1157 obedientia:
655 1126 730 1166 quia
758 1133 959 1166 contemptus
990 1126 1148 1167 praecepti
1171 1133 1292 1167 spectat
1317 1126 1357 1156 ad
1379 1125 1488 1156 inobe-

427 1171 591 1207 dientiam;
625 1178 825 1211 contemptus
852 1179 959 1202 autem
982 1171 1066 1201 illius
1097 1171 1152 1211 qui
1177 1170 1345 1212 praecipit,
1371 1177 1489 1210 spectat

427 1216 466 1245 ad
494 1215 708 1246 observantiae
731 1215 780 1245 vel
811 1215 935 1255 pietatis
963 1214 1138 1251 contraria,
1163 1222 1192 1246 et
1222 1214 1418 1246 huiusmodi.
1449 1215 1490 1245 Et

427 1259 505 1290 ratio
530 1266 576 1290 est
598 1259 673 1300 quia
691 1259 736 1290 illi
759 1259 815 1300 qui
831 1259 1029 1300 praecipiunt
1051 1259 1179 1300 speciali
1201 1260 1340 1300 gaudent
1363 1268 1487 1298 praero-

426 1304 538 1344 gativa,
563 1310 598 1334 ut
621 1304 716 1340 Deus,
740 1311 836 1343 pater,
861 1304 1016 1344 princeps,
1041 1304 1158 1344 quibus
1181 1304 1324 1345 proprias
1341 1303 1399 1333 sibi
1422 1303 1489 1333 vin-

428 1348 531 1379 dicant
553 1348 682 1379 virtutes
706 1348 840 1379 maiores
863 1348 978 1379 virtute
1010 1349 1193 1389 respiciente
1222 1358 1336 1379 eorum
1365 1357 1489 1388 praece-

428 1399 534 1433 ptum:
559 1393 613 1422 sed
637 1392 838 1432 particulares
863 1403 1016 1433 personae
1039 1403 1122 1434 quae
1145 1392 1346 1424 benefaciunt
1369 1392 1488 1423 nullam

427 1443 652 1477 supponuntur
685 1437 798 1468 habere
829 1437 997 1477 specialem
1031 1437 1282 1479 praerogativam
1311 1437 1393 1468 ultra
1426 1437 1488 1468 hoc

426 1481 515 1522 quod
537 1480 725 1511 beneficium
746 1481 922 1512 conferunt.

482 1526 520 1555 V.
544 1526 595 1556 Ad
624 1525 758 1556 dubium
786 1527 964 1557 secundum
978 1526 996 1546 *
1019 1533 1125 1567 potest
1148 1526 1208 1557 dici
1239 1526 1328 1566 quod
1351 1532 1488 1566 utroque

427 1570 525 1599 modo
549 1570 684 1600 sumitur
707 1570 917 1610 ingratitudo,
943 1577 974 1601 et
995 1580 1106 1601 sensus
1128 1570 1162 1600 in
1185 1570 1270 1600 idem
1294 1570 1382 1601 redit.
1407 1570 1488 1600 Nam

426 1621 531 1654 potest
551 1614 611 1645 dici
635 1615 724 1655 quod
746 1615 883 1646 sumitur
897 1614 1092 1656 ingratitudo
1108 1614 1323 1646 materialiter:
1348 1621 1379 1645 et
1401 1615 1489 1655 quod

425 1658 617 1699 ingratitudo
642 1659 841 1690 materialiter
870 1666 947 1690 tunc
970 1659 1082 1691 dicitur
1109 1659 1222 1690 habere
1247 1658 1420 1699 perfectam
1442 1669 1489 1689 ra-

426 1703 546 1734 tionem
569 1703 801 1743 ingratitudinis
825 1704 955 1745 quando
979 1704 1074 1735 habet
1096 1703 1232 1744 perfecte
1255 1703 1420 1734 materiam
1443 1704 1490 1734 in-

425 1748 631 1788 gratitudinis.
656 1748 697 1780 Et
719 1748 795 1789 quia
814 1755 980 1788 peccatum
997 1748 1130 1779 mortale
1146 1755 1192 1779 est
1208 1748 1343 1788 perfecte
1360 1748 1489 1778 materia

425 1792 665 1832 ingratitudinis,
688 1792 810 1823 veniale
832 1799 939 1824 autem
963 1802 1047 1830 non;
1072 1792 1144 1823 ideo
1167 1792 1361 1832 ingratitudo
1382 1802 1490 1823 conse-

426 1847 526 1878 quens
557 1837 689 1868 mortale
720 1837 832 1868 dicitur
859 1837 1013 1878 perfecta,
1036 1837 1097 1868 alia
1120 1837 1303 1877 imperfecta
1327 1844 1358 1867 et
1379 1847 1489 1868 secun-

426 1882 504 1912 dum
521 1881 608 1922 quid.
632 1899 651 1905 -
675 1881 716 1912 Et
738 1888 844 1921 potest
859 1881 920 1912 dici
943 1882 1033 1922 quod
1056 1881 1192 1912 sumitur
1210 1880 1403 1921 ingratitudo
1426 1881 1489 1912 for-

426 1926 558 1962 maliter,
583 1926 637 1956 sed
653 1936 719 1956 non
735 1926 927 1966 simpliciter,
951 1927 1006 1957 sed
1029 1926 1137 1967 quoad
1156 1926 1335 1956 materiam:
1359 1926 1434 1967 quia
1454 1936 1490 1956 ex

426 1977 556 2011 peccato
568 1970 693 2001 mortali
709 1970 843 2002 habetur
857 1971 995 2011 perfecta
1009 1971 1089 2001 ratio
1102 1970 1335 2010 ingratitudinis
1351 1980 1387 2000 ex
1403 1978 1489 2011 parte

426 2015 582 2051 materiae,
600 2025 636 2045 ex
651 2014 765 2045 veniali
786 2025 862 2046 non.
885 2015 990 2046 Prima
1013 2022 1119 2046 tamen
1139 2014 1294 2055 expositio
1318 2014 1418 2055 magis
1441 2015 1490 2046 lit-

425 2067 507 2090 terae
530 2066 694 2090 consonat.

479 2104 520 2134 Et
543 2104 636 2135 debes
652 2104 729 2134 scire
753 2104 841 2144 quod
860 2103 1242 2144 ingratitudmformaliter
1261 2103 1428 2144 dupliciter
1442 2103 1489 2134 in-

424 2149 566 2179 venitur:
590 2149 640 2179 vel
662 2148 695 2178 in
712 2148 839 2188 propria
855 2148 968 2188 specie,
983 2148 1033 2178 vel
1057 2148 1176 2179 elevata
1193 2148 1225 2178 in
1242 2148 1398 2188 superiori
1420 2157 1488 2187 spe-

1107 250 1372 298 QUAESTIO
1403 250 1522 296 CVII,
1551 249 1849 286 ARTICULUS
1880 250 1930 286 lV

1543 327 1608 363 cie;
1640 327 1720 358 sicut
1741 328 1883 368 potentia
1913 327 2093 359 calefactiva
2124 328 2284 358 invenitur
2307 327 2480 359 formaliter
2502 328 2535 358 in
2560 338 2611 359 ca-

1543 372 1619 408 lore,
1638 379 1668 402 et
1688 372 1720 401 in
1737 373 1816 403 luce.
1843 372 2038 412 Ingratitudo
2063 372 2237 402 formaliter
2252 372 2284 402 in
2299 372 2428 412 propria
2447 372 2550 412 specie
2565 379 2612 403 est

1543 415 1657 446 vitium
1672 426 1738 456 quo
1755 417 1826 457 quis
1849 417 1990 456 ingratus
2005 424 2051 447 est
2065 416 2244 456 particulari
2268 415 2475 446 benefactori:
2500 423 2530 447 et
2554 426 2611 456 op-

1543 460 1674 500 ponitur
1689 460 1804 492 directe
1819 461 1926 491 virtuti
1946 461 2072 501 gratiae.
2098 460 2294 500 Ingratitudo
2310 467 2419 490 autem
2437 460 2612 492 formaliter

1544 504 1663 535 elevata
1685 505 1718 535 in
1742 505 1832 545 peius
1855 505 1980 541 vitium,
2005 505 2185 535 continetur
2209 505 2309 535 modo
2333 505 2392 535 sub
2416 514 2494 541 uno,
2510 505 2609 535 modo

1516 550 1518 556 '
1544 549 1602 579 sub
1626 549 1725 579 altero
1748 549 1837 580 vitio.
1860 550 1944 580 Nam
1963 556 2107 589 respectu
2131 548 2275 579 beneficii
2298 548 2406 585 divini,
2431 548 2612 580 continetur

1543 593 1602 623 sub
1625 593 1863 633 irreligiositate,
1888 603 1969 635 quae
1993 593 2170 634 opponitur
2185 593 2340 633 religioni,
2362 593 2401 623 ad
2425 603 2523 634 quam
2540 602 2610 633 spe-

1543 644 1605 668 ctat
1628 637 1741 677 gratias
1758 647 1848 678 agere
1863 638 1951 674 Deo;
1975 645 2118 678 respectu
2134 647 2210 668 vero
2227 637 2370 668 beneficii
2386 636 2517 678 paterni,
2535 647 2612 668 con-

1543 682 1660 712 tinetur
1687 682 1746 712 sub
1776 682 1954 723 impietate,
1982 692 2064 723 quae
2094 682 2269 723 opponitur
2298 682 2422 722 pietati,
2447 681 2537 712 cuius
2566 689 2613 712 est

1543 726 1623 766 patri
1643 726 1762 756 debitas
1780 727 1894 766 gratias
1910 735 2013 766 agere;
2034 733 2177 767 respectu
2189 737 2264 757 vero
2284 726 2476 767 principum,
2492 732 2613 766 spectat

1543 771 1583 801 ad
1605 770 1719 801 vitium
1747 770 1942 801 contrarium
1965 771 2200 807 observantiae,
2226 771 2317 801 cuius
2341 777 2387 801 est
2413 770 2611 811 principibus

1542 814 1655 854 gratias
1672 814 1791 845 debitas
1807 815 1946 846 reddere.
1970 815 2064 846 Unde
2087 815 2284 856 quicumque
2301 815 2420 846 horum
2437 813 2612 846 contemnit

1543 858 1741 895 beneficium,
1766 859 1906 899 ingratus
1929 858 2105 889 formaliter
2128 859 2242 890 dicitur
2266 866 2296 890 et
2319 866 2375 896 est,
2400 860 2456 890 sed
2478 869 2544 890 non
2564 868 2611 889 se-

1544 904 1686 934 cundum
1710 913 1807 934 unam
1831 903 2003 934 rationem:
2035 903 2111 944 quia
2140 903 2220 934 alius
2250 904 2426 934 secundum
2454 903 2611 934 rationem

1542 947 1790 988 irreligiositatis,
1816 947 1896 978 alius
1919 948 2096 978 secundum
2119 948 2275 978 rationem
2297 947 2484 988 impietatis,
2505 955 2563 979 etc.
2587 964 2610 971 -

1543 993 1583 1023 Et
1606 993 1687 1023 hanc
1711 992 1888 1023 doctrinam
1912 992 2059 1032 colligere
2083 999 2174 1032 potes
2198 993 2236 1022 ab
2259 994 2399 1023 Auctore
2422 992 2541 1032 pluries
2563 1002 2610 1023 re-

1542 1043 1668 1077 petente
1684 1037 1774 1078 quod
1792 1036 1901 1076 religio
1918 1043 1965 1067 est
1983 1036 2170 1068 excellenter
2188 1036 2286 1076 pietas
2301 1035 2329 1072 ὓ,
2347 1030 2423 1068 εῐεζ;
2447 1043 2478 1068 et
2493 1037 2610 1077 specia-

1543 1082 1612 1114 liter
1634 1081 1666 1111 in
1697 1092 1706 1111 1
1731 1088 1786 1112 art.
1807 1090 1909 1121 praec.
1934 1081 2140 1122 quaestionis,
2157 1080 2222 1117 ubi,
2238 1081 2375 1122 loquens
2399 1081 2439 1111 de
2461 1081 2511 1112 his
2534 1091 2612 1122 qua-

1543 1133 1617 1156 tuor
1631 1125 1809 1162 virtutibus,
1827 1125 1943 1156 scilicet
1957 1125 2119 1165 religione,
2136 1125 2262 1166 pietate,
2278 1125 2478 1156 observantia
2498 1132 2529 1156 et
2543 1135 2612 1167 gra·

1543 1171 1595 1207 tia,
1614 1170 1690 1200 dixit
1705 1170 1794 1211 quod
1809 1169 1966 1210 posterior
1987 1169 2191 1210 distinguitur
2205 1180 2224 1200 a
2239 1169 2337 1210 priori
2352 1176 2388 1200 ut
2407 1169 2556 1201 deficiens
2571 1168 2613 1201 ab'

1543 1225 1590 1251 ea,
1615 1213 1770 1255 quoniam
1793 1214 1879 1254 prior
1902 1213 2036 1245 includit
2058 1214 2147 1255 quod
2171 1221 2219 1245 est
2240 1214 2434 1255 posterioris.
2458 1215 2543 1245 Nam
2565 1223 2612 1245 re-

1543 1259 1632 1299 ligio,
1657 1259 1735 1288 dum
1752 1258 1827 1290 colit
1842 1259 1948 1289 Deum
1965 1265 2001 1289 ut
2015 1266 2148 1299 patrem,
2173 1259 2267 1290 habet
2289 1259 2379 1300 quod
2401 1265 2448 1290 est
2470 1258 2613 1300 pietatis;

1544 1310 1574 1334 et
1598 1303 1706 1343 pietas,
1732 1303 1810 1333 dum
1834 1302 1910 1333 colit
1933 1309 2055 1343 patrem
2079 1310 2114 1334 ut
2137 1303 2330 1344 principium
2353 1303 2612 1343 gubernationis,

1543 1348 1638 1378 habet
1666 1347 1757 1388 quod
1787 1353 1833 1377 est
1863 1347 2096 1383 observantiae;
2131 1354 2162 1378 et
2188 1348 2406 1387 observantia,
2428 1348 2509 1378 dum
2535 1347 2613 1379 colit

1543 1391 1702 1433 principes
1726 1397 1762 1422 ut
1784 1390 2010 1426 benefactores.
2034 1391 2129 1422 habet
2151 1392 2241 1432 quod
2263 1398 2311 1423 est
2331 1392 2459 1432 gratiae.
2491 1392 2533 1423 Et
2554 1401 2611 1433 per

1544 1445 1753 1477 consequens,
1778 1436 1856 1466 dum
1881 1442 2131 1466 contemnuntur
2149 1435 2301 1467 beneficia
2314 1436 2384 1473 Dei,
2402 1436 2509 1477 patris,
2525 1436 2611 1477 prii>

1544 1481 1632 1521 cipis,
1657 1487 1713 1511 aut
1735 1480 1931 1520 particularis
1954 1480 2171 1517 benefactoris,
2197 1481 2337 1513 diversae
2351 1488 2426 1512 sunt
2447 1480 2612 1521 ingratam·-

1544 1526 1633 1556 dines
1657 1524 1840 1561 formaliter,
1865 1531 1902 1555 ut
1925 1524 2119 1555 declaratum
2142 1532 2198 1556 est.
2593 1545 2596 1550 ι

1600 1569 1796 1610 Ingratitudo
1826 1579 1957 1609 quoque
1981 1569 2182 1600 materialiter
2204 1568 2237 1599 in
2261 1569 2412 1600 omnibus
2439 1579 2523 1611 quae
2543 1579 2612 1602 mn-

1543 1614 1620 1645 teria
1642 1613 1884 1654 ingratitudinis,
1909 1613 2154 1654 quomodolibet
2177 1620 2341 1654 sumptae,
2365 1623 2434 1644 esse
2455 1620 2610 1654 potsunt,

1543 1658 1710 1690 invenitur.
1736 1658 1776 1689 Et
1795 1657 1865 1688 talis
1880 1657 2073 1698 ingratitudo
2089 1658 2323 1689 circumstantia
2341 1658 2474 1699 ponitur
2491 1658 2612 1700 peccati

1542 1703 1627 1734 illius
1657 1703 1746 1743 quod
1769 1701 1899 1732 materia
1922 1709 1969 1733 est
1991 1702 2241 1742 ingratitudinis,
2266 1709 2296 1733 et
2319 1713 2386 1734 non
2409 1703 2450 1734 ad
2471 1703 2611 1744 speciem
2652 1722 2654 1724 -

1543 1746 1789 1788 ingratitudinis,
1815 1746 1870 1777 sed
1893 1747 1932 1777 ad
1955 1747 2093 1787 speciem
2116 1747 2202 1778 illius
2224 1747 2344 1787 peccati
2367 1747 2459 1778 cuius
2487 1747 2612 1780 estcir-

1544 1791 1742 1827 cumstantia,
1771 1797 1905 1831 spectat:
1937 1798 1973 1822 ut
1995 1791 2028 1822 in
2051 1798 2109 1822 art.
2133 1791 2189 1823 ult.
2209 1791 2227 1811 *
2250 1802 2305 1833 qu.
2324 1801 2459 1823 Lxxxvm
2484 1792 2611 1825 Tei-ane

1543 1836 1642 1867 Partis
1665 1838 1788 1866 Auctor
1810 1836 1912 1866 docet.

1598 1881 1652 1912 VI.
1667 1881 1785 1911 Notare
1801 1889 1932 1920 quoque
1948 1879 2042 1910 debes
2058 1887 2216 1921 quantum
2228 1879 2396 1920 profecerit
2407 1881 2541 1917 Auctor,
2553 1880 2610 1922 qui

1542 1925 1575 1956 in
1600 1925 1642 1956 lv
1658 1925 1757 1960 Sent„
1775 1924 1845 1954 dist.
1862 1934 1934 1960 xxtr,
1951 1934 2006 1965 qu.
2029 1935 2054 1960 1,
2072 1931 2128 1955 art.
2147 1934 2176 1960 2,
2197 1934 2251 1965 qu.
2274 1935 2284 1954 ι
2305 1924 2332 1961 *,
2349 1924 2460 1965 posuit
2480 1924 2608 1966 ingrati·

1543 1969 1687 2000 tudinem
1711 1969 1834 2009 opponi
1857 1968 2008 2005 iustitiae;
2033 1969 2084 2000 hic
2108 1975 2226 2005 autem,
2250 1968 2284 1999 in
2307 1968 2440 2000 articulo
2456 1970 2610 2007 secundo,

1543 2014 1667 2055 opponi
1696 2014 1770 2044 dicit
1800 2023 1870 2044 eam
1893 2013 2020 2053 gratiae.
2052 2013 2138 2044 Cum
2161 2013 2247 2044 enim
2274 2014 2373 2054 gratia
2395 2013 2435 2045 sit
2457 2023 2529 2054 pars
2551 2024 2610 2055 po-

1544 2058 1678 2090 tentialis
1693 2058 1839 2094 iustitiae,
1862 2057 1896 2088 id
1919 2058 2007 2098 quod
2030 2057 2074 2088 ibi
2098 2057 2157 2088 toti
2176 2057 2326 2093 attribuit.
2350 2058 2402 2089 hic
2425 2058 2554 2099 proprie
2573 2058 2611 2090 it·

1542 2103 1604 2133 lius
1634 2103 1714 2143 parti
1743 2102 1868 2138 tribuit,
1893 2101 1969 2142 quia
1995 2103 2035 2133 ad
2065 2102 2245 2133 distinctam
2269 2103 2484 2143 cognitionem
2513 2102 2611 2144 panis

1543 2154 1694 2188 pervenit.

1202 2300 1520 2344 ARTICULUS
1552 2299 1826 2354 QUARTUS

969 2393 1124 2425 UTRUM
1148 2394 1349 2426 INGRATIS
1372 2394 1470 2426 stNT
1493 2394 1720 2426 BENEFICIA
1744 2394 2067 2425 SUBTRAHENDA

516 2504 521 2512 ‚
569 2514 586 2522 ,f
614 2508 616 2511 v
642 2495 663 2520 n
683 2495 856 2525 QUARTUM
874 2495 927 2520 stc
947 2495 1186 2520 PROCEDlTUR.
1206 2483 1365 2520 Videtur
1384 2483 1490 2531 quod
1515 2482 1518 2517 l
1544 2483 1620 2520 Sed
1651 2483 1731 2519 eius
1754 2495 1824 2531 per
1851 2482 2104 2520 imitationem
2124 2494 2196 2520 nos
2214 2482 2313 2519 filios
2334 2495 2415 2520 esse
2445 2491 2608 2532 oportet,

457 2530 465 2542 '
498 2535 504 2542 ”
640 2536 793 2584 ingratis
822 2536 894 2572 sint
922 2536 1107 2572 beneficia
1126 2537 1394 2574 subtrahenda.
1424 2536 1490 2572 Di-

615 2588 735 2627 citur
763 2589 866 2626 enim
902 2590 989 2637 Sap.
1019 2601 1078 2625 xvl
1104 2588 1139 2625 *ε
1176 2589 1345 2638 Ingratis
1364 2594 1381 2610 ‘²
1408 2601 1490 2637 spes

641 2648 819 2691 tanquam
839 2642 1042 2679 hibernalis
1054 2642 1195 2692 glacies
1209 2643 1376 2678 tabescet.
1399 2643 1489 2678 Non

429 2702 556 2732 autern
586 2694 665 2732 eius
698 2708 784 2744 spes
817 2696 1027 2732 tabesceret
1055 2696 1084 2731 si
1114 2707 1191 2732 non
1229 2703 1327 2732 esset
1356 2695 1389 2732 ei
1427 2696 1490 2732 be·
1516 2723 1517 2726 η

429 2748 609 2786 neficium
639 2749 951 2786 subtrahendum.
986 2749 1089 2796 Ergo
1118 2755 1204 2785 sunt
1232 2749 1488 2787 subtrahenda

428 2801 614 2839 beneficia
642 2802 806 2850 ingratis.

483 2867 516 2892 2.
547 2856 779 2903 Pam-anei,
802 2855 926 2892 nullus
955 2855 1068 2892 debet
1088 2854 1191 2891 alteri
1211 2855 1397 2903 praebere
1427 2867 1489 2892 oc-

429 2908 621 2945 casionem
650 2908 844 2958 peccandi.
877 2909 953 2945 Sed
982 2909 1148 2956 ingratus
1177 2908 1409 2945 beneficium
1433 2920 1488 2945 re·
1514 2907 1517 2935 ἓ

429 2962 570 3010 cipiens
591 2962 704 2999 sumit
723 2961 995 3010 ingratitudinis
1016 2961 1271 2998 occasionem.
1293 2962 1393 3012 Ergo
1411 2974 1488 2999 non

430 3023 484 3052 est
513 3015 656 3062 ingrato
685 3015 915 3052 beneficium
946 3015 1127 3052 dandum.

485 3069 518 3104 3.
549 3069 786 3114 PRAETEREA,
817 3069 853 3104 in
882 3079 956 3116 quo
984 3068 1065 3116 quis
1086 3073 1235 3116 peccat,
1258 3079 1332 3115 per
1357 3070 1429 3106 hoc
1455 3074 1490 3105 et

430 3126 643 3169 torquetur,
671 3129 711 3158 ut
740 3121 871 3157 dicitur
900 3122 986 3168 Sap.
1016 3133 1051 3157 xi
1070 3120 1100 3157 ²¹⁸.
1141 3121 1218 3158 Sed
1246 3121 1306 3157 ille
1339 3122 1405 3169 qui
1434 3121 1487 3159 in·
1514 3141 1516 3162 ε

429 3181 555 3222 gratus
585 3181 639 3211 est
667 3170 855 3211 ben‘efieio
885 3181 1062 3222 acceptO,
1092 3182 1224 3222 peccat
1262 3182 1391 3212 contra
1423 3175 1488 3212 be-

430 3227 609 3264 neficium
629 3225 654 3263 β.
685 3228 787 3276 Ergo
817 3233 872 3263 est
900 3226 1087 3263 beneficio
1116 3227 1336 3275 privandus.

484 3282 557 3318 SED
582 3291 727 3317 CONTRA
755 3291 820 3317 EST
847 3279 952 3327 quod
981 3278 1115 3316 dicitur
1143 3280 1235 3316 Luc.
1264 3291 1300 3316 vt
1319 3279 1354 3326 ²¹²,
1385 3281 1488 3328 quod

430 3334 640 3370 Altissimus
667 3334 850 3383 benignus
879 3338 934 3369 est
956 3344 1069 3380 super
1096 3332 1267 3381 ingratos
1294 3338 1329 3369 et
1355 3333 1486 3370 malos.

484 3461 511 3491 α)
531 3459 659 3492 Ingratis.
671 3473 692 3478 —
711 3459 816 3492 Ingrati
834 3459 982 3484 PGHILsC.

485 3494 509 3527 β)
528 3494 687 3527 beneficium.
698 3508 716 3513 -
734 3495 874 3527 beneficum
895 3494 925 3518 Ι).

482 3531 508 3563 γ)
527 3530 640 3562 quidem,
661 3529 762 3562 quid.-
780 3529 884 3561 quidem
904 3529 975 3562 quod
992 3528 1041 3559 Ka,
1062 3529 1126 3561 quid
1144 3532 1183 3555 est
1201 3529 1272 3562 quod
1290 3530 1318 3554 P.

484 3565 508 3595 ὃ)
528 3565 677 3598 beneficum.
690 3579 709 3583 -
728 3564 879 3597 benficium
893 3565 1034 3597 BEFpGK-

1543 2544 1585 2572 ut
1613 2535 1755 2573 ibidem
1787 2535 1930 2572 dicitur.
1965 2537 2068 2583 Ergo
2098 2547 2176 2572 non
2205 2536 2392 2573 debemus
2422 2536 2611 2575 beneficia

1544 2589 1698 2636 ingratis
1728 2589 1962 2625 subtrahere.

1599 2642 1824 2678 Rssspounao
1853 2653 2038 2678 nicENDUM
2067 2641 2172 2689 quod
2193 2641 2292 2678 circa
2311 2642 2500 2691 ingratum
2531 2642 2608 2680 duo

1545 2694 1822 2732 consideranda
1841 2702 1939 2732 sunt.
1960 2694 2090 2731 Primo
2119 2694 2405 2744 quidem‚.quid
2419 2700 2436 2724 Υ
2453 2695 2535 2746 ipse
2555 2695 2611 2734 di-

1543 2761 1640 2796 gnus
1659 2747 1704 2785 sit
1724 2749 1812 2797 pati.
1842 2749 1891 2785 Et
1911 2748 1964 2785 sie
1984 2755 2130 2785 certum
2151 2756 2207 2786 est
2231 2749 2337 2796 quod
2358 2757 2527 2787 meretur
2544 2749 2610 2790 be-

1543 2801 1670 2839 neficii
1698 2801 2008 2839 subtractionem.
2029 2822 2054 2829 -
2082 2801 2168 2838 Alio
2196 2802 2335 2849 modo,
2366 2802 2610 2841 consideran·

1544 2856 1637 2893 dum
1658 2862 1714 2892 est
1732 2855 1822 2904 quid
1847 2862 2020 2903 oporteat
2049 2855 2267 2892 beneficum
2282 2853 2296 2878 ⁶
2315 2855 2453 2893 facere.
2478 2855 2609 2896 Primo

1544 2920 1723 2956 namque,
1740 2909 1853 2946 debet
1873 2920 1951 2945 non
1966 2913 1978 2929 ⁸
2000 2920 2081 2944 esse
2101 2908 2215 2946 facilis
2234 2908 2284 2946 ad
2303 2908 2609 2958 ingratitudinem

1543 2961 1807 3000 iudicandam:
1847 2961 1934 3011 quia
1946 2962 2172 3010 frequenter
2205 2962 2358 3012 aliquis,
2392 2969 2434 3001 ut
2461 2963 2609 3001 Seneca

1514 3035 1516 3038 ·
1544 3015 1631 3052 dicit
1644 3015 1675 3062 *,
1697 3016 1763 3064 qui
1780 3027 1854 3053 non
1874 3014 2042 3061 reddidit,
2057 3020 2192 3065 gratus
2211 3021 2286 3061 est;
2308 3014 2400 3063 quia
2418 3015 2610 3059 fortenon

1543 3069 1706 3106 occurrit
1734 3069 1767 3106 ei
1796 3069 1952 3106 facultas
1979 3075 2045 3105 aut
2071 3068 2200 3106 debita
2232 3068 2495 3118 opportunitas
2526 3069 2609 3107 red—

1543 3122 1669 3159 dendi.
1692 3123 1884 3168 Secundo,
1902 3122 2016 3159 debet
2033 3121 2191 3159 tendere
2206 3122 2255 3160 ad
2274 3123 2350 3159 hoc
2369 3122 2475 3172 quod
2489 3122 2538 3160 de
2555 3121 2610 3160 in—

2637 1793 2699 1817 *Ad
2713 1799 2731 1816 ι.

2636 1922 2699 1945 ‘Ad
2713 1927 2736 1944 ².

2635 3018 2800 3075 ixss‘gffii.

1515 3200 1516 3222 ÷
1542 3183 1648 3223 grato
1665 3182 1812 3223 gratum
1833 3175 1961 3213 faciat:
1987 3175 2092 3224 quod
2108 3174 2139 3212 si
2159 3187 2239 3213 non
2256 3183 2383 3225 potest
2396 3175 2523 3226 primo
2542 3175 2608 3212 be·
2636 3203 2640 3205 -

1515 3244 1516 3264 ³
1542 3228 1681 3266 neficio
1697 3229 1821 3266 facere
1836 3227 1859 3275 ἶ,
1876 3229 1971 3266 forte
1992 3228 2103 3266 faciet
2117 3229 2300 3266 secundo.
2317 3229 2357 3266 Si
2371 3241 2465 3267 vero
2482 3240 2528 3267 ex
2543 3226 2608 3276 bess

1543 3276 1687 3318 neficiis
1707 3281 1960 3330 multiplicatis
1975 3281 2281 3330 ingratitudinem
2294 3290 2433 3330 augeat
2447 3290 2483 3320 et
2501 3279 2610 3330 peior

1542 3334 1620 3380 fiat,
1651 3334 1764 3371 debet
1789 3346 1812 3371 a
1834 3335 2112 3372 beneficiorum
2136 3335 2367 3373 exhibitione
2395 3346 2555 3377 cessare.

1599 3460 1624 3494 ε)
1642 3461 1717 3487 debet
1730 3469 1792 3487 non.
1804 3476 1824 3481 —
1843 3470 1894 3487 non
1909 3463 1985 3488 debet
1998 3463 2076 3493 PGH.
2092 3466 2198 3496 oportet
2212 3470 2264 3489 non
2277 3463 2345 3494 (esse
2351 3462 2473 3496 facilem)
2486 3461 2518 3493 D,
2531 3469 2610 3494 opor-

1517 3502 1519 3512 *
1545 3499 1583 3521 tet
1602 3497 1672 3528 quod
1691 3497 1854 3529 benefaciens
1874 3505 1926 3523 non
1946 3498 2022 3523 debet
2040 3498 2080 3523 ed.
2099 3506 2125 3524 a.

1597 3529 1625 3563 ζ)
1636 3531 1738 3565 facere.
1750 3546 1769 3551 -
1788 3533 1943 3567 satisfacere
1962 3533 2015 3558 Pa.-
2033 3541 2081 3566 pro
2093 3534 2189 3568 saciet,
2203 3532 2294 3567 saciat
2310 3531 2388 3557 BFH.
