2860 4244
198 488 257 508 ·Ct.
270 491 311 508 art.
323 493 407 515 praec„

199 514 232 534 Co
219 520 256 534 om
248 517 330 535 u.nent
341 518 406 540 n.1v,

199 539 273 567 biffus
275 540 312 560 ior
322 542 407 561 autem

434 230 484 276 46

432 308 617 347 ‚documque
633 314 755 338 tenetur
766 307 942 346 impediens
958 307 997 336 ad
1013 306 1252 341 restituendum,
1266 312 1389 336 tenetur
1401 305 1496 335 etiam

435 351 627 386 distributor,
652 351 711 381 nisi
734 351 773 381 sit
797 352 945 390 deceptus
969 349 1194 381 rationabiliter
1209 349 1251 380 ita
1266 355 1301 379 ut
1316 355 1480 379 excusetur
1488 357 1495 384 ;

435 404 526 434 saepe
550 401 656 425 autem
680 402 803 426 tenetur
825 394 1009 424 distributor
1025 394 1064 423 ad
1080 393 1311 423 restitutionem
1328 393 1418 423 nullo
1438 392 1496 422 im-

434 439 580 478 pediente
604 445 818 468 concurrente.
844 438 893 468 Ad
918 437 1006 467 cuius
1031 436 1237 472 evidentiam,
1262 436 1354 467 altius
1379 435 1496 467 antedi-

435 490 501 512 ctae
516 482 534 501 *
556 482 674 512 radices
697 481 902 512 restitutionis
925 481 1112 519 repetendo,
1138 490 1231 510 nosse
1255 486 1382 520 oportet
1408 480 1497 520 quod

434 525 585 556 beneficia
604 526 807 556 ecclesiastica
833 531 906 554 sunt
925 525 1008 554 bona
1025 523 1209 554 communia
1231 524 1378 554 ecclesiae
1394 524 1496 554 debita

435 569 576 609 personis
599 569 813 599 ecclesiasticis
837 568 948 607 dignis,
973 568 1015 597 ita
1038 568 1126 608 quod
1149 568 1210 598 tale
1233 567 1423 598 beneficium
1445 578 1498 597 va-

434 623 508 643 cans
537 613 667 643 debetur
694 612 787 642 alicui
817 611 900 642 illius
927 611 1074 642 ecclesiae
1105 611 1184 652 parti
1212 621 1292 652 quae
1323 612 1418 651 digna
1441 619 1496 642 est.

434 657 495 687 Sed
519 657 606 687 aliter
630 657 759 686 debetur
773 662 845 686 ante
861 662 967 686 actum
987 655 1225 692 distributionis,
1243 662 1273 686 et
1295 655 1384 686 aliter
1406 662 1494 695 post:

433 700 508 740 quia
531 707 602 730 ante
618 707 723 730 actum
740 699 967 730 distributionis
991 699 1122 729 debetur
1141 699 1238 739 digno
1260 706 1295 730 ut
1314 709 1495 736 commune,

433 744 475 774 ita
498 744 586 784 quod
610 750 656 773 est
678 753 774 773 suum
797 750 833 773 ut
855 753 903 773 res
923 743 1118 779 communis;
1143 742 1372 774 distributionis
1389 751 1496 774 autern

433 795 519 818 actus
539 788 611 817 facit
627 788 666 816 de
689 787 854 817 communi
870 787 1046 827 proprium,
1065 793 1111 817 est
1135 787 1293 827 siquidem
1317 787 1496 818 distributio

432 831 647 871 appropriatio
666 831 711 861 rei
726 831 906 861 communis
926 831 966 860 ad
985 831 1157 870 singulares
1176 841 1337 871 personas.
1361 831 1402 862 Et
1423 842 1496 872 pro-

433 883 538 915 pterea
562 875 692 915 quando
714 874 824 914 incipit
848 875 991 905 distribui
1014 872 1076 905 hoc
1091 874 1282 906 beneficium
1305 885 1363 915 pro
1379 875 1436 906 illo
1452 876 1496 906 di-

432 929 512 958 gno,
537 918 648 958 incipit
669 918 748 948 iuud
772 918 961 949 beneficium
992 918 1057 948 fieri
1080 929 1177 949 suum
1200 926 1236 950 ut
1259 919 1437 959 proprium:
1466 927 1497 950 et

432 970 552 1003 quanto
580 963 653 1002 plus
677 963 819 1003 procedit
847 962 1076 994 distributionis
1099 970 1187 994 actus
1211 973 1269 1003 pro
1291 963 1378 1003 ipso,
1407 970 1495 994 tanto

432 1007 504 1046 plus
528 1006 563 1037 fit
585 1017 681 1037 suum
706 1013 740 1036 ut
763 1007 940 1047 proprium.
966 1007 1085 1047 Itaque,
1102 1013 1326 1038 consummato
1350 1007 1497 1038 distribu-

431 1050 526 1082 tionis
543 1058 615 1082 actu
630 1061 689 1091 pro
704 1050 786 1090 ipso,
803 1050 1002 1087 beneficium,
1019 1052 1108 1091 quod
1123 1061 1142 1082 a
1158 1050 1313 1091 principio
1326 1051 1497 1082 vacationis

432 1102 496 1125 erat
519 1104 614 1125 suurn
638 1102 674 1126 ut
696 1104 878 1131 commune,
903 1102 951 1126 est
972 1105 1069 1126 suum
1092 1102 1128 1126 ut
1151 1095 1328 1135 proprium.
1357 1095 1399 1126 Et
1421 1106 1495 1135 pro-

432 1146 538 1179 pterea
565 1139 654 1179 quod
683 1139 771 1178 prius
795 1146 860 1170 erat
883 1139 942 1169 sibi
965 1139 1108 1170 debiturn
1134 1146 1168 1170 ut
1190 1149 1379 1176 commune,
1410 1147 1495 1180 post-

431 1183 568 1214 modum
583 1190 630 1213 est
648 1182 707 1213 sibi
723 1183 866 1214 debitum
882 1190 917 1214 ut
933 1183 1116 1223 proprium:
1142 1190 1172 1213 et
1195 1183 1220 1213 si
1243 1183 1314 1224 quis
1338 1191 1411 1223 post
1434 1184 1495 1214 dis-

431 1226 637 1259 tributionem
650 1226 794 1263 auferret,
806 1227 917 1267 procul
929 1227 1028 1258 dubio
1042 1227 1177 1258 auferret
1193 1228 1230 1257 ab
1246 1227 1302 1257 illo
1318 1227 1496 1267 proprium.

432 1271 610 1311 Impediens
633 1280 707 1310 ergo
731 1281 749 1301 a
771 1271 995 1301 consecutione
1015 1270 1156 1302 beneficii
1180 1271 1357 1310 digniorem
1381 1271 1496 1302 directe

431 1315 495 1355 agit
518 1322 626 1345 contra
650 1314 878 1345 distributionis
902 1323 1008 1345 actum
1034 1325 1100 1355 quo
1124 1314 1315 1345 beneficium
1338 1314 1418 1345 illud
1441 1315 1494 1345 de-

431 1360 502 1390 beat
525 1358 591 1389 fieri
615 1369 710 1389 suum
734 1365 770 1388 ut
793 1359 975 1398 proprium:
1008 1365 1040 1389 et
1061 1365 1228 1399 propterea
1250 1365 1371 1399 quanto
1395 1359 1495 1399 magis

430 1403 582 1442 processit
597 1409 683 1432 actus
700 1402 928 1432 distributionis
952 1412 1010 1442 pro
1027 1402 1092 1438 illo,
1110 1409 1199 1433 tanto
1216 1402 1255 1432 ad
1271 1402 1344 1442 plus
1360 1409 1493 1434 tenetur.

430 1446 623 1478 Distributor
638 1453 754 1482 autem,
772 1446 847 1486 quia
861 1446 919 1476 sibi
941 1446 1112 1477 commissa
1128 1453 1174 1476 est
1197 1446 1390 1486 dispensatio
1408 1457 1494 1477 corn-

431 1491 579 1521 munium
603 1491 773 1526 bonorum,
803 1497 833 1520 et
857 1497 979 1521 tenetur
1005 1491 1046 1521 ad
1073 1491 1277 1521 tribuendum
1304 1490 1494 1522 beneficium

431 1535 582 1574 digniori;
607 1534 671 1564 sive
690 1545 727 1564 ex
742 1535 828 1564 malo
844 1534 1045 1574 impedientis
1062 1534 1195 1565 consilio
1219 1541 1336 1565 avertat
1359 1544 1391 1565 se
1414 1545 1432 1565 a
1447 1536 1494 1565 di-

429 1580 540 1619 gniore
554 1578 619 1608 sive
635 1578 766 1618 proprio
783 1585 884 1615 motu,
902 1579 941 1609 ad
956 1579 1187 1610 restitutionem
1203 1585 1336 1609 tenetur.
1361 1579 1402 1609 Et
1420 1579 1495 1620 quia

429 1624 497 1663 ipse
526 1629 650 1653 tenetur
680 1623 720 1653 ad
743 1623 948 1653 tribuendum
972 1623 1106 1663 digniori
1131 1623 1220 1663 quod
1244 1629 1309 1653 erat
1339 1632 1435 1653 suum
1459 1631 1494 1654 ut

430 1677 613 1703 commune,
638 1667 712 1707 quia
735 1667 776 1696 ad
799 1666 941 1697 officium
964 1673 1083 1707 spectat
1106 1677 1203 1697 suum
1225 1666 1383 1706 applicare
1407 1677 1493 1697 com-

431 1722 528 1742 mune
551 1711 634 1747 huic,
659 1711 732 1741 ideo
755 1710 822 1750 ipse
846 1718 970 1741 tenetur
992 1711 1032 1742 ad
1055 1711 1287 1741 restituendum
1302 1711 1432 1751 aequale
1446 1711 1494 1742 illi

429 1755 599 1787 beneficio:
624 1755 779 1795 quoniam
795 1754 862 1794 ipse
885 1755 1050 1786 tenebatur
1073 1755 1112 1785 ad
1134 1761 1242 1786 actum
1265 1754 1494 1785 distributionis

430 1806 690 1831 consummatum
719 1809 778 1839 pro
802 1799 857 1829 illo
882 1797 928 1841 (et
950 1799 1013 1829 hoc
1036 1798 1062 1829 si
1085 1809 1151 1829 non
1175 1805 1299 1838 poterat
1321 1798 1493 1842 impediri).

430 1844 522 1875 Unde
551 1844 632 1874 inter
655 1842 892 1874 distributorem
915 1850 946 1873 et
968 1843 1196 1883 impedientem
1226 1843 1304 1873 haec
1333 1850 1380 1874 est
1407 1843 1493 1874 diffe-

429 1888 538 1924 rentia,
562 1887 635 1928 quia
659 1886 836 1927 impediens
859 1894 983 1918 tenetur
1006 1887 1127 1917 ratione
1150 1887 1416 1927 appropriationis
1441 1888 1493 1918 de-

429 1933 512 1963 bitae
534 1932 683 1963 violatae:
709 1931 894 1962 distributor
909 1938 1016 1962 autern
1040 1931 1161 1962 ratione
1175 1931 1351 1971 utriusque,
1376 1931 1495 1963 scilicet

429 1984 460 2007 et
482 1976 616 2007 violatae
633 1975 898 2016 appropriationis
914 1975 1046 2012 debitae,
1064 1982 1094 2006 et
1113 1976 1247 2006 omissae
1263 1975 1493 2007 distributionis

429 2021 562 2051 debitae.
587 2021 627 2051 Et
650 2020 738 2060 quod
762 2019 946 2050 distributor
968 2026 1111 2050 teneatur
1133 2020 1173 2050 ad
1196 2019 1426 2051 restituendum
1442 2030 1494 2051 ae-

429 2065 538 2105 quale,
568 2071 659 2104 potes
682 2073 807 2094 sumere
831 2074 867 2094 ex
894 2063 1092 2104 praecedenti
1115 2064 1268 2102 articulo,
1292 2064 1325 2094 in
1349 2074 1429 2104 resp.
1454 2065 1494 2095 ad

430 2109 496 2144 ult„
522 2108 576 2139 ubi
599 2108 714 2139 dicitur
737 2109 825 2148 quod
849 2108 1038 2138 distribuens
1061 2108 1117 2148 qui
1131 2108 1239 2139 minus
1262 2118 1361 2148 quam
1385 2109 1495 2140 debuit

430 2152 516 2183 dedit
538 2152 632 2183 alicui
655 2152 694 2182 de
717 2152 954 2188 communibus,
979 2158 1103 2183 tenetur
1119 2162 1360 2192 recompensare
1382 2162 1493 2183 secun-

430 2198 508 2227 dum
535 2196 756 2237 aequalitatem
780 2197 824 2226 rei
849 2196 888 2226 ad
915 2206 998 2232 rem,
1024 2203 1059 2227 ut
1090 2196 1208 2227 scilicet
1237 2203 1358 2237 quanto
1387 2197 1493 2228 minus

429 2241 540 2272 habuit
563 2251 660 2281 quarn
684 2240 801 2277 debuit,
826 2247 914 2271 tanto
938 2241 1010 2280 plus
1035 2241 1063 2271 ei
1087 2241 1188 2272 detur.
1212 2240 1308 2271 Verbi
1331 2241 1444 2280 gratia,
1468 2241 1493 2272 si

431 2285 602 2316 debebatur
625 2284 718 2315 alicui
742 2285 779 2314 de
804 2284 1030 2315 communibus
1054 2291 1192 2321 centum,
1218 2291 1249 2316 et
1272 2285 1344 2315 data
1368 2292 1443 2316 sunt
1465 2285 1493 2316 ei

429 2328 678 2370 quinquaginta,
703 2329 857 2359 debentur
880 2329 940 2359 alia
963 2329 1210 2370 quinquaginta;
1236 2335 1266 2359 et
1289 2329 1315 2359 si
1339 2328 1418 2359 nihil
1439 2329 1493 2360 ha—

428 2373 558 2408 buisset,
579 2373 765 2403 deberentur
780 2372 808 2403 ei
825 2379 968 2404 centum:
994 2373 1136 2414 alioquin
1152 2383 1217 2404 non
1233 2372 1320 2404 fieret
1338 2373 1494 2404 restitutio

431 2417 607 2448 secundum
621 2417 843 2457 aequalitatem
866 2417 910 2447 rei
933 2417 965 2447 in
989 2428 1054 2458 qua
1077 2417 1296 2448 damnificatus
1312 2424 1358 2448 est
1373 2418 1412 2448 ad
1427 2427 1492 2448 rem

431 2471 513 2502 quae
529 2461 561 2491 in
578 2461 906 2511 recompensationem
926 2461 1027 2492 datur.
1051 2461 1093 2492 Et
1110 2461 1275 2491 similiter*
1267 2471 1300 2491 1n
1316 2462 1494 2501 proposito,

429 2505 456 2536 si
480 2503 552 2547 (pro
569 2503 659 2547 quia)
682 2505 733 2535 isti
756 2505 891 2544 digniori
915 2505 1085 2536 debebatur
1104 2506 1142 2535 de
1158 2505 1384 2536 communibus
1403 2506 1495 2536 bonis

430 2549 491 2580 tale
515 2549 714 2585 beneficium,
732 2556 762 2579 et
784 2559 851 2579 non
874 2556 921 2580 est
943 2549 971 2579 ei
995 2550 1122 2585 datum;
1147 2559 1184 2580 ex
1203 2559 1269 2589 quo
1293 2549 1325 2579 in
1349 2556 1418 2580 toto
1443 2550 1495 2579 da-

430 2592 609 2624 mnificatus
633 2600 679 2623 est
702 2604 720 2623 a
737 2593 947 2630 distributore,
971 2593 1027 2644 qui
1050 2600 1174 2624 tenetur
1196 2594 1235 2623 ad
1258 2593 1330 2629 hoc,
1353 2603 1419 2624 non
1442 2593 1496 2624 fiet

429 2637 585 2668 restitutio
609 2637 668 2667 nisi
692 2637 893 2677 aequivalens
916 2637 1106 2668 restituatur.

486 2682 524 2712 X.
549 2681 611 2712 Sed
635 2687 744 2712 contra
766 2681 843 2712 haec
867 2681 1016 2712 conclusa
1039 2681 1153 2712 militat
1176 2681 1255 2711 ratio
1271 2681 1493 2712 restitutionis:

430 2725 505 2766 quia
535 2725 712 2756 secundum
736 2735 805 2755 eam
834 2732 888 2756 aut
911 2732 1021 2756 neuter
1051 2731 1176 2756 tenetur
1202 2726 1242 2755 ad
1264 2725 1495 2756 restituendum

430 2769 571 2809 aequale,
595 2775 651 2799 aut
674 2776 817 2810 uterque.
842 2770 941 2806 Quod
960 2770 1003 2800 sic
1020 2776 1115 2810 patet.
1139 2771 1205 2799 Aut
1219 2768 1270 2800 isti
1285 2769 1420 2809 digniori
1435 2770 1494 2800 im-

430 2814 538 2853 pedito
561 2813 751 2844 beneficium
775 2820 840 2844 erat
862 2813 1006 2844 debitum
1030 2820 1065 2844 ut
1081 2823 1264 2849 commune,
1285 2820 1341 2844 aut
1363 2821 1399 2844 ut
1421 2824 1493 2854 pro-

430 2857 545 2898 prium.
579 2857 612 2888 Si
635 2864 671 2888 ut
694 2867 884 2894 commune,
909 2868 984 2898 ergo
1008 2868 1073 2889 non
1098 2858 1191 2888 debet
1221 2857 1279 2888 sibi
1307 2858 1429 2889 restitui
1458 2865 1495 2889 ut

431 2901 608 2942 proprium.
632 2902 694 2932 Sed
717 2902 845 2932 reddere
861 2902 991 2942 aequale
1013 2901 1189 2933 secundum
1206 2911 1274 2932 rem
1296 2908 1343 2932 est
1365 2902 1494 2933 reddere

430 2946 520 2986 quod
543 2945 636 2976 alicui
652 2946 784 2977 debetur
803 2953 839 2977 ut
862 2946 1039 2986 proprium.
1063 2946 1149 2986 Ergo
1164 2955 1222 2976 nec
1238 2945 1422 2977 distributor
1437 2956 1494 2977 nec

430 2989 607 3028 impediens
637 2996 760 3020 tenetur
787 2991 825 3020 ad
855 2990 1088 3021 restitutionem
1114 2990 1263 3031 aequalis.
1295 2990 1327 3021 Si
1354 3000 1494 3031 namque

431 3033 612 3064 redderetur
634 3034 764 3074 aequale
788 3033 848 3073 ipsi
871 3033 1034 3070 beneficio,
1060 3035 1132 3074 plus
1156 3040 1237 3064 esset
1259 3034 1292 3064 id
1315 3035 1402 3075 quod
1426 3035 1494 3065 red·

432 3078 556 3108 deretur
574 3087 672 3117 quam
690 3077 723 3107 id
743 3078 831 3117 quod
849 3078 991 3109 ablatum
1006 3084 1065 3108 est:
1089 3077 1164 3119 quia
1179 3078 1320 3108 ablatum
1336 3085 1383 3109 est
1405 3079 1495 3119 quod

432 3128 496 3152 erat
519 3131 615 3152 suum
631 3128 667 3152 ut
687 3131 859 3152 commune
875 3128 906 3152 et
929 3128 1079 3161 coeptum
1098 3121 1304 3162 appropriari,
1321 3129 1352 3153 et
1371 3122 1494 3153 restitu-

431 3172 502 3196 tum
525 3171 572 3196 est
594 3172 630 3196 ut
653 3175 748 3196 suum
771 3165 948 3206 proprium.
976 3166 1017 3196 Et
1040 3165 1083 3196 sic
1106 3165 1164 3196 iste
1188 3165 1312 3205 dignior
1335 3175 1373 3196 ex
1394 3166 1494 3206 impe-

432 3209 574 3240 dimento
589 3209 640 3239 vel
659 3215 781 3240 mutata
795 3209 948 3240 sententia
963 3209 1150 3241 lucraretur:
1174 3209 1246 3249 plus
1263 3209 1348 3239 enim
1366 3209 1495 3241 haberet

432 3263 531 3294 quam
550 3254 686 3284 habebat
707 3260 783 3284 tunc
806 3254 936 3294 quando
952 3253 1220 3294 impedimentum
1236 3253 1420 3293 appositum
1435 3260 1494 3290 est;

432 3297 507 3338 quia
533 3297 627 3328 habet
653 3304 689 3328 ut
717 3298 884 3338 proprium
914 3298 1003 3338 quod
1026 3304 1102 3328 tunc
1125 3307 1191 3328 non
1216 3297 1350 3328 habebat
1376 3298 1436 3328 nisi
1461 3307 1496 3328 ut

433 3351 604 3372 commune
635 3348 666 3372 et
693 3348 844 3381 coeptum
876 3341 1082 3382 appropriari.
1115 3341 1147 3372 Si
1177 3348 1213 3372 ut
1242 3341 1423 3382 proprium,
1448 3351 1494 3372 se-

433 3385 550 3426 quitur,
575 3386 659 3425 Ergo
676 3391 818 3426 uterque,
843 3386 960 3416 scilicet
983 3385 1167 3416 distributor
1190 3392 1220 3416 et
1242 3385 1428 3425 impediens,
1452 3392 1495 3417 te-

434 3437 525 3460 netur
551 3429 591 3460 ad
614 3429 845 3460 restitutionem
868 3430 1025 3471 aequalis:
1059 3429 1213 3470 quoniam
1241 3429 1418 3460 secundum
1445 3440 1494 3460 ae-

433 3473 617 3514 qualitatem
640 3473 684 3504 rei
707 3474 746 3504 ad
769 3484 836 3504 rem
859 3473 1004 3505 faciendo
1027 3473 1274 3510 restitutionem,
1298 3481 1425 3514 oportet
1447 3480 1495 3505 to-

434 3524 504 3548 tum
522 3518 612 3558 quod
627 3524 692 3548 erat
710 3517 755 3547 illi
774 3517 940 3557 proprium
956 3518 1093 3549 reddere.
1119 3517 1248 3548 Falsum
1263 3517 1359 3557 igitur
1371 3518 1496 3549 videtur

434 3561 523 3601 quod
546 3568 688 3592 teneatur
710 3562 750 3592 ad
773 3562 1001 3593 restituendum
1025 3562 1097 3602 plus
1113 3561 1296 3593 distributor
1319 3572 1416 3603 quam
1435 3562 1495 3592 im-

1117 228 1383 274 QUAESTIO
1413 229 1533 274 LXII,
1563 229 1860 266 ARTICULUS
1891 230 1921 266 ll

1549 306 1690 345 pediens,
1714 314 1750 337 ut
1773 308 1961 338 conclusum
1984 314 2058 343 erat,
2083 307 2124 338 ita
2148 308 2236 347 quod
2259 307 2311 337 ille
2334 308 2374 337 ad
2397 308 2537 349 aequale,
2553 308 2611 339 iste

1550 350 1590 379 ad
1605 350 1743 390 aliquam
1756 358 1879 391 partem
1893 358 2025 382 tenetur.
2047 351 2211 388 Quoniam
2225 351 2311 381 idem
2325 351 2446 382 iustum
2462 359 2509 382 est
2523 353 2613 393 quod

1550 393 1588 423 ab
1606 400 1742 434 utroque
1755 395 1901 431 violatur,
1925 394 1998 425 licet
2021 394 2245 425 diversimode:
2270 395 2359 435 quod
2382 405 2448 426 non
2471 396 2544 427 facit
2567 403 2610 427 te·

1550 437 1616 468 neri
1644 438 1684 467 ad
1714 438 1787 477 plus
1814 439 2059 474 restituendum,
2085 439 2139 468 sed
2163 438 2237 469 facit
2263 439 2360 469 istum
2383 439 2484 478 magis
2514 441 2612 470 teneri

1549 482 1589 511 ad
1605 481 1834 512 restituendum
1853 493 1950 523 quam
1973 483 2074 519 illum,
2087 482 2172 512 verbi
2191 482 2298 522 gratia,
2316 482 2523 523 principalem
2545 493 2611 514 ma—

1550 525 1596 564 gis
1619 535 1717 565 quam
1737 527 1959 557 secundarium
1982 525 2247 557 damnificantem.

1604 569 1658 599 XI.
1682 570 1894 601 Existentibus
1910 571 2005 611 igitur
2020 581 2078 610 pro
2096 577 2228 610 utraque
2245 577 2332 610 parte
2347 570 2523 601 rationibus
2539 570 2611 602 satis

1549 612 1716 652 ambiguis,
1741 621 1868 653 oportet
1890 614 2053 645 materiam
2070 614 2275 645 restitutionis
2299 624 2336 645 ex
2351 614 2482 655 proprio
2499 624 2612 656 genere

1550 656 1691 686 decidere
1714 657 1746 687 in
1770 658 1897 698 propria
1921 658 2073 699 principia
2089 658 2279 694 reducendo,
2302 665 2338 689 ut
2357 667 2446 689 mens
2460 659 2611 699 quiescat.

1549 700 1719 730 Restitutio
1742 701 1879 732 iustitiae
1902 702 2148 733 commutativae
2170 709 2258 733 actus
2281 709 2337 733 est.
2362 702 2483 733 lustitia
2505 709 2612 734 autern

1550 745 1777 775 commutativa
1791 745 1916 785 respicit
1929 746 2071 776 debitum
2088 753 2123 776 ut
2135 746 2317 786 proprium:
2333 753 2369 776 ut
2382 746 2414 776 in
2431 757 2486 787 qu.
2498 757 2611 787 praec„

1549 795 1605 819 art.
1625 799 1649 825 1,
1667 789 1706 818 ad
1730 789 1799 825 ult„
1815 789 1916 823 littera
1939 789 2023 820 dicit.
2056 789 2155 827 Quod
2177 790 2273 829 igitur
2298 790 2530 822 restituendum
2552 798 2611 828 est,

1549 839 1676 872 oportet
1691 833 1835 863 debitum
1848 842 1916 863 esse
1932 843 1997 863 non
2012 833 2295 874 qualitercumque,
2312 835 2367 865 sed
2381 842 2417 865 ut
2434 835 2611 875 proprium.

1549 877 1656 907 Firma
1671 887 1745 916 ergo
1767 877 1955 907 sententiam
1978 878 2066 918 quod
2085 877 2247 908 obiectum
2261 878 2467 909 restitutionis
2490 886 2536 910 est
2559 880 2612 910 de-

1549 921 1652 952 bitum
1676 921 1769 951 alicui
1793 927 1828 951 ut
1851 921 2036 961 proprium,
2061 920 2103 951 ita
2126 922 2232 962 quod,
2257 921 2318 952 nisi
2347 921 2496 954 debeatur
2519 923 2613 954 alicui

1550 972 1585 996 ut
1608 965 1784 1005 proprium,
1809 975 1875 995 non
1899 971 1945 995 est
1967 965 2011 995 illi
2031 965 2207 996 necessario
2223 966 2462 998 restituendum.
2486 967 2528 998 Et
2549 967 2612 998 hoc

1548 1009 1643 1040 habet
1665 1009 1821 1040 restitutio
1845 1019 1881 1039 ex
1904 1019 1963 1039 suo
1987 1018 2116 1048 genere:
2145 1009 2222 1049 quia
2244 1009 2412 1040 cuiuslibet
2434 1017 2613 1042 commuta-

1549 1053 1644 1084 tionis
1666 1053 1766 1084 iustae
1790 1053 1952 1084 obiectum
1975 1060 2022 1084 est
2045 1053 2188 1083 debitum
2204 1053 2297 1084 alicui
2320 1060 2357 1084 ut
2378 1054 2554 1095 proprium,
2577 1061 2614 1085 ut

1549 1104 1635 1137 patet
1658 1097 1690 1127 in
1714 1097 1877 1137 emptione
1899 1104 1929 1128 et
1944 1097 2135 1134 venditione,
2161 1097 2246 1127 furto
2263 1105 2294 1128 et
2308 1097 2427 1137 rapina,
2450 1104 2482 1128 et
2503 1098 2613 1129 huius-

1549 1141 1648 1172 modi.

1603 1185 1804 1224 Applicando
1820 1192 1927 1215 autem
1944 1185 2175 1216 restitutionem
2197 1185 2237 1215 ad
2253 1162 2539 1225 recompensandas
2555 1185 2615 1216 dis-

1548 1229 1735 1259 tributiones
1758 1228 1900 1265 iniustas,
1924 1229 2060 1270 dicimus
2084 1229 2172 1270 quod
2188 1239 2236 1259 res
2255 1228 2470 1260 distribuenda
2485 1239 2552 1260 non
2567 1237 2615 1261 est

1549 1273 1687 1312 partium
1715 1279 1751 1302 ut
1779 1273 1923 1313 propria,
1948 1266 2002 1303 sed
2033 1279 2070 1303 ut
2097 1273 2293 1303 communis:
2325 1279 2356 1304 et
2382 1272 2544 1304 efficienda
2567 1281 2614 1306 est

1548 1316 1676 1356 propria
1700 1316 1832 1355 singulis
1855 1316 1996 1356 partibus
2018 1317 2195 1347 secundum
2223 1317 2527 1356 proportionalitatis
2549 1317 2614 1348 for-

1548 1369 1635 1390 mam
1658 1369 1714 1399 per
1736 1366 1843 1390 actum
1856 1359 2105 1391 distributionis.
2130 1361 2176 1391 Ita
2190 1361 2280 1401 quod
2295 1360 2484 1398 distributio,
2509 1368 2546 1393 ut
2564 1369 2614 1395 est

1547 1410 1635 1435 actus
1665 1403 1880 1434 distributivae
1910 1404 2064 1440 iustitiae,
2097 1413 2163 1434 non
2187 1403 2340 1443 significat
2366 1405 2613 1445 applicationem

1548 1448 1729 1479 communis
1752 1449 1828 1478 boni
1852 1448 1890 1478 ad
1914 1447 1970 1478 has
1993 1457 2158 1488 personas:
2183 1448 2339 1489 quoniam
2355 1449 2426 1479 talis
2440 1448 2612 1490 applicatio

1547 1499 1652 1532 potest
1670 1491 1736 1522 fieri
1755 1501 1812 1532 per
1825 1498 1932 1523 actum
1947 1492 2139 1528 donationis,
2157 1499 2198 1522 ut·
2211 1498 2297 1532 patet
2310 1501 2385 1522 cum
2401 1493 2614 1525 communius

1546 1537 1676 1576 largitur
1698 1536 1817 1576 legatis.
1840 1536 1907 1566 Nec
1929 1535 2084 1576 significat
2106 1536 2352 1576 applicationem
2371 1536 2513 1569 debitam*
2531 1537 2614 1568 eisne·

1547 1581 1636 1611 dem:
1662 1580 1816 1621 quoniam
1840 1580 1918 1610 haec
1940 1587 2045 1620 potest
2071 1579 2138 1610 fieri
2161 1590 2218 1620 per
2236 1588 2343 1611 actum
2367 1581 2614 1612 commutatis-e

1547 1624 1694 1660 iustitiae,
1719 1631 1755 1654 ut
1777 1631 1863 1664 patet
1885 1634 1960 1654 cum
1979 1624 2192 1655 communitas
2208 1625 2304 1655 solvit
2317 1625 2528 1656 mercenariis.
2548 1625 2614 1657 Sed

1547 1668 1701 1708 significat
1715 1668 1963 1708 applicationem
1979 1668 2160 1699 communis
2179 1668 2256 1699 boni
2278 1669 2455 1700 secundum
2477 1667 2613 1711 prop&

1545 1712 1756 1744 tionalitatem
1778 1712 1917 1746 debitam
1941 1712 2081 1752 partibus
2103 1712 2449 1744 illius-communitatis
2470 1712 2613 1745 actioni-1

1547 1758 1671 1787 butore.
1687 1756 1884 1786 Huiusmodi
1896 1765 1971 1787 vero
1987 1756 2168 1796 applicatio,
2184 1766 2266 1797 quae
2278 1756 2458 1788 distributio
2470 1764 2612 1795 vocatum

1546 1811 1613 1831 non
1636 1800 1866 1840 praesupponit
1888 1800 2071 1840 portionem
2093 1800 2148 1831 tali
2170 1801 2251 1840 parti
2272 1801 2413 1831 debitam
2432 1800 2612 1838 essem

1546 1852 1582 1876 ut
1605 1844 1778 1895 propriam,
1795 1845 1850 1874 sed
1873 1843 1946 1875 facit
1963 1843 2052 1875 illam
2070 1853 2138 1874 esse
2153 1844 2212 1875 sibi
2230 1845 2408 1885 propriam:
2433 1845 2612 1880 distributio

1546 1889 1632 1920 enim
1654 1895 1701 1919 est
1718 1889 1800 1919 inter
1818 1889 1900 1918 duos
1915 1888 2079 1924 terminos,
2102 1888 2146 1918 ita
2167 1889 2257 1929 quod
2275 1889 2434 1920 terminus
2448 1898 2467 1919 a
2479 1896 2614 1930 quom

1546 1943 1594 1964 res
1619 1933 1723 1963 debita
1747 1932 1826 1973 parti
1850 1939 1886 1963 ut
1909 1932 2101 1968 communis,
2117 1932 2273 1963 terminus
2286 1942 2364 1963 vero
2386 1933 2434 1963 ad
2443 1933 2614 1974 quemne

1546 1977 1674 2018 propria
1697 1977 1803 2016 partis,
1828 1984 1859 2007 et
1880 1976 1949 2016 ipsa
1972 1976 2151 2007 distributio
2174 1983 2222 2007 est
2244 1976 2364 2007 faciens
2385 1977 2424 2007 de
2446 1977 2614 2009 communi

1546 2021 1714 2062 proprium
1737 2020 1887 2061 partibus,
1911 2028 1948 2052 ut
1970 2021 2035 2051 iam
2058 2020 2181 2051 dictum
2203 2027 2259 2052 est.
2645 2058 2648 2061 .

1603 2066 1650 2096 Ex
1671 2065 1733 2095 hoc
1756 2065 1851 2104 igitur
1882 2065 1971 2105 quod
1997 2064 2177 2095 distributio
2205 2072 2252 2095 est
2280 2063 2398 2095 faciens
2424 2044 2612 2105 propitium,

1547 2117 1577 2140 et
1598 2109 1754 2140 restitutio
1778 2109 1930 2140 fundatur
1951 2118 2047 2149 super
2069 2108 2210 2149 proprio,
2235 2117 2434 2149 consequens
2453 2115 2510 2140 est·
2522 2111 2614 2151 quod

1546 2154 1628 2184 sicut
1654 2153 1865 2191 diversimode
1895 2152 1994 2193 aliqui
2016 2163 2049 2183 se
2072 2153 2189 2183 habent
2210 2153 2250 2184 ad
2273 2152 2614 2190 distributionem-,fin

1547 2197 1757 2228 diversimode
1785 2207 1818 2228 se
1847 2197 1964 2227 habent
1991 2197 2030 2228 ad
2060 2196 2242 2228 faciendum
2267 2196 2435 2237 proprium
2466 2197 2615 2230 huic‘wt

1545 2241 1606 2272 illi:
1631 2248 1662 2272 et
1684 2241 1765 2272 sicut
1787 2241 1998 2271 diversimode
2021 2240 2119 2281 aliqui
2141 2241 2260 2272 tollunt
2282 2241 2614 2280 distributionemffiea

1546 2285 1758 2316 diversimode
1776 2285 1894 2316 tollunt
1908 2285 2208 2325 appropriationem.
2232 2284 2377 2320 ,Constat
2391 2291 2501 2316 autem
2522 2286 2614 2327 quod

1546 2329 1756 2360 diversimode
1779 2329 1897 2360 habent
1912 2339 1944 2360 se
1959 2329 2000 2359 ad
2014 2328 2271 2360 distributionem
2286 2328 2473 2360 distributor
2494 2336 2526 2360 et
2547 2330 2614 2371 pin

1546 2381 1618 2405 vata
1641 2382 1789 2414 persona:
1813 2373 1890 2414 quia
1911 2373 1964 2404 ille
1987 2379 2112 2404 tenetur
2133 2373 2175 2403 ad
2193 2372 2458 2410 distributionem,
2478 2373 2614 2405 hoe'eet

1547 2418 1587 2448 ad
1615 2418 1797 2448 faciendum
1828 2424 2048 2448 consummate
2078 2418 2117 2448 de
2145 2417 2311 2448 communi
2339 2417 2509 2458 proprium
2537 2417 2613 2450 huic
2652 2426 2664 2438 Η

1546 2462 1627 2502 parti
1657 2462 1834 2492 secundum
1856 2471 1947 2491 snam
1971 2461 2231 2501 proportionem;
2262 2461 2383 2501 privata
2405 2468 2512 2492 autem
2540 2471 2612 2502 pen-

1546 2516 1626 2536 sona
1657 2515 1724 2536 non
1747 2512 1871 2536 tenetur
1901 2505 1940 2535 ad
1968 2504 2234 2536 distributionem.
2270 2505 2478 2546 Quicumque
2503 2512 2612 2537 autem

1546 2556 1671 2581 tenetur
1693 2550 1733 2579 ad
1755 2549 1936 2579 faciendum
1952 2555 2173 2580 consummate
2188 2552 2217 2579 A
2233 2558 2354 2584 meum,
2377 2556 2409 2580 et
2431 2550 2613 2590 absquens-

1546 2593 1689 2624 tionabili
1714 2603 1808 2624 causa
1830 2603 1896 2623 non
1921 2593 2003 2629 facit,
2023 2603 2090 2623 non
2106 2592 2253 2624 satisfacit
2266 2592 2346 2623 mihi
2369 2593 2395 2623 si
2418 2593 2539 2634 aliquid
2553 2593 2613 2625 mi*

1547 2648 1608 2669 nus
1631 2647 1729 2678 quam
1752 2639 1782 2668 A
1804 2636 1897 2667 faciat
1919 2647 2039 2673 meum,
2063 2643 2100 2667 ut
2122 2637 2161 2667 de
2177 2647 2210 2668 se
2233 2643 2334 2677 patet:
2358 2637 2434 2678 quia
2457 2638 2613 2670 damnum

1547 2692 1657 2712 meum
1681 2691 1718 2712 ex
1736 2688 1847 2721 negata
1861 2681 2118 2721 appropriatione
2133 2681 2237 2712 debita
2258 2682 2298 2711 ab
2313 2681 2385 2721 ipso
2401 2681 2612 2720 distributore,

1546 2733 1671 2757 tantum
1694 2733 1740 2756 est
1763 2732 1920 2766 quantum
1944 2725 2122 2765 opponitur
2142 2725 2204 2765 ipsi
2227 2727 2267 2756 A.
2297 2725 2340 2755 Et
2361 2732 2528 2765 propterea
2548 2726 2612 2757 di·-

1545 2770 1680 2802 tributor
1703 2776 1828 2800 tenetur
1850 2770 2028 2800 secundum
2050 2769 2188 2800 formam
2210 2768 2347 2800 iustitiae
2366 2770 2612 2802 commutativae

1546 2814 1635 2850 mihi,
1649 2813 1700 2844 cui
1712 2814 1845 2844 debebat
1859 2813 2044 2844 distribuere
2054 2815 2093 2849 A,
2104 2813 2268 2844 restituere
2278 2813 2479 2854 aequivalens
2493 2813 2613 2854 ipsein:

1546 2858 1622 2899 quia
1644 2857 1801 2890 restitutio
1825 2857 1950 2897 respicit
1972 2857 2115 2888 debitum
2137 2857 2270 2898 proprio
2285 2857 2420 2894 damno;
2445 2864 2481 2889 ut
2502 2865 2613 2891 aum

1546 2903 1667 2933 dictum
1690 2909 1746 2939 est,
1771 2901 1937 2942 proprium
1960 2902 2115 2932 damnum
2137 2901 2217 2932 mihi
2232 2911 2251 2932 a
2271 2901 2612 2937 distributoreillnu-

1547 2952 1748 2977 mensuratur
1775 2946 1954 2976 secundum
1982 2945 2192 2987 quantitatem
2219 2945 2297 2976 boni
2320 2946 2502 2976 communis
2530 2945 2611 2979 affl

1547 2989 1771 3031 appropriandi
1795 3000 1832 3021 ex
1854 2989 1962 3021 debito
1986 2991 2024 3020 ab
2046 2989 2118 3031 ipso
2141 2989 2362 3026 distributum
2385 2989 2454 3030 ipse
2469 2989 2614 3028 enim-od«

1547 3041 1803 3066 consummatam
1825 3034 2117 3075 appropriationem
2139 3039 2273 3069 tenetur,
2297 3040 2329 3064 et
2351 3034 2438 3073 paria
2461 3041 2537 3065 sunt
2554 3035 2613 3065 ιιι-ι’

1547 3078 1626 3110 ferre
1649 3078 1743 3109 alicui
1765 3087 1861 3109 suum
1891 3085 1923 3108 et
1944 3088 2011 3108 non
2035 3077 2135 3108 facere
2158 3077 2252 3108 alicui
2279 3087 2389 3114 suum,
2413 3078 2439 3108 si
2461 3077 2614 3110 referam

1547 3123 1587 3152 ad
1609 3122 1701 3152 illum
1723 3121 1779 3162 qui
1806 3128 1931 3152 tenetur
1959 3122 1999 3152 ad
2029 3121 2090 3152 hoc
2116 3121 2298 3152 faciendum
2329 3128 2359 3152 et
2381 3122 2547 3162 expeditu·
2566 3121 2611 3153 im

1548 3173 1594 3196 est
1616 3171 1652 3196 ut
1674 3165 1822 3205 impediri
1844 3172 1990 3206 nequeat.
2020 3165 2144 3196 Privata
2167 3171 2274 3196 autern
2297 3175 2434 3205 persona
2456 3174 2548 3206 quae,
2571 3174 2611 3196 ex

1547 3210 1678 3240 adverso
1694 3209 1822 3240 veniens
1833 3209 1860 3245 *,
1876 3209 2010 3248 impedit
2029 3209 2285 3240 distributionem
2300 3210 2340 3240 de
2355 3219 2419 3251 qua
2433 3209 2609 3250 loquimur,

1547 3263 1628 3294 quae
1652 3253 1769 3284 scilicet
1797 3259 1844 3284 est
1872 3259 1959 3284 actus
1982 3253 2119 3284 iustitiae
2141 3253 2372 3290 distributivae,
2396 3263 2434 3285 ex
2450 3263 2500 3284 ,eo
2520 3253 2610 3294 quod

1546 3307 1613 3328 non
1637 3304 1761 3328 tenetur
1775 3297 1815 3327 ad
1831 3297 1935 3337 ipsam
1949 3298 2237 3328 consummandam
2252 3297 2518 3336 distributionem,
2541 3306 2610 3328 non

1547 3348 1671 3372 tenetur
1693 3341 1855 3372 restituere
1879 3341 2080 3381 aequivalens
2110 3341 2264 3373 beneficio
2289 3341 2522 3373 distribuendo:
2553 3341 2610 3372 aed

1547 3395 1584 3416 ex
1607 3395 1646 3416 eo
1669 3385 1758 3425 quod
1782 3385 2052 3422 distributionem,
2076 3395 2159 3426 quae
2186 3392 2234 3417 est
2261 3385 2365 3416 debita
2393 3385 2610 3426 appropriatio

1548 3429 1728 3460 communis
1744 3429 1784 3460 ad
1798 3429 1879 3460 hanc
1895 3437 2026 3469 partem,
2038 3429 2181 3470 impedit,
2198 3429 2357 3460 intentum
2372 3430 2496 3460 tenetur
2511 3438 2611 3469 quan-

1547 3480 1618 3504 tum
1640 3473 1693 3504 illa
1715 3473 1931 3514 appropriatio
1955 3473 2074 3504 accedit
2096 3474 2136 3504 ad
2159 3473 2341 3514 proprium;
2376 3479 2498 3513 quanto
2522 3473 2608 3504 enim

1548 3517 1763 3558 appropriatio
1779 3517 1878 3557 magis
1894 3518 2131 3558 appropinquat
2144 3517 2228 3553 huic,
2245 3524 2333 3548 tanto
2356 3517 2512 3548 damnum
2535 3527 2609 3557 pro—

1548 3561 1654 3602 prium
1678 3561 1768 3592 istius
1791 3568 1837 3592 est
1861 3562 1979 3598 maius;
2004 3571 2100 3602 penes
2124 3560 2292 3602 proprium
2317 3568 2426 3592 autem
2453 3561 2609 3592 damnum

2636 3222 2647 3234 ⁸
2654 3221 2709 3244 vul.
2718 3222 2787 3250 insta,
2798 3221 2849 3244 No-
