2860 4244
924 232 1189 279 QUAESTlo
1217 233 1356 280 XCIV,
1384 233 1679 270 ARTICULUS
1709 233 1758 270 III

255 322 378 359 purae
404 311 537 347 mentis
573 311 721 359 officia:
750 311 849 359 quia,
870 318 912 347 ut
947 311 1179 358 Augustinus
1208 311 1314 358 dicit,
1341 310 1343 361 l
1370 311 1643 360 persecutionis
1661 319 1834 360 tempore
1855 312 2125 360 deprehensus,
2147 312 2307 349 exterius
2327 312 2428 349 idola

258 363 295 400 in
324 364 360 399 X
387 364 433 400 de
464 364 543 400 Civ.
564 365 639 400 Dei
654 363 686 410 ³⁵²,
716 364 905 400 exteriora
939 363 1126 411 sacrificia
1155 364 1204 400 ita
1232 370 1320 401 sunt
1342 394 1344 414 ι
1372 365 1480 412 colat,
1503 365 1594 401 dum
1613 372 1742 401 tamen
1764 364 1883 401 fidem
1903 372 2029 402 servat
2049 365 2086 402 in
2112 373 2239 402 mente
2260 363 2284 401 ⁰.
2306 387 2329 393 -
2351 366 2427 402 Sed

2351 234 2424 280 307

40 1497 192 1533 fxxxvm.

127 1534 146 1560 ¹·

258 416 369 465 signa
397 416 616 454 interiorum
644 417 740 453 sicut
763 417 879 453 verba
903 416 1076 453 sonantia
1103 417 1214 466 signa
1233 422 1318 453 sunt

259 480 400 505 rerum.
433 469 631 515 Quocirca,
659 470 753 505 sicut
778 475 927 506 orantes
953 475 1064 517 atque
1082 467 1095 490 ὅ
1125 469 1318 506 laudantes

259 521 311 558 ad
347 533 433 558 eum
475 522 674 571 dirigimus
717 522 970 570 significantes
1011 533 1119 558 voces
1158 523 1220 558 cui
1259 522 1344 559 res}

260 574 359 622 ipsas
386 575 423 610 in
452 575 565 611 corde
591 585 684 622 quas
715 574 972 623 significamus
1006 574 1212 623 offerimus,
1246 576 1318 621 ita,
1343 575 1345 623 J

259 627 523 674 sacrificantes,
552 638 627 663 non
659 626 768 662 alteri
792 627 935 663 visibile
965 627 1193 674 sacrificium
1227 627 1318 677 offe—

261 679 418 716 rendum
446 691 524 715 esse
551 679 766 715 noverimus
793 690 907 727 quam
941 680 977 716 ei
1002 680 1107 716 cuius
1134 681 1171 716 in
1200 680 1319 716 cordi-

261 733 329 768 bus
365 731 500 768 nostris
540 731 722 768 invisibile
755 733 983 780 sacrificium
1025 745 1092 769 nos
1133 733 1204 781 ipsi
1242 744 1320 769 esse

261 784 447 821 debemus.

313 836 386 873 Alii
414 848 508 873 vero
529 836 824 873 aestimaverunt
843 837 970 874 latriae
999 838 1141 874 cultum
1162 837 1320 874 exterio-

262 953 302 978 se
323 942 469 978 bonum
490 950 554 979 aut
582 949 855 990 opportunum,
877 943 944 980 sed
963 950 1146 989 tanquam
1173 941 1320 989 vulgari

264 994 526 1031 consuetudini
560 1007 791 1032 consonum:
819 1003 861 1031 ut
884 1000 897 1016 ²
925 994 1175 1042 Augustinus,
1202 994 1240 1031 in
1268 994 1318 1030 VI

263 1047 309 1083 de
332 1048 410 1084 Civ.
431 1048 507 1084 Dei
522 1047 553 1094 ³¹⁸,
574 1047 778 1084 introducit
797 1048 986 1083 Senecam
1011 1046 1221 1083 dicentem:
1247 1047 1319 1092 Sic,

263 1099 405 1148 inquit,
434 1101 677 1137 adorabimus
719 1106 760 1136 ut
794 1100 1074 1136 meminerimus
1110 1099 1347 1147 huiusmodi]
1375 1111 1477 1136 nunc
1518 1100 1556 1136 in
1604 1099 1761 1136 ecclesia
1798 1100 1980 1148 imagines
2017 1101 2259 1138 instituuntur
2301 1110 2341 1138 ut
2378 1103 2431 1139 eis

1346 1180 1348 1193 ,
1376 1153 1495 1188 cultus
1523 1152 1652 1189 latriae
1672 1153 1912 1190 exhibeatur:
1942 1154 2009 1190 sed
2029 1155 2076 1190 ad
2099 1154 2292 1201 quandam
2322 1155 2431 1202 signi-

265 1205 315 1242 Et
331 1205 370 1242 in
389 1205 485 1242 libro
504 1205 550 1241 de
574 1205 672 1241 Vera
694 1205 819 1254 Relig.
839 1204 859 1226 '¹‘
887 1204 1119 1252 Augustinus
1140 1205 1228 1241 dicit
1246 1217 1320 1242 non
1347 1234 1348 1238 ,

264 1268 343 1294 esse
379 1257 600 1307 religionem
627 1269 652 1293 a
682 1258 914 1306 philosophis
950 1258 1204 1305 quaerendam
1220 1286 1230 1304 ,
1259 1258 1325 1306 qui
1347 1286 1349 1306 ἰ

264 1310 395 1347 eadem
421 1321 533 1347 sacra
561 1310 791 1357 recipiebant
816 1322 901 1347 cum
923 1310 1085 1359 populis,
1106 1316 1142 1346 et
1167 1311 1212 1347 de
1238 1322 1323 1347 suo·
1348 1308 1349 1346 Ξ

39 1395 58 1407 λγ
248 1362 527 1399 -ηηηῆίἓόνὶυη
546 1368 683 1400 natura
702 1375 749 1400 ac
765 1374 913 1400 summo
933 1364 1030 1399 bono
1049 1363 1217 1400 diversas
1235 1375 1321 1400 con-
1348 1379 1350 1409 ς

39 1418 113 1463 ³³¹7,
147 1422 238 1468 ⁸32,-
266 1415 478 1464 trariasque
513 1416 710 1452 sententias
736 1417 774 1452 in
802 1415 937 1452 scholis
965 1417 1231 1463 personabant.
1276 1417 1324 1452 Et

109 1461 238 1500 ”ffb-Vl}
265 1467 368 1505 hunc
388 1468 500 1505 etiam
530 1467 730 1505 erroremt
757 1468 875 1505 secuti
904 1476 991 1505 sunt
1009 1468 1164 1515 quidam
1194 1469 1325 1505 haere·
1350 1492 1352 1498 ν

264 1152 403 1189 cultum
422 1153 547 1202 magis
573 1153 626 1189 ad
642 1164 786 1189 morem
806 1163 920 1200 quam
948 1152 1000 1188 ad
1016 1163 1096 1188 rem
1118 1152 1319 1200 pertinere.

1371 418 1445 454 hoc
1473 425 1630 465 apparet
1663 417 1863 454 manifeste
1890 418 2040 454 falsum.
2079 419 2181 455 Nam
2213 430 2299 454 cum
2328 426 2426 454 exte-

1372 470 1447 506 rior
1477 471 1595 505 cultus
1623 469 1668 506 sit
1696 470 1847 518 signum
1875 470 2060 507 interioris
2090 471 2221 517 cultus,
2249 471 2344 507 sicut
2373 478 2429 507 est

1371 521 1627 570 perniciosum
1663 523 1906 559 mendacium
1946 523 1975 559 si
2004 523 2087 572 quis
2124 524 2250 561 verbis
2288 531 2429 560 asserat

1372 574 1604 611 contrarium
1635 575 1714 611 eius
1742 576 1846 623 quod
1875 588 1943 624 per
1961 588 2094 613 veram
2123 577 2241 613 fidem
2270 583 2371 613 tenet
2390 576 2428 612 in

1373 627 1512 672 corde,
1542 626 1591 663 ita
1628 628 1740 664 etiam
1777 636 1832 664 est
1859 629 2072 677 perniciosa
2107 630 2244 666 falsitas
2279 629 2309 666 si
2344 629 2428 677 quis

1344 680 1346 724 ἶ
1374 679 1596 716 exteriorem
1618 681 1756 717 cultum
1788 682 1960 718 exhibeat
1978 682 2087 718 alicui
2116 690 2247 718 contra
2265 682 2304 719 id
2324 682 2428 730 quod

1373 732 1484 769 sentit
1511 731 1549 768 in
1581 740 1720 770 mente.
1759 734 1871 770 Unde
1908 735 2138 781 Augustinus
2173 734 2260 772 dicit
2297 742 2428 771 contra

1374 785 1573 828 Senecam,
1594 784 1631 821 in
1660 785 1709 821 VI
1739 786 1785 822 de
1817 787 1893 823 Civ.
1916 788 1990 823 Dei
2005 787 2037 834 ²¹²,
2067 787 2170 835 quod
2199 799 2242 823 eo
2271 788 2428 824 damna-

1345 879 1346 882 *
1373 837 1481 874 bilius
1521 838 1667 873 colebat
1704 838 1829 885 idola,
1860 851 1932 887 quo
1954 840 2028 876 illa
2066 851 2162 888 quae
2202 840 2430 876 mendaciter

262 900 344 926 rem
373 901 451 926 non
480 901 563 926 esse
598 889 707 926 idolis
741 890 999 927 exhibendum
1038 897 1219 938 tanquam
1251 890 1346 937 per'

1373 890 1513 938 agebat
1529 889 1582 925 sic
1608 896 1739 938 ageret
1758 897 1798 926 ut
1823 903 1908 927 cum
1922 893 2063 940 populo
2083 898 2090 913 ¹
2109 893 2293 929 veraciter
2310 904 2428 942 agere

1345 967 1347 988 ÷
1374 942 1661 978 existimaretur.

1427 996 1485 1030 An
1514 1006 1651 1031 Palmum
1679 1006 1777 1031 ERGO
1806 1007 1990 1033 DlCENDUM
2018 997 2122 1045 quod
2151 1009 2274 1045 neque
2303 997 2342 1034 in
2363 1009 2430 1033 ve-

1374 1047 1462 1083 teris
1491 1047 1581 1094 legis
1601 1047 1845 1084 tabernaculo
1872 1060 1939 1084 seu
1959 1050 2101 1096 templo
2120 1049 2150 1095 ²¹⁸,
2171 1061 2294 1098 neque
2316 1049 2429 1086 etiam

1375 1205 1671 1253 gnificationem,
1695 1213 1737 1242 ut
1763 1217 1832 1254 per
1859 1206 2080 1243 huiusmodi
2114 1207 2296 1254 imagines
2325 1220 2430 1244 men-

1376 1258 1474 1294 tibus
1502 1258 1703 1295 hominum
1733 1258 1972 1306 imprimatur
2001 1267 2036 1295 et
2063 1259 2310 1296 confirmetur
2336 1260 2433 1297 fides

1378 1311 1424 1348 de
1454 1310 1671 1347 excellentia
1699 1312 1922 1358 angelorum
1951 1319 1988 1348 et
2011 1319 2243 1349 sanctorum.
2264 1334 2288 1340 -
2315 1313 2434 1349 Secus

1377 1371 1504 1399 autem
1534 1371 1590 1399 est
1619 1363 1664 1400 de
1693 1363 1857 1411 imagine
1880 1365 2028 1412 Christi,
2050 1365 2122 1411 cui,
2143 1365 2288 1402 ratione
2317 1365 2433 1402 deita-

1377 1417 1422 1452 tis
1441 1422 1469 1461 ξ
1498 1416 1603 1452 latria
1632 1416 1802 1462 debetur,
1823 1425 1864 1453 ut
1893 1417 2036 1454 dicetur
2063 1417 2101 1454 in
2119 1418 2249 1454 Tertio
2269 1418 2300 1454 *.

1433 1470 1489 1504 AD
1518 1480 1708 1505 SECUNDUM
1744 1481 1790 1505 ET
1824 1481 1984 1507 TERTmM
2012 1477 2115 1518 patet
2142 1470 2339 1519 responsio
2368 1483 2436 1519 per

265 1520 328 1558 tici
346 1520 367 1543 '¹‘
394 1529 604 1558 asserentes
631 1524 710 1558 n‘on
735 1533 818 1558 esse
847 1521 1103 1569 perniciosum
1124 1527 1142 1548 η
1170 1520 1200 1557 si
1229 1521 1324 1569 quis,
1350 1515 1353 1566 ’ᾗ
1380 1533 1424 1557 ea
1453 1533 1550 1569 quae
1580 1521 1678 1558 dicta
1706 1529 1793 1558 sunt
1811 1522 1844 1558 ²¹⁴.

320 1651 344 1684 δ)
363 1654 451 1684 atque.
464 1665 482 1670 -
501 1654 527 1676 et
545 1650 670 1682 ABDEF;
690 1650 782 1676 abrasa
799 1651 850 1683 pC;
871 1656 931 1684 post
949 1652 992 1676 cui
1010 1652 1048 1676 Pa
1067 1652 1163 1676 addunt
1182 1655 1279 1676 tamen.

319 1687 341 1718 ε)
362 1689 401 1712 ut.
411 1700 430 1705 -
448 1686 518 1711 unde
531 1686 667 1711 ABDFsC.
678 1700 697 1705 -
715 1687 766 1711 Pro
785 1690 815 1712 ut
829 1687 1032 1714 meminerimus,
1047 1690 1074 1712 et
1088 1689 1117 1711 ut
1131 1687 1172 1719 (ut
1185 1690 1212 1711 et
1226 1687 1256 1719 P)
1274 1694 1328 1711 me-

267 1722 422 1748 mInerimus
441 1722 487 1746 Pa.

319 1757 345 1790 ζ)
363 1764 492 1782 errorem.
505 1771 524 1775 -
541 1756 667 1782 ardorem
686 1757 761 1781 ABF.

319 1793 346 1826 η)
360 1792 551 1825 perniciosum.
564 1806 584 1811 -
596 1792 777 1824 periculosum
795 1792 1062 1818 PABCEFGHIKLa.

1434 1650 1459 1684 θ)
1478 1654 1567 1676 servat
1585 1652 1612 1676 in
1632 1654 1726 1676 mente.
1739 1665 1758 1670 -
1775 1655 1862 1676 servet
1886 1652 1912 1676 in
1932 1655 2018 1677 mente
2036 1652 2138 1684 GILsC,
2156 1653 2183 1677 in
2202 1657 2288 1678 mente
2306 1657 2392 1678 servet
2410 1654 2438 1678 P.

1435 1686 1453 1718 ι)
1472 1694 1531 1712 cum
1544 1687 1652 1719 populo.
1665 1701 1684 1706 —-
1702 1694 1761 1712 cum
1779 1694 1797 1711 a
1807 1688 1908 1718 populo
1922 1688 1953 1716 A,
1972 1690 2060 1712 tamen
2075 1689 2191 1719 populus
2207 1689 2236 1718 B,
2255 1696 2314 1713 cum
2325 1689 2439 1720 populus

1381 1722 1412 1754 D,
1427 1723 1529 1754 populo
1545 1723 1576 1752 L,
1590 1729 1648 1747 eum
1659 1722 1775 1754 populus
1791 1722 1809 1746 P
1824 1730 1899 1754 quae,
1915 1730 1962 1754 pro
1981 1723 2190 1752 existimaretur,
2210 1723 2387 1748 existimaret.

1435 1757 1460 1789 κ)
1481 1757 1598 1782 deitatis.
1612 1771 1630 1777 -
1648 1757 1798 1782 divinitatis
1816 1758 1971 1782 PDGHIKa.

1065 1935 1382 1978 ARTICULUS
1412 1935 1642 1978 TERTIUS

757 2027 913 2059 UTRUM
936 2027 1233 2059 IDOLOLATRIA
1257 2027 1323 2058 SlT
1347 2027 1638 2058 GRAvlssmuM
1660 2027 1958 2058 PECCATORUM

835 2130 838 2132 ,
887 2107 922 2132 1v
941 2107 1023 2136 Sent„
1044 2107 1103 2133 dist.
1120 2114 1175 2138 xm,
1194 2115 1239 2140 qu.
1257 2114 1284 2137 ιι,
1304 2113 1350 2132 art.
1371 2114 1399 2137 2;
1419 2107 1429 2131 1
1447 2107 1484 2132 ad
1506 2107 1575 2136 Cor„
1596 2114 1650 2139 cap.
1668 2114 1712 2138 ¹11,
1732 2107 1789 2131 lect.
1809 2114 1826 2131 1.

452 2210 454 2213 ψ
479 2198 502 2222 D
521 2197 681 2223 TER-rum
700 2197 754 2223 sm
775 2197 1016 2223 PROCEDlTua.
1044 2185 1204 2223 Videtur
1223 2186 1327 2235 quod

306 2203 310 2217 ,
355 2205 359 2209 .

297 2235 323 2290 'j
405 2246 467 2299 Χῖα
480 2238 692 2276 idololatria
720 2250 798 2275 non
827 2238 874 2275 sit
900 2238 1167 2286 gravissimum
1194 2251 1328 2287 pecca-

262 2403 328 2435 .tus
355 2396 521 2443 interior,
541 2397 608 2445 qui
637 2397 804 2434 consistit
831 2396 869 2434 in
896 2396 986 2444 fide,
1007 2409 1075 2445 spe
1100 2404 1136 2434 et
1164 2397 1327 2445 caritate,

268 2457 325 2488 est
343 2449 479 2487 melior
498 2462 615 2498 quam
636 2451 757 2487 cultus
781 2449 954 2486 exterior.
984 2450 1086 2498 Ergo
1114 2450 1328 2498 infidelitas,

267 2502 482 2552 desperatio
512 2510 548 2539 et
575 2503 708 2540 odium
737 2503 822 2550 Dei,
843 2515 941 2551 quae
979 2511 1225 2551 opponuntur
1253 2505 1329 2540 cul-

268 2555 323 2593 tui
349 2555 528 2602 interlori,
556 2563 643 2593 sunt
669 2555 846 2604 graviora
878 2563 1034 2604 peccata
1063 2568 1179 2604 quam
1209 2555 1329 2593 idolo-

267 2607 387 2656 latria,
408 2620 507 2657 quae
536 2609 742 2658 opponitur
770 2609 884 2645 cultui
913 2608 1097 2645 exteriori.

323 2673 359 2698 2.
380 2662 615 2708 PRAETEREA,
635 2669 740 2698 tanto
769 2661 924 2710 aliquod
942 2669 1143 2710 peccatum
1174 2669 1229 2698 est
1247 2673 1329 2708 gra-

268 2714 355 2752 vius
383 2722 526 2762 quanto
555 2714 675 2762 magis
703 2721 760 2750 est
788 2721 918 2751 contra
951 2715 1089 2750 Deum.
1128 2714 1204 2750 Sed
1234 2714 1328 2750 dire-

270 2766 364 2804 ctius
383 2766 534 2804 videtur
561 2767 695 2815 aliquis
715 2774 846 2804 contra
874 2768 1002 2803 Deum
1022 2778 1133 2814 agere
1153 2767 1327 2814 blasphe-

269 2819 428 2867 mando,
449 2820 511 2857 vel
530 2818 649 2857 fidem
667 2819 940 2868 impugnando,
956 2831 1073 2867 quam
1094 2819 1236 2855 cultum
1256 2819 1329 2855 Dei

271 2871 331 2910 alii
368 2872 605 2919 exhibendo,
640 2871 748 2920 quod
779 2871 942 2921 pertinet
976 2872 1025 2909 ad
1061 2871 1327 2908 idololatriam.

270 2926 373 2972 Ergo
409 2924 645 2974 blasphemia
671 2925 734 2962 vel
766 2924 1002 2972 impugnatio
1038 2924 1129 2961 fidei
1163 2931 1220 2960 est
1246 2936 1327 2972 gra-

269 2978 356 3015 vius
384 2985 584 3026 peccatum
613 2989 729 3026 quam
756 2977 978 3014 idololatria.

326 3032 360 3068 3.
387 3032 628 3078 PRAETEREA,
657 3030 807 3067 minora
841 3030 941 3066 mala
975 3028 1183 3066 maioribus
1219 3029 1328 3066 malis

270 3083 394 3133 puniri
421 3083 608 3120 videntur.
637 3078 718 3120 'Sed
736 3090 937 3132 peccatum
958 3081 1191 3119 idololatriae
1219 3082 1328 3131 puni-

270 3132 352 3174 tum
370 3144 424 3172 est
433 3143 591 3185 peccato
608 3143 739 3173 contra
753 3143 939 3179 naturam.
951 3142 993 3172 ut
1007 3135 1142 3173 dicitur
1151 3134 1327 3172 Rom.1*.

271 3190 374 3237 Ergo
403 3196 603 3238 peccatum
622 3196 753 3226 contra
781 3196 955 3226 naturam
984 3195 1040 3225 est
1061 3187 1214 3235 gravius
1241 3200 1328 3236 pec-

272 3250 357 3280 cato
385 3241 635 3279 idololatriae.

323 3307 360 3342 4.
390 3296 632 3341 PRAETEREA,
670 3293 904 3341 Augustinus
946 3293 1054 3340 dicit,
1090 3294 1162 3330 XX
1197 3299 1327 3330 contra

270 3348 399 3385 Faust.
419 3347 458 3384 *ε
487 3347 623 3396 Neque
648 3357 727 3392 vos,
748 3345 886 3383 scilicet
912 3345 1180 3393 Manichaeos,
1202 3357 1327 3396 paga-

271 3412 339 3438 nos
358 3401 526 3447 dicimus,
546 3405 613 3437 aut
636 3399 796 3436 schisma
809 3410 1055 3449 paganorum
1067 3413 1079 3435 .-
1105 3399 1171 3436 sed
1191 3399 1329 3435 habere

326 3532 352 3564 α)
373 3539 427 3557 vos.
438 3546 457 3550 -
475 3531 523 3557 hoc
537 3534 576 3556 est
595 3531 623 3562 C,
639 3537 685 3555 vos
699 3530 725 3555 in
740 3530 788 3554 hoc
802 3529 833 3558 D,
847 3536 893 3554 vos
907 3529 955 3554 hoc
970 3529 1002 3560 G,
1019 3529 1068 3554 hoc
1082 3530 1165 3559 ceteri,
1181 3529 1207 3553 in
1221 3529 1270 3554 hoc
1284 3529 1332 3554 Pa.

1381 2197 1467 2222 cum
1495 2186 1548 2222 eis
1575 2186 1766 2233 quandam
1794 2186 2082 2232 similitudinem,
2110 2197 2153 2222 eo
2182 2187 2282 2234 quod
2308 2187 2442 2224 multos

1381 2238 1510 2274 colatis
1538 2238 1636 2275 deos.
1674 2240 1811 2275 Verum
1839 2249 1906 2275 vos
1926 2244 1943 2260 ²
1971 2251 2048 2275 esse
2075 2239 2126 2275 eis
2144 2238 2258 2288 longe
2285 2239 2442 2275 deterio-

286 2322 307 2338 ,4
395 2311 397 2313 ·
427 2297 447 2336 (2
466 2299 619 2337 ntorum.
649 2292 856 2328 Pessimum
886 2291 988 2328 enim
1008 2292 1147 2339 optimo
1175 2293 1328 2340 opponi-
1382 2303 1460 2328 res:
1490 2291 1591 2339 quod
1622 2291 1676 2327 illi
1701 2303 1745 2328 ea
1781 2291 1909 2327 colunt
1934 2303 2030 2339 quae
2055 2297 2151 2337 sunt,
2177 2292 2243 2328 sed
2268 2303 2344 2339 pro
2373 2292 2442 2328 diis

227 2349 241 2359 '
289 2336 299 2345 ”
325 2359 333 2369 .
346 2337 411 2370 “¹7'‘
436 2336 467 2379 X<
480 2350 552 2390 tur,
572 2352 615 2381 ut
634 2344 769 2381 dicitur
796 2344 835 2381 in
853 2344 940 2380 VIII
959 2345 1080 2382 Ethic.
1100 2344 1120 2365 ’¹‘
1149 2345 1226 2381 Sed
1251 2345 1328 2381 cul·
1382 2344 1537 2380 colenda
1558 2356 1631 2380 non
1651 2350 1757 2388 sunt‚·
1783 2355 1850 2380 vos
1869 2349 1994 2381 autem
2009 2356 2054 2381 ea
2076 2344 2193 2381 colitis
2212 2355 2309 2392 quae
2323 2345 2442 2381 omni-

1383 2409 1431 2433 no
1461 2408 1535 2433 non
1562 2402 1659 2433 sunt.
1698 2397 1799 2444 Ergo
1828 2396 1964 2434 vitium
2002 2396 2213 2434 haereticae
2248 2397 2442 2446 pravitatis

1384 2457 1439 2486 est
1465 2449 1619 2496 gravius
1647 2461 1763 2498 quam
1793 2449 2015 2487 idololatria.

1441 2503 1473 2538 5.
1494 2502 1727 2548 Pmmmm,
1755 2514 1869 2550 super
1896 2503 1984 2539 illud
2017 2503 2101 2539 Gal.
2122 2514 2157 2539 1v
2175 2502 2215 2549 ³¹²,
2247 2502 2442 2544 Quomodo

1383 2555 1644 2592 convertimini
1658 2556 1791 2591 iterum
1810 2555 1861 2591 ad
1874 2556 2025 2603 infirma
2041 2561 2076 2591 et
2093 2567 2214 2604 egena
2234 2555 2443 2592 elementa?

1385 2607 1472 2645 dicit
1501 2608 1638 2644 Glossa
1658 2608 1886 2655 Hieronymi
1904 2608 1943 2645 *ε
1974 2609 2089 2658 Legis
2112 2609 2360 2654 observantia,
2382 2609 2445 2645 cui

1383 2660 1496 2697 dediti
1508 2666 1595 2697 tunc
1613 2667 1731 2706 erant,
1747 2666 1829 2697 erat
1840 2667 2037 2709 peccatum
2051 2672 2173 2709 paene
2186 2672 2262 2708 par
2278 2661 2446 2698 servituti

1383 2713 1583 2758 idolorum,
1604 2714 1666 2749 cui
1682 2719 1768 2750 ante
1787 2714 2066 2750 conversionem
2086 2719 2324 2750 vacaverant.
2351 2714 2442 2751 Non

1383 2778 1474 2813 ergo
1502 2773 1703 2814 peccatum
1731 2765 1966 2802 idololatriae
1995 2774 2052 2802 est
2078 2765 2355 2813 gravissimum.

1438 2819 1512 2855 SED
1542 2829 1687 2855 CONTRA
1722 2830 1788 2855 EST
1822 2819 1926 2867 quod
1958 2819 2075 2856 Levit.
2105 2830 2172 2866 xv,
2202 2830 2316 2867 super
2350 2818 2442 2855 illud

1384 2870 1486 2919 quod
1526 2870 1660 2908 dicitur
1698 2870 1744 2907 de
1782 2870 2022 2908 immunditia
2063 2870 2230 2908 mulieris
2267 2871 2440 2919 patienfis

1383 2923 1529 2960 fluxum
1550 2923 1753 2971 sanguinis,
1775 2923 1862 2960 dicit
1881 2924 2017 2960 Glossa
2035 2923 2075 2960 *ε
2109 2924 2227 2961 Omne
2242 2929 2440 2972 peccatum

1383 2982 1438 3013 est
1464 2976 1698 3013 immunditia
1725 2977 1894 3022 animae,
1922 2977 1987 3013 sed
2013 2976 2223 3013 idololatria
2260 2977 2438 3013 maxime.

1437 3030 1662 3066 RESPONDEO
1681 3041 1866 3066 DlCENDUM
1886 3029 1990 3077 quod
2005 3029 2168 3077 gravitas
2184 3029 2339 3066 alicuius
2354 3041 2441 3078 pec-

1384 3082 1454 3118 cati
1472 3089 1597 3130 potest
1616 3082 1757 3118 attendi
1777 3081 1982 3130 dupliciter.
2007 3082 2094 3119 Uno
2119 3082 2250 3128 modo,
2272 3094 2316 3118 ex
2335 3089 2440 3130 parte

1383 3134 1499 3183 ipsius
1527 3135 1683 3183 peccati.
1722 3135 1771 3171 Et
1799 3134 1852 3171 sic
1887 3142 2088 3183 peccatum
2123 3134 2356 3171 idololatriae
2386 3142 2441 3171 est

1383 3187 1647 3235 gravissimum
1667 3187 1698 3224 ²¹³.
1729 3187 1833 3224 Sicut
1866 3187 1968 3224 enim
1995 3187 2033 3224 in
2063 3195 2212 3224 terrena
2246 3187 2440 3235 republica

1383 3240 1651 3287 gravissimum
1681 3252 1762 3277 esse
1790 3240 1940 3277 videtur
1968 3240 2071 3288 quod
2091 3239 2223 3287 aliquis
2250 3240 2439 3276 honorem

1383 3293 1529 3341 regium
1564 3293 1670 3330 alteri
1704 3292 1900 3341 impendat
1936 3304 2051 3341 quam
2088 3304 2181 3329 vero
2218 3292 2313 3340 regi,
2350 3292 2440 3339 quia

1383 3353 1569 3394 quantum
1598 3346 1636 3383 in
1665 3358 1705 3382 se
1734 3353 1800 3392 est,
1830 3353 1952 3382 totum
1990 3344 2219 3394 reipublicae
2245 3346 2441 3393 perturbat

1383 3398 1579 3444 ordinem3
1609 3398 1658 3435 ita
1676 3398 1715 3435 in
1732 3398 1897 3446 peccatis
1917 3409 2014 3446 quae
2035 3405 2165 3434 contra
2183 3398 2310 3434 Deum
2336 3410 2440 3434 com-

2457 797 2468 808 ·
2482 796 2539 819 Loc.
2555 796 2597 818 cit.

2457 1055 2467 1065 ⁸
2475 1054 2507 1076 111
2516 1054 2573 1082 Reg.
2581 1060 2633 1082 cap.
2642 1061 2663 1075 w

2457 1087 2517 1103 vers.
2532 1087 2557 1109 ²3
2571 1087 2624 1108 sqq.

2561 1423 2576 1439 κ

2463 1449 2473 1460 ⁸
2483 1448 2593 1476 mexv,
2602 1452 2643 1470 nrt.
2654 1454 2675 1476 3.

2464 1526 2475 1535 ⁸
2488 1525 2514 1546 In
2529 1530 2635 1552 corpore.

2470 2515 2480 2526 ⁸
2495 2514 2560 2537 Vers.
2575 2521 2598 2543 9.

2469 2618 2480 2628 '⁴
2493 2617 2618 2638 Lombnrd.

2468 2935 2478 2946 '⁴
2490 2935 2571 2957 Ordin.
2579 2951 2586 2962 ,
2607 2941 2676 2962 super

2468 2968 2527 2983 vers.
2542 2967 2571 2989 3¹·

2467 3203 2478 3213 ⁸
2491 3203 2519 3224 D.
2535 3202 2582 3230 716.
