2860 4244
145 702 152 709 ¹
173 700 209 721 Ad
227 707 251 729 33
272 703 313 722 art.
334 705 353 727 2,

143 727 171 748 ad
186 733 206 748 2.

139 1713 148 1721 ⁸
163 1711 184 1731 V
186 1718 227 1733 ers.
244 1718 275 1733 10.

139 1844 148 1851 ⁸
163 1842 242 1864 Matth.
260 1848 312 1870 cap.
325 1848 348 1869 x,

139 1875 198 1890 vers.
211 1875 246 1897 37.

386 300 459 348 372

382 379 553 415 humano
583 377 739 414 consilio
769 376 860 425 quid
893 383 1039 423 ageret,
1068 374 1238 423 periculo
1266 381 1442 422 parentes

385 439 589 480 exponeret
617 431 687 467 sub
717 442 783 478 spe
814 428 930 466 divini
959 428 1094 465 auxilii.

437 484 477 521 Si
505 496 598 520 vero
618 483 697 520 sine
719 495 764 519 eo
784 490 959 531 parentes
979 481 1096 517 vitam
1122 479 1327 527 transigere
1354 492 1443 528 pos-

1084 296 1351 343 QUAESTIO
1381 295 1450 343 CI,
1479 296 1777 334 ARTICULUS
1807 296 1857 333 IV

1499 381 1694 422 reputatur
1721 375 1797 411 iam
1828 374 1934 423 quasi
1962 381 2136 411 mortuus
2164 373 2322 411 mundo.
2343 373 2456 412 Unde
2483 387 2563 413 non

1499 427 1613 464 debet
1654 428 1855 464 occasione
1898 427 2178 464 sustentationis
2219 434 2423 476 parentum
2461 428 2562 465 exire

1499 480 1724 527 claustrum,
1762 481 1800 517 in
1838 493 1914 529 quo
1953 480 2103 517 Christo
2143 480 2419 529 consepelitur,
2449 487 2485 517 et
2521 493 2562 518 se

383 544 475 584 sent,
505 536 647 573 licitum
677 543 774 572 esset
794 535 837 580 ei,
860 534 1016 571 desertis
1044 533 1274 582 parentibus,
1295 532 1442 581 religio·
1496 532 1633 569 iterum
1668 533 1923 571 saecularibus
1961 533 2120 582 negotiis
2148 533 2353 583 implicare.
2391 533 2563 571 Tenetur

382 601 471 626 nem
501 589 648 626 intrare.
689 588 787 635 Quia
814 587 881 624 filii
909 599 987 624 non
1015 594 1189 624 tenentur
1221 586 1268 623 ad
1297 594 1442 623 susten-

382 643 562 679 tationem
600 649 800 690 parentum
844 640 914 677 nisi
957 652 1070 677 causa
1112 639 1367 687 necessitatis,
1401 647 1442 676 ut

382 695 523 732 dictum
553 702 608 731 est
626 694 657 731 ³¹⁴.

434 749 496 784 Ille
524 759 618 783 vero
657 747 720 796 qui
747 746 824 783 iam
854 754 909 783 est
936 746 974 782 in
1008 745 1188 794 religione
1224 746 1438 794 professus⁷
1465 721 1468 793 i

1496 593 1637 632 tamen,
1667 587 1772 623 salva
1800 587 1858 623 sui
1884 587 2040 636 praelati
2069 587 2287 637 obedientia
2316 594 2352 624 et
2379 598 2472 623 suae
2505 599 2563 624 re-

1496 638 1644 687 ligionis
1681 646 1800 686 statu,
1829 640 1937 689 pium
1980 640 2148 677 studium
2185 640 2367 677 adhibere
2403 639 2564 688 qualiter

1497 692 1576 728 eius
1604 692 1824 741 parentibus
1852 693 2110 731 subveniatur.
2419 701 2422 703 ’

1047 860 1383 894 Commentaria
1405 844 1661 894 Cardinalis'
1679 858 1882 893 Caietani

409 971 428 991 N
445 959 577 990 articulo
602 965 715 999 quarto
740 958 884 988 eiusdem
907 957 1112 998 quaestionis,
1129 958 1162 989 in
1178 957 1385 998 responsione
1402 958 1442 988 ad

382 973 550 1045 Iprimum
572 1010 603 1034 et
625 1003 768 1040 tertium,
793 1009 869 1033 nota
894 1002 1100 1033 differentiam
1123 1003 1243 1034 litterae
1267 1002 1347 1033 inter
1363 1012 1441 1042 pro-

379 1050 573 1080 vocationem
603 1054 632 1078 et
662 1047 875 1078 inductionem
905 1047 945 1077 ad
973 1047 1104 1078 malum.
1136 1048 1220 1077 Nam
1244 1046 1269 1077 si
1297 1054 1441 1087 parentes

378 1099 502 1132 egentes
525 1092 665 1122 filiorum
681 1098 734 1122 aut
757 1091 895 1122 filiarum
910 1091 1040 1122 servitiis
1060 1098 1134 1121 sunt
1157 1097 1382 1132 provocatores
1402 1091 1441 1121 ad

378 1137 515 1173 malum,
541 1136 702 1167 deserendi
730 1143 804 1166 sunt
826 1136 933 1176 quoad
960 1136 1041 1166 hoc:
1074 1142 1109 1166 ut
1131 1135 1277 1166 videlicet
1304 1145 1370 1166 non
1393 1145 1440 1166 se-

378 1188 517 1222 quantur
545 1191 656 1211 eorum
687 1181 948 1221 provocationes,
973 1180 1027 1210 sed
1056 1180 1164 1220 quoad
1191 1180 1252 1210 hoc
1280 1189 1334 1210 eos
1363 1180 1439 1210 odio

378 1225 512 1257 habeant
534 1225 606 1262 filii,
631 1231 667 1255 ut
694 1225 727 1255 in
750 1225 957 1265 responsione
980 1225 1020 1254 ad
1050 1224 1192 1264 primum
1215 1224 1338 1255 dicitur.
1363 1242 1383 1247 —
1407 1224 1439 1254 Si

377 1279 452 1300 vero
467 1277 610 1310 parentes
626 1279 692 1300 non
706 1275 831 1300 tantum
847 1275 1081 1309 provocatores,
1098 1268 1152 1298 sed
1166 1268 1348 1299 inductores
1365 1275 1440 1299 sunt

377 1314 417 1344 ad
440 1314 571 1350 malum,
596 1321 670 1345 tunc
694 1313 855 1343 deserendi
875 1320 949 1343 sunt
971 1312 1154 1352 simpliciter
1178 1319 1208 1343 et
1230 1313 1383 1349 absolute,
1409 1319 1440 1343 et

378 1369 443 1389 non
467 1359 574 1389 solum
597 1358 704 1399 quoad
727 1357 807 1388 hoc:
833 1364 868 1388 ut
891 1357 923 1387 in
947 1356 1154 1397 responsione
1178 1357 1217 1387 ad
1241 1357 1369 1388 tertium
1393 1357 1438 1387 di-

378 1403 468 1434 citur.

431 1448 564 1488 Propter
586 1446 689 1487 quod,
713 1445 739 1475 si
762 1452 850 1485 pater
873 1445 1018 1476 infirmus
1047 1444 1147 1476 filiam
1170 1445 1228 1475 sibi
1251 1445 1438 1476 servientem

377 1491 486 1522 nititur
507 1491 635 1526 violare,
660 1497 690 1520 et
713 1489 765 1520 illa
789 1500 854 1520 non
878 1490 968 1520 timet
991 1500 1024 1520 se
1039 1489 1157 1526 induci,
1182 1489 1258 1530 quia
1274 1490 1331 1521 scit
1347 1500 1439 1521 suam

377 1542 407 1566 et
422 1535 631 1567 intentionem
648 1541 678 1564 et
695 1534 914 1571 constantiam,
931 1544 997 1565 non
1013 1540 1138 1565 tenetur
1152 1534 1328 1575 relinquere
1343 1534 1439 1574 patris
1465 1545 1467 1551 ·

377 1580 425 1610 sui
449 1580 584 1610 servitia:
609 1579 764 1619 quamvis,
782 1585 911 1618 propter
928 1578 1027 1619 ipsius
1051 1578 1212 1615 demerita,
1227 1578 1329 1618 possit
1347 1579 1439 1610 illum

376 1625 568 1665 relinquere,
593 1623 619 1653 si
645 1633 711 1653 non
733 1623 803 1653 vult
826 1633 945 1653 cessare
973 1633 990 1653 a
1017 1623 1255 1663 provocatione.
1287 1623 1379 1654 Unde
1411 1630 1441 1654 et

377 1669 490 1709 Ioseph
506 1678 572 1698 non
588 1666 715 1707 reliquit
735 1667 858 1697 servitia
878 1667 1003 1704 domus,
1022 1666 1167 1708 quamvis
1191 1667 1318 1698 haberet
1337 1668 1439 1698 domi-

375 1723 450 1743 nam
473 1722 564 1743 suam
579 1711 723 1752 quotidie
746 1711 804 1742 sibi
825 1711 1004 1748 molestam,
1021 1719 1057 1743 ut
1081 1712 1194 1743 dicitur
1211 1711 1290 1742 Gen.
1306 1722 1397 1742 xxxrx
1412 1712 1439 1743 *.

376 1757 409 1788 Si
431 1767 506 1788 vero
530 1756 665 1787 serviens
680 1755 774 1787 videt
802 1765 834 1786 se
858 1756 965 1786 induci
990 1756 1029 1786 ad
1056 1762 1238 1796 peccatum,
1263 1756 1439 1797 relinquere

376 1808 500 1832 tenetur
521 1800 659 1831 totaliter
682 1806 860 1840 parentem:
885 1800 971 1831 iuxta
994 1800 1091 1830 illud:
1119 1800 1183 1838 Qui
1205 1806 1294 1831 amat
1309 1806 1438 1841 patrem

370 1846 448 1887 plus
470 1855 563 1886 quam
589 1854 650 1882 me,
675 1854 738 1874 non
762 1850 809 1875 est
831 1854 881 1875 me
902 1845 1023 1885 dignus
1037 1845 1063 1876 *.

433 1890 471 1920 ΙΙ.
496 1889 531 1919 In
555 1889 669 1919 eodem
692 1895 805 1929 quarto
829 1888 971 1925 articulo,
996 1888 1029 1918 in
1053 1889 1260 1929 responsione
1283 1889 1322 1919 ad
1347 1899 1438 1930 quar·
1465 1913 1467 1930 ἐ

375 1941 461 1969 tum,
487 1933 621 1964 dubium
644 1932 798 1969 occurrit,
823 1943 863 1962 an
891 1933 1056 1972 religiosus
1087 1940 1230 1964 teneatur
1259 1943 1439 1964 succurrere
1465 1953 1467 1957 .

375 1977 455 2018 patri
472 1988 537 2008 non
554 1977 675 2017 potenti
692 1976 758 2007 sine
774 1987 833 2007 suo
849 1977 975 2008 servitio
991 1977 1104 2009 vivere.
1129 1978 1170 2008 Et
1190 1983 1236 2008 est
1254 1978 1334 2008 ratio
1351 1978 1440 2009 dubii
1465 2006 1467 2011 .

375 2023 450 2063 quia
478 2022 511 2052 in
537 2021 639 2052 littera
662 2020 775 2052 dicitur
805 2022 892 2062 quod
925 2031 990 2052 non
1018 2028 1159 2058 tenetur,
1185 2032 1242 2052 nec
1269 2022 1362 2053 debet
1385 2029 1440 2053 aut
1465 2037 1467 2048 ·

374 2073 487 2107 potest,
505 2065 564 2096 nisi
588 2066 627 2096 de
650 2065 778 2105 praelati
801 2065 936 2103 licentia,
958 2073 988 2097 et
1011 2073 1133 2097 servato
1152 2066 1319 2106 religionis
1342 2073 1437 2098 statu.

374 2110 437 2141 Alii
461 2116 568 2141 autem
591 2110 736 2140 doctores
760 2108 932 2140 afferuntur
945 2109 976 2140 in
994 2111 1191 2151 oppositum.
1216 2111 1310 2142 Ratio
1330 2119 1438 2143 autem

375 2164 440 2185 non
464 2160 592 2195 apparet
615 2164 845 2194 usquequaque
870 2154 960 2185 clara.

427 2199 478 2229 Ad
493 2198 588 2229 huius
603 2197 803 2235 evidentiam,
821 2198 985 2229 sciendum
1003 2205 1049 2229 est
1073 2199 1161 2240 quod
1185 2199 1351 2239 dupliciter
1367 2209 1440 2230 con-

374 2242 466 2283 tingit
489 2250 611 2283 patrem
635 2252 724 2282 egere
747 2243 874 2273 servitio
897 2242 953 2273 filii
978 2243 1132 2283 religiosi:
1157 2243 1271 2284 primo,
1297 2244 1372 2274 citra
1389 2254 1439 2274 ex-

374 2293 507 2317 tremam
531 2286 763 2323 necessitatem;
789 2288 939 2323 secundo,
963 2287 996 2317 in
1020 2294 1156 2318 extrema
1180 2288 1373 2319 necessitate.
1398 2289 1439 2319 Et

376 2331 401 2361 si
425 2331 555 2371 quidem
578 2338 666 2371 pater
688 2331 732 2362 ita
755 2338 824 2371 eget
845 2331 912 2362 filio
932 2332 1021 2372 quod
1045 2332 1112 2362 sine
1135 2332 1206 2372 ipso
1227 2339 1364 2363 extrema
1384 2343 1439 2363 ne-

376 2375 515 2406 cessitate
532 2375 696 2406 manifeste
715 2375 879 2412 laboraret,
901 2383 1024 2406 tenetur
1040 2375 1132 2412 filius,
1153 2377 1259 2416 petita,
1280 2377 1353 2408 licet
1372 2387 1437 2408 non

376 2419 504 2449 obtenta
533 2419 658 2449 licentia
685 2419 873 2459 superioris,
899 2420 978 2459 patri
1007 2420 1181 2451 subvenire.
1214 2421 1255 2451 Et
1285 2422 1364 2452 ratio
1393 2429 1440 2452 est

376 2463 450 2503 quia
473 2470 676 2503 praeceptum
699 2463 774 2493 iuris
798 2470 926 2494 naturae
951 2471 981 2495 et
1004 2464 1100 2494 divini
1126 2465 1158 2495 in
1183 2473 1320 2496 extrema
1336 2476 1439 2497 neces-

377 2507 465 2537 sitate
495 2507 687 2547 praeeminet
717 2507 806 2537 omni
833 2515 909 2538 voto
934 2515 964 2539 et
986 2509 1126 2539 vinculo.
1157 2510 1223 2540 Nec
1251 2510 1356 2540 solum
1381 2520 1438 2550 pro

1495 963 1592 997 patre,
1612 957 1667 987 sed
1690 966 1749 997 pro
1773 966 1980 997 quocumque
2004 956 2135 987 homine
2151 957 2184 988 in
2200 957 2295 988 simili
2311 957 2494 990 necessitate
2517 966 2561 990 te-

1496 1008 1588 1032 netur
1611 1001 1753 1042 quilibet.
1778 1002 1852 1031 Non
1867 1001 1953 1032 enim
1977 1001 2092 1031 debent
2106 1008 2181 1032 vota
2202 1011 2270 1032 esse
2284 1002 2470 1043 impeditiva
2485 1013 2560 1044 ope-

1495 1056 1568 1077 rum
1581 1045 1727 1077 iustitiae.
1755 1046 1846 1076 Unde
1870 1045 1951 1076 sicut
1973 1045 2046 1076 licet
2065 1045 2161 1076 furari
2185 1052 2315 1086 propter
2330 1053 2502 1078 extremam
2517 1047 2561 1079 al-

1495 1090 1590 1121 terius
1605 1090 1831 1126 necessitatem,
1848 1089 1891 1120 ita
1914 1090 1986 1120 licet
2009 1089 2165 1120 actualem
2184 1090 2398 1121 obedientiam
2420 1091 2561 1132 praelato

1495 1135 1694 1171 subtrahere,
1720 1141 1751 1165 et
1773 1134 1869 1165 furari
1893 1135 1977 1165 bona
1999 1133 2176 1171 Ecclesiae,
2201 1134 2226 1164 si
2250 1134 2339 1165 aliter
2367 1144 2435 1165 non
2456 1142 2563 1176 potest

1495 1179 1575 1220 patri
1598 1179 1767 1210 subveniri.
1791 1197 1812 1202 —
1835 1179 1902 1210 Nec
1930 1178 2118 1219 oppositum
2141 1179 2238 1210 sensit
2265 1179 2316 1210 hic
2342 1181 2480 1216 Auctor,
2505 1180 2563 1221 qui

1494 1225 1533 1254 de
1550 1224 1732 1254 necessitate
1747 1230 1887 1263 paterna,
1902 1233 1969 1254 non
1985 1223 2024 1253 de
2040 1223 2224 1255 necessitate
2238 1223 2380 1255 humana
2400 1223 2560 1265 loquitur:

1494 1268 1556 1299 hoc
1580 1274 1635 1305 est,
1661 1268 1699 1298 de
1722 1267 1903 1299 necessariis
1927 1267 2008 1308 patri
2031 1278 2049 1298 a
2063 1266 2149 1304 filio,
2174 1274 2206 1299 et
2228 1278 2295 1299 non
2318 1268 2358 1298 de
2380 1269 2562 1306 necessariis

1492 1312 1637 1343 absolute
1660 1322 1679 1343 a
1701 1322 1908 1353 quocumque
1931 1311 2074 1344 homine.

1549 1356 1582 1387 Si
1605 1366 1680 1387 vero
1704 1363 1792 1397 pater
1815 1356 1890 1387 citra
1906 1363 2079 1388 extremam
2102 1364 2149 1388 est
2172 1356 2400 1394 necessitatem,
2423 1363 2500 1388 tunc
2514 1367 2560 1389 re-

1494 1401 1627 1441 ligiosus
1650 1408 1776 1432 tenetur
1797 1401 1946 1432 adiuvare
1969 1407 2092 1441 patrem
2115 1402 2202 1432 salvo
2225 1411 2286 1432 suo
2294 1407 2411 1439 ,statu,
2436 1408 2467 1433 et
2493 1411 2561 1434 non

1493 1445 1590 1482 aliter,
1607 1445 1670 1476 hoc
1681 1452 1738 1482 est,
1755 1445 1840 1476 salva
1855 1445 2034 1476 obedientia
2051 1453 2082 1477 et
2097 1446 2233 1486 regulari
2247 1445 2460 1478 observantia:
2480 1446 2563 1479 siem

1493 1489 1578 1520 filius
1602 1497 1753 1521 uxoratus
1776 1499 1843 1521 non
1866 1496 1991 1521 tenetur
2013 1490 2094 1531 patri
2110 1490 2170 1522 nisi
2187 1491 2276 1522 salvo
2291 1497 2374 1522 statu
2391 1490 2464 1521 coni

1493 1534 1535 1565 Et
1557 1533 1619 1565 hoc
1642 1541 1689 1565 est
1715 1535 1805 1575 quod
1827 1534 1859 1564 in
1882 1534 1984 1566 littera
2008 1532 2132 1566 dicitur.
2163 1535 2208 1567 lta
2235 1535 2324 1576 quod
2352 1533 2562 1570 differentiam

1494 1588 1576 1620 quae
1599 1578 1730 1619 ponitur
1752 1578 1785 1609 in
1806 1578 1909 1610 littera
1927 1579 2008 1610 inter
2022 1578 2126 1610 filium
2142 1586 2314 1621 antequam
2329 1578 2368 1610 sit
2382 1579 2560 1622 religiosus,

1494 1624 1544 1654 vel
1572 1629 1661 1663 post,
1686 1633 1752 1653 non
1776 1622 1918 1663 intelligo
1948 1630 2092 1663 respectu
2121 1631 2276 1655 extremae
2307 1623 2500 1656 necessitatis
2526 1623 2562 1656 in

1494 1675 1598 1708 patre:
1625 1668 1679 1698 sed
1702 1674 1845 1708 respectu
1869 1667 2024 1709 cuiusque
2047 1668 2240 1699 necessitatis
2263 1668 2296 1699 in
2320 1678 2385 1709 qua
2407 1667 2492 1700 filius
2515 1674 2562 1700 te—

1495 1719 1587 1743 netur
1602 1721 1714 1752 operas
1731 1722 1804 1742 suas
1820 1712 1900 1752 patri
1917 1712 2062 1743 exhibere
2076 1722 2114 1743 ex
2129 1719 2297 1754 praecepto
2314 1712 2448 1753 pietatis.
2473 1712 2561 1744 Con-

1495 1763 1555 1787 stat
1578 1766 1717 1797 namque
1740 1756 1829 1797 quod
1848 1766 1915 1787 non
1932 1757 2066 1797 exigitur
2080 1757 2247 1788 necessitas
2262 1763 2401 1788 extrema
2424 1757 2464 1788 ad
2486 1757 2560 1795 hoe,

1495 1801 1550 1831 sed
1577 1799 1692 1831 sufficit
1719 1800 1887 1831 necessitas
1916 1801 2035 1832 habens
2064 1811 2214 1842 magnam
2240 1801 2451 1838 latitudinem.
2474 1819 2496 1826 ·-
2518 1801 2562 1834 Et

1465 1877 1467 1886 A
1494 1845 1574 1876 forte
1598 1845 1641 1875 sic
1665 1845 1933 1876 concor-darentur
1955 1845 2111 1877 doctores.

1549 1889 1643 1920 Ratio
1666 1889 1761 1929 igitur
1791 1899 1872 1930 quae
1896 1896 2005 1920 movet
2031 1889 2215 1931 oppositam
2238 1889 2443 1930 opinionem,
2468 1889 2560 1922 facile

1494 1933 1636 1964 solvitur.
1660 1934 1744 1964 Nam
1767 1940 1971 1974 praeceptum
1995 1934 2034 1964 de
2056 1934 2181 1965 honore
2205 1940 2389 1975 parentum,
2412 1933 2486 1966 licet
2506 1944 2561 1966 ve-

1493 1988 1565 2009 rum
1596 1978 1636 2009 sit
1658 1978 1748 2019 quod
1771 1978 1858 2018 prius
1881 1988 1979 2019 quarn
2002 1985 2126 2015 votum,
2151 1985 2183 2010 et
2205 1988 2243 2010 ex
2260 1985 2391 2010 naturae
2412 1978 2480 2010 iure
2502 1979 2560 2011 ob-

1493 2022 1582 2062 ligat,
1607 2032 1664 2053 nec
1687 2030 1734 2053 est
1757 2022 1936 2062 abrogabile
1960 2032 2015 2064 per
2034 2023 2260 2064 superveniens
2281 2030 2412 2059 votum3
2443 2022 2561 2055 falsum

1493 2074 1600 2098 tamen
1617 2073 1663 2098 est
1681 2067 1770 2108 quod
1786 2067 1901 2098 eodem
1916 2067 2016 2098 modo
2040 2067 2159 2108 obliget
2181 2066 2285 2099 filium
2299 2067 2333 2098 in
2352 2076 2560 2110 quocumque

1493 2117 1588 2142 statu.
1621 2111 1785 2148 Quoniam
1809 2117 1855 2142 est
1885 2118 2090 2153 praeceptum
2114 2111 2355 2148 affirmativum,
2381 2118 2412 2144 et
2440 2111 2562 2154 obligat

1493 2166 1551 2196 pro
1568 2163 1712 2196 tempore
1729 2165 1995 2197 unumquemque
2016 2163 2113 2197 prout
2131 2163 2207 2188 tunc
2223 2155 2344 2187 invenit
2358 2156 2461 2188 illum.
2484 2156 2561 2189 Non
2613 2157 2621 2164 '

1493 2200 1579 2230 enim
1610 2200 1724 2230 eodem
1747 2201 1847 2231 modo
1872 2200 1991 2240 obligat
2012 2200 2116 2232 filium
2140 2201 2293 2238 liberum,
2317 2207 2349 2232 et
2363 2207 2559 2233 uxoratum:

1492 2254 1567 2275 narn
1590 2251 1742 2275 uxoratus
1771 2254 1837 2275 non
1861 2244 2020 2285 obligatur
2042 2246 2083 2276 ad
2106 2252 2213 2277 actum
2236 2245 2462 2277 commanendi
2484 2254 2560 2279 cum

1492 2295 1589 2329 patre,
1609 2288 1686 2330 quia
1699 2289 1763 2319 iam
1779 2296 1825 2320 est
1841 2289 1998 2330 obligatus
2014 2290 2055 2320 ad
2071 2290 2343 2321 commanendum
2360 2300 2435 2322 cum
2450 2299 2559 2323 uxore.

1492 2333 1534 2364 Et
1557 2332 1600 2364 sic
1624 2340 1670 2364 est
1693 2333 1726 2363 in
1750 2333 1934 2374 proposito,
1959 2334 2049 2375 quod
2077 2333 2161 2365 filius
2183 2334 2262 2365 liber
2288 2341 2413 2366 tenetur
2438 2344 2475 2366 ex
2497 2334 2560 2367 hoc

1492 2384 1660 2418 praecepto
1684 2378 1724 2408 ad
1743 2378 1922 2408 subsidium
1941 2386 2110 2419 paternum
2126 2378 2328 2420 simpliciter:
2351 2378 2436 2410 filius
2451 2386 2559 2411 autem

1493 2421 1653 2462 religionis
1676 2422 1804 2453 vinculo
1836 2422 2002 2454 adstrictus
2032 2430 2158 2454 tenetur
2185 2429 2221 2454 ut
2249 2423 2416 2463 religiosus
2443 2429 2559 2464 potest.

1492 2466 1663 2506 Propterea
1692 2466 1725 2496 in
1749 2466 1850 2497 littera
1874 2467 1988 2498 dicitur
2019 2467 2108 2508 quod
2138 2472 2266 2498 tenetur
2288 2468 2382 2508 pium
2409 2467 2561 2500 adhibere

1493 2511 1645 2547 studium,
1670 2510 1762 2541 salva
1786 2511 1954 2551 religione,
1980 2516 2015 2542 ut
2031 2512 2124 2552 patri
2146 2512 2365 2543 subveniatur.
