2860 4244
884 248 1150 296 QUAESTIO
1183 248 1397 296 LXXXVI,
1425 248 1722 286 ARTICULUS
1751 248 1803 286 lV
2352 250 2428 286 225

259 327 356 360 Secus
395 333 503 358 autem
533 334 579 359 est
613 327 652 358 de
685 326 890 359 caeremoniis
920 326 1146 357 communiter:
1182 334 1317 368 possunt
1340 328 1343 367 Ι
1368 327 1518 358 exhibitio
1541 327 1635 358 habet
1656 327 1690 358 in
1706 337 1739 358 se
1762 326 1844 358 duo:
1868 326 1972 368 ipsam
1987 336 2054 357 rem
2070 327 2217 362 dandam,
2242 332 2272 356 et
2294 327 2430 357 modum

22 372 98 421 :³22-
106 370 233 421 34202131·
259 371 359 408 enirn,
382 377 420 402 ut
441 371 654 412 praediximus
671 371 704 408 *,
729 372 806 402 haec
828 370 947 403 assumi
969 376 1001 401 et
1023 370 1172 401 constitui
1195 371 1234 401 ab
1258 371 1316 402 Ec-

1369 371 1474 403 dandi.
1505 371 1538 402 Si
1561 370 1776 402 consideretur
1796 380 1845 411 res
1869 371 1956 407 data,
1981 370 2025 402 sic
2047 369 2130 401 cadit
2156 370 2215 400 sub
2238 369 2430 409 obligatione

1368 415 1527 455 praecepti
1549 414 1714 446 statuentis
1736 415 1826 456 quod
1848 414 2003 455 primitiae
2027 414 2150 446 dentur.
2174 414 2207 445 Si
2229 423 2305 444 vero
2328 413 2434 444 consi-

1369 459 1495 490 deretur
1516 460 1633 490 modus
1656 458 1762 495 dandi,
1784 459 1860 500 quia
1882 458 2001 490 scilieet
2022 459 2115 490 datur
2136 467 2193 499 per
2215 457 2351 488 modum
2375 458 2431 488 ob-

1360 502 1506 539 “lationim
1530 512 1612 543 quae
1627 509 1675 534 est
1695 509 1880 543 spontanea,
1903 502 1949 533 sic
1969 502 2064 534 habet
2086 502 2176 544 quod
2198 511 2264 532 non
2287 501 2327 532 sit
2349 507 2432 532 certa

1371 545 1528 587 quantitas
1558 546 1770 586 primitiarum
1792 546 1930 587 obligata
1953 556 1990 578 ex
2011 547 2096 587 lege,
2121 546 2176 577 sed
2197 545 2321 576 videtur
2344 555 2432 576 com-

1370 589 1461 620 muni
1484 589 1612 620 arbitrio
1636 589 1835 622 offerentium
1858 590 2020 632 pensanda
2042 590 2157 627 relicta,
2171 596 2229 621 etc.

260 415 371 451 cle-iu
403 421 440 446 ut
470 415 509 446 de
538 415 684 456 primitiis
717 415 810 452 fecit,
837 424 917 456 quas
946 415 1006 445 sub
1035 414 1316 446 caeremonialibus

259 458 432 500 praeceptis
455 459 565 491 cadere
586 470 653 491 non
676 466 724 491 est
744 459 896 496 dubium,
918 468 994 491 cum
1015 458 1049 488 in
1070 457 1131 489 Dei
1159 459 1316 490 honorem

259 501 446 553 immediate
472 502 706 540 exhiberentur;
736 502 859 543 etipsa
885 501 1036 533 exhibitio
1063 502 1239 534 nonnullus
1270 508 1318 533 est

261 545 580 631 cmffisrg‘gonsione
601 590 641 621 ad
663 589 824 626 ultimum,
848 590 974 620 adverte
996 590 1084 631 quod
1107 589 1322 630 primitiarum

406 3605 516 3631 Suum
533 3604 635 3631 Tuon.
654 3604 686 3629 D.
703 3603 818 3629 Tuom
836 3602 868 3628 T.
886 3603 930 3628 Vi.
2260 3606 2292 3633 29
