2860 4244
923 294 1188 342 QUAESTIO
1217 295 1428 343 LXXXIX,
1457 295 1751 333 ARTICULUS
1782 296 1843 342 III,
1866 296 1916 331 IV

2428 299 2500 345 275

1131 404 1447 446 ARTICULUS
1477 405 1705 447 TERTIUS

724 496 878 526 UTRUM
902 494 1241 526 CONVENIENTER
1264 495 1501 526 PONANTUR
1524 496 1634 526 TRES
1658 495 1848 527 COMITES
1871 496 2111 527 IURAMENTI

1059 539 1256 575 IUSTlTlA‚
1282 539 1478 570 IUDICIUM
1502 539 1560 569 ET
1585 540 1768 570 VERITAS

439 625 513 655 Infra,
533 633 578 658 qu.
596 632 683 656 xcvm,
701 630 748 650 art.
771 633 792 655 1,
806 625 837 650 ad
860 633 887 656 1;
907 625 937 649 111
957 625 1039 654 Sene„
1059 625 1118 649 dist.
1130 632 1210 654 xxm,
1230 630 1274 649 art.
1296 633 1319 654 2,
1338 625 1388 658 qu·
1409 624 1437 656 3;
1458 625 1499 650 De
1519 625 1584 650 Dec.
1599 625 1745 657 praecept„
1765 633 1819 658 cap.
1838 626 1872 650 de
1890 626 1949 651 Sec.
1963 626 2115 659 Praecept.,·
2135 628 2165 652 In
2184 628 2291 657 Matth„
2305 636 2359 661 cap.
2374 637 2399 654 v.

371 741 394 753 η,
419 727 430 739 ,Ι
447 726 519 770 305<
540 717 563 741 n
582 715 741 741 *rr-:armna
760 716 814 740 sm
838 715 1077 741 Paocenlrua.
1098 703 1257 741 Videtur
1283 704 1388 753 quod

365 750 513 805 ς’ζξᾼ
540 756 851 794 inconvenienter
886 764 1077 805 ponantur
1118 765 1192 793 tres
1232 757 1389 793 comites

189 821 206 837 α
350 800 463 858 ,ysv—
481 798 512 853 ’ὲ
527 809 742 846 iuramenti
763 815 780 831 ‘²
805 809 954 857 iustitia,
976 809 1157 847 iudicium
1183 817 1219 846 et
1236 810 1388 846 veritas.

341 877 348 886 ¹
390 841 485 897 ἑῷ)
500 857 599 901 Nan
633 862 736 899 enim
771 874 937 910 quorum
965 875 1086 899 unum
1123 863 1325 900 includitur
1352 862 1391 898 in

330 916 446 953 altero
470 928 548 952 non
568 922 654 952 sunt
682 916 994 952 connumeranda
1014 923 1197 963 tanquam
1228 915 1390 952 diversa.

330 969 408 1005 Sed
427 969 566 1005 horum
585 969 699 1005 trium
719 981 839 1005 unum
858 969 1061 1006 includitur
1079 969 1118 1005 in
1137 969 1273 1004 altero:
1303 967 1392 1016 quia

91 1023 300 1079 geffflvggssffifj
327 1021 467 1058 veritas
496 1034 583 1070 pars
619 1021 778 1058 iustitiae
817 1029 893 1069 est,
923 1021 1133 1058 secundum
1163 1020 1332 1057 Tullium
1351 1019 1391 1064 *3

91 1077 159 1106 ⁶0¹¹·
174 1083 211 1102 ¹-¹·
226 1081 267 1099 ³¹¹·
285 1083 299 1098 ¹·
328 1074 511 1111 iudicium
540 1082 668 1111 autern
691 1081 746 1111 est
773 1082 877 1111 actus
895 1074 1067 1120 iustitiae,
1087 1081 1129 1110 ut
1148 1085 1262 1121 supra
1280 1073 1300 1095 '¹‘
1328 1073 1393 1109 ha-

189 1125 204 1160 β
329 1127 450 1164 bitum
472 1135 538 1164 est.
568 1128 670 1175 Ergo
690 1126 1003 1164 inconvenienter
1021 1134 1270 1163 numerantur
1284 1124 1300 1155 β
1318 1133 1393 1162 tres

330 1180 487 1217 comites
516 1179 727 1216 iuramenti.

384 1245 419 1270 2.
441 1234 677 1279 PRAETEREA,
698 1232 816 1268 multa
845 1232 917 1268 alia
945 1231 1187 1280 requiruntur
1219 1232 1267 1269 ad
1296 1231 1392 1268 iura-

329 1293 522 1323 mentum:
543 1285 689 1322 *scilicet
713 1284 878 1331 devotio,
900 1292 935 1321 et
954 1285 1063 1332 fides,
1083 1297 1152 1333 per
1179 1297 1294 1333 quam
1314 1296 1392 1320 cre-
1419 1287 1421 1290 ’

330 1340 466 1376 damus
494 1339 623 1375 Deum
652 1337 783 1375 omnia
802 1337 896 1374 scire
926 1346 962 1374 et
989 1337 1139 1374 mentiri
1159 1350 1237 1374 non
1264 1349 1390 1386 posse.

329 1392 432 1441 Ergo
467 1391 619 1428 videtur
659 1391 764 1440 quod
811 1391 1082 1428 insufficienter
1123 1398 1394 1427 enumerentur

328 1451 403 1481 tres
433 1444 591 1480 comites
619 1444 833 1480 iuramenti.

385 1498 419 1534 3.
441 1498 674 1544 plumam,
694 1497 790 1533 haec
818 1496 888 1533 tria
916 1496 954 1532 in
983 1495 1151 1544 quolibet
1180 1507 1295 1543 opere
1323 1496 1393 1532 hu-

187 1557 204 1584 τ
329 1562 446 1587 mano
474 1550 700 1599 inquirenda
729 1556 815 1586 sunt
832 1554 869 1585 ἵε
908 1548 1000 1585 nihil
1037 1548 1138 1584 enim
1168 1548 1281 1584 debet
1308 1548 1391 1584 fieri

329 1610 459 1639 contra
487 1603 666 1639 iustitiam
695 1610 760 1638 aut
787 1601 1005 1644 veritatem,
1035 1608 1098 1636 aut
1130 1600 1211 1637 sine
1240 1600 1391 1646 iudicio,

79 1661 226 1694 :Vm-²¹·
328 1656 539 1692 secundum
567 1655 659 1692 illud
687 1656 701 1691 1
726 1655 778 1691 ad
807 1654 902 1694 Tim.
923 1665 946 1689 v
964 1653 1003 1689 *ε
1032 1653 1142 1689 Nihil
1156 1653 1288 1700 facias
1314 1653 1394 1689 sine

320 1708 568 1756 praeiudicio,
589 1707 686 1744 idest
713 1707 794 1744 sine
822 1705 1067 1754 praecedenti
1101 1706 1253 1742 iudicio.
1292 1706 1393 1753 Ergo

325 1762 421 1798 haec
448 1760 518 1797 tria
545 1772 623 1797 non
652 1759 772 1807 magis
801 1759 942 1796 debent
969 1758 1147 1795 associari
1180 1758 1392 1795 iuramento

327 1825 443 1862 quam
471 1812 552 1850 aliis
579 1813 759 1849 humanis
787 1812 946 1848 actibus.

88 1867 217 1890 ’Vm-²·
381 1866 454 1903 SED
482 1877 629 1903 CONTRA
656 1877 722 1902 EST
750 1865 855 1914 quod
884 1865 1018 1901 dicitur
1046 1866 1180 1901 Ierem.
1204 1876 1239 1901 1v
1262 1864 1299 1900 *ε
1329 1865 1393 1900 Iu-

327 1919 439 1965 rabis,
471 1934 490 1952 a<
506 1919 603 1956 Vivit
627 1919 862 1965 Dominus»,
892 1919 929 1954 in
954 1918 1119 1962 veritate,
1141 1917 1177 1953 in
1203 1917 1340 1953 iudicio
1359 1923 1396 1953 et

87 1974 255 2024 hm.
274 1975 298 1996 ἢ·
327 1973 365 2009 in
393 1972 553 2008 iustitia:
587 1972 692 2020 quod
727 1983 927 2020 exponens
959 1970 1220 2022 Hieronymus
1238 1969 1258 1991 '¹‘
1287 1969 1391 2006 dicit:
1419 1978 1421 2008 ἓ

326 2025 711 2062 Animadvertendum
730 2030 785 2061 est
801 2024 902 2073 quod
919 2023 1180 2060 iusiurandum
1200 2024 1267 2059 hos
1284 2023 1396 2059 habet

328 2078 491 2124 comites,
517 2077 656 2115 scilicet
681 2078 896 2123 veritatem,
925 2077 1103 2113 iudicium
1132 2082 1168 2112 et
1203 2076 1391 2112 iustitiam.

89 2133 99 2144 ⁸
113 2133 164 2155 ⁴⁸¹·
178 2132 283 2161 ⁹³⁰⁰&-
381 2132 608 2168 Responmzo
627 2142 811 2168 DICENDUM
830 2130 947 2178 quod,
967 2129 1063 2166 sicut
1081 2141 1196 2178 supra
1210 2128 1230 2150 ’¹‘
1249 2129 1391 2166 dictum

329 2191 396 2231 est,
417 2184 674 2221 iuramentum
694 2196 774 2220 non
802 2191 858 2220 est
885 2183 1033 2219 bonum
1053 2182 1124 2219 nisi
1149 2182 1182 2218 ei
1211 2182 1276 2230 qui
1296 2183 1393 2218 bene

328 2237 442 2274 utitur
469 2237 697 2274 iuramento.
726 2237 787 2274 Ad
816 2237 963 2273 bonum
992 2243 1119 2272 autern
1154 2246 1268 2271 usum
1296 2235 1394 2272 iura—

1444 703 1526 752 quis
1547 716 1624 740 non
1653 705 1795 751 leviter,
1817 706 1884 742 sed
1914 717 1958 742 ex
1986 707 2196 744 necessaria
2226 719 2339 744 causa
2368 716 2403 744 et
2431 708 2504 745 dis-

1445 764 1543 793 crete
1573 756 1678 793 iuret.
1709 758 1757 793 Et
1789 765 1972 806 quantum
2006 760 2054 796 ad
2082 761 2177 807 hoc,
2215 760 2414 809 requiritur
2449 762 2504 797 iu-

1443 809 1593 854 dicium,
1623 809 1762 846 scilicet
1790 810 2045 859 discretionis,
2075 825 2120 849 ex
2147 821 2254 861 parte
2282 813 2449 850 iurantis.
2480 835 2503 841 -
2548 823 2554 830 ·

1446 861 1637 908 Secunde,
1660 870 1845 910 quantum
1874 864 1919 900 ad
1949 864 1986 901 id
2015 865 2118 913 quod
2147 878 2216 913 per
2248 866 2503 903 iuramentum

1446 915 1712 952 confirmatur:
1741 923 1783 952 ut
1811 915 1949 953 scilicet
1977 929 2100 966 neque
2129 918 2174 954 sit
2202 919 2349 966 falsum,
2378 932 2503 967 neque

1446 967 1491 1004 sit
1519 967 1659 1015 aliquid
1687 968 1867 1005 illicitum.
1898 970 1946 1006 Et
1974 978 2158 1018 quantum
2187 971 2236 1007 ad
2263 973 2352 1018 hoc,
2383 973 2505 1021 requi-

1447 1020 1538 1057 ritur
1564 1020 1713 1067 veritas,
1733 1033 1802 1069 per
1830 1034 1945 1069 quam
1967 1023 2099 1071 aliquis
2127 1023 2339 1061 iuramento
2369 1026 2504 1062 confir-

1445 1080 1524 1110 mat
1551 1073 1657 1121 quod
1685 1086 1820 1110 verum
1846 1082 1920 1120 est3
1951 1082 1986 1111 et
2014 1076 2162 1121 iustitia,
2182 1088 2251 1124 per
2270 1089 2385 1125 quarn
2415 1091 2503 1114 con-

1446 1126 1574 1163 firmat
1603 1127 1706 1174 quod
1734 1126 1877 1163 licitum
1907 1135 1972 1163 est.

1499 1179 1644 1217 Iudicio
1671 1186 1799 1216 autem
1820 1187 1921 1216 caret
1938 1180 2194 1217 iuramentum
2214 1182 2422 1227 incautum;
2441 1195 2506 1219 ve-

1447 1232 1553 1268 ritate
1573 1240 1700 1268 autem
1729 1232 1985 1270 iuramentum
2005 1234 2170 1270 mendax
2178 1247 2192 1278 ,·
2220 1234 2356 1271 iustitia
2379 1243 2506 1272 autem

1447 1285 1704 1321 iuramentum
1733 1285 1902 1333 iniquum
1931 1286 2012 1323 sive
2041 1285 2219 1322 illicitum.

1499 1340 1559 1374 AD
1587 1349 1722 1374 PRIMUM
1752 1349 1850 1375 ERGO
1878 1350 2062 1376 mCENDUM
2087 1339 2190 1387 quod
2218 1339 2400 1377 iudicium
2430 1353 2507 1378 non

1447 1390 1609 1427 sumitur
1636 1391 1697 1427 hic
1725 1403 1795 1439 pro
1825 1391 2046 1428 executione
2074 1391 2245 1439 iustitiae,
2267 1394 2333 1430 sed
2355 1406 2426 1442 pro
2454 1394 2508 1430 iu-

1447 1443 1545 1480 dicio
1576 1443 1822 1490 discretionis,
1848 1452 1889 1481 ut
1917 1444 2059 1481 dictum
2089 1453 2143 1481 est
2162 1444 2193 1481 ³¹⁸.
2224 1446 2359 1495 Neque
2394 1447 2507 1483 etiam

1446 1496 1586 1532 veritas
1613 1496 1675 1532 hic
1694 1497 1876 1545 accipitur
1903 1498 2112 1534 secundum
2133 1498 2239 1545 quod
2268 1506 2323 1535 est
2345 1511 2433 1547 pars
2452 1499 2506 1536 iu-

1447 1548 1578 1595 stitiae,
1599 1548 1666 1585 sed
1686 1550 1897 1586 secundum
1917 1550 2022 1598 quod
2051 1557 2106 1586 est
2125 1551 2314 1598 quaedam
2342 1552 2506 1589 conditio

1447 1601 1659 1637 locutionis.

1500 1655 1559 1690 AD
1596 1665 1786 1690 SECUNDUM
1823 1666 2006 1691 mcENDUM
2044 1655 2150 1701 quod
2180 1663 2215 1691 et
2238 1654 2251 1677 δ
2281 1656 2434 1694 devotio
2473 1666 2508 1694 et

1446 1706 1556 1753 fides,
1579 1714 1614 1742 et
1638 1705 1767 1742 omnia
1786 1706 2007 1743 huiusmodi
2034 1719 2134 1755 quae
2154 1707 2350 1755 exiguntur
2377 1710 2425 1746 ad
2445 1711 2508 1747 de-

1448 1758 1568 1796 bitum
1605 1759 1766 1795 modum
1802 1759 1969 1806 iurandi,
1999 1759 2252 1807 intelliguntur
2286 1761 2323 1798 in
2356 1762 2507 1800 iudicio.

1419 1801 1421 1852 f
1447 1811 1532 1848 Alia
1560 1812 1662 1848 enim
1693 1811 1770 1848 duo
1798 1812 1987 1860 pertinent
2005 1813 2053 1849 ad
2082 1825 2163 1849 rem
2185 1814 2232 1850 de
2260 1826 2336 1862 qua
2354 1815 2507 1863 iuratur,

1419 1903 1421 1907 Α
1447 1872 1487 1901 ut
1508 1864 1650 1901 dictum
1671 1872 1726 1901 est
1740 1864 1770 1900 ²¹².
1801 1865 1989 1911 Quamvis
2008 1874 2138 1914 posset
2157 1867 2230 1902 dici
2249 1868 2354 1914 quod
2372 1868 2507 1905 iustitia

1447 1917 1609 1966 pertinet
1637 1917 1685 1954 ad
1715 1930 1868 1955 causam
1897 1930 1967 1966 pro
1996 1930 2071 1967 qua
2090 1923 2102 1939 ⁸
2130 1919 2282 1956 iuratur.

1500 1972 1559 2006 AD
1587 1982 1745 2007 TERTIUM
1775 1983 1958 2008 DICENDUM
1997 1972 2101 2020 quod
2129 1972 2167 2008 in
2204 1973 2416 2010 iuramento
2454 1982 2508 2010 est

1447 2035 1629 2071 magnum
1658 2023 1890 2072 peirculum:
1921 2032 2002 2060 tum
2030 2033 2187 2073 propter
2214 2026 2285 2062 Dei
2323 2027 2508 2074 magnitu-

1448 2076 1589 2123 dinem,
1611 2077 1717 2113 cuius
1745 2077 2004 2113 testimonium
2033 2077 2253 2124 invocatur3
2284 2086 2364 2115 tum
2395 2079 2508 2117 etiam

1446 2137 1603 2178 propter
1621 2129 1838 2166 labilitatem
1866 2130 2014 2178 linguae
2034 2131 2238 2178 humanae,
2259 2132 2363 2168 cuius
2390 2133 2510 2169 verba

1447 2182 1659 2219 iuramento
1680 2183 1966 2220 confirmantur.
1997 2184 2045 2220 Et
2073 2184 2158 2221 ideo
2183 2184 2401 2222 huiusmodi
2430 2197 2510 2222 ma-

1446 2235 1501 2283 gis
1539 2235 1779 2284 requiruntur
1815 2236 1863 2273 ad
1891 2235 2147 2273 iuramentum
2185 2250 2300 2286 quam
2331 2238 2377 2275 ad
2415 2238 2509 2275 alios

329 2290 447 2327 menti
475 2290 553 2327 duo
582 2290 834 2339 requiruntur.
864 2289 993 2326 Primo
1014 2287 1183 2337 quidem,
1203 2288 1308 2336 quod
1328 2288 1392 2324 ali·
1419 2317 1421 2331 ,
1446 2289 1637 2325 humanos
1667 2296 1783 2325 actus.

382 2403 410 2435 α)
431 2401 583 2427 iuramenti.
594 2415 614 2420 -
632 2401 754 2426 videlicet
773 2401 870 2425 addunt
884 2401 930 2426 Pa.

328 2473 348 2498 p
383 2437 409 2470 β)
429 2440 613 2462 numerantur.
629 2450 648 2456 -
666 2440 859 2461 enumerantur
876 2437 934 2465 AB,
953 2439 1181 2461 connumerantur
1200 2437 1236 2466 D,
1251 2440 1392 2468 ponuntur

349 2480 375 2498 a.

1499 2403 1526 2434 γ)
1546 2401 1706 2432 inquirenda
1725 2404 1795 2426 sunt.
1810 2415 1828 2419 —
1846 2401 2022 2433 requiruntur
2042 2402 2071 2431 D,
2091 2402 2253 2434 requirenda
2271 2406 2334 2427 sunt
2352 2403 2449 2427 PGHa.

1500 2435 1524 2468 ὃ)
1544 2440 1578 2461 et.
1590 2450 1608 2455 —
1627 2437 1688 2461 Om.
1702 2436 1866 2460 PCDGHlsK
1886 2442 1911 2460 et
1929 2444 1955 2460 a.

1501 2475 1522 2504 ε)
1539 2479 1592 2503 pro
1609 2479 1700 2504 qua.—
1714 2478 1765 2503 per
1783 2479 1862 2503 quam
1882 2472 1934 2497 PD.

999 2550 1333 2583 commentam-ia
1355 2550 1608 2583 Cardinalis
1631 2550 1834 2583 Caietam

358 2642 380 2663 N
403 2632 536 2663 articulo
556 2631 648 2663 tertio
669 2631 812 2662 eiusdem
834 2631 1028 2671 quaestionis
1055 2631 1391 2670 octogesimaenonae‚

332 2645 436 2707 Inota
459 2676 547 2717 quod
571 2676 730 2706 secundus
745 2675 914 2706 iuramenti
930 2684 1048 2711 comes,
1072 2675 1189 2706 scilicet
1204 2674 1332 2711 iustitia,
1357 2681 1393 2704 ut

327 2720 362 2751 in
383 2720 486 2752 littera
508 2719 631 2756 dicitur,
651 2726 756 2759 potest
779 2718 885 2749 referri
903 2719 944 2749 ad
967 2719 1048 2749 duo:
1074 2719 1190 2750 scilicet
1207 2719 1246 2748 ad
1261 2729 1330 2749 rem
1353 2719 1391 2748 de

329 2774 393 2805 qua
408 2765 538 2800 iuratur,
554 2763 604 2794 vel
624 2763 664 2794 ad
680 2773 809 2794 causam
823 2762 958 2793 iurandi.
982 2763 1022 2794 Et
1045 2762 1217 2793 differentia
1236 2763 1295 2793 ista
1318 2762 1392 2792 hinc

329 2815 396 2839 orta
418 2808 554 2846 videtur,
577 2807 733 2848 quoniam
755 2806 781 2837 si
803 2806 855 2837 isti
875 2806 1007 2837 comites
1031 2807 1146 2837 debent
1169 2816 1236 2836 esse
1261 2806 1392 2837 comites

329 2853 388 2883 sub
412 2852 523 2883 eadem
546 2851 667 2882 ratione
694 2850 865 2881 iuramenti
892 2851 1122 2886 universaliter,
1147 2857 1274 2889 oportet
1304 2851 1392 2890 quod

329 2896 447 2927 iustitia
470 2895 621 2926 referatur
635 2895 676 2925 ad
690 2904 818 2925 causam
831 2894 965 2930 iurandi,
991 2901 1027 2925 ut
1049 2894 1166 2924 scilicet
1189 2894 1289 2924 subsit
1310 2894 1392 2924 iusta

329 2940 454 2971 iurandi
477 2949 580 2970 causa.
604 2938 759 2979 Alioquin
787 2938 1002 2969 iuramentum
1021 2937 1226 2968 assertorium
1249 2947 1314 2968 non
1338 2938 1392 2967 ha-

330 2986 416 3016 beret
437 2984 515 3014 istos
538 2990 600 3014 tres
616 2983 765 3013 comites:
790 2981 944 3023 quoniam
959 2982 1174 3012 iuramentum
1189 2981 1392 3012 assertorium

330 3036 376 3059 est
399 3029 438 3059 de
461 3037 494 3058 re
516 3028 600 3058 mala
623 3033 653 3057 et
676 3026 792 3057 iniusta
815 3026 1023 3067 quandoque,
1049 3032 1084 3056 ut
1107 3026 1146 3055 de
1169 3025 1324 3056 adulterio
1347 3025 1392 3055 fa-

330 3080 391 3108 cto,
409 3079 466 3103 etc.
490 3072 531 3102 Et
554 3077 683 3111 propter
705 3071 766 3101 hoc
789 3072 911 3101 Auctor
932 3069 965 3100 in
989 3069 1195 3109 responsione
1218 3070 1257 3099 ad
1281 3079 1393 3099 secun-

91 3120 102 3131 ·
118 3121 167 3142 Art.
182 3125 206 3147 ²,
222 3119 267 3147 ειιι·
281 3125 301 3147 3·
330 3117 418 3152 dum,
443 3122 474 3146 et
496 3115 528 3145 in
545 3115 585 3145 111
603 3115 701 3152 Sent„
719 3114 790 3145 dist.
806 3124 896 3144 xxxix
911 3113 938 3150 *‚
962 3113 1054 3144 refert
1077 3113 1230 3144 iustitiam
1253 3113 1292 3143 ad
1316 3123 1391 3144 cau-

1442 2641 1520 2661 sam.
1540 2648 1559 2653 -
1578 2630 1611 2661 Si
1627 2637 1735 2660 autem
1750 2630 1966 2670 intelligantur
1989 2635 2025 2661 ut
2046 2630 2154 2661 adsint
2177 2631 2230 2661 ubi
2249 2631 2360 2662 adesse
2382 2632 2506 2670 debent,

1444 2674 1487 2705 sic
1510 2674 1628 2707 iustitia
1651 2675 1747 2705 relata
1770 2675 1809 2704 ad
1832 2684 1900 2704 rem
1923 2684 1989 2704 non
2008 2681 2055 2705 est
2077 2684 2184 2705 comes
2208 2675 2267 2705 nisi
2282 2675 2315 2705 in
2330 2675 2508 2707 iuramento

1444 2718 1663 2759 promissorio,
1686 2718 1719 2748 in
1743 2728 1809 2759 quo
1827 2725 1955 2759 oportet
1976 2719 2065 2759 quod
2087 2719 2187 2749 homo
2203 2719 2286 2749 iuret
2309 2720 2347 2749 de
2362 2730 2394 2750 re
2410 2720 2508 2751 iusta:

1445 2763 1588 2803 alioquin
1610 2762 1827 2792 iuramentum
1850 2772 1916 2792 non
1940 2769 1995 2793 est.

1500 2807 1541 2836 Et
1569 2806 1643 2836 licet
1672 2806 1773 2846 prima
1797 2806 1968 2845 assignatio
1992 2807 2167 2846 adaequata
2190 2806 2230 2836 sit
2252 2806 2448 2842 iuramento,
2474 2817 2509 2837 ac

1445 2860 1500 2890 per
1522 2850 1584 2880 hoc
1607 2850 1710 2879 verior
1731 2850 1890 2885 videatur;
1922 2850 1997 2889 quia
2026 2858 2133 2880 tamen
2157 2850 2294 2880 secunda
2316 2860 2427 2880 verum
2454 2860 2509 2880 ne-

1445 2893 1615 2924 cessarium
1638 2893 1784 2933 exprimit
1806 2894 1913 2934 quoad
1936 2893 1997 2924 hoc
2020 2893 2108 2934 quod
2136 2893 2349 2924 iuramentum
2373 2894 2509 2933 promis-

1445 2937 1567 2967 sorium
1591 2937 1684 2977 exigit
1707 2937 1871 2967 materiam
1894 2937 2011 2967 iustam
2019 2946 2027 2973 ;
2052 2943 2083 2967 et
2105 2947 2265 2967 sermones
2289 2938 2425 2968 morales
2449 2938 2508 2968 uti-

1442 2981 1538 3011 litatis
1554 2991 1648 3011 causa
1670 2988 1760 3011 sunt:
1785 2981 1857 3011 ideo
1882 2983 2003 3011 Auctor
2024 2981 2118 3011 istam
2134 2982 2307 3011 secundam
2323 2981 2508 3021 assignatio-

1445 3035 1519 3055 nem
1541 3025 1592 3054 hic
1615 3025 1774 3064 praetulit,
1799 3031 1829 3055 et
1852 3024 1937 3055 illius
1960 3025 2060 3055 solius
2083 3025 2115 3054 in
2137 3035 2269 3065 corpore
2293 3025 2447 3056 meminit.
2473 3026 2508 3055 In

1445 3069 1503 3099 hac
1526 3069 1684 3109 siquidem
1712 3068 1885 3108 explicatur
1907 3068 1994 3099 radix
2017 3068 2186 3099 solutionis
2217 3070 2390 3100 multarum
2413 3080 2507 3110 quae-

1446 3113 1588 3144 stionum
1610 3113 1702 3142 valde
1725 3112 1852 3143 utilium
1874 3113 1907 3142 in
1930 3113 2114 3143 moralibus.

1106 3247 1422 3291 ARTICULUS
1454 3247 1728 3301 QUARTUS
1751 3258 1754 3262 ’

824 3341 980 3372 UTRUM
1003 3341 1162 3372 IURARE
1186 3341 1253 3372 srr
1276 3341 1419 3372 Acrus
1442 3341 1687 3372 RELIGIONIS
1711 3342 1804 3373 SIVE
1829 3342 2016 3372 LATRIAE

95 3428 164 3450 ‘Vim
173 3428 303 3451 commem.

95 3454 236 3483 &iet-{poen
241 3460 282 3478 ιη.
284 3463 304 3484 5.

364 3434 426 3465 »Μ
446 3438 487 3466 ⁹.st

350 3528 352 3533 ,
480 3511 504 3539 ιχ
527 3523 533 3529 -

352 3529 469 3580 ἅμ”,

388 3572 486 3619 ‘¹³‘
501 3571 668 3629 aliqua
696 3592 802 3617 sacra
836 3586 871 3616 et
900 3578 1039 3616 divina.
1076 3579 1153 3616 Sed
1181 3579 1391 3616 iuramenta

543 3435 565 3459 D
582 3433 755 3465 QUARTUM
769 3433 823 3458 sm
838 3432 1067 3458 moeson-un
1076 3420 1107 3458 ³¹⁸.
1119 3421 1277 3458 Videtur
1287 3422 1391 3470 quod
1444 3421 1671 3458 adhibentur
1690 3421 1788 3457 circa
1817 3420 2093 3457 controversias
2111 3421 2312 3468 humanas,
2332 3429 2373 3458 ut
2399 3423 2503 3470 Apo-

543 3476 799 3512 iuramentum
818 3486 898 3511 non
917 3473 963 3510 sit
981 3481 1086 3510 actus
1104 3474 1295 3521 religionis
1310 3474 1390 3510 sive
1443 3475 1560 3511 stolus
1590 3474 1698 3519 dicit,
1728 3474 1780 3510 ad
1804 3474 1903 3510 Heb.
1930 3485 1965 3509 vi
1987 3474 2017 3509 *.
2048 3474 2150 3521 Ergo
2178 3473 2303 3510 iurare
2341 3486 2419 3511 non
2449 3483 2504 3511 est
2532 3486 2541 3494 ·
2557 3483 2668 3505 Vero-1⁶-

491 3532 512 3568 (5
544 3528 683 3565 latriae.
722 3529 839 3564 Actus
874 3526 974 3563 enim
1011 3526 1139 3563 latriae
1174 3533 1260 3563 sunt
1294 3526 1391 3563 circa
1445 3534 1550 3563 actus
1579 3526 1768 3574 religionis
1797 3539 1862 3562 seu
1892 3526 2030 3562 latriae.

1500 3591 1535 3616 2.
1557 3580 1796 3620 PRAETEREA,
1827 3578 1875 3615 ad
1912 3578 2131 3626 religionem
2168 3579 2327 3627 pertinet
2363 3580 2501 3616 cultum

2535 1456 2544 1466 ·
2559 1455 2584 1476 ln
2599 1460 2703 1482 corpore.

2537 1880 2547 1890 ⁸
2562 1879 2622 1900 Ibid.
