2860 4238
102 2534 115 2546 ⁴
127 2534 212 2557 Lomb.

1031 229 1297 275 QUAESTIO
1328 229 1413 275 CX,
1443 230 1739 267 ARTICULUS
1769 231 1820 267 IV

344 305 436 341 dum
455 305 574 342 finem
603 306 806 352 intentum;
835 307 941 343 tertio
972 307 1101 353 modo,
1122 318 1190 354 per
1209 307 1396 344 accidens.
1424 330 1426 344 .

344 357 563 394 Secundum
593 372 632 396 se
652 359 808 407 quidem
829 359 1074 396 contrariatur
1094 359 1234 396 caritati
1254 373 1299 396 ex
1318 360 1399 409 ipsa

343 410 435 446 falsa
463 410 747 458 significatione.
779 413 887 459 Quae
917 412 1072 460 quidem
1093 411 1122 448 si
1143 412 1187 449 sit
1217 413 1312 449 circa
1341 425 1399 449 res

344 462 502 510 divinas,
524 465 770 502 contrariatur
798 465 937 502 caritati
965 465 1049 511 Dei,
1071 465 1177 502 cuius
1202 465 1398 502 veritatem

290 527 292 530 ·
344 515 477 563 aliquis
491 517 552 553 tali
573 518 772 555 mendacio
794 519 955 554 occultat
968 518 1030 554 vel
1051 519 1268 566 corrumpit.
1289 519 1400 556 Unde

342 569 563 606 huiusmodi
591 571 837 607 mendacium
857 582 936 607 non
955 571 1079 606 solum
1106 571 1311 619 opponitur
1328 572 1401 608 vir-

343 621 409 657 tuti
437 622 601 659 veritatis
620 622 650 669 ὅ,
680 624 745 660 sed
775 623 887 660 etiam
915 623 1041 659 virtuti
1069 623 1160 660 fidei
1193 633 1229 660 et
1258 625 1401 672 religio-

344 674 412 710 nis.
447 675 496 711 Et
523 675 609 712 ideo
644 677 718 712 hoc
753 676 998 713 mendacium
1035 683 1089 712 est
1121 677 1401 724 gravissimum,

345 734 381 763 et
408 729 577 764 mortale.
607 749 629 756 -
660 729 700 765 Si
727 741 822 765 vero
846 729 939 765 falsa
971 728 1192 776 significatio
1227 730 1272 766 sit
1306 730 1403 767 circa
1430 754 1432 774 ,

344 779 485 827 aliquid
501 780 606 817 cuius
623 781 786 829 cognitio
802 781 985 830 pertineat
999 781 1049 818 ad
1063 782 1229 819 hominis
1245 783 1401 829 bonum,

343 840 435 880 puta
455 844 553 880 quae
571 834 760 881 pertinent
774 839 786 855 Ε
805 834 854 871 ad
877 834 1149 882 perfectionem
1171 835 1348 872 scientiae
1368 843 1404 872 et

343 884 652 923 informationem
677 899 842 933 morum,
864 888 936 924 tale
966 887 1222 934 mendacium,
1243 888 1403 936 inquan-

345 945 425 974 tum
464 937 573 975 infert
615 940 801 978 damnum
839 940 953 977 falsae
983 940 1172 988 opinionis
1205 941 1402 990 proximo,

345 991 593 1028 contrariatur
613 993 753 1030 caritati
774 1001 959 1042 quantum
979 993 1027 1030 ad
1054 992 1293 1030 dilectionem
1317 1006 1404 1042 pro—

343 1043 445 1081 ximi.
475 1045 586 1082 Unde
611 1054 666 1082 est
690 1054 890 1095 peccatum
915 1046 1086 1082 mortale.
1116 1067 1140 1073 -
1170 1046 1208 1082 Si
1236 1058 1331 1083 vero
1360 1046 1405 1083 sit

344 1096 435 1133 falsa
464 1098 592 1146 opinio
623 1111 667 1135 ex
694 1098 896 1135 mendacio
925 1105 1103 1146 generata
1132 1098 1229 1135 circa
1263 1100 1404 1148 aliquid

345 1149 391 1186 de
420 1162 497 1198 quo
532 1163 610 1187 non
638 1152 773 1188 referat
804 1158 930 1187 utrum
960 1150 1012 1187 sic
1039 1151 1102 1188 vel
1130 1151 1236 1188 aliter
1264 1165 1403 1201 cogno-

344 1210 489 1250 scatur,
519 1211 607 1240 tunc
636 1216 680 1240 ex
708 1204 771 1241 tali
799 1203 999 1241 mendacio
1029 1216 1108 1241 non
1141 1205 1406 1243 damnificatur

278 1305 286 1307 s
333 1267 558 1304 fitonmus:
582 1256 688 1293 ‘sicut
721 1257 751 1294 si
789 1257 924 1306 aliquis
961 1257 1107 1294 fallatur
1143 1257 1181 1294 in
1220 1258 1405 1307 aliquibus

343 1308 630 1356 particularibus
651 1310 953 1357 contingentibus
972 1310 1021 1347 ad
1041 1322 1081 1347 se
1109 1323 1187 1347 non
1215 1312 1404 1359 pertinen-

343 1360 455 1399 tibus.
485 1362 596 1400 Unde
634 1364 707 1400 tale
734 1363 980 1401 mendacium
1017 1363 1228 1400 secundum
1258 1377 1298 1401 se
1327 1377 1404 1402 non

344 1422 400 1451 est
426 1423 627 1464 peccatum
656 1417 827 1453 mortale.

396 1468 558 1505 Ratione
580 1481 671 1506 vero
701 1470 787 1506 finis
810 1468 953 1515 intenti,
975 1468 1131 1517 aliquod
1159 1469 1403 1507 mendacium

344 1522 595 1559 contrariatur
613 1522 774 1559 caritati:
804 1530 896 1570 puta
915 1521 1021 1571 quod
1041 1521 1175 1558 dicitur
1194 1530 1259 1558 aut
1285 1522 1324 1559 in
1349 1523 1404 1559 in-

342 1573 478 1611 iuriam
505 1575 591 1621 Dei,
621 1575 726 1624 quod
754 1587 905 1624 semper
924 1583 979 1611 est
997 1582 1197 1622 peccatum
1227 1576 1402 1623 mortale,

342 1634 474 1676 utpote
503 1627 670 1676 religioni
699 1628 950 1672 contrarium;
980 1635 1044 1664 aut
1062 1627 1099 1664 in
1126 1637 1402 1665 nocumentum

342 1679 518 1729 proximi,
539 1689 724 1730 quantum
754 1681 801 1718 ad
829 1692 1055 1730 personam,
1086 1680 1232 1718 divitias
1259 1682 1322 1718 vel
1350 1682 1403 1718 fa·

1430 1733 1431 1755 ³
1457 1733 1561 1781 quod
1589 1733 1764 1781 perfectis
1796 1734 1885 1771 viris
1915 1747 2031 1771 omne
2063 1734 2306 1771 mendacium
2345 1744 2399 1771 est
2431 1747 2518 1784 pec-

343 1745 461 1771 mam.
491 1733 540 1771 Et
557 1735 632 1771 hoc
653 1734 765 1785 etiam
796 1741 852 1771 est
877 1741 1078 1783 peccatum
1107 1734 1283 1771 mortale:
1315 1747 1402 1771 curn

343 1798 483 1824 nocere
519 1786 692 1836 proximo
721 1787 767 1824 sit
793 1794 991 1836 peccatum
1029 1788 1210 1832 mortale;
1250 1799 1294 1823 ex
1323 1788 1404 1825 sola
1429 1817 1431 1831 ἆ

343 1847 472 1877 autem
497 1840 705 1878 intentione
739 1840 883 1889 peccati
918 1839 1107 1886 mortalis,
1137 1839 1270 1888 aliquis
1303 1853 1404 1878 mor—

343 1893 463 1930 taliter
496 1900 639 1942 peccat.
671 1915 695 1921 -
724 1893 764 1930 Si
798 1905 892 1930 vero
925 1892 1012 1929 finis
1044 1892 1210 1930 intentus
1244 1905 1323 1930 non
1359 1894 1430 1947 sit}

345 1946 572 1984 contrarium
591 1946 604 1972 t
633 1946 786 1993 caritati,
815 1959 887 1983 nec
914 1945 1159 1982 mendacium
1189 1946 1402 1983 secundum

343 2000 444 2037 hanc
471 2000 657 2037 rationem
688 1999 755 2036 erit
781 2007 978 2048 peccatum
1008 1999 1186 2035 mortale:
1215 1999 1310 2036 sicut
1338 2012 1403 2049 ap·
1428 2025 1430 2034 .

2432 244 2508 280 427

1452 315 1533 344 tum
1564 315 1619 343 est
1638 315 1768 344 contra
1789 308 2030 345 dilectionem
2051 308 2122 345 Dei
2143 316 2179 345 et
2199 309 2371 357 proximi.
2401 309 2511 346 Unde

1453 360 1642 407 signanter
1659 361 1882 409 prohibetur
1910 367 2040 398 contra
2054 362 2277 409 proximum
2297 362 2432 398 falsum
2461 370 2513 398 te-

1455 413 1677 449 stimonium
1697 413 1728 450 ²¹².

1507 467 1565 502 An
1589 477 1749 503 TERTHJM
1768 471 1786 489 η
1815 478 1998 503 mCENDuM
2035 468 2138 515 quod
2167 467 2280 503 etiarn
2315 474 2515 515 peccatum

1454 518 1602 554 veniale
1630 520 1732 565 largo
1759 519 1877 556 modo
1906 528 2030 568 potest
2058 520 2129 556 dici
2153 519 2338 568 iniquitas,
2359 520 2516 568 inquan-

1455 579 1537 607 tum
1559 579 1613 607 est
1640 580 1790 619 praeter
1823 573 2051 621 aequitatem
2081 573 2251 609 iustitiae.
2281 572 2392 610 Unde
2429 573 2516 609 dici-

1456 631 1516 659 tur
1536 625 1549 659 I
1572 625 1674 660 Ioan.
1697 636 1731 660 111
1750 624 1790 660 *ε
1825 625 1943 662 Omne
1963 632 2161 673 peccatum
2182 632 2235 662 est
2252 626 2438 674 iniquitas.
2469 626 2517 661 Et

1456 677 1530 712 hoc
1560 677 1677 712 modo
1707 677 1873 725 loquitur
1900 678 2143 726 Augustinus.

1509 730 1568 764 AD
1589 740 1761 771 QUARTUM
1781 742 1966 767 DlCENDuM
1995 732 2100 779 quod
2121 731 2363 767 mendacium
2393 731 2516 767 obste-

1457 781 1593 818 tricum
1622 790 1746 830 potest
1775 783 1970 831 dupliciter
1999 783 2238 821 considerari.
2268 784 2355 821 Uno
2384 784 2516 830 modo,

1458 833 1643 882 quantum
1673 835 1720 871 ad
1750 835 1927 872 effectum
1957 836 2245 873 benevolentiae
2275 837 2311 872 in
2341 836 2514 882 ludaeos,

1458 894 1494 923 et
1530 894 1715 934 quantum
1753 888 1802 924 ad
1836 890 2087 926 reverentiam
2127 889 2243 926 divini
2277 889 2440 936 timoris,
2471 901 2517 925 ex

1457 939 1596 986 quibus
1626 942 1918 978 commendatur
1950 942 1988 978 in
2017 942 2069 978 eis
2097 942 2243 979 indoles
2271 942 2429 979 virtutis.
2470 943 2518 978 Et

1457 992 1510 1028 sic
1539 993 1698 1029 debetur
1726 993 1779 1029 eis
1808 995 2063 1031 remuneratio
2092 1002 2256 1031 aeterna.
2286 995 2396 1032 Unde
2426 995 2515 1031 Hie-

1458 1057 1643 1092 ronymus
1664 1046 1853 1094 exponit*
1877 1048 1982 1094 quod
2002 1049 2108 1084 Deus
2128 1047 2342 1084 aedificavit
2360 1048 2429 1084 illis
2449 1048 2517 1085 do·

1458 1110 1544 1134 mos
1572 1098 1792 1146 spirituales.
1822 1121 1846 1127 -
1875 1100 1960 1136 Alio
1990 1100 2108 1136 modo
2137 1108 2260 1149 potest
2289 1101 2518 1137 considerari

1459 1159 1645 1200 quantum
1675 1152 1724 1188 ad
1753 1152 1878 1201 ipsum
1906 1154 2130 1189 exteriorem
2160 1161 2285 1189 actum
2318 1154 2516 1190 mendacii.

1432 1246 1433 1249 Ἰ
1459 1205 1548 1250 Quo
1578 1204 1732 1253 quidem
1761 1217 1839 1242 non
1858 1213 2063 1254 potuerunt
2083 1213 2276 1242 aeternam
2301 1218 2516 1243 remunera-

1432 1275 1433 1286 *
1459 1256 1602 1294 tionem
1632 1258 1786 1294 mereri:
1821 1259 1890 1295 sed
1918 1259 2013 1295 forte
2051 1258 2217 1307 aliquam
2247 1259 2518 1296 remuneratio-

1432 1330 1433 1357 1
1459 1322 1548 1347 nem
1581 1312 1846 1359 temporalem,
1875 1311 1982 1348 cuius
2010 1311 2146 1348 merito
2175 1324 2254 1348 non
2286 1313 2520 1360 repugnabat

1432 1361 1433 1411 }
1459 1363 1679 1400 deformitas
1707 1363 1803 1400 illius
1834 1364 2034 1411 mendacii,
2056 1364 2151 1401 sicut
2179 1366 2413 1413 repugnabat
2440 1378 2519 1402 me-

1458 1415 1530 1452 rito
1558 1417 1874 1453 remunerationis
1902 1425 2089 1454 aeternae.
2124 1418 2173 1454 Et
2200 1419 2253 1454 sic
2280 1418 2519 1466 intelligenda

1431 1467 1433 1475 ¹
1458 1475 1546 1505 sunt
1571 1470 1691 1506 verba
1711 1469 1900 1517 Gregorii:
1930 1482 2009 1507 non
2028 1471 2132 1518 quod
2157 1482 2225 1518 per
2243 1470 2333 1508 illud
2362 1471 2518 1508 menda-

1431 1515 1433 1544 !
1458 1521 1559 1557 cium
1589 1530 1824 1558 mererentur
1842 1520 1854 1543 ⁰

1431 1579 1432 1600 ³
1457 1581 1604 1611 ternam
1633 1586 1751 1622 quam
1780 1575 1857 1612 iam
1878 1588 1923 1612 ex
1942 1576 2183 1624 praecedenti
2203 1576 2340 1613 affectu
2369 1589 2518 1614 merue—

1431 1623 1432 1640 ³
1458 1635 1552 1673 rant,
1581 1627 1677 1664 sicut
1705 1627 1800 1664 ratio
1828 1629 2072 1676 procedebat.

1883 1523 2055 1559 amittere
2084 1524 2430 1560 remunerationem
2455 1537 2516 1561 ae-

1510 1681 1569 1716 An
1605 1692 1767 1723 QmNTUM
1801 1693 1986 1718 DICENDUM
2023 1681 2128 1730 quod
2165 1681 2323 1728 quidam
2343 1682 2363 1704 ’¹‘
2391 1682 2520 1719 dicunt

1457 1793 1583 1822 catum
1620 1787 1791 1824 mortale.
1822 1787 1899 1824 Sed
1927 1788 2001 1824 hoc
2035 1787 2337 1824 irrationabiliter
2373 1788 2516 1825 dicitur.

1458 1839 1572 1875 Nulla
1592 1840 1693 1876 enim
1723 1840 2003 1878 circumstantia
2022 1849 2203 1888 aggravat
2230 1841 2270 1877 in
2289 1841 2478 1877 infinitum
2497 1841 2518 1863 '¹‘

1457 1891 1528 1928 nisi
1566 1904 1665 1940 quae
1701 1893 1875 1930 transfert
1908 1893 1947 1930 in
1985 1893 2098 1930 aliam
2135 1894 2312 1941 speciem.
2347 1894 2519 1931 Circum-

1428 1945 1592 1998 jstantia
1629 1953 1756 1982 autem
1798 1958 1985 1994 personae
2022 1958 2101 1983 non
2142 1946 2253 1983 trahit
2285 1952 2293 1967 ¹
2329 1946 2368 1983 in
2406 1947 2518 1984 aliam

343 2060 450 2102 paret
477 2052 516 2090 in
543 2051 744 2090 mendacio
768 2052 913 2099 iocoso,
935 2051 973 2088 in
1001 2063 1078 2100 quo
1108 2051 1313 2089 intenditur
1340 2053 1403 2090 ali·
1428 2064 1429 2070 ¹

343 2118 419 2156 qua
446 2106 540 2143 levis
569 2105 784 2150 delectatio;
816 2114 852 2142 et
871 2106 908 2142 in
929 2104 1130 2141 mendacio
1155 2105 1342 2153 officioso,
1364 2106 1402 2143 in

343 2171 421 2208 quo
451 2158 656 2196 intenditur
683 2159 798 2196 etiam
826 2158 963 2196 utilitas
991 2157 1166 2206 proximi.

395 2213 470 2249 Per
497 2212 672 2250 accidens
700 2220 827 2249 autem
855 2218 981 2260 potest
1009 2211 1227 2248 contrariari
1261 2211 1404 2249 caritati

342 2265 488 2303 ratione
516 2265 695 2310 scandali,
714 2265 777 2302 vel
807 2264 1080 2311 cuiuscumque
1111 2264 1240 2300 damni
1270 2277 1403 2302 conse-

342 2319 501 2368 quentis.
522 2319 572 2355 Et
591 2318 645 2355 sic
664 2318 732 2355 erit
752 2318 865 2354 etiarn
885 2324 1085 2366 peceatum
1105 2318 1286 2354 mortale:
1308 2318 1400 2354 dum

342 2371 482 2410 scilicet
517 2371 650 2420 aliquis
684 2383 763 2408 non
799 2378 952 2407 veretur
988 2377 1144 2418 propter
1180 2371 1401 2408 scandalum

341 2425 492 2475 publice
522 2423 683 2461 mentiri.

393 2479 453 2515 An
467 2489 605 2515 prunum
620 2488 718 2514 ERGO
734 2487 917 2513 monimum
933 2477 1039 2525 quod
1058 2475 1298 2513 auctoritates
1317 2476 1401 2513 illae

341 2527 594 2579 intelliguntur
613 2530 661 2568 de
681 2529 882 2566 mendacio
902 2529 1137 2578 pernicioso:
1166 2537 1207 2565 ut
1227 2529 1364 2566 Glossa
1381 2531 1401 2550 '¹‘

342 2583 515 2633 exponit,
545 2595 660 2632 super
692 2582 782 2620 illud
818 2583 980 2629 Psalm.,
1010 2583 1147 2619 Perdes
1181 2594 1310 2619 omnes
1337 2583 1403 2631 qui
1428 2599 1429 2607 ¹

341 2638 546 2686 loquuntur
571 2636 821 2673 mendacium.

394 2692 454 2728 An
481 2701 670 2727 SECUNDUM
691 2700 876 2726 monimum
895 2687 1012 2736 quod,
1034 2700 1122 2724 cum
1143 2688 1273 2725 omnia
1291 2701 1402 2737 prae-

342 2751 451 2792 cepta
479 2741 649 2789 decalogi
668 2741 889 2778 ordinentur
917 2741 965 2778 ad
994 2739 1234 2777 dilectionem
1263 2741 1336 2778 Dei
1365 2749 1402 2778 et

340 2795 515 2845 proximi,
537 2795 632 2831 sicut
650 2806 765 2842 supra
782 2793 803 2815 ‘¹‘
831 2793 971 2830 dictum
992 2801 1058 2839 est,
1079 2793 1264 2830 intantum
1292 2806 1402 2831 men-

341 2849 493 2887 dacium
523 2855 579 2884 est
607 2854 736 2884 contra
764 2854 1011 2894 praeceptum
1039 2846 1209 2894 decalogi
1241 2847 1401 2895 inquan·
1427 2877 1429 2883 ,

1456 1997 1638 2046 speciem:
1669 1998 1740 2035 nisi
1766 1999 1862 2036 forte
1888 1999 2032 2036 ratione
2057 1999 2215 2036 alicuius
2245 2000 2397 2046 annexi,
2426 2008 2519 2049 puta

1455 2050 1486 2086 si
1506 2051 1551 2088 sit
1579 2059 1710 2088 contra
1737 2059 1873 2088 votum
1893 2052 2028 2100 ipsius,
2059 2052 2164 2100 quod
2187 2065 2266 2090 non
2293 2060 2418 2101 potest
2445 2053 2518 2090 clici

1456 2103 1502 2140 de
1532 2104 1734 2141 mendacio
1755 2105 1929 2142 officioso
1959 2106 2020 2142 vel
2039 2105 2183 2142 iocoso.
2223 2106 2272 2142 Et
2294 2105 2381 2142 ideo
2411 2118 2518 2143 men-

1456 2157 1610 2194 dacium
1640 2158 1856 2195 officiosum
1891 2159 1953 2195 vel
1982 2158 2155 2195 iocosum
2191 2171 2269 2195 non
2303 2166 2358 2195 est
2385 2171 2518 2207 pecca-

1454 2212 1732 2247 tum0mortale
1770 2211 1808 2247 in
1842 2211 1933 2248 viris
1974 2211 2168 2260 perfectis:
2207 2211 2278 2248 nisi
2313 2212 2408 2248 forte
2448 2225 2517 2260 per

1455 2262 1643 2310 accidens,
1674 2264 1819 2300 ratione
1848 2264 2026 2301 scandali.
2057 2266 2105 2301 Et
2133 2266 2182 2302 ad
2210 2265 2284 2301 hoc
2307 2272 2431 2313 potest
2459 2277 2515 2301 re-

1455 2316 1542 2353 ferri
1574 2317 1679 2364 quod
1706 2317 1939 2364 Augustinus
1968 2317 2075 2363 dicit,
2100 2318 2277 2365 perfectis
2304 2330 2382 2354 esse
2402 2330 2516 2366 prae-

1455 2375 1599 2417 ceptum
1636 2382 1710 2406 non
1745 2370 1866 2406 solum
1895 2382 1969 2406 non
1990 2376 2006 2391 χ
2034 2371 2203 2416 mentiri,
2231 2371 2297 2407 sed
2330 2383 2398 2407 nec
2424 2371 2518 2408 velle

1454 2423 1614 2459 mentiri.
1645 2423 1834 2470 Quamvis
1861 2424 1936 2459 hoc
1955 2423 2187 2471 Augustinus
2217 2436 2294 2460 non
2314 2424 2514 2472 assertive,

1454 2476 1521 2512 sed
1542 2476 1612 2512 sub
1639 2476 1872 2513 dubitatione
1901 2476 2020 2512 dicat:
2050 2476 2254 2524 praemittit
2281 2476 2399 2513 enim:
2429 2477 2518 2514 Nisi

1449 2529 1552 2575 forte
1579 2529 1629 2565 ita
1659 2534 1698 2565 ut
1718 2530 1975 2577 perfectorum
2005 2537 2073 2566 etc.
2104 2549 2127 2556 —
2157 2530 2240 2566 Nec
2269 2530 2392 2566 obstat
2411 2531 2516 2578 quod

1455 2581 1523 2630 ipsi
1567 2590 1760 2630 ponuntur
1799 2582 1837 2618 in
1877 2589 1974 2618 statu
2019 2583 2305 2619 conservandae
2349 2583 2515 2620 veritatis

1455 2635 1519 2683 qui
1540 2635 1589 2672 ad
1607 2633 1621 2656 λ
1648 2635 1847 2672 veritatem
1875 2642 2050 2672 tenentur
2078 2647 2123 2672 ex
2147 2647 2216 2672 suo
2246 2635 2373 2672 officio
2401 2636 2438 2673 in
2462 2637 2516 2673 iu-

1455 2687 1555 2724 dicio
1583 2688 1646 2724 vel
1675 2688 1856 2724 doctrina.
1901 2688 2044 2724 Contra
2071 2700 2170 2736 quae
2203 2687 2233 2724 si
2265 2689 2513 2736 mentiantur,

1457 2740 1524 2777 erit
1550 2740 1795 2777 mendacium
1823 2740 1928 2788 quod
1957 2748 2013 2777 est
2043 2748 2242 2789 peccatum
2272 2742 2442 2778 mortale.
2473 2743 2515 2779 In

1427 2798 1430 2806 *
1455 2793 1534 2830 aliis
1563 2800 1690 2829 autern
1720 2805 1797 2830 non
1826 2801 1975 2842 oportet
1994 2793 2099 2841 quod
2123 2793 2330 2830 mortaliter
2356 2803 2516 2842 peccent

1454 2845 1689 2883 mentiendo.

393 2968 417 3000 ὃ)
437 2968 567 2993 veritatis.
584 2981 604 2988 -
620 2967 743 2993 caritatis
761 2967 791 2993 P.

393 3005 415 3036 ε)
434 3011 502 3036 quae
517 3003 662 3035 pertinent.
679 3015 699 3022 -
717 3010 784 3035 quae
798 3003 917 3035 pertinet
935 3002 1011 3032 PDG,
1025 3003 1144 3034 pertinet
1162 3003 1194 3028 K.

393 3039 418 3070 ζ)
437 3040 611 3064 contrarium.
629 3051 648 3058 —-
663 3038 815 3063 contrarius
835 3038 974 3062 PCGHsK.

393 3075 419 3106 η)
438 3074 481 3099 Ad
505 3074 624 3099 tertium.
640 3087 659 3092 -
677 3073 802 3098 Ordinem
821 3074 1021 3105 responsionum
1047 3073 1079 3097 ad
1098 3073 1201 3098 tertium
1227 3078 1253 3098 et
1278 3078 1398 3106 quartum
1426 3067 1427 3089 l

340 3115 490 3143 argumenta
508 3110 636 3134 invertunt
655 3109 756 3133 codices
776 3114 882 3141 excepto
901 3108 933 3133 G.

393 3143 417 3176 θ)
436 3148 610 3170 mererentur.
629 3158 644 3163 -
663 3147 780 3169 meretur
797 3143 936 3176 ABEFpK,
956 3147 1092 3168 merentur·
1109 3143 1148 3176 pC
1166 3149 1192 3168 et
1208 3151 1234 3169 a.

1425 3102 1427 3130 l

1506 2969 1525 2999 ι)
1545 2968 1639 2992 trahit.
1655 2981 1675 2988 —
1693 2968 1823 3001 transfert
1837 2967 1865 2997 Ρ,
1879 2967 2147 2997 (circumstantiae...)
2166 2967 2278 2992 trahunt
2291 2968 2371 2999 DEH,
2391 2969 2514 2999 (circum-

1426 3010 1427 3013 ’
1452 3003 1568 3028 stantiae
1586 3006 1634 3027 aut
1648 3009 1788 3035 personae.
1807 3002 1875 3035 Nec)
1898 3002 1997 3027 transit
2016 3002 2057 3027 ed.
2075 3010 2092 3026 a
2098 3011 2107 3032 ,·
2129 3002 2379 3029 Circumstantiae...
2403 3004 2514 3036 speciem

1453 3046 1506 3063 om.
1526 3038 1580 3062 GL.

1506 3073 1532 3105 z)
1551 3080 1614 3098 non.
1631 3086 1651 3091 —
1668 3072 1731 3097 Om.
1749 3072 1957 3097 ABCEFGKLa.

1506 3107 1534 3140 λ)
1554 3108 1599 3141 qui
1611 3108 1648 3133 ad
1664 3121 1683 3127 -
1701 3109 1764 3140 quia
1782 3108 1819 3132 ad
1838 3108 1866 3138 C,
1882 3108 1945 3139 quia
1965 3108 2042 3132 ceteri
2061 3113 2086 3132 et
2105 3108 2143 3132 Pa
2149 3116 2158 3138 ,-
2177 3116 2224 3140 pro
2243 3112 2374 3139 tenentur,
2390 3112 2515 3135 tenentur

1452 3150 1609 3169 conservare
1627 3144 1661 3173 P3
1680 3151 1727 3175 pro
1742 3143 1873 3172 doctrina,
1887 3143 2010 3168 doctrina
2023 3150 2180 3168 conservare
2193 3144 2224 3173 G.
2240 3144 2363 3169 doctrina
2382 3145 2469 3170 dicere
2482 3146 2514 3170 H.

1009 3222 1341 3255 Commentario.
1363 3222 1614 3255 cardinalis
1636 3222 1837 3255 Caietam

370 3313 390 3332 N
414 3302 546 3332 articulo
570 3307 683 3341 quarto
700 3300 840 3331 eiusdem
858 3300 1188 3331 centesimaedecimae
1204 3301 1399 3341 quaestionis
1424 3304 1428 3312 ¹
1452 3308 1518 3332 tem
1544 3301 1595 3331 vel
1626 3301 1844 3332 alleviantem:
1876 3301 1926 3340 hic
1955 3310 2031 3330 vero
2062 3300 2264 3330 mendacium
2298 3300 2513 3340 perniciosum

344 3315 507 3376 Idubiurn
530 3344 676 3380 occurrit,
700 3345 776 3385 quia
792 3354 938 3385 praesens
962 3345 1122 3375 distinctio
1144 3345 1269 3376 videtur
1291 3346 1398 3376 adver·
1425 3359 1426 3363 ¹
1452 3345 1583 3385 ponitur
1606 3352 1636 3376 et
1659 3345 1692 3375 in
1715 3345 1881 3376 mendacio
1905 3345 2080 3375 secundum
2105 3354 2146 3380 se,
2172 3350 2202 3374 et
2224 3344 2255 3374 in
2280 3345 2446 3375 mendacio
2470 3355 2514 3375 ra-

340 3390 400 3421 sari
423 3390 583 3420 doctrinae
598 3389 720 3419 habitae
743 3388 776 3418 in
799 3395 855 3420 art.
870 3398 888 3419 2
905 3389 1000 3419 huius
1023 3389 1226 3429 quaestionis.
1250 3390 1334 3419 Nam
1355 3389 1398 3420 ibi

341 3434 459 3465 dictum
484 3441 531 3464 est
553 3433 642 3474 quod
676 3432 834 3463 distinctio
867 3433 1022 3463 mendacii
1052 3443 1108 3473 per
1137 3443 1168 3463 se
1199 3443 1264 3463 non
1293 3440 1339 3464 est
1365 3433 1398 3463 in

1452 3389 1538 3420 tione
1560 3389 1632 3419 finis
1661 3389 1794 3425 intenti,
1819 3396 1896 3429 puta
1919 3388 2114 3419 nocumenti.
2145 3388 2320 3425 Quomodo
2345 3395 2428 3419 stant
2455 3389 2513 3420 ista

1452 3431 1568 3464 simul?
1599 3433 1631 3464 Si
1655 3434 1741 3464 enirn
1764 3433 1966 3463 mendacium
1996 3432 2211 3473 perniciosum
2240 3431 2387 3463 definitur
2416 3443 2513 3472 penes

340 3478 542 3509 mendacium
567 3477 790 3518 perniciosum,
816 3476 996 3507 officiosum
1019 3484 1049 3508 et
1072 3477 1234 3513 iocosum,
1259 3478 1313 3507 sed
1340 3477 1398 3508 ista
1424 3473 1426 3516 Ξ
1451 3477 1548 3508 finem
1573 3477 1758 3508 nocumenti
1790 3477 1916 3513 intenti,
1946 3484 1980 3507 ut
2010 3476 2053 3507 ibi
2078 3476 2198 3507 dictum
2229 3483 2292 3512 est,
2323 3486 2390 3517 quo
2420 3484 2512 3517 pacto

341 3522 498 3553 distinctio
522 3522 691 3553 attenditur
714 3521 890 3551 secundum
913 3520 1010 3551 finem
1032 3521 1204 3557 intentum,
1230 3531 1398 3562 aggravan-
1424 3517 1426 3563 ᾗ
1451 3521 1502 3553 hic
1525 3522 1641 3562 duplex
1664 3521 1819 3552 mendacii
1846 3520 2013 3560 perniciosi
2042 3530 2142 3561 genus
2166 3520 2311 3560 ponitur,
2343 3520 2458 3551 scilicet
2477 3530 2512 3550 ex

2544 412 2552 440 ζ
2567 410 2644 431 Exod-
2659 411 2703 431 loc.
2716 411 2755 432 cit.

2543 443 2566 458 m
2581 443 2629 464 arg.

2640 477 2654 500 ’l

2545 636 2552 644 ·
2568 633 2634 656 Vers.
2653 641 2676 660 4.

2545 1055 2555 1064 ·
2579 1053 2704 1075 Commeat.
2731 1055 2754 1075 in

2545 1080 2640 1107 Isaiam,
2655 1080 2683 1101 ad
2704 1086 2755 1108 cap.

2545 1113 2596 1133 va,
2611 1113 2670 1128 vers.
2685 1113 2715 1128 ει.

2547 1690 2554 1698 ·
2566 1689 2658 1710 Halens.
2670 1690 2755 1711 Summ.

2548 1719 2604 1742 part.
2638 1715 2659 1737 11
2677 1733 2682 1742 ,
2716 1723 2755 1744 qu.

2546 1743 2755 1791 gggggfflnsbeff

2546 1795 2600 1826 dist.
2610 1802 2706 1822 xxxviii,
2715 1786 2757 1819 aris

2547 1828 2615 1848 unm,
2631 1828 2670 1850 qu.
2688 1829 2719 1843 1v.

2547 1850 2554 1857 ·
2571 1848 2599 1870 Ι).
2613 1849 2664 1877 346,
2680 1855 2730 1878 993.

2650 1962 2656 1977 t
