2670 4186
843 257 1289 326 SECUNDA
1348 264 1857 334 SECUNDAE

290 419 1056 531 SUMMAE
1162 429 2410 546 THEOLOGIAE

1074 623 1322 660 ANGELICI
1351 625 1621 663 DOCTORIS

530 746 937 833 SANCTI
996 752 1480 836 THOMAE
1538 759 2162 865 AQUINATIS

1120 930 1256 955 ORDINIS
1274 932 1568 958 PRAEDICATORUM

972 1024 1117 1065 CUM
1161 1025 1710 1070 COMMENTARIIS

683 1145 1086 1210 THOMAE
1138 1149 1252 1226 DE
1309 1150 1481 1214 VIO
1541 1152 1990 1218 CAIETANI

1225 1293 1334 1311 EIUSDEM
1353 1294 1457 1312 onnxms

1124 1382 1153 1412 S.
1179 1383 1215 1412 R.
1241 1383 1276 1413 E.
1302 1382 1557 1414 CARDINALIS

586 1622 1000 1699 QUAESTIO
1038 1624 2084 1701 QUINQUAGESIMASEPTIMA
2129 1582 2132 1584 -

1176 1744 1507 1787 DEIURE

1030 1860 1064 1884 IN
1094 1860 1265 1890 QUATUOR
1292 1862 1493 1887 ARTICULOS
1524 1864 1639 1889 DIVISA

251 1960 595 2044 CONSEQUENTER
616 1960 704 2001 post
721 1952 963 2001 prudentiam
988 1953 1306 1991 considerandum
1365 1955 1502 1993 iustitia
1525 1957 1560 2004 *ς
1590 1958 1713 2005 tertio,
1744 1960 1791 1996 de
1819 1959 1995 1997 iniustitia
2014 1961 2075 2007 **;
2106 1970 2261 2011 quarto,
2292 1963 2338 2001 de
2366 1964 2421 2001 iu·
2448 1979 2590 2032 ’.οριιιιιιι

2449 2006 2468 2015 ··
2510 2011 2523 2026 u
2546 2012 2567 2026 LI

2475 2031 2498 2058 Q

216 2059 221 2066 ο
331 2018 387 2048 est
411 2010 459 2048 de
481 2011 619 2048 iustitia
633 2011 663 2048 ³¹³.
691 2011 801 2048 Circa
822 2023 940 2060 quam
958 2012 1194 2063 quadruplex
1215 2025 1308 2050 con-

181 2067 190 2094 Ψ
237 2071 426 2120 ,sideratio
447 2072 628 2110 occurrit:
652 2074 776 2122 prima
796 2081 851 2110 est
879 2073 926 2110 de
945 2073 1099 2119 iustitia;
1125 2074 1307 2122 secunda,

249 2133 298 2175 de
323 2134 493 2183 partibus
521 2133 654 2180 eius*;
683 2135 800 2182 tertia,
822 2135 869 2172 de
898 2135 1002 2172 dono
1022 2135 1071 2172 ad
1098 2136 1172 2172 hoe
1194 2136 1304 2185 perti-

246 2202 360 2234 nente
378 2195 418 2242 *;
449 2204 591 2245 quarta,
622 2196 669 2233 de
697 2197 909 2246 praeceptis
938 2197 986 2234 ad
1014 2197 1191 2235 iustitiam
1218 2211 1306 2247 per-

246 2256 451 2295 tinentibus
472 2257 503 2294 ²⁸.

301 2318 410 2356 Circa
446 2318 623 2356 iustitiam
659 2331 753 2356 vero
787 2318 1062 2370 consideranda
1089 2327 1176 2357 sunt
1212 2333 1306 2370 qua-

236 2380 349 2427 ⁴tuorz
377 2380 503 2430 primo
533 2380 700 2430 quidem,
731 2380 778 2418 de
805 2381 902 2427 iure3
933 2381 1115 2429 seeundo,
1146 2382 1194 2418 de
1222 2382 1304 2430 ipsa
1332 2377 1335 2428 Ι

1366 2004 1465 2045 dlCid
1484 2009 1515 2046 ἧς.
2448 2032 2458 2042 '⁵
2499 2021 2591 2053 usu..

1366 2061 1476 2098 Circa
1503 2062 1669 2110 primum
1697 2073 1929 2112 quaeruntur
1957 2074 2131 2114 quatuor.

1416 2115 1567 2152 Primo:
1597 2123 1725 2153 utrum
1753 2117 1810 2154 ius
1839 2118 1884 2154 sit
1912 2119 2104 2156 obiectum
2132 2119 2304 2157 iustitiae.

1418 2169 1617 2205 Secundo:
1646 2176 1775 2207 utrum
1798 2171 1856 2207 ius
1886 2173 2156 2209 convenienter
2175 2173 2363 2211 dividatur
2381 2175 2418 2211 in

1468 2221 1526 2257 ius
1554 2222 1722 2258 naturale
1752 2230 1788 2259 et
1814 2224 2033 2272 positivum.

1417 2274 1569 2310 Tertio:
1598 2282 1725 2311 utrum
1753 2275 1811 2312 ius
1839 2277 2006 2324 gentium
2035 2278 2082 2314 sit
2108 2278 2167 2315 ius
2192 2284 2208 2299 α
2237 2279 2416 2316 naturale.

1417 2327 1584 2373 Quarto:
1614 2334 1742 2364 utrum
1770 2328 1827 2365 ius
1853 2329 2130 2368 dominativum
2161 2338 2197 2368 et
2218 2339 2417 2379 paternum

1469 2377 1604 2416 deEeat
1623 2378 1638 2408 β
1666 2381 1873 2428 specialiter
1902 2382 2088 2431 distingui.
2545 2394 2559 2427 β

1057 2489 1373 2532 ARTICULUS
1403 2489 1608 2532 PRIMUS

919 2582 1075 2613 UTRUM
1098 2582 1165 2613 lus
1187 2582 1254 2613 srr
1277 2581 1503 2613 OBIECTUM
1529 2582 1744 2613 IUSTITIAE

281 2687 343 2725 ιη,
358 2688 402 2721 *a
412 2694 429 2731 ἡ]
454 2682 478 2707 D
506 2682 644 2708 ptumum
667 2682 720 2707 sic
748 2682 986 2707 mocumrun.
1004 2670 1164 2707 Videtur
1192 2670 1296 2718 quod

271 2713 433 2782 (ζῖᾱὲΙ4
455 2722 513 2760 ius
550 2735 628 2760 non
668 2723 712 2760 sit
749 2723 942 2760 obiectum
983 2722 1157 2760 iustitiae.
1201 2723 1300 2759 Dicit

321 2790 379 2818 ν’,
395 2779 422 2816 '6
456 2775 558 2812 enim
578 2776 710 2812 Celsus
738 2775 1023 2813 iurisconsultus
1041 2776 1147 2824 quod
1174 2775 1230 2812 ius
1248 2781 1302 2812 est

193 2838 215 2880 'e’
300 2822 348 2862 {⁷⁷
411 2820 518 2865 ars
554 2829 643 2865 boni
677 2834 713 2864 et
746 2829 860 2877 aequi
884 2828 914 2865 ³⁸.
952 2830 1024 2864 Ars
1059 2835 1186 2865 autem
1219 2840 1298 2864 non

182 2875 214 2907 ¹¹¹3
243 2887 300 2918 est
327 2880 519 2918 obiectum
547 2880 726 2927 iustitiae,
755 2881 823 2918 sed
853 2889 908 2917 est
933 2893 1002 2928 per
1030 2893 1069 2917 se
1097 2881 1216 2918 virtus
1244 2881 1299 2916 in-

241 2933 470 2971 tellectualis.
500 2934 602 2982 Ergo
630 2934 688 2970 ius
716 2946 795 2971 non
825 2941 880 2970 est
903 2933 1096 2970 obiectum
1124 2932 1298 2970 iustitiae,

296 2998 332 3023 2.
352 2987 585 3035 PRAETEREA,
607 2987 679 3033 lex,
706 2987 800 3023 sicut
823 2986 988 3023 Isidorus
1016 2986 1115 3033 dicit,
1136 2986 1175 3023 in
1202 2985 1297 3022 libro

164 3047 186 3064 ·¹
206 3057 214 3065 ·
239 3039 406 3088 Etymol.
433 3040 463 3086 ³⁸,
491 3041 584 3077 iuris
610 3045 665 3076 est
688 3040 837 3088 species.
867 3040 947 3076 Lex
982 3046 1109 3075 autem
1138 3051 1216 3075 non
1245 3045 1300 3075 est

241 3092 433 3130 obiectum
466 3092 646 3140 iustitiae,
675 3093 742 3130 sed
775 3092 894 3140 magis
922 3091 1166 3141 prudentiae:
1194 3091 1297 3128 unde

239 3152 291 3188 et*
304 3145 560 3194 Philosophus
583 3146 871 3196 legispositivam
899 3153 1047 3194 partem
1073 3144 1296 3194 prudentiae

149 3223 157 3230 -
205 3224 212 3256 3
239 3198 347 3247 ponit
364 3198 395 3235 ²³⁶.
425 3199 527 3246 Ergo
555 3199 614 3236 ius
641 3211 720 3236 non
749 3206 804 3236 est
831 3198 1023 3236 obiectum
1050 3197 1220 3235 iustitiae.

295 3251 329 3288 3.
351 3252 583 3298 PRAETEREA,
603 3251 740 3288 iustitia
766 3251 1019 3300 principaliter
1053 3250 1201 3288 subiicit
1226 3251 1296 3287 ho-

239 3303 384 3341 minem
403 3306 510 3342 Deo:
538 3304 625 3342 dicit
645 3305 747 3341 enim
766 3305 1010 3352 Augustinus,
1030 3303 1124 3341 libro
1143 3304 1189 3340 de
1206 3303 1296 3340 Mo-

239 3356 342 3395 ribus
368 3357 510 3395 Eccles.
530 3357 561 3405 ⁹¹²,
583 3357 689 3406 quod
716 3357 851 3395 iustitia
887 3363 942 3394 est
966 3368 1077 3395 amor
1103 3358 1185 3394 Deo
1214 3361 1294 3392 tan-

292 3481 320 3513 α)
339 3481 388 3506 ius.
401 3494 420 3500 -
438 3480 508 3506 idem
526 3480 598 3513 quod
617 3480 657 3504 ius
677 3480 740 3504 an.

1357 2675 1435 2706 tum
1471 2670 1653 2715 serviens,
1693 2676 1728 2706 et
1754 2671 1800 2706 ob
1827 2671 1898 2706 hoc
1926 2671 2018 2707 bene
2046 2672 2234 2719 imperans
2270 2672 2413 2718 ceteris,

1357 2734 1454 2771 quae
1480 2723 1625 2759 homini
1648 2723 1812 2759 subiecta
1839 2729 1934 2759 sunt.
1965 2723 2042 2760 Sed
2061 2724 2119 2760 ius
2147 2736 2225 2760 non
2254 2724 2414 2772 pertinet

1357 2777 1404 2812 ad
1425 2775 1565 2822 divina,
1587 2775 1655 2812 sed
1675 2776 1800 2812 solum
1829 2776 1877 2812 ad
1896 2777 2087 2812 humana:
2118 2776 2206 2812 dicit
2227 2777 2328 2812 enirn
2349 2777 2411 2813 Isi-

1357 2828 1484 2875 dorus,
1504 2828 1543 2864 in
1562 2827 1657 2864 libro
1676 2828 1846 2876 Etymol.
1866 2828 1896 2874 ³¹⁸,
1919 2828 2021 2876 quod
2034 2829 2104 2876 fas
2123 2828 2187 2864 lex
2204 2829 2330 2866 divina
2349 2835 2411 2874 est,
2442 2844 2511 2866 Ἧι».
2521 2845 2549 2870 ν,
2566 2851 2650 2871 captu.

1356 2881 1413 2916 ius
1440 2886 1565 2917 autem
1593 2880 1658 2916 lex
1683 2882 1862 2917 humana.
1893 2881 1994 2928 Ergo
2023 2880 2082 2918 ius
2118 2893 2196 2918 non
2226 2889 2280 2918 est
2308 2881 2411 2918 obie-

1356 2940 1459 2970 ctum
1488 2932 1660 2969 iustitiae.

1370 2992 1373 2996 “
1410 2986 1484 3022 SED
1505 2997 1651 3022 CONTRA
1665 2997 1730 3022 EST
1745 2985 1850 3034 quod
1870 2985 2036 3022 Isidorus
2052 2985 2151 3034 dicit,
2167 2986 2206 3022 in
2226 2987 2364 3023 eodem
2378 2986 2408 3029 ³³²,
2440 2997 2528 3024 which,
2542 3004 2590 3025 cap.
2604 3005 2635 3019 ιιι.

1355 3040 1460 3086 quod
1480 3039 1537 3074 ius
1564 3039 1702 3075 dictum
1722 3045 1775 3075 est
1801 3039 1889 3086 quia
1917 3044 1971 3075 est
1989 3040 2135 3075 iustum.
2167 3039 2243 3075 Sed
2271 3039 2409 3075 iustum

1356 3098 1412 3128 est
1448 3091 1640 3128 obiectum
1667 3091 1846 3128 iustitiae:
1878 3091 1965 3129 dicit
2003 3091 2103 3128 enim
2133 3091 2408 3140 Philosophus,

1338 3144 1391 3181 ·in
1409 3144 1445 3181 V
1462 3144 1581 3181 Ethic.
1603 3143 1634 3191 ³¹⁶,
1655 3145 1760 3192 quod
1789 3156 1916 3181 omnes
1944 3144 2054 3180 talem
2082 3144 2249 3181 habitum
2281 3144 2410 3180 volunt
2438 3163 2646 3211 {cffiss‘01¹¹'1³'·

1353 3197 1476 3234 dicere
1511 3197 1686 3234 iustitiam
1714 3209 1738 3233 a
1767 3209 1839 3245 quo
1878 3197 2060 3244 operativi
2095 3197 2276 3233 iustorum
2311 3203 2408 3234 sunt.

1353 3251 1455 3298 Ergo
1485 3250 1542 3286 ius
1571 3257 1626 3286 est
1655 3249 1846 3286 obiectum
1876 3249 2046 3286 iustitiae.

1407 3304 1632 3339 RESPONDEO
1660 3314 1843 3340 DICENDUM
1884 3302 1988 3350 quod
2016 3301 2175 3338 iustitiae
2208 3301 2404 3350 proprium

1354 3362 1409 3392 est
1436 3355 1532 3392 inter
1551 3355 1641 3392 alias
1659 3355 1816 3392 virtutes
1842 3362 1883 3391 ut
1903 3354 2050 3391 ordinet
2068 3353 2266 3391 hominem
2295 3354 2332 3390 in
2351 3353 2406 3390 his

1405 3476 1430 3510 β)
1451 3477 1551 3503 debeat.
1565 3491 1582 3496 —
1601 3477 1712 3502 debeant
1730 3477 1781 3501 EL.
