2860 4238
51 920 60 928 ·
73 916 140 939 vm.
155 922 182 938 n.

51 1073 174 1099 ‘Vama

140 1437 175 1448 vt«

49 1553 61 1566 ⁸
73 1552 143 1576 Vere.
153 1559 188 1581 4¹·
199 1563 212 1570 -
225 1553 262 1576 Cf.

46 1585 262 1656 &saraae

50 1647 234 1694 'ileu-tcm-

51 3336 112 3357 ’Ad
126 3342 146 3358 2-

12 4227 16 4238 ,-
0 3750 18 4220 ιηῶΝξΝΜΙρΨἈἙ-ἷᾩῦωδ
0 3673 16 3719 ἐκ(
0 3653 4 3666 '⁴
7 3621 14 3635 ,Α

952 209 1218 252 QUAESTIO
1248 210 1404 255 Cxxll,
1434 210 1730 246 ARTICULUS
1762 210 1811 246 lV
2390 222 2466 258 479

291 285 477 333 impudice
494 286 684 323 saltarent.
706 307 729 314 -
760 286 851 322 Non
871 293 996 322 autern
1012 290 1024 313 Ρ
1054 284 1119 332 qui
1138 293 1271 333 peccat
1289 297 1355 322 ve·
1410 287 1622 324 cessitatem
1660 299 1777 335 quam
1814 287 2066 336 patiebantur.
2093 309 2117 316 -
2147 288 2324 324 Similiter
2355 289 2469 325 etiam

290 338 436 375 nialiter
472 338 510 375 in
544 339 703 375 sabbato
742 345 872 375 contra
911 339 986 374 hoc
1019 347 1267 386 praeceptum
1303 338 1355 375 fa·
1381 365 1383 373 >
1409 352 1506 389 opus
1536 341 1732 389 corporale
1769 341 1872 389 quod
1901 340 2095 378 ordinatur
2123 340 2171 377 ad
2199 341 2359 377 salutem
2388 353 2467 377 cor-

290 391 359 428 cit:
390 392 479 441 quia
505 399 707 440 peccatum
735 391 884 428 veniale
921 403 1001 427 non
1029 391 1192 428 excludit
1220 391 1356 428 sancti-
1407 394 1580 441 poralem
1610 393 1780 440 alterius,
1816 406 1895 430 non
1933 401 1989 430 est
2026 401 2156 430 contra
2185 393 2467 430 observantiam

289 451 420 481 tatem.
1380 460 1382 463 ·
1408 446 1565 483 sabbati.
1594 446 1705 483 Unde
1731 446 1917 482 Dominus
1932 452 1960 492 φ,
1991 447 2094 483 Ioan.
2115 445 2214 483 vu*:
2242 447 2346 483 Mihi
2375 447 2469 483 indi—

343 497 474 545 Opera
507 497 620 533 etiam
648 502 664 518 ⁶
694 496 904 545 corporalia
931 496 980 532 ad
1014 495 1246 544 spiritualem
1283 496 1355 533 Dei
1380 506 1382 527 l
1407 500 1582 548 gnamini
1600 499 1688 546 quia
1708 504 1824 535 totum
1847 499 2035 535 hominem
2063 499 2210 536 salvum
2217 500 2303 547 feci
2329 500 2366 536 in
2385 501 2469 536 sah-

290 550 431 586 cultum
452 562 531 587 non
554 549 779 599 pertinentia
798 549 984 586 intantum
1010 549 1161 585 servilia
1181 549 1356 586 dicuntur
1408 551 1526 588 hato?
1544 573 1567 578 -
1598 551 1775 588 Similiter
1796 551 1909 588 etiam
1939 564 2035 600 opus
2060 553 2257 600 corporale
2285 553 2389 600 quod
2409 564 2468 588 or-

288 601 516 651 inquantum
548 601 703 652 proprie
730 601 920 650 pertinent
956 602 1003 638 ad
1033 602 1261 639 servientes:
1299 602 1354 638 in·
1408 605 1558 641 dinatur
1585 604 1632 641 ad
1661 604 1865 641 imminens
1898 604 2082 641 damnum
2113 604 2167 642 rei
2196 605 2387 642 exterioris
2413 605 2468 642 vi-

289 664 475 703 quantum
509 667 602 692 vero
640 662 727 691 sunt
764 654 983 692 communia
1019 663 1054 692 et
1089 655 1208 692 servis
1246 663 1282 692 et
1313 655 1353 691 li·
1407 657 1588 704 tandum,
1618 669 1697 694 non
1732 657 1849 694 violat
1881 658 2094 694 sabbatum.
2128 658 2240 694 Unde
2277 658 2468 695 Dominus

289 708 401 755 beris,
422 708 574 746 servilia
600 720 679 744 non
700 707 888 745 dicuntur.
920 707 1091 754 Quilibet
1113 716 1256 756 autem,
1276 716 1353 744 tam
1408 710 1508 756 dicit,
1530 711 1662 747 Matth.
1691 709 1794 746 x11*:
1829 710 1918 751 Quis
1946 711 2018 747 erit
2042 722 2092 747 ex
2127 711 2231 747 vohis
2258 712 2370 753 homo
2405 712 2471 759 qui

289 772 422 798 servus
450 773 567 810 quam
596 761 701 807 liber,
729 768 879 797 tenetur
906 761 945 797 in
973 761 1194 797 necessariis
1226 761 1355 810 provi·
1406 764 1518 799 habet
1550 775 1666 799 unam
1693 774 1823 807 ovem,
1852 769 1889 799 et
1917 764 2091 799 ceciderit
2115 769 2132 792 χ
2158 765 2313 801 sabbato
2347 765 2384 800 in
2401 765 2468 812 fo—

289 813 380 850 dere
399 826 478 851 non
498 821 645 850 tantum
666 813 748 860 sibi,
770 815 838 851 sed
859 814 971 850 etiam
990 814 1187 862 proximo:
1209 814 1355 862 praeci-
1406 827 1527 861 veam,
1559 827 1682 852 nonne
1709 816 1845 852 tenebit
1869 821 1904 851 et
1930 816 2068 853 lembit
2093 816 2207 852 eam?

287 878 364 915 pue
385 866 542 914 quidem
561 866 600 903 in
619 867 677 903 his
697 879 796 915 quae
816 867 865 903 ad
885 867 1044 903 salutem
1076 867 1246 915 corporis
1269 879 1354 915 per·
1459 870 1517 905 An
1551 879 1724 910 QUARTUM
1757 880 1940 905 Diei-:NDUM
1974 869 2078 918 quod
2112 869 2329 905 observatio
2345 867 2363 897 ψ
2394 868 2468 906 diei

289 919 419 967 tinent,
441 921 655 958 secundum
675 919 765 957 illud
784 921 896 957 Prov.
916 932 1001 956 xxw
1019 919 1056 956 *z
1085 921 1190 956 Erue
1209 932 1271 956 eos
1291 920 1356 968 qui
1406 921 1632 958 Dominicae
1670 922 1708 957 in
1746 933 1848 957 nova
1880 922 1961 968 lege
1999 921 2166 958 succedit
2203 922 2468 959 observantiae

288 973 478 1010 ducuntur
504 974 556 1010 ad
588 979 771 1017 mortem;
807 973 1034 1010 secundario
1072 980 1200 1008 autem
1240 972 1353 1009 etiam
1405 974 1551 1010 sabbati
1571 986 1650 1010 non
1670 985 1715 1010 ex
1733 973 1773 1010 vi
1793 974 1984 1021 praecepti
2013 975 2114 1022 legis,
2136 975 2203 1011 sed
2225 987 2268 1011 ex
2293 975 2470 1011 constitu-

288 1026 328 1062 in
347 1026 491 1063 damno
521 1038 648 1063 rerum
677 1026 847 1072 vitando,
878 1025 1091 1062 secundum
1119 1025 1212 1062 illud
1241 1026 1353 1062 Deut.
1405 1027 1508 1063 tione
1529 1026 1723 1063 Ecclesiae
1744 1034 1780 1062 et
1799 1027 2074 1063 consuetudine
2101 1028 2231 1076 populi
2253 1027 2468 1064 Christiani.

287 1079 418 1116 xx11*:
447 1080 539 1117 Νοη
559 1079 701 1116 videbis
720 1080 852 1115 bovem
881 1084 950 1114 aut
971 1089 1079 1114 ovem
1094 1078 1236 1126 fratris
1266 1079 1321 1114 tui
1338 1085 1352 1100 τ
1407 1081 1491 1116 Nec
1516 1079 1631 1116 etiam
1650 1085 1670 1101 ω
1697 1079 1918 1115 huiusmodi
1948 1080 2166 1116 observatio
2198 1088 2252 1116 est
2281 1081 2466 1128 figuralis,

288 1138 479 1169 errantem
514 1138 550 1169 et
569 1131 813 1180 praeteribis:
847 1132 913 1167 sed
944 1131 1098 1167 reduces
1120 1132 1247 1179 fratri
1276 1137 1350 1168 tuo.
1378 1166 1380 1169 ,
1405 1133 1501 1170 sicut
1516 1132 1582 1169 fuit
1597 1132 1815 1169 observatio
1836 1132 1980 1168 sabbati
2003 1132 2041 1168 in
2059 1133 2177 1169 veteri
2196 1134 2289 1180 lege.
2311 1134 2359 1169 Et
2381 1134 2468 1170 ideo

2495 482 2506 492 ⁶
2522 481 2586 503 Vera.
2601 489 2633 511 ²3-

2496 723 2506 733 ·
2519 722 2586 744 Vers.
2601 729 2626 744 n.

2591 782 2609 807 ’1.

2593 877 2610 911 ψ

289 1186 339 1223 Et
364 1185 452 1223 ideo
481 1197 579 1234 opus
599 1185 796 1233 corporale
825 1185 1018 1232 pertinens
1046 1184 1095 1221 ad
1124 1196 1353 1222 conservan-
1406 1199 1483 1223 non
1515 1194 1570 1222 est
1597 1185 1647 1222 ita
1676 1193 1778 1221 arcta
1805 1184 2009 1233 prohibitio
2039 1186 2221 1234 operandi
2240 1186 2276 1222 in
2301 1186 2362 1222 die
2390 1187 2468 1223 Do·
2497 1208 2499 1210 -

289 1238 379 1276 dam
407 1237 736 1287 salutemqnoprii
766 1237 937 1286 corporis
965 1249 1044 1274 non
1071 1237 1191 1274 violat
1218 1238 1351 1275 sabba-
1406 1239 1546 1276 minica
1574 1239 1669 1275 sicut
1697 1238 1735 1275 in
1764 1237 1825 1275 die
1854 1238 2021 1284 sabbati,
2050 1238 2118 1274 sed
2138 1239 2330 1286 quaedam
2352 1251 2469 1287 opera

272 1297 499 1329 &aminon
528 1291 631 1328 enim
656 1299 712 1327 est
740 1299 871 1328 contra
899 1290 1182 1327 observantiam
1208 1291 1353 1328 sabbati
1379 1317 1380 1326 ἢ
1407 1293 1670 1329 conceduntur
1698 1291 1735 1328 in
1769 1291 1829 1327 die
1858 1291 2063 1328 Dominica
2092 1303 2189 1339 quae
2224 1291 2260 1327 in
2289 1291 2349 1328 die
2385 1293 2468 1328 sab-

288 1344 395 1394 quod
427 1345 563 1394 aliquis
592 1344 787 1391 comedat,
819 1351 855 1380 et
883 1344 955 1380 alia
986 1343 1207 1380 huiusmodi
1244 1344 1355 1381 faciat
1406 1345 1482 1382 bati
1500 1344 1815 1394 prohibebantur:
1837 1344 1932 1380 sicut
1952 1344 2124 1381 decoctio
2145 1345 2318 1380 ciborum
2344 1352 2380 1381 et
2399 1345 2470 1382 alia

287 1397 426 1448 quibus
446 1399 547 1435 salus
567 1398 737 1446 corporis
757 1396 1016 1434 conservatur.
1038 1397 1086 1433 Et
1104 1405 1260 1445 propter
1279 1398 1354 1434 hoc
1405 1397 1637 1435 huiusmodi.
1667 1398 1716 1434 Et
1736 1398 1849 1433 etiam
1868 1397 1906 1433 in
1926 1397 2157 1445 quibusdam
2179 1397 2358 1445 operibus
2381 1410 2468 1447 pro-

289 1451 516 1489 Machabaei
534 1463 613 1488 non
633 1451 850 1500 polluerunt
868 1456 884 1471 υ
913 1450 1116 1487 sabbatum
1140 1458 1353 1498 pugnantes
1405 1450 1532 1488 hibitis
1560 1450 1702 1487 facilius
1739 1458 1894 1498 propter
1930 1450 2193 1487 necessitatem
2232 1450 2470 1500 dispensatur

288 1505 339 1542 ad
358 1505 416 1542 sui
445 1505 708 1542 defensionem
728 1504 788 1542 die
817 1503 975 1549 sabbati,
1000 1511 1042 1540 ut
1069 1503 1202 1550 legitur
1230 1504 1353 1540 lMa-
1406 1504 1444 1541 in
1474 1516 1578 1540 nova
1606 1515 1722 1551 quam
1756 1503 1794 1539 in
1821 1503 1941 1540 veteri
1970 1505 2071 1550 lege:
2111 1504 2199 1552 quia
2226 1504 2348 1551 figura
2384 1517 2468 1552 per-

288 1559 395 1595 chub.
425 1569 448 1594 11
467 1557 498 1594 *.
530 1558 708 1595 Similiter
727 1557 840 1593 etiam
859 1563 942 1593 'nec
961 1556 1063 1592 Elias
1090 1555 1237 1604 fugiens
1261 1569 1283 1592 a
1302 1558 1354 1593 fa·
1405 1558 1498 1594 tinet
1534 1557 1581 1593 ad
1617 1556 1931 1604 protestationem
1965 1556 2146 1602 veritatis,
2182 1568 2297 1604 quam
2331 1569 2401 1593 nec
2430 1557 2465 1594 in

289 1611 344 1648 cie
372 1611 519 1655 lezabel
543 1611 580 1647 in
610 1611 671 1647 die
700 1609 859 1646 sabbati.
888 1610 937 1646 Et
964 1616 1120 1658 propter
1143 1610 1218 1646 hoc
1239 1609 1352 1646 etiarn
1407 1609 1562 1647 modico
1590 1609 1794 1658 praeterire
1824 1617 1990 1657 oportet;
2020 1621 2138 1657 opera
2173 1618 2300 1646 autem
2335 1622 2467 1647 secun·

287 1664 491 1711 Dominus,
517 1664 651 1703 Matth.
680 1675 728 1700 xu
747 1662 785 1709 *,
815 1670 969 1699 excusat
1002 1662 1208 1711 discipulos
1242 1675 1351 1710 suos,
1407 1663 1499 1700 dum
1529 1675 1570 1699 se
1599 1662 1837 1699 considerata
1871 1662 2062 1699 immutari
2095 1670 2255 1711 possunt
2281 1674 2351 1711 pro
2379 1663 2466 1701 l'oco

287 1716 352 1766 qui
372 1716 600 1765 colligebant
627 1716 751 1765 spicas
779 1716 818 1753 in
847 1716 907 1753 die
928 1715 1075 1752 sabbati
1103 1723 1260 1765 propter
1288 1728 1353 1752 ne·
1379 1730 1380 1759 l
1407 1723 1444 1753 et
1471 1723 1660 1764 tempore.

339 1825 365 1859 ρ)
384 1803 520 1850 ακκκιῖ-
537 1825 608 1850 enim
627 1824 894 1850 PABCDEFHIKLa.
1025 1845 1029 1848 .
1459 1825 1487 1858 φ)
1511 1824 1677 1850 Dominus.-
1695 1824 1768 1848 Deus
1786 1823 1860 1853 ABF,
1881 1823 2012 1848 Dominus
2032 1824 2097 1848 dicit
2115 1824 2203 1853 ELsc,
2222 1824 2321 1849 dicitur
2339 1824 2420 1849 PDla.

338 1863 366 1893 c)
385 1861 477 1886 etiam.
488 1874 506 1879 -
524 1861 595 1885 enim
614 1860 856 1886 PABCDEFIKLa.
1458 1860 1488 1892 χ)
1507 1859 1641 1885 ceciderit.
1659 1873 1677 1878 -
1695 1859 1719 1884 si
1735 1859 1860 1884 ceciderit
1880 1859 1931 1883 ΡΑ.

339 1896 365 1930 τ)
385 1896 503 1921 bovem...
522 1895 572 1921 tui.
587 1909 609 1915 —
625 1903 700 1920 ovem
719 1898 767 1920 aut
786 1895 823 1928 (et
841 1895 875 1930 G)
896 1895 986 1920 bovem
999 1895 1101 1930 fratris
1120 1895 1160 1920 tui
1179 1895 1233 1925 Ga,
1260 1895 1350 1921 bovem
1460 1894 1488 1929 ψ)
1507 1895 1666 1920 observatio.
1683 1908 1702 1914 —
1720 1894 1889 1919 observantia
1907 1894 1977 1919 PDa.

278 1930 382 1966 patris
400 1931 441 1956 tui
458 1934 506 1956 aut
524 1938 599 1956 ovem
618 1931 652 1962 1³3
672 1939 719 1963 pro
737 1934 793 1961 aut,
813 1935 840 1956 et
858 1931 944 1956 ceteri.
1459 1931 1490 1964 ω)
1510 1931 1600 1957 etiam.
1613 1944 1632 1950 -
1650 1930 1720 1955 enim
1740 1929 1944 1955 PABCDEFLa.

339 1967 365 2000 u)
381 1966 546 1999 polluerunt.
560 1980 580 1986 -
594 1970 746 1999 posuerunt
763 1966 947 1999 ABFLpCEK.

968 2024 1302 2057 Commentaria
1326 2023 1577 2056 Cardinalis
1601 2014 1801 2056 Caietam

360 2094 494 2126 articulo
526 2102 655 2135 quarto,
680 2095 806 2125 omissis
830 2095 971 2125 secundo
995 2102 1026 2125 et
1050 2094 1160 2130 tertio,
1180 2101 1258 2124 nota
1282 2094 1352 2124 dili-
1378 2094 1380 2141 ζ
1401 2095 1519 2135 porale
1535 2103 1614 2134 opus
1630 2094 1750 2124 licitum
1759 2093 1855 2134 facit.
1880 2094 1962 2123 Nam
1977 2093 2100 2123 videtur
2123 2093 2276 2123 sententia
2292 2093 2368 2124 haec
2391 2093 2467 2124 falsa

289 2104 499 2179 nantissime
523 2139 611 2179 quod
638 2146 844 2179 praeceptum
868 2140 907 2169 de
935 2138 1183 2170 sanctificatione
1215 2138 1352 2174 sabbati,
1378 2161 1380 2184 2
1408 2149 1484 2174 esse,
1510 2149 1547 2169 ex
1569 2149 1608 2168 eo
1632 2138 1721 2179 quod
1744 2144 1926 2178 sequeretur
1949 2138 2037 2177 quod
2061 2137 2292 2167 circumstantia
2315 2137 2375 2167 diei
2398 2138 2468 2169 festi

286 2183 326 2213 ad
349 2183 495 2219 litteram,
513 2193 579 2214 non
602 2190 649 2214 est
665 2184 703 2213 de
719 2183 870 2220 interiori,
888 2184 943 2213 sed
966 2183 1005 2213 de
1029 2183 1172 2214 exteriori
1189 2182 1248 2213 Dei
1265 2183 1351 2213 cultu
1378 2200 1380 2217 t
1406 2183 1538 2214 variaret
1562 2182 1697 2223 speciem
1714 2181 1832 2221 peccati
1850 2181 2011 2211 commissi
2027 2181 2060 2211 in
2080 2181 2176 2211 festo:
2202 2182 2290 2221 quod
2311 2182 2397 2212 nulla
2421 2192 2467 2212 ra-

287 2227 408 2258 dntutnl.
433 2227 606 2258 Colebatur
624 2227 782 2268 siquidem
804 2228 892 2258 Deus
908 2228 1038 2258 sabbato
1062 2227 1094 2257 in
1118 2227 1186 2267 ipsa
1203 2227 1352 2257 exteriore
1378 2231 1380 2272 j
1407 2228 1493 2258 tione
1517 2228 1678 2267 probatur.
1703 2243 1724 2249 -
1748 2226 1788 2256 Et
1810 2233 1895 2256 tenet
1925 2226 2061 2266 sequela.
2093 2225 2176 2262 Quia
2200 2232 2275 2255 tunc
2302 2225 2466 2257 fornicatio

287 2270 393 2312 quiete
416 2272 454 2302 ab
479 2272 627 2312 operibus
651 2272 830 2302 servilibus:
855 2272 930 2312 quia
953 2272 1157 2312 quiescebant
1172 2272 1211 2301 ad
1227 2281 1351 2311 reprae-
1378 2276 1380 2295 1
1407 2271 1576 2302 commissa
1593 2271 1625 2301 in
1641 2271 1690 2300 die
1708 2270 1787 2300 festo
1803 2277 1883 2300 esset
1899 2277 2006 2300 contra
2025 2270 2172 2300 virtutem
2189 2269 2357 2309 religionis,
2379 2270 2468 2300 cuius

288 2316 474 2346 sentandam
498 2316 638 2349 divinam
661 2316 801 2356 quietem
825 2327 843 2346 a
869 2316 1025 2347 creatione
1053 2316 1176 2346 mundi.
1207 2316 1242 2345 In
1270 2325 1352 2346 nova
1378 2308 1380 2340 ἶ
1407 2323 1494 2346 actus
1518 2315 1600 2346 cadit
1619 2316 1677 2345 sub
1702 2315 1763 2344 hoc
1780 2321 1963 2354 praecepto:
1989 2321 2019 2344 et
2042 2324 2108 2344 non
2132 2314 2238 2344 solum
2254 2321 2334 2344 esset
2350 2314 2468 2354 species

286 2369 363 2390 vero
390 2360 459 2399 lege
492 2360 625 2391 exterior
653 2361 756 2391 cultus
786 2368 832 2391 est
860 2361 962 2391 dicere
989 2360 1039 2390 vel
1067 2360 1174 2390 audire
1205 2360 1351 2389 missam:
1406 2360 1556 2390 luxuriae.

287 2404 377 2446 quies
400 2411 507 2435 autem
531 2415 548 2434 a
565 2404 728 2434 servilibus
751 2404 900 2445 operibus
924 2412 971 2435 est
994 2405 1032 2434 ad
1056 2404 1248 2434 removenda
1271 2411 1352 2434 exte·
1378 2414 1380 2437 ς
1462 2405 1513 2434 Ad
1537 2404 1597 2434 hoc
1621 2403 1734 2434 dicitur
1761 2403 1849 2442 quod
1874 2412 1947 2432 cum
1971 2403 2036 2432 duo
2063 2402 2096 2432 in
2121 2402 2182 2432 hoc
2205 2409 2372 2441 praecepto
2397 2412 2469 2432 con-

286 2448 370 2479 riora
391 2448 621 2489 impedimenta
644 2449 758 2490 quietis
781 2449 897 2479 mentis
913 2448 945 2478 in
969 2449 1049 2479 Deo.
1246 2443 1250 2447 i
1408 2455 1542 2484 currant,
1567 2448 1684 2478 scilicet
1706 2445 1777 2476 finis
1801 2453 1831 2477 et
1853 2446 1886 2476 id
1909 2447 1997 2487 quod
2021 2453 2067 2476 est
2089 2446 2128 2476 ad
2151 2445 2267 2482 finem;
2292 2453 2322 2476 et
2335 2445 2407 2476 finis
2430 2447 2470 2476 sit

343 2492 435 2523 Unde
459 2503 496 2524 ex
519 2493 646 2523 duobus
671 2493 824 2533 capitibus
852 2493 1028 2524 excluditur
1058 2492 1223 2533 phantasia
1247 2492 1351 2522 dicen·
1378 2491 1379 2534 J
1408 2493 1541 2533 duplex,
1571 2492 1758 2522 intrinsecus
1791 2498 1822 2521 et
1854 2491 2061 2526 extrinsecus;
2099 2490 2201 2520 cultus
2230 2490 2314 2520 enim
2341 2490 2470 2520 interior

286 2535 368 2568 tium
392 2538 482 2578 quod
504 2538 605 2568 horno
629 2544 753 2568 tenetur
772 2538 805 2568 in
822 2538 871 2568 die
891 2537 971 2568 festo
996 2537 1219 2568 contritionem
1237 2537 1352 2566 habere
1378 2559 1380 2576 ἶ
1408 2545 1454 2567 est
1475 2536 1546 2567 finis
1571 2536 1776 2572 extrinsecus,
1802 2535 1905 2566 cultus
1928 2534 2074 2570 exterior,
2099 2541 2175 2574 puta
2198 2534 2305 2564 audire
2329 2534 2467 2570 missam,

287 2580 327 2610 de
350 2581 485 2622 peccatis
509 2591 592 2622 quae
614 2582 718 2612 habet.
741 2582 860 2618 Primo,
878 2591 914 2612 ex
937 2582 999 2612 hoc
1023 2582 1112 2622 quod
1136 2581 1284 2611 contritio
1306 2587 1353 2611 est
1378 2579 1379 2616 ἶ
1408 2588 1454 2612 est
1476 2581 1547 2611 finis
1571 2581 1776 2616 intrinsecus,
1803 2589 1920 2610 cessare
1944 2580 1982 2609 ab
2007 2579 2156 2619 operibus
2181 2578 2343 2608 servilibus
2368 2587 2413 2609 est
2435 2579 2468 2608 id

288 2631 377 2655 actus
407 2625 553 2656 interior:
583 2633 788 2666 praeceptum
818 2633 925 2656 autem
957 2626 1100 2665 decalogi
1124 2632 1171 2656 est
1193 2626 1231 2655 de
1264 2625 1351 2655 cultu
1378 2643 1379 2647 =
1408 2626 1495 2666 quod
1520 2631 1566 2655 est
1589 2625 1628 2654 ad
1651 2623 1763 2660 finem;
1796 2630 1827 2654 et
1853 2623 1950 2653 finem
1980 2623 2206 2658 extrinsecum,
2232 2622 2354 2652 cultum
2384 2623 2467 2652 vide-

287 2669 441 2700 exteriori.
465 2686 487 2692 —
510 2669 667 2706 Secundo,
691 2670 766 2711 quia
785 2670 932 2700 contritio
956 2677 1001 2700 est
1025 2677 1112 2700 actus
1139 2669 1352 2710 poenitentiae
1407 2670 1478 2700 licet
1501 2669 1693 2703 interiorem,
1719 2674 1841 2698 constet
1865 2677 1930 2697 non
1954 2667 2062 2697 cadere
2086 2667 2144 2696 sub
2169 2672 2353 2706 praecepto,
2378 2673 2413 2696 ut
2435 2667 2468 2696 in

288 2713 428 2744 virtutis:
453 2721 659 2754 praeceptum
674 2721 780 2744 autem
805 2715 844 2744 de
867 2713 1112 2744 sanctificatione
1136 2713 1290 2743 festorum
1306 2720 1352 2743 est
1407 2714 1508 2744 littera
1532 2713 1654 2748 dicitur,
1673 2712 1726 2742 sed
1750 2712 1856 2741 solum
1873 2711 2057 2741 exteriorem
2077 2711 2199 2740 cultum
2216 2717 2246 2740 et
2261 2710 2468 2740 cessationem

288 2757 328 2788 de
351 2765 422 2788 actu
447 2758 617 2798 religionis.
642 2775 663 2780 -
686 2758 727 2788 Et
749 2757 964 2788 confirmatur.
995 2758 1080 2795 Quia
1108 2757 1149 2793 si,
1174 2767 1233 2798 pro
1257 2758 1349 2798 quia,
1408 2769 1425 2788 a
1449 2757 1612 2787 servilibus
1636 2756 1802 2796 operibus:
1835 2765 2032 2795 consequens
2056 2762 2102 2785 est
2125 2761 2161 2784 ut
2185 2755 2215 2783 id
2249 2755 2354 2784 solum
2379 2755 2469 2784 cadat

288 2808 376 2834 actus
398 2802 529 2833 interior
547 2802 717 2842 religionis,
741 2809 819 2842 puta
843 2802 970 2832 devotio
994 2809 1024 2832 et
1047 2802 1158 2838 oratio,
1183 2811 1249 2831 non
1277 2811 1352 2831 con·
1407 2803 1466 2832 sub
1491 2801 1551 2831 hoc
1575 2807 1751 2841 praecept0‚
1776 2800 1815 2830 ad
1838 2799 1983 2835 litteram,
2009 2799 2097 2839 quod
2125 2798 2331 2828 contrariatur
2353 2798 2468 2828 directe

287 2845 405 2877 tinetur
427 2848 486 2877 sub
501 2847 563 2877 hoc
586 2853 765 2886 praecepto,
781 2853 816 2877 ut
839 2846 872 2876 in
895 2846 996 2877 littera
1015 2845 1147 2881 dicitur;
1172 2846 1275 2876 multo
1296 2846 1351 2875 mi·
1407 2846 1550 2876 exteriori
1574 2844 1682 2876 cultui.
1703 2845 1774 2874 Hoc
1798 2851 1904 2874 autem
1928 2850 1973 2873 est
1996 2853 2078 2883 opus
2101 2842 2221 2872 servile.
2247 2842 2338 2872 Clare
2361 2849 2468 2872 autem

289 2899 349 2921 nus
373 2891 575 2922 continentur
589 2891 647 2921 sub
664 2891 779 2921 eodem
795 2897 963 2931 praecepto
980 2890 1144 2920 interiores
1167 2897 1254 2920 actus
1278 2890 1351 2920 alia·
1406 2890 1507 2930 liquet
1534 2890 1623 2929 quod
1661 2889 1741 2919 sicut
1770 2887 1923 2918 sanctitati
1954 2887 2123 2917 sacerdotis
2156 2896 2220 2916 non
2261 2886 2468 2917 contrariatur

288 2945 360 2966 rum
383 2935 547 2971 virtutum,
572 2936 611 2965 de
634 2945 773 2975 quorum
797 2944 932 2965 numero
956 2941 1003 2964 est
1025 2933 1182 2964 contritio.
1378 2934 1379 2968 ἦ
1407 2934 1572 2975 quodlibet
1595 2939 1778 2973 peccatum,
1802 2933 1856 2962 sed
1876 2931 1981 2961 solum
2005 2931 2084 2961 illud
2103 2931 2191 2971 quod
2207 2931 2397 2960 contrarium
2422 2938 2468 2961 est

343 2982 372 3010 A
395 2979 523 3010 veritate
546 2989 620 3019 ergo
644 2980 738 3018 longe
762 2986 864 3009 errant
882 2979 1020 3008 dicentes
1039 2979 1098 3008 sub
1122 2984 1290 3017 praecepto
1307 2985 1351 3008 te·
1408 2978 1435 3008 ei
1460 2979 1498 3008 ad
1521 2978 1611 3018 quod
1628 2976 1837 3007 sanctificatus
1861 2983 1915 3011 est,
1940 2982 2017 3014 puta
2036 2975 2061 3005 si
2078 2974 2231 3015 percutiat
2250 2975 2390 3015 seipsum
2414 2982 2469 3005 aut

289 3024 355 3054 neri
377 3023 543 3054 hominem
565 3024 598 3054 in
623 3024 672 3054 die
696 3023 776 3054 festo
800 3023 840 3053 ad
863 3022 1039 3053 dolendum
1058 3023 1097 3052 de
1112 3021 1246 3062 peccatis
1270 3031 1352 3062 quae
1378 3029 1379 3058 l
1407 3023 1554 3052 abutatur
1577 3020 1751 3051 sacerdotio
1776 3027 1807 3050 et
1829 3019 2028 3055 huiusmodi;
2057 3019 2100 3049 ita
2130 3018 2284 3048 sanctitati
2316 3019 2468 3058 temporis

289 3067 397 3104 habet,
421 3075 477 3099 aut
499 3069 539 3098 ad
562 3068 736 3104 orandum,
762 3075 816 3098 aut
839 3068 878 3097 ad
907 3066 1047 3107 quietem
1078 3066 1192 3096 mentis
1214 3066 1246 3095 in
1270 3066 1350 3096 Deo.
1378 3063 1379 3101 ἰ
1407 3065 1549 3106 deputati
1572 3065 1612 3095 ad
1635 3064 1820 3095 exteriorem
1843 3064 1964 3094 cultum
1989 3073 2054 3093 non
2078 3063 2284 3094 contrariatur
2303 3063 2469 3103 quodlibet

289 3112 330 3142 Et
353 3111 460 3142 minus
489 3119 714 3152 perspexerunt
736 3112 855 3142 litterae
884 3111 978 3141 huius
1009 3110 1187 3141 doctrinam
1215 3109 1351 3140 dicentes
1378 3111 1379 3149 j
1407 3116 1582 3150 peccatum,
1603 3109 1656 3139 sed
1681 3109 1758 3139 illud
1782 3115 1906 3138 tantum
1925 3108 2014 3148 quod
2037 3108 2159 3138 cultum
2175 3107 2266 3137 illurn
2289 3107 2399 3137 adimit
2414 3115 2468 3137 aut

289 3157 379 3197 quod
395 3157 572 3187 secundum
588 3166 700 3187 omnes
716 3163 840 3186 tenetur
855 3155 926 3197 quis
946 3155 1004 3185 sub
1021 3161 1189 3195 praecepto
1209 3154 1248 3183 ad
1264 3154 1351 3194 quie·
1378 3160 1379 3164 ’
1407 3154 1513 3184 violat.
1543 3154 1618 3183 Non
1642 3153 1828 3193 prohibetur
1851 3162 1925 3192 ergo
1949 3151 2114 3192 quodlibet
2141 3158 2306 3191 peccatum
2329 3161 2384 3191 per
2406 3151 2468 3181 hoc

289 3209 353 3232 tem
378 3200 492 3231 mentis
515 3201 548 3231 in
571 3201 640 3231 Deo
657 3200 689 3230 in
707 3200 797 3231 festo.
822 3200 908 3230 Finis
928 3199 1013 3229 enim
1037 3197 1193 3238 praecepti
1217 3207 1281 3228 non
1307 3205 1353 3228 est
1378 3216 1379 3222 κ
1409 3203 1632 3238 praeceptum,
1661 3197 1853 3237 inquantum
1883 3196 2034 3236 praecipit
2065 3195 2207 3225 divinum
2239 3195 2376 3225 cultum:
2413 3195 2467 3225 sed

290 3245 348 3275 sub
372 3251 556 3284 praecepto:
587 3244 742 3285 quoniam
773 3244 859 3274 aliud
883 3250 929 3274 est
953 3243 991 3274 de
1014 3253 1080 3284 quo
1113 3243 1206 3272 datur
1227 3252 1351 3282 praece·
1408 3242 1514 3273 solum
1537 3238 1616 3272 ill'ud
1632 3240 1868 3281 irreligiositatis
1888 3251 1942 3271 seu
1963 3239 2112 3279 sacrilegii
2136 3246 2301 3279 peccatum
2316 3240 2404 3279 quod
2422 3239 2466 3268 di-

290 3295 398 3329 ptum;
424 3296 454 3320 et
478 3289 564 3319 aliud
588 3289 627 3318 ad
650 3289 737 3329 quod
761 3288 894 3318 intendit
917 3287 966 3318 lex
989 3297 1044 3327 per
1067 3293 1271 3326 praeceptum
1294 3286 1351 3316 ho·
1378 3290 1379 3318 ἰ
1407 3286 1482 3316 vino
1516 3286 1613 3316 cultui
1647 3293 1721 3316 tunc
1753 3285 1858 3315 debito
1888 3284 2101 3315 contrariatur.
2133 3284 2221 3314 Sicut
2251 3283 2467 3314 universaliter

290 3333 410 3364 minem
434 3333 563 3369 ducere;
589 3339 624 3363 ut
647 3332 679 3362 in
694 3343 749 3373 qu.
766 3343 794 3369 c,
812 3338 866 3362 art.
885 3343 904 3372 9
920 3331 947 3367 *,
971 3334 1094 3362 Auctor
1109 3330 1193 3366 dixit,
1207 3330 1239 3360 in
1255 3330 1351 3360 Libro
1378 3325 1380 3364 I>
1408 3340 1482 3361 cum
1506 3337 1593 3360 actus
1617 3330 1749 3360 alicuius
1765 3329 1887 3359 virtutis
1906 3328 2104 3368 praecipitur,
2123 3337 2188 3358 non
2205 3327 2390 3367 prohibetur
2412 3337 2467 3367 per

290 3377 498 3418 praecedenti.
1378 3373 1379 3394 ³
1407 3375 1468 3405 hoc
1492 3383 1588 3404 omne
1611 3381 1785 3414 peccatum,
1803 3373 1856 3403 sed
1876 3373 1981 3403 solum
2001 3372 2193 3403 contrarium
2216 3371 2244 3401 ei
2267 3372 2356 3412 quod
2380 3381 2467 3411 prae—

346 3422 383 3452 11.
409 3422 444 3451 In
468 3421 582 3451 eodem
608 3420 757 3455 articulo,
782 3420 814 3450 in
834 3419 1039 3459 responsione
1063 3419 1103 3448 ad
1126 3419 1268 3454 tertium,
1294 3419 1350 3448 du·
1407 3418 1536 3459 cipitur:
1566 3425 1601 3448 ut
1624 3425 1710 3458 patet
1733 3418 1770 3447 de
1794 3416 1966 3457 praeceptis
1993 3417 2232 3457 temperantiae,
2257 3415 2464 3450 fortitudinis,

290 3465 379 3496 bium
404 3465 539 3496 occurrit
562 3465 642 3495 circa
661 3464 714 3494 illa
736 3465 843 3494 verba:
868 3465 979 3504 Magis
1002 3469 1114 3494 contra
1143 3464 1202 3493 hoc
1218 3471 1352 3502 praece·
1407 3462 1660 3493 mansuetudinis
1683 3469 1713 3492 et
1737 3461 1931 3492 huiusmodi.

284 3514 377 3550 ptum
401 3511 472 3551 agit
503 3510 558 3550 qui
575 3514 689 3550 peccat
715 3509 747 3538 in
776 3509 826 3539 die
841 3508 929 3549 festo
958 3517 1053 3548 quam
1084 3509 1139 3547 qui
1170 3507 1260 3538 aliud
1283 3516 1352 3537 cor·
1378 3519 1380 3531 ι’
1463 3506 1556 3547 Opus
1588 3513 1695 3536 autem
1729 3506 1854 3541 servile,
1878 3506 1917 3535 ad
1949 3505 2098 3541 litteram,
2126 3515 2191 3535 non
2215 3511 2260 3535 est
2289 3510 2464 3544 peccatum.
