2860 4244
189 725 198 734 ⁸
213 723 249 745 Cf.
270 724 331 750 Aug.
354 723 397 751 Qq.

187 750 212 771 in
221 749 300 776 Levit„
309 756 348 777 qu.
356 757 396 772 xx.
445 765 451 771 .

185 1084 193 1094 ⁸
205 1083 261 1109 cap.
276 1090 298 1109 x,
308 1089 330 1105 n.
347 1089 368 1105 2.
383 1095 393 1099 -

184 1110 208 1132 S.
216 1110 260 1131 Th.
272 1110 322 1131 lect.
335 1116 358 1131 x.

183 1246 194 1256 ⁸
207 1247 258 1267 Art.
274 1252 290 1272 1,
304 1245 332 1267 ad
346 1252 366 1274 3.

177 2461 187 2471 *
197 2459 221 2481 S.
231 2459 276 2481 Th.
289 2459 340 2481 lect.
348 2466 370 2481 v.
379 2471 389 2476 -

181 2486 234 2508 Did.
242 2486 282 2507 lib.
291 2486 332 2513 IX,
339 2492 390 2514 cap.

181 2518 211 2539 iv,
228 2519 249 2534 n.
266 2519 283 2534 ι.

1077 250 1341 296 QUAESTIO
1373 250 1548 297 LXXIX,
1577 251 1872 289 ARTICULUS
1902 252 1953 288 IV

1204 373 1522 415 ARTICULUS
1553 374 1823 426 QUARTUS

613 469 767 500 UTRUM
790 467 1027 498 PECCATUM
1053 466 1292 497 OMISSIONIS
1316 466 1382 497 slr
1407 466 1592 498 GRAans
1616 468 1741 504 QUAM
1764 469 2002 500 PECCATUM
2026 470 2414 502 TRANSGREssioNJs

435 262 504 299 172

467 574 504 611 ἑ»
635 568 657 592 D
676 567 849 597 QUARTUM
868 566 921 591 sm
942 565 1181 591 PROCEDITUR.
1203 554 1362 591 Videtur
1381 555 1485 603 quod

449 602 501 655 ιβ’
635 615 834 656 peccatum
865 606 1080 643 omissionis
1110 606 1155 643 sit
1182 607 1334 654 gravius
1367 620 1483 656 quam

427 655 491 739 aas
522 677 559 707 ..ζ
608 667 834 708 peccatum
846 659 1163 706 transgressionis.
1176 659 1365 697 Delictum
1381 661 1482 697 enim

428 720 461 751 Λ
514 710 545 736 ῘἽ
576 701 784 749 *videtur
804 712 907 749 idern
928 724 1009 748 esse
1030 713 1136 760 quod
1155 713 1370 750 derelictum
1385 712 1421 749 *z
1448 721 1484 750 et

425 778 477 802 s1c
505 777 572 813 per
601 777 839 813 consequens
867 765 1018 802 videtur
1044 765 1147 802 idem
1169 778 1251 802 esse
1272 766 1481 803 omissioni.

425 817 500 854 Sed
530 817 707 854 delictum
737 826 792 855 est
819 818 969 865 gravius
999 830 1116 866 quam
1145 826 1345 867 peccatum
1366 827 1482 856 trans-

423 870 645 917 gressionis:
685 871 772 919 quia
800 871 936 907 maiori
964 871 1178 920 expiatione
1211 872 1412 919 indigebat,
1442 879 1484 908 ut
1508 864 1510 903 ἶ

422 930 525 971 patet
555 924 673 960 Levit.
708 935 742 960 v.
794 924 895 971 Ergo
930 932 1131 972 peccatum
1170 925 1386 962 omissionis
1428 933 1484 962 est

422 976 573 1023 gravius
603 988 719 1024 quam
748 984 948 1025 peccatum
977 977 1290 1025 transgressionis.

477 1040 511 1065 2.
538 1029 771 1076 PRAETEREA,
798 1030 932 1066 maiori
961 1030 1065 1067 bono
1095 1030 1217 1067 maius
1242 1031 1385 1067 malum
1415 1043 1481 1079 op-

421 1082 588 1129 ponitur:
610 1090 651 1119 ut
669 1090 772 1131 patet
789 1095 859 1131 per
873 1083 1161 1131 Philosophum,
1178 1083 1216 1119 in
1230 1084 1315 1120 VIII
1331 1083 1450 1120 Ethic.
1462 1083 1482 1105 '³‘
1507 1097 1509 1106 <

423 1135 499 1171 Sed
518 1135 642 1172 facere
663 1136 821 1183 bonum,
844 1135 903 1172 cui
923 1136 1127 1185 opponitur
1147 1136 1316 1183 omissio,
1339 1143 1394 1172 est
1413 1148 1480 1172 no-

421 1187 532 1224 bilior
559 1200 646 1236 pars
675 1189 836 1225 iustitiae
865 1201 982 1237 quam
1012 1189 1200 1226 declinare
1230 1201 1251 1225 a
1275 1189 1390 1235 malo,
1421 1189 1481 1225 cui
1506 1208 1508 1246 3

421 1241 627 1289 opponitur
654 1242 911 1290 transgressio,
941 1249 982 1278 ut
1011 1254 1055 1278 ex
1080 1241 1301 1289 supradictis
1320 1241 1340 1262 ³⁸
1366 1248 1479 1289 patet.

421 1294 523 1341 Ergo
549 1294 706 1331 omissio
732 1302 788 1331 est
815 1294 965 1341 gravius
988 1302 1188 1342 peccatum
1218 1305 1334 1340 quarn
1363 1300 1480 1330 trans-

420 1358 574 1393 gressm.

476 1400 509 1436 3.
531 1400 764 1446 PRAETEREA,
785 1405 984 1447 peccatum
1011 1397 1290 1434 commissionis
1311 1402 1328 1418 α
1355 1404 1481 1446 potest
1505 1406 1507 1432 Ξ

1505 1449 1507 1469 ³
1534 1453 1681 1488 bonum
1719 1452 1924 1500 opponitur
1959 1459 1995 1489 et
2026 1464 2105 1489 non
2139 1453 2262 1490 facere
2294 1454 2461 1502 bonum,
2490 1455 2596 1504 quod

420 1463 501 1487 esse
532 1459 567 1488 et
593 1451 740 1488 veniale
771 1459 806 1487 et
835 1452 1004 1488 mortale.
1036 1451 1113 1488 Sed
1140 1458 1340 1499 peccatum
1365 1450 1480 1487 omis—

419 1503 534 1541 sionis
561 1504 712 1541 videtur
741 1516 821 1540 esse
851 1516 1003 1552 semper
1031 1504 1210 1541 mortale:
1241 1503 1330 1551 quia
1359 1516 1480 1552 oppo-

418 1557 517 1594 nitur
535 1564 738 1606 praecepto
760 1557 1001 1594 affirmativo.
1032 1558 1134 1605 Ergo
1155 1556 1310 1593 omissio
1329 1556 1480 1594 videtur

420 1623 502 1647 esse
531 1610 682 1657 gravius
709 1618 908 1659 peccatum
939 1622 1055 1658 quam
1084 1611 1130 1646 sit
1157 1609 1417 1657 transgressio.

470 1675 508 1710 4.
529 1664 762 1710 PRAETEREA,
793 1663 916 1700 maior
943 1675 1071 1712 poena
1099 1670 1154 1699 est
1180 1675 1307 1711 poena
1336 1662 1478 1708 damni,
1505 1711 1506 1715 Ἰ

418 1717 558 1753 scilicet
593 1716 756 1754 carentia
788 1716 945 1753 visionis
981 1715 1154 1763 divinae,
1184 1728 1283 1763 quae
1322 1716 1506 1752 debetur*

417 1778 575 1818 peccato
611 1769 847 1817 omissionis,
878 1781 996 1818 quam
1029 1781 1156 1818 poena
1189 1781 1322 1805 sensus
1334 1798 1343 1816 ,
1379 1781 1478 1817 quae
1505 1773 1506 1818 J

419 1824 577 1860 debetur
592 1830 748 1871 peccato
764 1821 1086 1870 transgressionis:
1103 1829 1144 1858 ut
1157 1829 1260 1870 patet
1274 1833 1342 1869 per
1358 1821 1478 1869 Chry·
1504 1823 1506 1861 ᾗ

418 1883 644 1923 sostomum,
674 1888 786 1924 super
804 1876 940 1911 Matth.
957 1874 977 1896 '³‘
1007 1875 1083 1911 Sed
1111 1886 1237 1923 poena
1264 1875 1478 1923 proportio-

418 1936 528 1966 natur
556 1929 700 1977 culpae.
740 1930 841 1975 Ergo
870 1927 1021 1975 gravius
1051 1935 1105 1965 est
1133 1934 1332 1976 peccatum
1363 1927 1478 1965 omis·

418 1982 533 2019 sionis
562 1994 678 2030 quam
706 1980 1022 2029 transgressionis.

471 2036 544 2072 SED
574 2046 719 2071 CONTRA
748 2046 813 2071 EsT
842 2033 946 2082 quod
982 2032 1125 2069 facilius
1155 2040 1210 2069 est
1238 2032 1426 2069 abstinere
1455 2045 1476 2069 a
1502 2070 1504 2080 J

417 2088 518 2124 malo
548 2087 720 2124 faciendo
751 2099 866 2136 quam
886 2087 1043 2134 implere
1072 2086 1231 2122 bonum.
1262 2086 1363 2133 Ergo
1393 2098 1475 2133 gra-

415 2140 501 2177 vius
535 2148 668 2189 peccat
702 2140 766 2189 qui
794 2152 871 2176 non
901 2139 1061 2176 abstinet
1098 2151 1119 2175 a
1147 2139 1249 2175 malo
1279 2139 1475 2187 faciendo,
1502 2175 1503 2184 ¹

416 2193 521 2241 quod
550 2201 606 2230 est
633 2193 861 2242 transgredi,
892 2204 1008 2240 quam
1042 2192 1105 2240 qui
1139 2204 1217 2228 non
1245 2192 1377 2240 implet
1409 2192 1476 2228 bo·
1502 2206 1503 2209 ¹

417 2259 522 2293 num,
552 2248 656 2295 quod
686 2254 741 2283 est
770 2246 954 2282 omittere.

470 2300 696 2337 RESPONDEO
725 2311 908 2336 DicaNDUM
938 2301 1039 2346 quod
1063 2305 1264 2345 peccatum
1292 2297 1476 2333 intantum

418 2359 474 2388 est
492 2365 606 2400 grave
626 2353 850 2401 inquantum
872 2364 893 2387 a
912 2351 1049 2387 virtute
1069 2350 1190 2387 distat.
1221 2350 1477 2387 Contrarietas

417 2411 545 2442 autem
574 2412 629 2442 est
654 2405 825 2442 maxima
850 2404 1034 2449 distantia,
1058 2410 1099 2439 ut
1128 2403 1261 2440 dicitur
1279 2403 1317 2439 in
1337 2405 1371 2439 X
1391 2404 1476 2439 Me-

416 2459 562 2506 taphys.
587 2458 607 2480 ’¹‘
642 2458 754 2495 Unde
787 2456 1017 2494 contrarium
1050 2456 1169 2503 magis
1203 2456 1313 2492 distat
1350 2468 1372 2492 a
1407 2468 1476 2492 suo

418 2511 604 2548 contrario
642 2523 758 2560 quam
793 2510 950 2558 simplex
980 2509 1059 2545 eius
1088 2508 1257 2556 negatio:
1294 2508 1391 2545 sicut
1423 2509 1477 2545 ni-

416 2576 526 2611 grum
564 2565 647 2612 plus
677 2564 785 2600 distat
813 2563 860 2599 ab
890 2563 976 2598 albo
1006 2574 1123 2610 quam
1153 2561 1370 2609 simpliciter
1399 2573 1477 2597 non

418 2617 564 2661 album;
586 2629 700 2653 omne
719 2616 818 2652 enim
836 2614 983 2662 nigrum
1001 2622 1056 2651 est
1070 2627 1148 2650 non
1163 2614 1305 2661 album,
1317 2614 1384 2651 sed
1399 2626 1478 2652 non

419 2669 658 2707 convertitur.
697 2668 943 2705 Manifestum
973 2675 1028 2704 est
1060 2674 1187 2704 autem
1222 2667 1328 2715 quod
1360 2674 1478 2703 trans—

417 2722 557 2770 gressio
588 2721 834 2758 contrariatur
862 2720 961 2757 actui
988 2719 1146 2767 virtutis,
1169 2719 1324 2756 omissio
1349 2727 1475 2756 autem

469 2843 495 2875 α)
515 2843 715 2868 commissionis.
725 2857 742 2862 -
757 2843 906 2868 omissionis
921 2843 1024 2874 Afflpn,
1040 2843 1262 2876 transgressionis
1276 2843 1397 2867 PLsCKx
1410 2848 1435 2867 et
1444 2850 1461 2867 a
1467 2850 1476 2872 ‚·

415 2879 456 2904 vel
474 2879 694 2911 transgressionis
719 2886 809 2911 margo
826 2878 849 2902 G
855 2886 862 2909 3
884 2878 990 2903 abrasae
1008 2878 1084 2910 pCK3
1103 2878 1321 2903 commissionis...
1342 2878 1397 2902 Sed
1412 2885 1474 2910 pec-

414 2917 503 2939 catum
522 2922 575 2939 om.
593 2914 623 2939 Β.

1538 554 1715 603 importat
1729 556 1970 604 negationem
1989 556 2123 605 ipsius:
2151 564 2242 605 puta
2261 565 2461 606 peccatum
2482 559 2597 597 omis-

1538 607 1654 644 sionis
1675 615 1730 644 est
1758 610 1787 645 si
1808 609 1890 657 quis
1917 610 2136 658 parentibus
2158 609 2324 647 debitam
2344 611 2596 649 reverentiam

1538 672 1616 696 non
1645 660 1829 708 exhibeat,
1857 669 2057 710 peccatum
2077 670 2205 699 autem
2234 664 2538 711 transgressionis
2566 665 2596 701 si

1538 713 1807 750 contumeliam
1834 715 1897 750 vel
1934 727 2217 764 quamcumque
2251 716 2426 753 iniuriam
2459 717 2512 754 eis
2541 717 2595 754 in-

1537 766 1640 802 ferat.
1670 766 1781 803 Unde
1810 766 2054 803 manifestum
2083 775 2139 804 est
2166 769 2283 816 quod,
2314 769 2531 818 simpliciter
2561 778 2596 807 et

1508 827 1510 848 l
1537 819 1708 856 absolute
1737 819 1943 867 loquendo,
1972 821 2217 867 transgressio
2248 829 2303 858 est
2330 823 2481 870 gravius
2508 835 2596 872 pec-

1538 879 1663 908 catum
1689 884 1804 920 quam
1835 871 2011 908 omissio:
2039 872 2125 909 licet
2152 873 2278 922 aliqua
2301 874 2458 912 omissio
2477 876 2596 924 possit

1537 937 1619 961 esse
1648 925 1800 972 gravior
1827 924 1953 973 aliqua
1979 926 2287 972 transgressione.

1588 979 1646 1014 AD
1671 990 1807 1015 PRIMUM
1828 989 1925 1014 ERGO
1945 989 2129 1014 DicENDUM
2158 978 2263 1027 quod
2292 978 2470 1017 delictum
2491 993 2595 1017 com-

1536 1030 1701 1067 muniter
1729 1038 1925 1079 sumptum
1953 1030 2138 1078 significat
2171 1043 2453 1080 quamcumque
2482 1033 2595 1070 omis-

1536 1083 1697 1120 sionem.
1735 1084 1978 1132 Quandoque
2005 1091 2135 1120 tamen
2163 1084 2287 1121 stricte
2316 1084 2498 1134 accipitur
2524 1098 2594 1134 pro

1536 1148 1581 1172 eo
1610 1136 1715 1184 quod
1744 1137 1925 1173 omittitur
1954 1136 2094 1185 aliquid
2122 1137 2169 1173 de
2197 1137 2254 1174 his
2282 1149 2380 1186 quae
2408 1137 2597 1186 pertinent

1535 1189 1584 1225 ad
1604 1190 1748 1226 Deum:
1774 1190 1837 1226 vel
1857 1189 2011 1238 quando
2032 1189 2191 1226 scienter
2211 1197 2247 1226 et
2266 1190 2374 1238 quasi
2395 1202 2481 1227 curn
2501 1203 2596 1240 quo-

1535 1242 1624 1278 dam
1646 1249 1865 1290 contemptu
1886 1242 2109 1290 derelinquit
2126 1243 2246 1279 homo
2271 1243 2310 1280 id
2339 1243 2444 1292 quod
2472 1244 2595 1281 facere

1535 1294 1657 1330 debet.
1688 1295 1738 1330 Et
1756 1294 1809 1331 sic
1833 1295 1948 1330 habet
1971 1295 2166 1343 quandam
2194 1296 2427 1345 gravitatem,
2450 1297 2594 1334 ratione

1535 1346 1642 1383 cuius
1671 1346 1805 1383 maiori
1835 1346 2047 1395 expiatione
2075 1347 2226 1395 indiget.

1586 1400 1645 1436 AD
1665 1411 1855 1436 SECUNDUM
1874 1411 2058 1437 DICENDUM
2087 1401 2192 1448 quod
2213 1401 2245 1437 ei
2266 1402 2368 1450 quod
2389 1409 2444 1438 est
2471 1403 2595 1439 facere

1534 1512 1590 1542 est
1618 1504 1813 1552 omittere,
1843 1512 1879 1541 et
1907 1505 2031 1542 facere
2058 1505 2222 1552 malum,
2252 1506 2358 1555 quod
2387 1514 2442 1544 est
2475 1514 2596 1544 trans-

1533 1558 1656 1605 gredi:
1678 1558 1744 1595 sed
1763 1558 1932 1606 primum
1954 1558 2252 1606 contradictorie,
2274 1561 2485 1597 secundum
2505 1572 2595 1597 con-

1533 1611 1665 1658 trarie,
1705 1612 1808 1659 quod
1844 1610 2025 1659 importat
2057 1611 2243 1648 maiorem
2282 1612 2509 1650 distantiam.
2546 1614 2596 1650 Et

1532 1664 1620 1701 ideo
1649 1664 1896 1711 transgressio
1926 1672 1982 1701 est
2008 1664 2161 1712 gravius
2189 1673 2403 1714 peccatum.

1585 1718 1644 1753 AD
1676 1728 1836 1754 TERT1UM
1864 1728 2049 1754 DlCENDtJM
2077 1718 2181 1766 quod
2215 1717 2311 1754 sicut
2339 1718 2497 1755 omissio
2528 1730 2594 1767 op-

1531 1769 1686 1817 ponitur
1721 1769 1932 1818 praeceptis
1970 1767 2226 1818 affirmativis,
2260 1771 2311 1807 ita
2348 1771 2593 1820 transgressio

1533 1821 1740 1870 opponitur
1770 1822 1981 1870 praeceptis
2015 1823 2210 1870 negativis.
2250 1825 2299 1860 Et
2333 1824 2420 1860 ideo
2449 1831 2594 1861 utrum-

1533 1887 1618 1924 que,
1639 1875 1669 1911 si
1688 1876 1841 1923 proprie
1862 1874 2076 1923 accipiatur,
2097 1875 2277 1924 importat
2295 1877 2481 1914 rationem
2504 1889 2594 1926 pec-

1532 1928 1603 1964 cati
1622 1928 1802 1965 mortalis.
1833 1929 1962 1964 Potest
1981 1936 2108 1964 autem
2131 1929 2233 1976 large
2254 1929 2327 1965 dici
2347 1930 2591 1977 transgressio

1529 1981 1592 2018 vel
1613 1980 1769 2017 omissio
1790 1993 1835 2017 ex
1855 1993 1902 2017 eo
1922 1980 2028 2028 quod
2048 1981 2190 2028 aliquid
2209 1981 2255 2018 sit
2274 1980 2289 2011 Ρ
2315 1989 2465 2031 praeter
2481 1994 2592 2030 prae·

1531 2041 1640 2082 cepta
1668 2033 1896 2070 affirmativa
1922 2034 1985 2070 vel
2014 2033 2201 2082 negativa⁷
2231 2034 2436 2083 disponens
2456 2035 2505 2072 ad
2525 2047 2592 2084 op-

1529 2086 1697 2135 positum
1726 2086 1909 2135 ipsorum.
1949 2087 1998 2123 Et
2032 2086 2085 2123 sic
2112 2094 2339 2136 utrumque,
2368 2088 2469 2136 large
2497 2087 2592 2125 acci-

1529 2139 1681 2188 piend0,
1711 2147 1836 2188 potest
1865 2151 1946 2176 esse
1969 2147 2169 2187 peccatum
2197 2140 2358 2177 veniale.

1583 2194 1642 2229 AD
1673 2204 1846 2235 QUARTUM
1871 2204 2058 2229 DICENDUM
2082 2193 2187 2241 quod
2205 2200 2363 2241 peccato
2386 2201 2592 2242 transgres-

1531 2245 1647 2282 sionis
1676 2246 1881 2294 respondet
1909 2252 1945 2282 et
1971 2257 2098 2293 poena
2126 2245 2273 2294 damni,
2301 2254 2458 2296 propter
2484 2259 2592 2284 aver-

1532 2298 1679 2335 sionem
1708 2310 1730 2334 a
1753 2299 1855 2343 Deo;
1887 2305 1922 2334 et
1949 2310 2076 2346 poena
2104 2311 2248 2347 sensus,
2276 2307 2434 2348 propter
2451 2299 2592 2338 inordi-

1530 2358 1658 2388 natam
1697 2350 1991 2388 conversionem
2033 2351 2082 2388 ad
2119 2352 2266 2388 bonum
2304 2353 2588 2391 commutabile.

1531 2403 1710 2441 Similiter
1752 2404 1865 2440 etiam
1908 2404 2105 2441 omissioni
2147 2417 2225 2442 non
2263 2406 2388 2441 solum
2432 2405 2591 2442 debetur

1531 2469 1656 2505 poena
1686 2456 1835 2503 damni,
1866 2456 1934 2492 sed
1963 2456 2077 2493 etiam
2113 2469 2238 2505 poena
2266 2470 2419 2494 sensus:
2456 2471 2590 2495 secun-

1532 2510 1623 2546 dum
1652 2509 1742 2545 illud
1771 2509 1904 2545 Matth.
1929 2521 1977 2545 vn
2000 2509 2039 2545 *τ
2075 2510 2203 2546 Omnis
2235 2511 2352 2546 arbor
2385 2522 2482 2559 quae
2515 2523 2590 2548 non

1519 2562 1622 2610 facit
1637 2563 1812 2609 fructum
1842 2563 1993 2607 honum,
2014 2562 2207 2599 excidetur
2234 2569 2270 2599 et
2294 2563 2331 2600 in
2353 2564 2479 2612 ignem
2508 2564 2590 2601 mit-

1530 2620 1637 2651 tetur.
1671 2615 1720 2650 Et
1747 2614 1822 2650 hoc
1850 2625 2005 2662 propter
2025 2615 2191 2652 radicem
2221 2628 2267 2652 ex
2295 2628 2370 2664 qua
2396 2617 2588 2665 procedit:

1529 2667 1615 2703 licet
1642 2680 1720 2703 non
1748 2667 1886 2703 habeat
1916 2679 1960 2704 ex
1979 2668 2201 2705 necessitate
2225 2670 2411 2706 actualem
2433 2682 2591 2707 conver-

1531 2720 1679 2757 sionem
1708 2719 1757 2757 ad
1786 2719 1940 2769 aliquod
1968 2720 2116 2758 bonum
2147 2722 2429 2759 commutabile.

1583 2842 1608 2875 β)
1628 2843 1671 2868 sit.
1685 2857 1704 2862 -
1718 2844 1752 2876 fit
1769 2843 1870 2868 peon.

1085 2991 1420 3025 Commenta-ia
1443 2991 1695 3026 Gardjnalis
1718 2992 1920 3026 Caietam

446 3082 467 3102 N
491 3071 622 3102 articulo
646 3077 758 3111 quarto
783 3071 926 3101 eiusdem
949 3071 1143 3111 quaestionis
1168 3071 1476 3112 septuagesimaeno-

419 3084 506 3146 Inae
526 3115 661 3145 dubium
676 3114 811 3144 occurrit
827 3115 907 3145 circa
923 3115 955 3144 id
972 3115 1060 3155 quod
1077 3115 1119 3145 ibi
1133 3115 1255 3151 dicitur,
1272 3116 1360 3155 quod
1375 3115 1477 3145 maior

417 3166 463 3190 est
487 3159 632 3190 distantia
655 3158 810 3189 contraria
833 3168 931 3198 quarn
954 3159 1211 3194 contradictoria;
1237 3166 1267 3189 et
1290 3159 1357 3189 eius
1383 3158 1478 3189 ratio-

417 3213 501 3239 nem,
519 3203 593 3244 quia
614 3212 710 3232 omne
730 3203 857 3242 nigrum
881 3209 927 3232 est
950 3212 1016 3232 non
1041 3203 1159 3239 album,
1178 3209 1208 3233 et
1231 3212 1296 3232 non
1318 3213 1334 3232 e
1359 3209 1475 3233 contra.

416 3248 547 3278 Falsum
570 3246 655 3277 enim
679 3246 802 3277 dicitur.
831 3246 915 3284 Quia
942 3246 1044 3276 maior
1072 3253 1117 3276 est
1146 3246 1292 3277 distantia
1319 3246 1400 3277 inter
1423 3256 1477 3276 ens

417 3298 447 3321 et
471 3301 536 3321 non
561 3301 615 3321 ens
639 3301 736 3331 quam
760 3291 840 3321 inter
863 3291 928 3321 duo
951 3290 1043 3321 entia.
1069 3290 1202 3321 Constat
1225 3296 1332 3320 autem
1355 3296 1477 3320 contra-

416 3335 538 3365 riorum
560 3342 732 3376 utrumque
757 3341 823 3365 esse
847 3343 915 3371 ens;
941 3334 1258 3365 contradictoriorum
1279 3341 1386 3364 autem
1405 3334 1478 3364 alte—

416 3389 488 3409 rurn
519 3388 585 3408 non
608 3389 672 3410 ens.
697 3379 792 3418 Ergo.
815 3396 836 3401 -
860 3379 954 3409 Ratio
979 3378 1072 3409 etiam
1104 3378 1266 3409 claudicat.
1301 3378 1384 3415 Quia
1412 3388 1478 3408 non

418 3423 526 3452 album
550 3423 686 3453 extendit
709 3433 741 3453 se
765 3423 803 3452 ad
827 3423 935 3453 omnia
959 3429 1043 3453 extra
1066 3423 1185 3459 album,
1209 3432 1348 3462 quorum
1378 3422 1478 3452 multa

417 3466 516 3506 magis
541 3467 655 3497 distant
676 3467 713 3497 ab
730 3467 801 3497 albo
822 3477 920 3507 quam
936 3467 1078 3507 nigrum:
1104 3473 1140 3497 ut
1159 3472 1244 3507 patet
1267 3466 1305 3496 de
1325 3466 1477 3497 distinctis

417 3520 528 3550 genere
552 3511 590 3540 ab
614 3511 697 3541 albo.

1583 3071 1635 3101 Ad
1658 3070 1719 3101 hoc
1743 3071 1857 3101 dicitur
1884 3071 1973 3111 quod
1997 3070 2142 3101 distantia
2173 3070 2339 3111 dupliciter
2362 3071 2446 3102 sumi
2469 3078 2589 3112 potest:

1530 3115 1646 3145 scilicet
1668 3115 1805 3154 proprie,
1830 3124 1889 3155 pro
1914 3114 2085 3145 differentia
2109 3125 2164 3145 seu
2189 3114 2363 3146 diversitate
2387 3115 2535 3156 positive;
2559 3122 2591 3147 et

1530 3159 1752 3194 communiter,
1777 3168 1835 3199 pro
1853 3158 2028 3189 diversitate
2053 3158 2334 3200 qualitercumque,
2353 3166 2477 3190 extensa
2493 3160 2588 3191 etiam

1530 3203 1569 3232 ad
1592 3212 1658 3232 non
1674 3202 1936 3232 convenientiam.
1961 3203 2002 3232 Et
2025 3202 2050 3232 si
2069 3202 2131 3233 hoc
2148 3204 2287 3234 secundo
2304 3204 2402 3234 modo
2419 3203 2459 3234 sit
2473 3213 2587 3240 sermo,

1531 3252 1653 3276 constat
1674 3246 1754 3276 inter
1778 3246 2019 3276 contradictoria
2043 3256 2109 3277 esse
2133 3247 2287 3278 maiorem
2303 3248 2491 3284 distantiam,
2515 3247 2589 3288 quia

1530 3290 1636 3320 minus
1653 3290 1854 3326 conveniunt,
1872 3297 1908 3321 ut
1923 3290 2084 3330 arguendo
2105 3291 2226 3322 dicitur.
2248 3309 2268 3314 —
2286 3291 2347 3322 Sed
2363 3291 2466 3332 primo
2489 3292 2588 3322 modo

1530 3334 1632 3364 maior
1655 3341 1702 3364 est
1725 3334 1871 3364 distantia
1894 3334 2124 3365 contrariorum
2148 3345 2246 3376 quam
2261 3335 2588 3366 contradictoriorurn.

1531 3378 1572 3408 Et
1595 3377 1673 3408 ratio
1698 3384 1745 3408 est
1767 3378 1841 3418 quia
1866 3378 2096 3409 contrariorum
2120 3379 2265 3410 distantia
2295 3379 2442 3420 utrinque
2465 3379 2588 3419 quanti-

1530 3422 1657 3452 ficatur:
1683 3432 1758 3452 narn
1781 3429 1954 3462 utrumque
1969 3430 2145 3453 extremum
2168 3430 2214 3454 est
2236 3423 2419 3463 positivum,
2444 3429 2475 3453 et
2497 3423 2590 3463 ponit

1532 3466 1725 3506 aliquantam
1748 3466 1797 3496 sui
1821 3466 2012 3497 distantiam.
2037 3467 2071 3497 In
2096 3466 2342 3498 contradictoriis
2363 3476 2438 3497 vero
2462 3476 2498 3497 ex
2521 3477 2587 3497 uno

1531 3516 1655 3541 tantum
1678 3511 1822 3540 membro
1846 3511 2003 3551 quantitas
2028 3511 2191 3542 distantiae
2207 3517 2265 3541 est:
2289 3517 2414 3541 tantum
2433 3511 2518 3540 enim
2542 3511 2587 3541 di-

2618 2523 2629 2534 *
2643 2522 2713 2545 Ver..
2728 2528 2760 2551 ¹9·
