2670 4186
753 369 1746 526 PRAEFATIO

387 1070 423 1082 s
446 1069 475 1097 N
508 1055 777 1096 Praefatione
809 1067 884 1094 v111
906 1055 1151 1095 Voluminis
1185 1069 1282 1110 pag.
1307 1068 1445 1096 xxvm
1478 1056 1683 1097 lectorem
1718 1057 1982 1106 monuimus,
2024 1070 2097 1098 cur
2119 1059 2338 1100 Vaticanis

326 1115 429 1193 3:
446 1116 667 1158 codicibus
700 1116 1011 1157 Taurinensem
1045 1117 1344 1158 Universitatis
1377 1118 1431 1158 D.
1466 1131 1506 1158 11.
1532 1130 1571 1169 4.
1595 1132 1673 1172 pro
1707 1125 1824 1159 textu
1858 1119 2083 1160 Secundae
2114 1120 2339 1161 Secundae

370 1180 373 1182 “
393 1166 429 1235 ᾖ,
445 1178 709 1219 restituendo
742 1177 1047 1218 addiderimus.
1080 1179 1269 1219 Pertinet
1301 1180 1459 1248 quippe
1494 1179 1716 1220 ultimatim
1753 1186 1793 1220 et
1826 1181 1915 1234 ipse
1938 1181 1992 1221 ad
2016 1181 2196 1222 eandem
2218 1183 2339 1223 fami-

328 1237 556 1303 guliam,
593 1240 660 1280 cui
698 1253 850 1280 omnes
892 1239 1064 1280 codices
1106 1240 1232 1281 huius
1272 1242 1435 1295 operis,
1477 1247 1651 1295 propter
1692 1242 2007 1283 multitudinem
2046 1245 2338 1285 communium

444 1315 635 1343 errorum
668 1315 801 1342 unum
834 1303 1132 1357 apographum
1164 1303 1434 1351 indicantem,
1460 1316 1512 1343 ex
1535 1317 1622 1357 quo
1651 1317 1802 1344 omnes
1825 1305 2001 1358 propius
2033 1305 2101 1344 vel
2136 1306 2339 1347 remotius

159 1365 398 1420 transcripti
431 1369 541 1412 sunt,
574 1363 884 1404 adscribendos
925 1376 1020 1404 esse
1053 1363 1259 1412 vidimus;
1294 1364 1348 1404 ad
1383 1365 1510 1405 alium
1544 1370 1687 1405 tamen
1721 1379 1885 1406 ramum
1929 1365 2110 1407 familiae
2146 1367 2337 1420 pertinet,

159 1441 256 1470 eum
290 1424 512 1469 codicibus
545 1425 647 1466 ibid.
682 1438 779 1479 pag.
814 1438 872 1464 xv
905 1431 1110 1477 tanquam
1143 1426 1270 1465 tertia
1303 1426 1439 1466 classe
1473 1426 1694 1474 distinctis,
1729 1433 1771 1466 et
1803 1441 1932 1480 quem
1966 1428 2074 1468 inter
2106 1428 2340 1469 Vaticanos

159 1491 279 1531 solus
302 1501 451 1530 recens
484 1488 501 1527 Ι
535 1486 773 1539 aliqualiter
805 1491 1106 1539 repraesentat.
1142 1486 1324 1527 Accedit
1357 1486 1477 1540 quod
1510 1493 1651 1527 textus
1681 1488 1792 1541 typis
1815 1488 2038 1542 hucusque
2060 1490 2238 1530 traditus
2262 1504 2340 1530 no-

124 1574 125 1587 i
159 1552 335 1593 tabilem
369 1562 466 1590 cum
498 1547 569 1588 illa
602 1547 736 1588 classe
772 1547 1087 1588 connexionem
1121 1548 1331 1589 ostendat.
1367 1547 1471 1589 Ideo
1496 1561 1519 1589 e
1552 1562 1596 1589 re
1619 1555 1718 1588 nata
1741 1562 1836 1588 esse
1858 1549 2096 1594 videbatur,
2121 1551 2342 1604 antiquum

119 1642 122 1643 ν
160 1613 354 1654 codicem
388 1611 479 1651 eius
512 1610 630 1650 iuxta
663 1609 865 1663 antiquos
898 1609 1135 1650 Vaticanos
1168 1610 1224 1650 ad
1257 1610 1437 1664 primam
1471 1610 1652 1650 classem
1686 1611 1946 1664 pertinentes
1979 1611 2137 1651 auxilio
2171 1625 2340 1652 vocare.

160 1674 268 1716 Post
299 1674 383 1726 Qu.
406 1684 480 1713 XCI
512 1671 638 1712 huius
671 1671 774 1711 non-i
808 1670 1040 1711 voluminis
1060 1671 1168 1712 liber
1189 1671 1467 1712 Taurinensis
1502 1685 1589 1712 non
1612 1672 1794 1726 amplius
1828 1678 2016 1713 notatur:
2040 1679 2204 1713 tantum
2237 1686 2341 1714 vero

159 1737 284 1778 abest
305 1741 351 1776 ut
373 1734 576 1788 deinceps
598 1733 765 1774 tertiam
799 1733 979 1774 classem
1014 1733 1319 1789 negligendam
1351 1734 1442 1774 fore
1475 1739 1686 1787 putemus,
1722 1740 1768 1774 ut
1802 1734 1911 1774 duos
1935 1734 2026 1775 eius
2054 1735 2238 1782 codices,
2262 1735 2342 1775 sci-

160 1798 258 1840 licet
279 1795 612 1838 Atrebatensem
636 1794 784 1849 (Arras
819 1795 893 1849 84)
929 1801 969 1835 et
1002 1795 1369 1836 Vindocinensem
1403 1795 1648 1850 (Vendome
1683 1796 1757 1850 67)
1792 1796 1992 1836 continue
2027 1797 2341 1845 contulerimus,

161 1865 204 1901 et
241 1859 353 1900 duos
386 1857 651 1898 Parisienses
689 1856 944 1910 (Nationalis
978 1858 1099 1910 3094
1134 1863 1176 1898 et
1207 1858 1476 1898 Mazarineae
1516 1858 1621 1911 824)
1656 1858 1773 1898 iuxta
1815 1858 2127 1898 Taurinensem
2170 1859 2341 1912 passim,

159 1921 266 1962 locis
300 1932 455 1974 nempe
489 1919 664 1960 maioris
686 1919 918 1960 lectionum
953 1919 1218 1959 confusionis
1251 1920 1320 1959 vel
1354 1920 1573 1960 momenti.
1597 1919 1824 1960 Variantes
1847 1926 1990 1960 tamen
2013 1920 2224 1960 notabiles
2247 1920 2343 1960 huic

158 1983 257 2024 loco
290 1981 620 2029 reservavimus,
654 1986 700 2021 ut
732 1981 814 2021 sub
849 1993 936 2021 uno
972 1981 1196 2022 oculorum
1230 1987 1406 2035 aspectu
1440 1982 1606 2036 positae
1630 1981 1702 2022 fini
1727 1981 2008 2022 discussionis
2031 1987 2201 2022 nostrae
2224 1995 2342 2022 com-

160 2043 333 2086 modius
366 2042 587 2084 servirent.

285 2105 583 2146 Atrebatensis
617 2104 671 2144 ad
705 2104 863 2144 calcem
897 2104 1019 2159 primi
1053 2105 1140 2145 folii
1175 2111 1290 2145 recto
1326 2111 1472 2145 notam
1506 2105 1584 2145 fert
1616 2104 1816 2159 scriptam
1839 2117 2047 2153 sec.xv11,
2072 2117 2158 2158 qua
2178 2105 2342 2145 Exem-

154 2168 263 2223 plar
291 2167 491 2208 Primum
524 2166 752 2207 Secundae
775 2166 1003 2207 Secundae
1025 2172 1216 2207 vocatur.
1249 2167 1468 2207 Peculiare
1490 2166 1764 2207 adhibuimus
1787 2166 1975 2207 studium
2002 2166 2266 2220 explorando
2289 2180 2344 2206 an

161 2230 231 2271 illa
263 2235 366 2270 nota
398 2228 578 2283 pleniori
612 2241 693 2268 suo
727 2241 857 2268 sensu
891 2228 1121 2268 conveniat
1152 2228 1331 2276 veritati,
1365 2228 1459 2269 sive
1491 2242 1544 2268 an
1580 2228 1718 2269 codex
1752 2228 1934 2268 extiterit
1965 2228 2159 2268 omnium
2182 2228 2343 2281 primus

161 2291 377 2345 ceterique
411 2303 464 2330 ex
497 2303 562 2338 eo,
597 2290 873 2344 paucioribus
907 2290 976 2330 vel
1009 2290 1203 2344 pluribus
1242 2290 1412 2338 mediis,
1441 2290 1675 2358 'exemplati
1708 2290 1812 2330 sint:
1849 2303 1934 2343 qua
1967 2289 2114 2330 illustri
2149 2289 2274 2330 laude
2308 2290 2343 2330 si

161 2353 319 2409 dignus
353 2358 418 2393 est
450 2351 688 2399 habendus,
713 2364 800 2391 non
835 2357 1081 2392 cunctanter
1113 2358 1254 2392 textus
1288 2351 1526 2392 recensioni
1560 2352 1732 2392 unicum
1762 2351 2085 2392 fundamentum
2119 2351 2343 2392 habendus

162 2416 250 2456 erit.
286 2413 538 2468 Exploratio
573 2413 627 2453 ab
662 2412 835 2453 internis
871 2413 1045 2453 criteriis
1078 2413 1268 2453 instituta
1301 2419 1386 2454 est:
1427 2413 1479 2453 de
1521 2413 1614 2453 libri
1654 2413 1904 2467 antiquitate
1944 2427 2031 2453 non
2074 2413 2341 2462 disserimus;

161 2477 217 2519 sit
245 2476 464 2546 antiquior
496 2475 752 2516 Taurinensi
771 2467 828 2515 et
861 2475 1118 2524 Mazarineo,
1149 2475 1222 2529 qui
1256 2475 1324 2515 die
1359 2481 1400 2515 et
1433 2476 1609 2515 consule
1642 2475 1857 2529 adscripto
1890 2474 1928 2530 («
1958 2489 2071 2515 anno
2095 2486 2184 2515 MCC
2207 2489 2342 2515 nona-

160 2539 330 2596 gesimo
354 2538 396 2578 in
429 2544 624 2591 ternpore
648 2537 979 2592 quadragesime
1010 2538 1045 2591 »)
1079 2537 1187 2577 inter
1208 2537 1531 2590 antiquissimos
1554 2537 1697 2577 locum
1721 2543 1876 2577 tenent.
1912 2537 2024 2577 Nam
2048 2537 2120 2576 ubi
2156 2536 2208 2576 de
2233 2537 2342 2577 duo-

161 2601 244 2642 bus
267 2599 484 2640 decenniis
507 2598 688 2653 potioris
721 2598 983 2652 antiquitatis
1012 2599 1163 2654 agitur,
1189 2612 1241 2639 ex
1264 2599 1494 2639 litterarum
1517 2599 1622 2639 facie
1645 2599 1980 2653 peremptorium
2012 2598 2214 2639 iudicium
2237 2599 2343 2639 ferre

141 2676 250 2713 ,non
283 2661 608 2716 praesumimus.
644 2660 874 2713 Quaeritur
907 2674 1025 2715 ergo,
1050 2675 1104 2701 an
1126 2667 1267 2701 textus
1291 2661 1590 2701 Atrebatensis
1614 2661 1682 2701 ille
1705 2661 1796 2715 ipse
1818 2661 1936 2708 foret,
1961 2660 2015 2700 ad
2045 2673 2175 2714 quem
2202 2666 2343 2700 textus

163 2730 404 2766 ceterorum
431 2722 629 2763 codicum
652 2722 795 2763 redire.
820 2723 1076 2763 variantium
1099 2723 1330 2763 lectionum
1354 2723 1617 2777 comparatio
1643 2723 1964 2763 demonstraret.
1989 2722 2036 2763 Si
2061 2722 2172 2762 enim
2197 2735 2249 2762 ex
2272 2723 2342 2762 illo

163 2784 394 2839 exemplari
435 2785 563 2824 ceteri
602 2790 830 2833 venerunt,
871 2785 925 2825 ab
965 2785 1031 2825 his
1071 2784 1126 2825 ad
1177 2784 1279 2825 illud
1321 2790 1526 2838 tanquam
1566 2784 1621 2824 ad
1663 2797 1936 2824 communem
1978 2783 2188 2838 originem
2227 2789 2344 2837 patet

163 2848 257 2896 iter;
291 2846 523 2887 lectionum
556 2845 599 2885 in
633 2846 782 2886 ceteris
817 2846 1100 2900 discrepantia
1132 2858 1208 2899 per
1240 2859 1452 2886 summam
1485 2846 1689 2886 unitatem
1723 2846 1882 2899 primae
1919 2845 2112 2885 lectionis
2152 2845 2342 2884 resolve—

162 2916 241 2951 tur.
286 2906 418 2960 Quod
457 2907 492 2947 si
526 2906 581 2947 ad
615 2906 718 2947 illud
751 2920 827 2961 per
859 2913 1025 2948 ceteros
1065 2907 1191 2947 rediri
1231 2920 1318 2947 non
1351 2913 1514 2960 potest,
1549 2907 1821 2961 perspicuum
1855 2912 1920 2947 est
1952 2919 2028 2947 eos
2062 2906 2115 2946 ab
2150 2906 2222 2946 illo
2255 2919 2343 2946 non

164 2969 452 3012 descendisse.

165 3072 340 3165 Quanto
362 3069 468 3109 plures
490 3068 644 3098 variantes
666 3068 699 3098 in
723 3067 827 3107 operis
848 3067 983 3098 decursu
1012 3067 1224 3102 contulimus,

240 3124 279 3145 eo
303 3113 403 3153 magis
429 3113 617 3143 sententiam
640 3119 794 3148 nostram,
819 3121 901 3152 quae
934 3120 1141 3142 communem
1164 3111 1226 3141 ori-

163 3158 271 3202 ginem
294 3165 472 3189 ceterorum
495 3167 532 3187 ex
550 3156 748 3187 Atrebatensi
770 3163 864 3196 negat
882 3154 935 3198 (cf.
952 3156 1013 3186 loc.
1032 3155 1082 3186 cit.
1100 3165 1171 3195 pag.
1188 3165 1226 3185 xv
1252 3164 1254 3176 ³

169 3213 179 3232 1
201 3196 288 3244 col.,)
305 3209 335 3232 et
355 3201 529 3232 bonitatem
551 3201 736 3242 apographi,
754 3200 793 3230 ad
812 3201 901 3240 quod
924 3200 1023 3230 nostri
1045 3200 1127 3230 ABF
1147 3206 1228 3230 cete-

164 3246 253 3287 rique
269 3247 390 3287 primae
407 3245 513 3276 classis
526 3246 667 3281 redeunt,
684 3244 863 3275 confirmari
878 3244 1105 3285 gaudebamus.
1130 3244 1227 3281 Quod

117 3308 125 3316 ι
165 3297 201 3321 ut
223 3291 333 3322 lectori
357 3289 501 3321 studioso
531 3289 735 3329 perspicuum
757 3288 821 3325 fiat,
840 3298 955 3328 corpus
980 3288 1111 3319 Articuli
1133 3287 1228 3328 primi

165 3335 229 3372 Qu.
244 3345 367 3365 Lxxxvn
389 3333 462 3364 satis
486 3333 630 3373 amplum
652 3340 688 3364 ut
710 3340 824 3374 typum
848 3333 1019 3373 seligimuS,
1037 3342 1073 3363 ex
1092 3342 1158 3373 quo
1182 3332 1228 3362 in-

165 3379 254 3410 doles
277 3377 490 3410 Atrebatensis
515 3384 545 3407 et
568 3377 740 3417 generatim
764 3377 912 3408 codicum
940 3377 1146 3418 antiquorum
1169 3383 1227 3407 ter-

166 3423 226 3454 tiae
256 3423 360 3454 classis
391 3428 524 3462 pateret;
550 3428 580 3451 et
602 3421 641 3451 ad
669 3420 842 3451 faciliorem
874 3421 1078 3452 collationem
1107 3421 1228 3451 dictum

165 3467 344 3498 Articulum
361 3467 411 3497 hic
431 3472 569 3506 quatuor
589 3465 746 3496 columnis
762 3465 996 3505 angustioribus
1011 3465 1097 3496 iuxta
1121 3475 1153 3495 se
1169 3475 1227 3505 po-

165 3511 231 3542 sitis
254 3518 365 3553 quater
388 3517 542 3550 perpetuo
566 3509 779 3540 exscribimus.
803 3509 909 3539 Prima
935 3510 1084 3540 columna
1107 3516 1228 3540 textum

305 3573 415 3597 Sunius
434 3571 535 3596 Tnssor..
556 3571 586 3595 D.
600 3570 714 3595 TnoMAE
733 3570 765 3595 T.
785 3570 828 3594 Vl.

1281 3066 1421 3097 continet
1436 3067 1517 3096 ABF
1541 3066 1604 3096 sive
1629 3066 1748 3107 primae
1769 3066 1892 3102 classis;
1917 3067 2054 3097 secunda
2069 3073 2100 3096 et
2119 3066 2208 3097 tertia
2225 3073 2345 3097 textum

1280 3111 1518 3142 Atrebatensem
1535 3109 1647 3153 (Atr.):
1669 3111 1806 3141 secunda
1822 3120 1936 3150 nempe
1952 3117 2072 3141 textum
2085 3110 2203 3150 primae
2220 3120 2343 3146 manus,

1280 3155 1369 3186 tertia
1385 3162 1506 3186 textum
1522 3161 1714 3191 correctum;
1739 3162 1851 3195 quarta
1870 3154 1993 3185 exhibet
2008 3161 2128 3185 textum
2145 3155 2251 3185 tertiae
2268 3155 2344 3184 clas-

1280 3199 1322 3229 sis
1338 3206 1435 3239 prout
1450 3199 1579 3230 resultat
1599 3209 1635 3229 ex
1658 3209 1753 3239 supra
1769 3199 1868 3229 citatis
1892 3198 2090 3234 Taurinensi,
2108 3198 2343 3234 Vindocinensi,

1280 3243 1508 3274 Parisiensibus
1532 3242 1654 3285 (Taur.,
1679 3243 1784 3279 vind„
1808 3243 1891 3278 Nat„
1913 3241 2019 3284 Maz.).
2044 3243 2130 3272 Loca
2152 3243 2344 3273 variantibus

1281 3287 1389 3318 affecta
1418 3288 1502 3329 typis
1531 3287 1706 3318 iacentibus
1729 3287 1957 3327 imprimimus;
1982 3287 2098 3327 quibus
2126 3286 2151 3316 si
2175 3286 2207 3316 in
2239 3286 2344 3327 aliqua

1282 3332 1432 3362 columna
1456 3332 1594 3372 spatium
1621 3332 1730 3362 album
1755 3331 2010 3370 correspondeat,
2034 3330 2170 3361 indicare
2193 3331 2344 3361 volumus

1281 3377 1494 3413 omissionem,
1513 3386 1587 3406 nam
1610 3375 1642 3406 in
1667 3375 1827 3406 codicibus
1851 3375 2002 3415 scriptura
2026 3375 2176 3405 continua
2203 3382 2258 3405 est.
2282 3375 2343 3405 De-

1281 3420 1355 3450 inde
1379 3430 1415 3450 ex
1439 3421 1500 3450 hoc
1523 3420 1666 3450 Articulo
1690 3419 1890 3450 occasionem
1914 3429 2078 3449 sumemus
2102 3425 2244 3449 nostram
2271 3428 2342 3448 sen-

1281 3464 1412 3495 tentiam
1443 3474 1498 3504 per
1528 3464 1602 3494 alias
1626 3465 1692 3494 Atr.
1720 3463 1873 3493 variantes
1904 3463 2090 3498 roborandi;
2119 3463 2200 3493 intra
2228 3462 2343 3493 limites

1281 3515 1387 3540 tamen
1411 3508 1506 3539 huius
1522 3507 1709 3538 voluminis:
1735 3514 1835 3538 cetera
1858 3507 1891 3537 in
1910 3507 2034 3538 decimo
2058 3517 2297 3547 prosequemur.

2185 3575 2202 3592 a
