<?xml version="1.0" encoding="UTF-8"?>
<!DOCTYPE html PUBLIC "-//W3C//DTD XHTML 1.0 Transitional//EN"
    "http://www.w3.org/TR/xhtml1/DTD/xhtml1-transitional.dtd">
<html xmlns="http://www.w3.org/1999/xhtml" xml:lang="en" lang="en">
 <head>
  <title>
</title>
<meta http-equiv="Content-Type" content="text/html;charset=utf-8" />
  <meta name='ocr-system' content='tesseract 3.04.00' />
  <meta name='ocr-capabilities' content='ocr_page ocr_carea ocr_par ocr_line ocrx_word'/>
</head>
<body>
  <div class='ocr_page' id='page_1' title='image "./operaomniaiussui09thom_0380.png"; bbox 0 0 2860 4244; ppageno 0'>
   <div class='ocr_carea' id='block_1_1' title="bbox 395 298 1869 352">
    <p class='ocr_par' dir='ltr' id='par_1_1' title="bbox 395 298 1869 352">
     <span class='ocr_line' id='line_1_1' title="bbox 395 298 1869 352; baseline -0.005 -10"><span class='ocrx_word' id='word_1_1' title='bbox 395 307 467 352; x_wconf 82' lang='lat'>348</span> <span class='ocrx_word' id='word_1_2' title='bbox 1038 298 1294 346; x_wconf 80' lang='lat' dir='ltr'>QUAEsTio</span> <span class='ocrx_word' id='word_1_3' title='bbox 1326 298 1465 344; x_wconf 86' lang='lat' dir='ltr'>XCIX,</span> <span class='ocrx_word' id='word_1_4' title='bbox 1495 298 1790 335; x_wconf 84' lang='lat' dir='ltr'>ARTICULUS</span> <span class='ocrx_word' id='word_1_5' title='bbox 1821 300 1869 335; x_wconf 91' lang='lat'>111</span> 
     </span>
    </p>
   </div>
   <div class='ocr_carea' id='block_1_2' title="bbox 391 375 2558 535">
    <p class='ocr_par' dir='ltr' id='par_1_2' title="bbox 391 375 2558 535">
     <span class='ocr_line' id='line_1_2' title="bbox 447 375 2557 427; baseline -0.002 -8"><span class='ocrx_word' id='word_1_6' title='bbox 447 395 480 419; x_wconf 87' lang='lat'>2.</span> <span class='ocrx_word' id='word_1_7' title='bbox 511 384 748 427; x_wconf 78' lang='lat' dir='ltr'>PRAETEREA,</span> <span class='ocrx_word' id='word_1_8' title='bbox 780 382 922 417; x_wconf 90' lang='lat' dir='ltr'>nullum</span> <span class='ocrx_word' id='word_1_9' title='bbox 953 378 1110 427; x_wconf 86' lang='lat' dir='ltr'>speciale</span> <span class='ocrx_word' id='word_1_10' title='bbox 1135 383 1332 425; x_wconf 89' lang='lat' dir='ltr'>peccatum</span> <span class='ocrx_word' id='word_1_11' title='bbox 1354 388 1442 411; x_wconf 91' lang='lat' dir='ltr'>con·</span> <span class='ocrx_word' id='word_1_12' title='bbox 1469 386 1471 426; x_wconf 53' lang='grc' dir='ltr'>ᾗ</span> <span class='ocrx_word' id='word_1_13' title='bbox 1498 375 1606 422; x_wconf 89' lang='lat' dir='ltr'>dicit,</span> <span class='ocrx_word' id='word_1_14' title='bbox 1637 376 1675 412; x_wconf 92' lang='lat' dir='ltr'>in</span> <span class='ocrx_word' id='word_1_15' title='bbox 1704 377 1755 412; x_wconf 92' lang='lat' dir='ltr'>lV</span> <span class='ocrx_word' id='word_1_16' title='bbox 1783 376 1846 412; x_wconf 92' lang='lat' dir='ltr'>lib.</span> <span class='ocrx_word' id='word_1_17' title='bbox 1867 376 1906 422; x_wconf 63' lang='lat'>³¹⁶,</span> <span class='ocrx_word' id='word_1_18' title='bbox 1930 388 2117 424; x_wconf 81' lang='lat' dir='ltr'><em>purpura,</em></span> <span class='ocrx_word' id='word_1_19' title='bbox 2143 377 2273 426; x_wconf 80' lang='lat' dir='ltr'>regale</span> <span class='ocrx_word' id='word_1_20' title='bbox 2300 378 2557 415; x_wconf 86' lang='lat' dir='ltr'>indumentum</span> 
     </span>
     <span class='ocr_line' id='line_1_3' title="bbox 391 428 2558 479; baseline -0.002 -7"><span class='ocrx_word' id='word_1_21' title='bbox 391 436 525 472; x_wconf 86' lang='lat' dir='ltr'>tinetur</span> <span class='ocrx_word' id='word_1_22' title='bbox 553 436 622 471; x_wconf 85' lang='lat' dir='ltr'>sub</span> <span class='ocrx_word' id='word_1_23' title='bbox 654 434 808 471; x_wconf 90' lang='lat' dir='ltr'>diversis</span> <span class='ocrx_word' id='word_1_24' title='bbox 844 432 1042 479; x_wconf 84' lang='lat' dir='ltr'>generibus</span> <span class='ocrx_word' id='word_1_25' title='bbox 1071 437 1326 477; x_wconf 85' lang='lat' dir='ltr'>peccatorum.</span> <span class='ocrx_word' id='word_1_26' title='bbox 1366 428 1441 465; x_wconf 87' lang='lat' dir='ltr'>Sed</span> <span class='ocrx_word' id='word_1_27' title='bbox 1469 431 1471 458; x_wconf 60' lang='lat' dir='ltr'>i</span> <span class='ocrx_word' id='word_1_28' title='bbox 1485 429 1613 475; x_wconf 85' lang='lat' dir='ltr'>facta,</span> <span class='ocrx_word' id='word_1_29' title='bbox 1642 429 1852 465; x_wconf 86' lang='lat' dir='ltr'><em>honoratur</em></span> <span class='ocrx_word' id='word_1_30' title='bbox 1879 435 1914 465; x_wconf 84' lang='lat' dir='ltr'>et</span> <span class='ocrx_word' id='word_1_31' title='bbox 1944 428 2203 478; x_wconf 81' lang='lat' dir='ltr'>glorificatur:</span> <span class='ocrx_word' id='word_1_32' title='bbox 2232 436 2268 466; x_wconf 88' lang='lat' dir='ltr'>et</span> <span class='ocrx_word' id='word_1_33' title='bbox 2293 430 2327 466; x_wconf 82' lang='lat' dir='ltr'>si</span> <span class='ocrx_word' id='word_1_34' title='bbox 2351 431 2433 478; x_wconf 84' lang='lat' dir='ltr'>quis</span> <span class='ocrx_word' id='word_1_35' title='bbox 2459 432 2558 468; x_wconf 85' lang='lat' dir='ltr'>hanc</span> 
     </span>
     <span class='ocr_line' id='line_1_4' title="bbox 392 477 2557 535; baseline -0.002 -11"><span class='ocrx_word' id='word_1_36' title='bbox 392 488 623 535; x_wconf 85' lang='lat' dir='ltr'>sacrilegium</span> <span class='ocrx_word' id='word_1_37' title='bbox 662 487 730 523; x_wconf 87' lang='lat' dir='ltr'>sub</span> <span class='ocrx_word' id='word_1_38' title='bbox 768 485 923 522; x_wconf 83' lang='lat' dir='ltr'>diversis</span> <span class='ocrx_word' id='word_1_39' title='bbox 961 483 1159 531; x_wconf 88' lang='lat' dir='ltr'>generibus</span> <span class='ocrx_word' id='word_1_40' title='bbox 1196 488 1441 529; x_wconf 89' lang='lat' dir='ltr'>peccatorum</span> <span class='ocrx_word' id='word_1_41' title='bbox 1468 477 1470 495; x_wconf 67' lang='lat'><strong><em>⁴</em></strong></span> <span class='ocrx_word' id='word_1_42' title='bbox 1490 481 1755 528; x_wconf 77' lang='lat' dir='ltr'><em>perforaverit,</em></span> <span class='ocrx_word' id='word_1_43' title='bbox 1776 487 1895 518; x_wconf 87' lang='lat' dir='ltr'>morte</span> <span class='ocrx_word' id='word_1_44' title='bbox 1913 482 2126 528; x_wconf 85' lang='lat' dir='ltr'>damnatur,</span> <span class='ocrx_word' id='word_1_45' title='bbox 2148 483 2257 530; x_wconf 87' lang='lat' dir='ltr'>quasi</span> <span class='ocrx_word' id='word_1_46' title='bbox 2277 491 2407 519; x_wconf 88' lang='lat' dir='ltr'>contra</span> <span class='ocrx_word' id='word_1_47' title='bbox 2430 496 2557 531; x_wconf 83' lang='lat' dir='ltr'>regem</span> 
     </span>
    </p>
   </div>
   <div class='ocr_carea' id='block_1_3' title="bbox 2585 384 2796 440">
    <p class='ocr_par' dir='ltr' id='par_1_3' title="bbox 2585 384 2796 440">
     <span class='ocr_line' id='line_1_5' title="bbox 2585 384 2795 413; baseline 0.005 -7"><span class='ocrx_word' id='word_1_48' title='bbox 2585 384 2637 406; x_wconf 78' lang='lat' dir='ltr'>’De</span> <span class='ocrx_word' id='word_1_49' title='bbox 2650 384 2708 407; x_wconf 75' lang='lat' dir='ltr'>Fide</span> <span class='ocrx_word' id='word_1_50' title='bbox 2720 386 2795 413; x_wconf 68' lang='lat' dir='ltr'>Orth„</span> 
     </span>
     <span class='ocr_line' id='line_1_6' title="bbox 2585 411 2796 440; baseline 0.005 -8"><span class='ocrx_word' id='word_1_51' title='bbox 2585 411 2626 433; x_wconf 87' lang='lat' dir='ltr'>lib.</span> <span class='ocrx_word' id='word_1_52' title='bbox 2642 411 2683 438; x_wconf 79' lang='lat' dir='ltr'>lv,</span> <span class='ocrx_word' id='word_1_53' title='bbox 2699 418 2749 440; x_wconf 83' lang='lat' dir='ltr'>cap.</span> <span class='ocrx_word' id='word_1_54' title='bbox 2765 419 2796 434; x_wconf 84' lang='lat' dir='ltr'>m.</span> 
     </span>
    </p>
   </div>
   <div class='ocr_carea' id='block_1_4' title="bbox 150 919 357 967">
    <p class='ocr_par' dir='ltr' id='par_1_4' title="bbox 150 919 357 967">
     <span class='ocr_line' id='line_1_7' title="bbox 150 919 357 967; baseline -0.01 -26"><span class='ocrx_word' id='word_1_55' title='bbox 150 920 253 967; x_wconf 48' lang='grc' dir='ltr'>ἰ’(οζὲιρὶιιιι.</span> <span class='ocrx_word' id='word_1_56' title='bbox 265 932 271 935; x_wconf 99' lang='grc'>-</span> <span class='ocrx_word' id='word_1_57' title='bbox 285 919 357 941; x_wconf 80' lang='lat' dir='ltr'>S.T11.</span> 
     </span>
     <span class='ocr_line' id='line_1_8' title="bbox 161 953 251 967; baseline 0 0"><span class='ocrx_word' id='word_1_58' title='bbox 161 953 172 967; x_wconf 90' lang='lat' dir='ltr'>e</span> <span class='ocrx_word' id='word_1_59' title='bbox 197 962 202 967; x_wconf 88' lang='lat'><strong>.</strong></span> <span class='ocrx_word' id='word_1_60' title='bbox 246 961 251 967; x_wconf 94' lang='lat'>.</span> 
     </span>
    </p>
   </div>
   <div class='ocr_carea' id='block_1_5' title="bbox 150 1072 262 1097">
    <p class='ocr_par' dir='ltr' id='par_1_5' title="bbox 150 1072 262 1097">
     <span class='ocr_line' id='line_1_9' title="bbox 150 1072 262 1097; baseline -0.009 -5"><span class='ocrx_word' id='word_1_61' title='bbox 150 1072 159 1080; x_wconf 79' lang='lat'>&#39;</span> <span class='ocrx_word' id='word_1_62' title='bbox 173 1072 227 1097; x_wconf 72' lang='lat' dir='ltr'>Arg.</span> <span class='ocrx_word' id='word_1_63' title='bbox 243 1076 262 1092; x_wconf 90' lang='lat'>2.</span> 
     </span>
    </p>
   </div>
   <div class='ocr_carea' id='block_1_6' title="bbox 141 2351 349 2405">
    <p class='ocr_par' dir='ltr' id='par_1_6' title="bbox 141 2351 349 2405">
     <span class='ocr_line' id='line_1_10' title="bbox 141 2351 349 2374; baseline 0.005 -2"><span class='ocrx_word' id='word_1_64' title='bbox 141 2352 151 2362; x_wconf 82' lang='grc'><strong>”</strong></span> <span class='ocrx_word' id='word_1_65' title='bbox 160 2351 210 2373; x_wconf 86' lang='lat' dir='ltr'>Vid.</span> <span class='ocrx_word' id='word_1_66' title='bbox 220 2352 349 2374; x_wconf 87' lang='lat' dir='ltr'>Comment.</span> 
     </span>
     <span class='ocr_line' id='line_1_11' title="bbox 143 2378 349 2405; baseline 0.005 -6"><span class='ocrx_word' id='word_1_67' title='bbox 143 2378 214 2399; x_wconf 86' lang='lat' dir='ltr'>Caiet.</span> <span class='ocrx_word' id='word_1_68' title='bbox 222 2382 349 2405; x_wconf 78' lang='lat' dir='ltr'>postart.4.</span> 
     </span>
    </p>
   </div>
   <div class='ocr_carea' id='block_1_7' title="bbox 380 533 1441 1696">
    <p class='ocr_par' dir='ltr' id='par_1_7' title="bbox 389 533 1441 796">
     <span class='ocr_line' id='line_1_12' title="bbox 393 533 1440 587; baseline -0.009 -10"><span class='ocrx_word' id='word_1_69' title='bbox 393 541 618 577; x_wconf 86' lang='lat' dir='ltr'>continetur:</span> <span class='ocrx_word' id='word_1_70' title='bbox 654 547 743 587; x_wconf 89' lang='lat' dir='ltr'>puta</span> <span class='ocrx_word' id='word_1_71' title='bbox 778 539 847 574; x_wconf 89' lang='lat' dir='ltr'>sub</span> <span class='ocrx_word' id='word_1_72' title='bbox 885 536 1112 580; x_wconf 79' lang='lat' dir='ltr'>homicidio,</span> <span class='ocrx_word' id='word_1_73' title='bbox 1142 534 1171 570; x_wconf 86' lang='lat' dir='ltr'>si</span> <span class='ocrx_word' id='word_1_74' title='bbox 1201 533 1283 582; x_wconf 85' lang='lat' dir='ltr'>quis</span> <span class='ocrx_word' id='word_1_75' title='bbox 1319 546 1440 569; x_wconf 90' lang='lat' dir='ltr'>sacer-</span> 
     </span>
     <span class='ocr_line' id='line_1_13' title="bbox 393 586 1439 635; baseline -0.008 -6"><span class='ocrx_word' id='word_1_76' title='bbox 393 595 518 630; x_wconf 80' lang='lat' dir='ltr'>dotem</span> <span class='ocrx_word' id='word_1_77' title='bbox 550 592 713 635; x_wconf 77' lang='lat' dir='ltr'>occidat3</span> <span class='ocrx_word' id='word_1_78' title='bbox 745 592 814 626; x_wconf 91' lang='lat' dir='ltr'>sub</span> <span class='ocrx_word' id='word_1_79' title='bbox 839 589 992 633; x_wconf 85' lang='lat' dir='ltr'>luxuria,</span> <span class='ocrx_word' id='word_1_80' title='bbox 1015 588 1043 624; x_wconf 84' lang='lat' dir='ltr'>si</span> <span class='ocrx_word' id='word_1_81' title='bbox 1064 587 1147 635; x_wconf 88' lang='lat' dir='ltr'>quis</span> <span class='ocrx_word' id='word_1_82' title='bbox 1167 586 1353 633; x_wconf 79' lang='lat' dir='ltr'>virginem</span> <span class='ocrx_word' id='word_1_83' title='bbox 1383 599 1439 622; x_wconf 89' lang='lat' dir='ltr'>sa-</span> 
     </span>
     <span class='ocr_line' id='line_1_14' title="bbox 392 639 1438 690; baseline -0.006 -8"><span class='ocrx_word' id='word_1_84' title='bbox 392 655 529 682; x_wconf 84' lang='lat' dir='ltr'>cratam</span> <span class='ocrx_word' id='word_1_85' title='bbox 549 645 674 688; x_wconf 84' lang='lat' dir='ltr'>violet,</span> <span class='ocrx_word' id='word_1_86' title='bbox 695 644 755 679; x_wconf 82' lang='lat' dir='ltr'>vel</span> <span class='ocrx_word' id='word_1_87' title='bbox 776 653 1057 690; x_wconf 83' lang='lat' dir='ltr'>quamcumque</span> <span class='ocrx_word' id='word_1_88' title='bbox 1078 640 1276 676; x_wconf 88' lang='lat' dir='ltr'>mulierem</span> <span class='ocrx_word' id='word_1_89' title='bbox 1296 639 1333 675; x_wconf 91' lang='lat' dir='ltr'>in</span> <span class='ocrx_word' id='word_1_90' title='bbox 1353 640 1438 676; x_wconf 92' lang='lat' dir='ltr'>loco</span> 
     </span>
     <span class='ocr_line' id='line_1_15' title="bbox 390 693 1441 742; baseline -0.007 -8"><span class='ocrx_word' id='word_1_91' title='bbox 390 711 513 742; x_wconf 69' lang='lat' dir='ltr'>saei-03</span> <span class='ocrx_word' id='word_1_92' title='bbox 543 698 611 732; x_wconf 89' lang='lat' dir='ltr'>sub</span> <span class='ocrx_word' id='word_1_93' title='bbox 641 697 749 741; x_wconf 83' lang='lat' dir='ltr'>furto,</span> <span class='ocrx_word' id='word_1_94' title='bbox 772 696 800 730; x_wconf 89' lang='lat' dir='ltr'>si</span> <span class='ocrx_word' id='word_1_95' title='bbox 830 694 911 742; x_wconf 89' lang='lat' dir='ltr'>quis</span> <span class='ocrx_word' id='word_1_96' title='bbox 941 706 1019 729; x_wconf 92' lang='lat' dir='ltr'>rem</span> <span class='ocrx_word' id='word_1_97' title='bbox 1049 705 1193 729; x_wconf 86' lang='lat' dir='ltr'>sacram</span> <span class='ocrx_word' id='word_1_98' title='bbox 1224 693 1366 728; x_wconf 81' lang='lat' dir='ltr'>furatus</span> <span class='ocrx_word' id='word_1_99' title='bbox 1386 693 1441 728; x_wconf 86' lang='lat' dir='ltr'>fu-</span> 
     </span>
     <span class='ocr_line' id='line_1_16' title="bbox 389 745 1437 796; baseline -0.006 -10"><span class='ocrx_word' id='word_1_100' title='bbox 389 751 464 786; x_wconf 87' lang='lat' dir='ltr'>erit.</span> <span class='ocrx_word' id='word_1_101' title='bbox 497 751 595 796; x_wconf 84' lang='lat' dir='ltr'>Ergo</span> <span class='ocrx_word' id='word_1_102' title='bbox 616 748 848 795; x_wconf 85' lang='lat' dir='ltr'>sacrilegium</span> <span class='ocrx_word' id='word_1_103' title='bbox 870 759 945 782; x_wconf 90' lang='lat' dir='ltr'>non</span> <span class='ocrx_word' id='word_1_104' title='bbox 967 754 1021 782; x_wconf 90' lang='lat' dir='ltr'>est</span> <span class='ocrx_word' id='word_1_105' title='bbox 1041 745 1201 793; x_wconf 87' lang='lat' dir='ltr'>speciale</span> <span class='ocrx_word' id='word_1_106' title='bbox 1227 753 1437 794; x_wconf 88' lang='lat' dir='ltr'>peccatum.</span> 
     </span>
    </p>

    <p class='ocr_par' dir='ltr' id='par_1_8' title="bbox 384 798 1439 1167">
     <span class='ocr_line' id='line_1_17' title="bbox 442 798 1439 847; baseline -0.005 -9"><span class='ocrx_word' id='word_1_107' title='bbox 442 804 475 839; x_wconf 84' lang='lat'>3.</span> <span class='ocrx_word' id='word_1_108' title='bbox 506 803 742 846; x_wconf 76' lang='lat' dir='ltr'>PRAETEREA,</span> <span class='ocrx_word' id='word_1_109' title='bbox 773 812 885 836; x_wconf 89' lang='lat' dir='ltr'>omne</span> <span class='ocrx_word' id='word_1_110' title='bbox 916 799 1077 846; x_wconf 86' lang='lat' dir='ltr'>speciale</span> <span class='ocrx_word' id='word_1_111' title='bbox 1106 807 1305 847; x_wconf 89' lang='lat' dir='ltr'>peccatum</span> <span class='ocrx_word' id='word_1_112' title='bbox 1335 798 1439 834; x_wconf 88' lang='lat' dir='ltr'>inve-</span> 
     </span>
     <span class='ocr_line' id='line_1_18' title="bbox 387 851 1439 900; baseline -0.003 -10"><span class='ocrx_word' id='word_1_113' title='bbox 387 855 483 890; x_wconf 88' lang='lat' dir='ltr'>nitur</span> <span class='ocrx_word' id='word_1_114' title='bbox 513 854 724 890; x_wconf 88' lang='lat' dir='ltr'>distinctum</span> <span class='ocrx_word' id='word_1_115' title='bbox 746 854 792 888; x_wconf 89' lang='lat' dir='ltr'>ab</span> <span class='ocrx_word' id='word_1_116' title='bbox 813 852 892 888; x_wconf 86' lang='lat' dir='ltr'>aliis</span> <span class='ocrx_word' id='word_1_117' title='bbox 921 851 1099 900; x_wconf 89' lang='lat' dir='ltr'>peccatis:</span> <span class='ocrx_word' id='word_1_118' title='bbox 1130 859 1170 887; x_wconf 90' lang='lat' dir='ltr'>ut</span> <span class='ocrx_word' id='word_1_119' title='bbox 1190 851 1236 887; x_wconf 93' lang='lat' dir='ltr'>de</span> <span class='ocrx_word' id='word_1_120' title='bbox 1263 851 1439 887; x_wconf 90' lang='lat' dir='ltr'>iniustitia</span> 
     </span>
     <span class='ocr_line' id='line_1_19' title="bbox 387 904 1439 955; baseline -0.003 -12"><span class='ocrx_word' id='word_1_121' title='bbox 387 907 537 955; x_wconf 86' lang='lat' dir='ltr'>speciali</span> <span class='ocrx_word' id='word_1_122' title='bbox 566 907 819 953; x_wconf 84' lang='lat' dir='ltr'>Philosophus</span> <span class='ocrx_word' id='word_1_123' title='bbox 849 905 946 949; x_wconf 82' lang='lat' dir='ltr'>dicit,</span> <span class='ocrx_word' id='word_1_124' title='bbox 977 904 1013 940; x_wconf 94' lang='lat' dir='ltr'>in</span> <span class='ocrx_word' id='word_1_125' title='bbox 1033 905 1068 940; x_wconf 93' lang='lat' dir='ltr'>V</span> <span class='ocrx_word' id='word_1_126' title='bbox 1089 905 1207 940; x_wconf 86' lang='lat' dir='ltr'>Ethic.</span> <span class='ocrx_word' id='word_1_127' title='bbox 1229 904 1249 925; x_wconf 71' lang='lat'>’¹‘</span> <span class='ocrx_word' id='word_1_128' title='bbox 1278 905 1353 941; x_wconf 88' lang='lat' dir='ltr'>Sed</span> <span class='ocrx_word' id='word_1_129' title='bbox 1383 917 1439 941; x_wconf 90' lang='lat' dir='ltr'>sa-</span> 
     </span>
     <span class='ocr_line' id='line_1_20' title="bbox 387 957 1437 1007; baseline -0.003 -11"><span class='ocrx_word' id='word_1_130' title='bbox 387 960 576 1007; x_wconf 86' lang='lat' dir='ltr'>crilegium</span> <span class='ocrx_word' id='word_1_131' title='bbox 606 971 681 995; x_wconf 90' lang='lat' dir='ltr'>non</span> <span class='ocrx_word' id='word_1_132' title='bbox 709 959 858 995; x_wconf 86' lang='lat' dir='ltr'>videtur</span> <span class='ocrx_word' id='word_1_133' title='bbox 887 957 1045 994; x_wconf 86' lang='lat' dir='ltr'>inveniri</span> <span class='ocrx_word' id='word_1_134' title='bbox 1075 958 1217 1005; x_wconf 85' lang='lat' dir='ltr'>absque</span> <span class='ocrx_word' id='word_1_135' title='bbox 1243 957 1322 993; x_wconf 89' lang='lat' dir='ltr'>aliis</span> <span class='ocrx_word' id='word_1_136' title='bbox 1351 969 1437 1006; x_wconf 89' lang='lat' dir='ltr'>pec-</span> 
     </span>
     <span class='ocr_line' id='line_1_21' title="bbox 385 1010 1437 1059; baseline -0.002 -10"><span class='ocrx_word' id='word_1_137' title='bbox 385 1013 485 1059; x_wconf 85' lang='lat' dir='ltr'>catis,</span> <span class='ocrx_word' id='word_1_138' title='bbox 515 1013 579 1048; x_wconf 91' lang='lat' dir='ltr'>sed</span> <span class='ocrx_word' id='word_1_139' title='bbox 609 1012 837 1059; x_wconf 83' lang='lat' dir='ltr'>quandoque</span> <span class='ocrx_word' id='word_1_140' title='bbox 868 1010 1106 1057; x_wconf 87' lang='lat' dir='ltr'>coniungitur</span> <span class='ocrx_word' id='word_1_141' title='bbox 1134 1011 1244 1056; x_wconf 87' lang='lat' dir='ltr'>furto,</span> <span class='ocrx_word' id='word_1_142' title='bbox 1266 1011 1437 1059; x_wconf 88' lang='lat' dir='ltr'>quando-</span> 
     </span>
     <span class='ocr_line' id='line_1_22' title="bbox 384 1064 1438 1114; baseline -0.001 -13"><span class='ocrx_word' id='word_1_143' title='bbox 384 1079 456 1114; x_wconf 87' lang='lat' dir='ltr'>que</span> <span class='ocrx_word' id='word_1_144' title='bbox 492 1065 715 1110; x_wconf 86' lang='lat' dir='ltr'>homicidio,</span> <span class='ocrx_word' id='word_1_145' title='bbox 745 1073 784 1100; x_wconf 90' lang='lat' dir='ltr'>ut</span> <span class='ocrx_word' id='word_1_146' title='bbox 813 1065 951 1101; x_wconf 88' lang='lat' dir='ltr'>dictum</span> <span class='ocrx_word' id='word_1_147' title='bbox 993 1071 1047 1099; x_wconf 90' lang='lat' dir='ltr'>est</span> <span class='ocrx_word' id='word_1_148' title='bbox 1144 1064 1234 1099; x_wconf 93' lang='lat' dir='ltr'>Non</span> <span class='ocrx_word' id='word_1_149' title='bbox 1264 1075 1353 1110; x_wconf 89' lang='lat' dir='ltr'>ergo</span> <span class='ocrx_word' id='word_1_150' title='bbox 1384 1072 1438 1100; x_wconf 91' lang='lat' dir='ltr'>est</span> 
     </span>
     <span class='ocr_line' id='line_1_23' title="bbox 384 1118 779 1167; baseline -0.005 -12"><span class='ocrx_word' id='word_1_151' title='bbox 384 1118 543 1167; x_wconf 88' lang='lat' dir='ltr'>speciale</span> <span class='ocrx_word' id='word_1_152' title='bbox 571 1126 779 1166; x_wconf 88' lang='lat' dir='ltr'>peccatum.</span> 
     </span>
    </p>

    <p class='ocr_par' dir='ltr' id='par_1_9' title="bbox 383 1168 1435 1324">
     <span class='ocr_line' id='line_1_24' title="bbox 436 1168 1435 1218; baseline -0.004 -10"><span class='ocrx_word' id='word_1_153' title='bbox 436 1172 508 1208; x_wconf 84' lang='lat' dir='ltr'>SED</span> <span class='ocrx_word' id='word_1_154' title='bbox 529 1182 673 1207; x_wconf 80' lang='lat' dir='ltr'>CONTRA</span> <span class='ocrx_word' id='word_1_155' title='bbox 688 1182 752 1206; x_wconf 89' lang='lat' dir='ltr'>EST</span> <span class='ocrx_word' id='word_1_156' title='bbox 776 1170 879 1218; x_wconf 91' lang='lat' dir='ltr'>quod</span> <span class='ocrx_word' id='word_1_157' title='bbox 900 1169 1105 1218; x_wconf 89' lang='lat' dir='ltr'>opponitur</span> <span class='ocrx_word' id='word_1_158' title='bbox 1124 1168 1275 1216; x_wconf 88' lang='lat' dir='ltr'>speciali</span> <span class='ocrx_word' id='word_1_159' title='bbox 1297 1169 1435 1216; x_wconf 83' lang='lat' dir='ltr'>virtuti,</span> 
     </span>
     <span class='ocr_line' id='line_1_25' title="bbox 383 1221 1434 1271; baseline -0.001 -11"><span class='ocrx_word' id='word_1_160' title='bbox 383 1224 520 1260; x_wconf 90' lang='lat' dir='ltr'>scilicet</span> <span class='ocrx_word' id='word_1_161' title='bbox 540 1223 718 1271; x_wconf 81' lang='lat' dir='ltr'>religioni,</span> <span class='ocrx_word' id='word_1_162' title='bbox 741 1223 787 1259; x_wconf 92' lang='lat' dir='ltr'>ad</span> <span class='ocrx_word' id='word_1_163' title='bbox 809 1235 922 1271; x_wconf 88' lang='lat' dir='ltr'>quam</span> <span class='ocrx_word' id='word_1_164' title='bbox 944 1222 1103 1270; x_wconf 86' lang='lat' dir='ltr'>pertinet</span> <span class='ocrx_word' id='word_1_165' title='bbox 1123 1221 1287 1258; x_wconf 88' lang='lat' dir='ltr'>revereri</span> <span class='ocrx_word' id='word_1_166' title='bbox 1307 1223 1434 1259; x_wconf 89' lang='lat' dir='ltr'>Deum</span> 
     </span>
     <span class='ocr_line' id='line_1_26' title="bbox 383 1275 1434 1324; baseline -0.001 -11"><span class='ocrx_word' id='word_1_167' title='bbox 383 1285 418 1313; x_wconf 88' lang='lat' dir='ltr'>et</span> <span class='ocrx_word' id='word_1_168' title='bbox 439 1277 575 1313; x_wconf 91' lang='lat' dir='ltr'>divina.</span> <span class='ocrx_word' id='word_1_169' title='bbox 607 1278 706 1324; x_wconf 85' lang='lat' dir='ltr'>Ergo</span> <span class='ocrx_word' id='word_1_170' title='bbox 728 1276 960 1323; x_wconf 88' lang='lat' dir='ltr'>sacrilegium</span> <span class='ocrx_word' id='word_1_171' title='bbox 979 1283 1032 1311; x_wconf 90' lang='lat' dir='ltr'>est</span> <span class='ocrx_word' id='word_1_172' title='bbox 1047 1275 1209 1323; x_wconf 88' lang='lat' dir='ltr'>speciale</span> <span class='ocrx_word' id='word_1_173' title='bbox 1225 1282 1434 1323; x_wconf 90' lang='lat' dir='ltr'>peccatum.</span> 
     </span>
    </p>

    <p class='ocr_par' dir='ltr' id='par_1_10' title="bbox 380 1328 1438 1696">
     <span class='ocr_line' id='line_1_27' title="bbox 435 1328 1434 1376; baseline -0.001 -10"><span class='ocrx_word' id='word_1_174' title='bbox 435 1331 656 1366; x_wconf 69' lang='lat' dir='ltr'>RESFONDEO</span> <span class='ocrx_word' id='word_1_175' title='bbox 693 1341 874 1366; x_wconf 81' lang='lat' dir='ltr'>DICENDUM</span> <span class='ocrx_word' id='word_1_176' title='bbox 915 1328 1017 1376; x_wconf 90' lang='lat' dir='ltr'>quod</span> <span class='ocrx_word' id='word_1_177' title='bbox 1056 1328 1292 1375; x_wconf 90' lang='lat' dir='ltr'>ubicumque</span> <span class='ocrx_word' id='word_1_178' title='bbox 1330 1328 1434 1365; x_wconf 90' lang='lat' dir='ltr'>inve—</span> 
     </span>
     <span class='ocr_line' id='line_1_28' title="bbox 382 1381 1438 1431; baseline 0 -12"><span class='ocrx_word' id='word_1_179' title='bbox 382 1383 479 1419; x_wconf 87' lang='lat' dir='ltr'>nitur</span> <span class='ocrx_word' id='word_1_180' title='bbox 507 1383 675 1431; x_wconf 88' lang='lat' dir='ltr'>specialis</span> <span class='ocrx_word' id='word_1_181' title='bbox 704 1382 797 1418; x_wconf 89' lang='lat' dir='ltr'>ratio</span> <span class='ocrx_word' id='word_1_182' title='bbox 828 1381 1087 1426; x_wconf 80' lang='lat' dir='ltr'>deformitatis,</span> <span class='ocrx_word' id='word_1_183' title='bbox 1118 1381 1168 1417; x_wconf 93' lang='lat' dir='ltr'>ibi</span> <span class='ocrx_word' id='word_1_184' title='bbox 1198 1393 1352 1417; x_wconf 89' lang='lat' dir='ltr'>necesse</span> <span class='ocrx_word' id='word_1_185' title='bbox 1383 1390 1438 1419; x_wconf 92' lang='lat' dir='ltr'>est</span> 
     </span>
     <span class='ocr_line' id='line_1_29' title="bbox 382 1434 1436 1484; baseline -0.001 -12"><span class='ocrx_word' id='word_1_186' title='bbox 382 1436 484 1484; x_wconf 86' lang='lat' dir='ltr'>quod</span> <span class='ocrx_word' id='word_1_187' title='bbox 515 1436 559 1472; x_wconf 87' lang='lat' dir='ltr'>sit</span> <span class='ocrx_word' id='word_1_188' title='bbox 587 1435 746 1483; x_wconf 89' lang='lat' dir='ltr'>speciale</span> <span class='ocrx_word' id='word_1_189' title='bbox 765 1442 984 1482; x_wconf 90' lang='lat' dir='ltr'>peccatum:</span> <span class='ocrx_word' id='word_1_190' title='bbox 1014 1434 1102 1482; x_wconf 87' lang='lat' dir='ltr'>quia</span> <span class='ocrx_word' id='word_1_191' title='bbox 1122 1434 1268 1482; x_wconf 89' lang='lat' dir='ltr'>species</span> <span class='ocrx_word' id='word_1_192' title='bbox 1289 1434 1436 1471; x_wconf 89' lang='lat' dir='ltr'>cuiusli-</span> 
     </span>
     <span class='ocr_line' id='line_1_30' title="bbox 382 1487 1434 1537; baseline 0 -12"><span class='ocrx_word' id='word_1_193' title='bbox 382 1490 444 1525; x_wconf 89' lang='lat' dir='ltr'>bet</span> <span class='ocrx_word' id='word_1_194' title='bbox 473 1489 523 1524; x_wconf 92' lang='lat' dir='ltr'>rei</span> <span class='ocrx_word' id='word_1_195' title='bbox 543 1488 744 1537; x_wconf 83' lang='lat' dir='ltr'>praecipue</span> <span class='ocrx_word' id='word_1_196' title='bbox 765 1487 966 1524; x_wconf 90' lang='lat' dir='ltr'>attenditur</span> <span class='ocrx_word' id='word_1_197' title='bbox 995 1488 1207 1524; x_wconf 90' lang='lat' dir='ltr'>secundum</span> <span class='ocrx_word' id='word_1_198' title='bbox 1235 1488 1434 1525; x_wconf 86' lang='lat' dir='ltr'>formalem</span> 
     </span>
     <span class='ocr_line' id='line_1_31' title="bbox 382 1541 1434 1590; baseline 0.001 -13"><span class='ocrx_word' id='word_1_199' title='bbox 382 1542 562 1578; x_wconf 88' lang='lat' dir='ltr'>rationem</span> <span class='ocrx_word' id='word_1_200' title='bbox 593 1541 720 1590; x_wconf 83' lang='lat' dir='ltr'>ipsius,</span> <span class='ocrx_word' id='word_1_201' title='bbox 747 1553 823 1576; x_wconf 92' lang='lat' dir='ltr'>non</span> <span class='ocrx_word' id='word_1_202' title='bbox 849 1549 974 1577; x_wconf 90' lang='lat' dir='ltr'>autem</span> <span class='ocrx_word' id='word_1_203' title='bbox 995 1541 1207 1578; x_wconf 88' lang='lat' dir='ltr'>secundum</span> <span class='ocrx_word' id='word_1_204' title='bbox 1238 1542 1434 1578; x_wconf 83' lang='lat' dir='ltr'>materiam</span> 
     </span>
     <span class='ocr_line' id='line_1_32' title="bbox 380 1594 1435 1643; baseline 0.001 -13"><span class='ocrx_word' id='word_1_205' title='bbox 380 1596 439 1631; x_wconf 88' lang='lat' dir='ltr'>vel</span> <span class='ocrx_word' id='word_1_206' title='bbox 461 1595 682 1631; x_wconf 90' lang='lat' dir='ltr'>subiectum.</span> <span class='ocrx_word' id='word_1_207' title='bbox 714 1595 754 1630; x_wconf 89' lang='lat' dir='ltr'>In</span> <span class='ocrx_word' id='word_1_208' title='bbox 775 1594 968 1641; x_wconf 88' lang='lat' dir='ltr'>sacrilegio</span> <span class='ocrx_word' id='word_1_209' title='bbox 989 1602 1118 1631; x_wconf 88' lang='lat' dir='ltr'>autem</span> <span class='ocrx_word' id='word_1_210' title='bbox 1138 1594 1329 1630; x_wconf 88' lang='lat' dir='ltr'>invenitur</span> <span class='ocrx_word' id='word_1_211' title='bbox 1351 1607 1435 1643; x_wconf 90' lang='lat' dir='ltr'>spe-</span> 
     </span>
     <span class='ocr_line' id='line_1_33' title="bbox 381 1646 1437 1696; baseline 0.002 -13"><span class='ocrx_word' id='word_1_212' title='bbox 381 1648 479 1684; x_wconf 85' lang='lat' dir='ltr'>cialis</span> <span class='ocrx_word' id='word_1_213' title='bbox 517 1648 608 1684; x_wconf 87' lang='lat' dir='ltr'>ratio</span> <span class='ocrx_word' id='word_1_214' title='bbox 645 1647 909 1684; x_wconf 87' lang='lat' dir='ltr'>deformitatis:</span> <span class='ocrx_word' id='word_1_215' title='bbox 946 1646 1035 1696; x_wconf 92' lang='lat' dir='ltr'>quia</span> <span class='ocrx_word' id='word_1_216' title='bbox 1065 1652 1081 1668; x_wconf 69' lang='lat'><em>²</em></span> <span class='ocrx_word' id='word_1_217' title='bbox 1111 1647 1250 1684; x_wconf 92' lang='lat' dir='ltr'>scilicet</span> <span class='ocrx_word' id='word_1_218' title='bbox 1276 1647 1437 1685; x_wconf 89' lang='lat' dir='ltr'>violatur</span> 
     </span>
    </p>
   </div>
   <div class='ocr_carea' id='block_1_8' title="bbox 379 1700 1463 1749">
    <p class='ocr_par' dir='ltr' id='par_1_11' title="bbox 379 1700 1463 1749">
     <span class='ocr_line' id='line_1_34' title="bbox 379 1700 1463 1749; baseline 0.001 -12"><span class='ocrx_word' id='word_1_219' title='bbox 379 1713 437 1737; x_wconf 90' lang='lat' dir='ltr'>res</span> <span class='ocrx_word' id='word_1_220' title='bbox 466 1713 570 1737; x_wconf 90' lang='lat' dir='ltr'>sacra</span> <span class='ocrx_word' id='word_1_221' title='bbox 598 1713 665 1749; x_wconf 87' lang='lat' dir='ltr'>per</span> <span class='ocrx_word' id='word_1_222' title='bbox 693 1700 858 1748; x_wconf 88' lang='lat' dir='ltr'>aliquam</span> <span class='ocrx_word' id='word_1_223' title='bbox 878 1700 1175 1738; x_wconf 88' lang='lat' dir='ltr'>irreverentiam.</span> <span class='ocrx_word' id='word_1_224' title='bbox 1206 1701 1253 1737; x_wconf 92' lang='lat' dir='ltr'>Et</span> <span class='ocrx_word' id='word_1_225' title='bbox 1272 1700 1359 1737; x_wconf 91' lang='lat' dir='ltr'>ideo</span> <span class='ocrx_word' id='word_1_226' title='bbox 1381 1709 1436 1738; x_wconf 92' lang='lat' dir='ltr'>est</span> <span class='ocrx_word' id='word_1_227' title='bbox 1462 1717 1463 1745; x_wconf 78' lang='lat'>1</span> 
     </span>
    </p>
   </div>
   <div class='ocr_carea' id='block_1_9' title="bbox 379 1754 775 1802">
    <p class='ocr_par' dir='ltr' id='par_1_12' title="bbox 379 1754 775 1802">
     <span class='ocr_line' id='line_1_35' title="bbox 379 1754 775 1802; baseline -0.003 -12"><span class='ocrx_word' id='word_1_228' title='bbox 379 1754 538 1802; x_wconf 90' lang='lat' dir='ltr'>speciale</span> <span class='ocrx_word' id='word_1_229' title='bbox 567 1762 775 1802; x_wconf 89' lang='lat' dir='ltr'>peccatum.</span> 
     </span>
    </p>
   </div>
   <div class='ocr_carea' id='block_1_10' title="bbox 431 1806 1463 1856">
    <p class='ocr_par' dir='ltr' id='par_1_13' title="bbox 431 1806 1463 1856">
     <span class='ocr_line' id='line_1_36' title="bbox 431 1806 1463 1856; baseline 0.001 -13"><span class='ocrx_word' id='word_1_230' title='bbox 431 1808 478 1843; x_wconf 88' lang='lat' dir='ltr'>Et</span> <span class='ocrx_word' id='word_1_231' title='bbox 498 1807 701 1856; x_wconf 90' lang='lat' dir='ltr'>opponitur</span> <span class='ocrx_word' id='word_1_232' title='bbox 720 1807 900 1854; x_wconf 87' lang='lat' dir='ltr'>religioni.</span> <span class='ocrx_word' id='word_1_233' title='bbox 925 1807 1029 1843; x_wconf 90' lang='lat' dir='ltr'>Sicut</span> <span class='ocrx_word' id='word_1_234' title='bbox 1050 1806 1151 1843; x_wconf 91' lang='lat' dir='ltr'>enirn</span> <span class='ocrx_word' id='word_1_235' title='bbox 1172 1808 1435 1844; x_wconf 88' lang='lat' dir='ltr'>Damascenus</span> <span class='ocrx_word' id='word_1_236' title='bbox 1461 1838 1463 1848; x_wconf 53' lang='lat'>,</span> 
     </span>
    </p>
   </div>
   <div class='ocr_carea' id='block_1_11' title="bbox 428 1930 873 2035">
    <p class='ocr_par' dir='ltr' id='par_1_14' title="bbox 428 1930 873 2035">
     <span class='ocr_line' id='line_1_37' title="bbox 430 1930 873 1963; baseline -0.002 -8"><span class='ocrx_word' id='word_1_237' title='bbox 430 1932 456 1962; x_wconf 85' lang='grc' dir='ltr'>α)</span> <span class='ocrx_word' id='word_1_238' title='bbox 476 1931 574 1963; x_wconf 80' lang='lat' dir='ltr'>quia.-</span> <span class='ocrx_word' id='word_1_239' title='bbox 593 1930 668 1962; x_wconf 84' lang='lat' dir='ltr'>quasi</span> <span class='ocrx_word' id='word_1_240' title='bbox 686 1931 738 1960; x_wconf 80' lang='lat' dir='ltr'>AL,</span> <span class='ocrx_word' id='word_1_241' title='bbox 758 1937 809 1962; x_wconf 86' lang='lat' dir='ltr'>qua</span> <span class='ocrx_word' id='word_1_242' title='bbox 829 1930 873 1954; x_wconf 77' lang='lat' dir='ltr'>Pa.</span> 
     </span>
     <span class='ocr_line' id='line_1_38' title="bbox 430 1965 835 1999; baseline -0.002 -9"><span class='ocrx_word' id='word_1_243' title='bbox 430 1966 453 1999; x_wconf 84' lang='grc' dir='ltr'>β)</span> <span class='ocrx_word' id='word_1_244' title='bbox 474 1967 540 1990; x_wconf 69' lang='grc' dir='ltr'><em>ιἰι.-</em></span> <span class='ocrx_word' id='word_1_245' title='bbox 557 1966 724 1998; x_wconf 82' lang='lat' dir='ltr'>sacrilegium</span> <span class='ocrx_word' id='word_1_246' title='bbox 744 1965 769 1989; x_wconf 85' lang='lat' dir='ltr'>in</span> <span class='ocrx_word' id='word_1_247' title='bbox 790 1966 835 1989; x_wconf 83' lang='lat' dir='ltr'>Pa.</span> 
     </span>
     <span class='ocr_line' id='line_1_39' title="bbox 428 2002 791 2035; baseline -0.003 -9"><span class='ocrx_word' id='word_1_248' title='bbox 428 2004 453 2035; x_wconf 76' lang='grc' dir='ltr'>γ)</span> <span class='ocrx_word' id='word_1_249' title='bbox 474 2009 535 2027; x_wconf 88' lang='lat' dir='ltr'>una.</span> <span class='ocrx_word' id='word_1_250' title='bbox 549 2015 567 2021; x_wconf 89' lang='lat'>-</span> <span class='ocrx_word' id='word_1_251' title='bbox 585 2008 741 2033; x_wconf 83' lang='lat' dir='ltr'>unaquaque</span> <span class='ocrx_word' id='word_1_252' title='bbox 760 2002 791 2026; x_wconf 89' lang='lat' dir='ltr'>A.</span> 
     </span>
    </p>
   </div>
   <div class='ocr_carea' id='block_1_12' title="bbox 1491 534 2585 1114">
    <p class='ocr_par' dir='ltr' id='par_1_15' title="bbox 1495 534 2558 688">
     <span class='ocr_line' id='line_1_40' title="bbox 1496 534 2558 583; baseline 0.004 -14"><span class='ocrx_word' id='word_1_253' title='bbox 1496 545 1623 580; x_wconf 87' lang='lat' dir='ltr'>agens.</span> <span class='ocrx_word' id='word_1_254' title='bbox 1651 535 1704 570; x_wconf 91' lang='lat' dir='ltr'>lta</span> <span class='ocrx_word' id='word_1_255' title='bbox 1725 535 1837 571; x_wconf 85' lang='lat' dir='ltr'>etiam</span> <span class='ocrx_word' id='word_1_256' title='bbox 1858 534 1887 570; x_wconf 93' lang='lat' dir='ltr'>si</span> <span class='ocrx_word' id='word_1_257' title='bbox 1908 534 1990 583; x_wconf 91' lang='lat' dir='ltr'>quis</span> <span class='ocrx_word' id='word_1_258' title='bbox 2012 547 2092 571; x_wconf 90' lang='lat' dir='ltr'>rem</span> <span class='ocrx_word' id='word_1_259' title='bbox 2113 547 2259 572; x_wconf 90' lang='lat' dir='ltr'>sacram</span> <span class='ocrx_word' id='word_1_260' title='bbox 2273 535 2401 582; x_wconf 86' lang='lat' dir='ltr'>violat,</span> <span class='ocrx_word' id='word_1_261' title='bbox 2419 548 2464 572; x_wconf 88' lang='lat' dir='ltr'>ex</span> <span class='ocrx_word' id='word_1_262' title='bbox 2483 537 2558 573; x_wconf 92' lang='lat' dir='ltr'>hoc</span> 
     </span>
     <span class='ocr_line' id='line_1_41' title="bbox 1495 585 2558 637; baseline 0.004 -16"><span class='ocrx_word' id='word_1_263' title='bbox 1495 585 1578 633; x_wconf 92' lang='lat' dir='ltr'>ipso</span> <span class='ocrx_word' id='word_1_264' title='bbox 1599 594 1729 623; x_wconf 88' lang='lat' dir='ltr'>contra</span> <span class='ocrx_word' id='word_1_265' title='bbox 1762 588 1834 624; x_wconf 90' lang='lat' dir='ltr'>Dei</span> <span class='ocrx_word' id='word_1_266' title='bbox 1855 588 2107 624; x_wconf 87' lang='lat' dir='ltr'>reverentiam</span> <span class='ocrx_word' id='word_1_267' title='bbox 2133 589 2217 636; x_wconf 83' lang='lat' dir='ltr'>agit,</span> <span class='ocrx_word' id='word_1_268' title='bbox 2241 596 2275 624; x_wconf 92' lang='lat' dir='ltr'>et</span> <span class='ocrx_word' id='word_1_269' title='bbox 2303 588 2356 625; x_wconf 88' lang='lat' dir='ltr'>sic</span> <span class='ocrx_word' id='word_1_270' title='bbox 2383 600 2452 637; x_wconf 89' lang='lat' dir='ltr'>per</span> <span class='ocrx_word' id='word_1_271' title='bbox 2470 589 2558 626; x_wconf 90' lang='lat' dir='ltr'>irre-</span> 
     </span>
     <span class='ocr_line' id='line_1_42' title="bbox 1495 638 1904 688; baseline 0.005 -14"><span class='ocrx_word' id='word_1_272' title='bbox 1495 638 1731 686; x_wconf 85' lang='lat' dir='ltr'>ligiositatem</span> <span class='ocrx_word' id='word_1_273' title='bbox 1760 649 1904 688; x_wconf 87' lang='lat' dir='ltr'>peccat.</span> 
     </span>
    </p>

    <p class='ocr_par' dir='ltr' id='par_1_16' title="bbox 1492 693 2585 1007">
     <span class='ocr_line' id='line_1_43' title="bbox 1547 693 2557 743; baseline 0.004 -16"><span class='ocrx_word' id='word_1_274' title='bbox 1547 693 1606 727; x_wconf 84' lang='lat' dir='ltr'>AD</span> <span class='ocrx_word' id='word_1_275' title='bbox 1627 704 1764 729; x_wconf 68' lang='lat' dir='ltr'>ramum</span> <span class='ocrx_word' id='word_1_276' title='bbox 1783 705 1882 730; x_wconf 79' lang='lat' dir='ltr'>ERGO</span> <span class='ocrx_word' id='word_1_277' title='bbox 1903 705 2086 731; x_wconf 74' lang='lat' dir='ltr'>DmENDUM</span> <span class='ocrx_word' id='word_1_278' title='bbox 2107 694 2210 743; x_wconf 92' lang='lat' dir='ltr'>quod</span> <span class='ocrx_word' id='word_1_279' title='bbox 2226 694 2275 730; x_wconf 91' lang='lat' dir='ltr'>illi</span> <span class='ocrx_word' id='word_1_280' title='bbox 2297 694 2471 731; x_wconf 90' lang='lat' dir='ltr'>dicuntur</span> <span class='ocrx_word' id='word_1_281' title='bbox 2490 694 2527 731; x_wconf 90' lang='lat' dir='ltr'>in</span> <span class='ocrx_word' id='word_1_282' title='bbox 2542 693 2557 724; x_wconf 74' lang='grc' dir='ltr'><strong>β</strong></span> 
     </span>
     <span class='ocr_line' id='line_1_44' title="bbox 1496 743 2556 795; baseline 0.005 -16"><span class='ocrx_word' id='word_1_283' title='bbox 1496 743 1646 780; x_wconf 87' lang='lat' dir='ltr'>divinae</span> <span class='ocrx_word' id='word_1_284' title='bbox 1675 745 1765 793; x_wconf 89' lang='lat' dir='ltr'>legis</span> <span class='ocrx_word' id='word_1_285' title='bbox 1795 746 2029 783; x_wconf 86' lang='lat' dir='ltr'>sanctitatem</span> <span class='ocrx_word' id='word_1_286' title='bbox 2068 747 2303 784; x_wconf 88' lang='lat' dir='ltr'>committere</span> <span class='ocrx_word' id='word_1_287' title='bbox 2339 747 2404 795; x_wconf 90' lang='lat' dir='ltr'>qui</span> <span class='ocrx_word' id='word_1_288' title='bbox 2432 748 2556 795; x_wconf 85' lang='lat' dir='ltr'>legem</span> 
     </span>
     <span class='ocr_line' id='line_1_45' title="bbox 1494 797 2556 849; baseline 0.005 -17"><span class='ocrx_word' id='word_1_289' title='bbox 1494 797 1566 833; x_wconf 92' lang='lat' dir='ltr'>Dei</span> <span class='ocrx_word' id='word_1_290' title='bbox 1586 797 1827 845; x_wconf 88' lang='lat' dir='ltr'>impugnant:</span> <span class='ocrx_word' id='word_1_291' title='bbox 1848 799 1944 836; x_wconf 90' lang='lat' dir='ltr'>sicut</span> <span class='ocrx_word' id='word_1_292' title='bbox 1971 800 2148 836; x_wconf 89' lang='lat' dir='ltr'>haeretici</span> <span class='ocrx_word' id='word_1_293' title='bbox 2170 808 2204 837; x_wconf 91' lang='lat' dir='ltr'>et</span> <span class='ocrx_word' id='word_1_294' title='bbox 2224 801 2449 849; x_wconf 87' lang='lat' dir='ltr'>blasphemi.</span> <span class='ocrx_word' id='word_1_295' title='bbox 2480 800 2556 847; x_wconf 89' lang='lat' dir='ltr'>Qui</span> 
     </span>
     <span class='ocr_line' id='line_1_46' title="bbox 1494 851 2585 900; baseline 0.005 -15"><span class='ocrx_word' id='word_1_296' title='bbox 1494 862 1540 886; x_wconf 88' lang='lat' dir='ltr'>ex</span> <span class='ocrx_word' id='word_1_297' title='bbox 1568 851 1642 886; x_wconf 94' lang='lat' dir='ltr'>hoc</span> <span class='ocrx_word' id='word_1_298' title='bbox 1671 851 1775 899; x_wconf 92' lang='lat' dir='ltr'>quod</span> <span class='ocrx_word' id='word_1_299' title='bbox 1813 853 1898 888; x_wconf 91' lang='lat' dir='ltr'>Deo</span> <span class='ocrx_word' id='word_1_300' title='bbox 1927 865 2005 889; x_wconf 87' lang='lat' dir='ltr'>non</span> <span class='ocrx_word' id='word_1_301' title='bbox 2036 853 2211 900; x_wconf 88' lang='lat' dir='ltr'>credunt,</span> <span class='ocrx_word' id='word_1_302' title='bbox 2251 854 2444 891; x_wconf 90' lang='lat' dir='ltr'>incurrunt</span> <span class='ocrx_word' id='word_1_303' title='bbox 2472 854 2555 891; x_wconf 87' lang='lat' dir='ltr'>infi·</span> <span class='ocrx_word' id='word_1_304' title='bbox 2582 891 2585 894; x_wconf 89' lang='grc'><em>,</em></span> 
     </span>
     <span class='ocr_line' id='line_1_47' title="bbox 1495 903 2555 955; baseline 0.006 -17"><span class='ocrx_word' id='word_1_305' title='bbox 1495 903 1653 939; x_wconf 91' lang='lat' dir='ltr'>delitatis</span> <span class='ocrx_word' id='word_1_306' title='bbox 1671 912 1890 952; x_wconf 87' lang='lat' dir='ltr'>peccatum:</span> <span class='ocrx_word' id='word_1_307' title='bbox 1921 917 1966 942; x_wconf 87' lang='lat' dir='ltr'>ex</span> <span class='ocrx_word' id='word_1_308' title='bbox 1986 906 2060 941; x_wconf 91' lang='lat' dir='ltr'>hoc</span> <span class='ocrx_word' id='word_1_309' title='bbox 2079 918 2172 942; x_wconf 91' lang='lat' dir='ltr'>vero</span> <span class='ocrx_word' id='word_1_310' title='bbox 2194 907 2297 955; x_wconf 91' lang='lat' dir='ltr'>quod</span> <span class='ocrx_word' id='word_1_311' title='bbox 2325 907 2475 944; x_wconf 86' lang='lat' dir='ltr'>divinae</span> <span class='ocrx_word' id='word_1_312' title='bbox 2505 908 2555 944; x_wconf 92' lang='lat' dir='ltr'>le·</span> 
     </span>
     <span class='ocr_line' id='line_1_48' title="bbox 1492 956 2455 1007; baseline 0.005 -15"><span class='ocrx_word' id='word_1_313' title='bbox 1492 956 1546 1003; x_wconf 89' lang='lat' dir='ltr'>gis</span> <span class='ocrx_word' id='word_1_314' title='bbox 1574 957 1692 993; x_wconf 89' lang='lat' dir='ltr'>verba</span> <span class='ocrx_word' id='word_1_315' title='bbox 1720 965 1953 1005; x_wconf 86' lang='lat' dir='ltr'>pervertunt,</span> <span class='ocrx_word' id='word_1_316' title='bbox 1983 958 2222 1007; x_wconf 90' lang='lat' dir='ltr'>sacrilegium</span> <span class='ocrx_word' id='word_1_317' title='bbox 2250 960 2455 997; x_wconf 88' lang='lat' dir='ltr'>incurrunt.</span> 
     </span>
    </p>

    <p class='ocr_par' dir='ltr' id='par_1_17' title="bbox 1491 1011 2554 1114">
     <span class='ocr_line' id='line_1_49' title="bbox 1545 1011 2554 1062; baseline 0.005 -17"><span class='ocrx_word' id='word_1_318' title='bbox 1545 1011 1603 1045; x_wconf 85' lang='lat' dir='ltr'>AD</span> <span class='ocrx_word' id='word_1_319' title='bbox 1641 1022 1830 1047; x_wconf 77' lang='lat' dir='ltr'>SECUNDUM</span> <span class='ocrx_word' id='word_1_320' title='bbox 1873 1022 2057 1048; x_wconf 83' lang='lat' dir='ltr'>DICENDUM</span> <span class='ocrx_word' id='word_1_321' title='bbox 2099 1013 2204 1060; x_wconf 83' lang='lat' dir='ltr'>qu&#39;od</span> <span class='ocrx_word' id='word_1_322' title='bbox 2246 1013 2335 1050; x_wconf 92' lang='lat' dir='ltr'>nihil</span> <span class='ocrx_word' id='word_1_323' title='bbox 2377 1013 2554 1062; x_wconf 90' lang='lat' dir='ltr'>prohibet</span> 
     </span>
     <span class='ocr_line' id='line_1_50' title="bbox 1491 1063 2554 1114; baseline 0.005 -16"><span class='ocrx_word' id='word_1_324' title='bbox 1491 1074 1609 1098; x_wconf 88' lang='lat' dir='ltr'>unam</span> <span class='ocrx_word' id='word_1_325' title='bbox 1652 1063 1856 1112; x_wconf 87' lang='lat' dir='ltr'>specialem</span> <span class='ocrx_word' id='word_1_326' title='bbox 1901 1064 2085 1101; x_wconf 89' lang='lat' dir='ltr'>rationem</span> <span class='ocrx_word' id='word_1_327' title='bbox 2127 1065 2272 1113; x_wconf 89' lang='lat' dir='ltr'>peccati</span> <span class='ocrx_word' id='word_1_328' title='bbox 2310 1066 2348 1102; x_wconf 91' lang='lat' dir='ltr'>in</span> <span class='ocrx_word' id='word_1_329' title='bbox 2384 1066 2554 1114; x_wconf 90' lang='lat' dir='ltr'>pluribus</span> 
     </span>
    </p>
   </div>
   <div class='ocr_carea' id='block_1_13' title="bbox 1464 1117 2554 1168">
    <p class='ocr_par' dir='ltr' id='par_1_18' title="bbox 1464 1117 2554 1168">
     <span class='ocr_line' id='line_1_51' title="bbox 1464 1117 2554 1168; baseline 0.006 -18"><span class='ocrx_word' id='word_1_330' title='bbox 1464 1144 1465 1148; x_wconf 66' lang='grc'>,</span> <span class='ocrx_word' id='word_1_331' title='bbox 1490 1123 1735 1162; x_wconf 88' lang='lat' dir='ltr'>peccatorum</span> <span class='ocrx_word' id='word_1_332' title='bbox 1766 1117 1967 1164; x_wconf 90' lang='lat' dir='ltr'>generibus</span> <span class='ocrx_word' id='word_1_333' title='bbox 1996 1117 2173 1165; x_wconf 83' lang='lat' dir='ltr'>inveniri,</span> <span class='ocrx_word' id='word_1_334' title='bbox 2204 1119 2416 1155; x_wconf 88' lang='lat' dir='ltr'>secundum</span> <span class='ocrx_word' id='word_1_335' title='bbox 2449 1119 2554 1168; x_wconf 91' lang='lat' dir='ltr'>quod</span> 
     </span>
    </p>
   </div>
   <div class='ocr_carea' id='block_1_14' title="bbox 1488 1168 2555 1646">
    <p class='ocr_par' dir='ltr' id='par_1_19' title="bbox 1488 1168 2555 1537">
     <span class='ocr_line' id='line_1_52' title="bbox 1492 1168 2554 1220; baseline 0.005 -16"><span class='ocrx_word' id='word_1_336' title='bbox 1492 1168 1641 1205; x_wconf 91' lang='lat' dir='ltr'>diversa</span> <span class='ocrx_word' id='word_1_337' title='bbox 1668 1178 1825 1218; x_wconf 88' lang='lat' dir='ltr'>peccata</span> <span class='ocrx_word' id='word_1_338' title='bbox 1854 1171 1902 1207; x_wconf 89' lang='lat' dir='ltr'>ad</span> <span class='ocrx_word' id='word_1_339' title='bbox 1930 1171 2049 1208; x_wconf 87' lang='lat' dir='ltr'>finem</span> <span class='ocrx_word' id='word_1_340' title='bbox 2073 1171 2185 1208; x_wconf 89' lang='lat' dir='ltr'>unius</span> <span class='ocrx_word' id='word_1_341' title='bbox 2213 1171 2357 1220; x_wconf 90' lang='lat' dir='ltr'>peccati</span> <span class='ocrx_word' id='word_1_342' title='bbox 2378 1172 2554 1209; x_wconf 92' lang='lat' dir='ltr'>ordinan-</span> 
     </span>
     <span class='ocr_line' id='line_1_53' title="bbox 1491 1223 2553 1274; baseline 0.006 -18"><span class='ocrx_word' id='word_1_343' title='bbox 1491 1227 1568 1257; x_wconf 89' lang='lat' dir='ltr'>tur:</span> <span class='ocrx_word' id='word_1_344' title='bbox 1606 1231 1720 1270; x_wconf 91' lang='lat' dir='ltr'>prout</span> <span class='ocrx_word' id='word_1_345' title='bbox 1762 1223 1875 1260; x_wconf 87' lang='lat' dir='ltr'>etiam</span> <span class='ocrx_word' id='word_1_346' title='bbox 1914 1224 1951 1260; x_wconf 92' lang='lat' dir='ltr'>in</span> <span class='ocrx_word' id='word_1_347' title='bbox 1986 1224 2184 1261; x_wconf 90' lang='lat' dir='ltr'>virtutibus</span> <span class='ocrx_word' id='word_1_348' title='bbox 2207 1233 2379 1274; x_wconf 71' lang='lat' dir='ltr'>apparet</span> <span class='ocrx_word' id='word_1_349' title='bbox 2415 1225 2553 1274; x_wconf 93' lang='lat' dir='ltr'>quibus</span> 
     </span>
     <span class='ocr_line' id='line_1_54' title="bbox 1489 1274 2553 1327; baseline 0.006 -17"><span class='ocrx_word' id='word_1_350' title='bbox 1489 1274 1697 1323; x_wconf 90' lang='lat' dir='ltr'>imperatur</span> <span class='ocrx_word' id='word_1_351' title='bbox 1725 1277 1773 1313; x_wconf 92' lang='lat' dir='ltr'>ab</span> <span class='ocrx_word' id='word_1_352' title='bbox 1801 1289 1878 1313; x_wconf 90' lang='lat' dir='ltr'>una</span> <span class='ocrx_word' id='word_1_353' title='bbox 1896 1281 1912 1304; x_wconf 77' lang='grc' dir='ltr'><strong>Υ</strong></span> <span class='ocrx_word' id='word_1_354' title='bbox 1940 1277 2088 1314; x_wconf 91' lang='lat' dir='ltr'>virtute.</span> <span class='ocrx_word' id='word_1_355' title='bbox 2118 1279 2167 1314; x_wconf 90' lang='lat' dir='ltr'>Et</span> <span class='ocrx_word' id='word_1_356' title='bbox 2194 1279 2269 1315; x_wconf 92' lang='lat' dir='ltr'>hoc</span> <span class='ocrx_word' id='word_1_357' title='bbox 2297 1279 2429 1326; x_wconf 88' lang='lat' dir='ltr'>modo,</span> <span class='ocrx_word' id='word_1_358' title='bbox 2459 1291 2553 1327; x_wconf 92' lang='lat' dir='ltr'>quo-</span> 
     </span>
     <span class='ocr_line' id='line_1_55' title="bbox 1491 1330 2553 1380; baseline 0.006 -17"><span class='ocrx_word' id='word_1_359' title='bbox 1491 1339 1654 1376; x_wconf 90' lang='lat' dir='ltr'>cumque</span> <span class='ocrx_word' id='word_1_360' title='bbox 1687 1340 1824 1376; x_wconf 87' lang='lat' dir='ltr'>genere</span> <span class='ocrx_word' id='word_1_361' title='bbox 1852 1330 1998 1378; x_wconf 89' lang='lat' dir='ltr'>peceati</span> <span class='ocrx_word' id='word_1_362' title='bbox 2027 1331 2158 1380; x_wconf 90' lang='lat' dir='ltr'>aliquis</span> <span class='ocrx_word' id='word_1_363' title='bbox 2195 1332 2306 1368; x_wconf 86' lang='lat' dir='ltr'>faciat</span> <span class='ocrx_word' id='word_1_364' title='bbox 2339 1339 2469 1369; x_wconf 86' lang='lat' dir='ltr'>contra</span> <span class='ocrx_word' id='word_1_365' title='bbox 2497 1344 2553 1369; x_wconf 92' lang='lat' dir='ltr'>re-</span> 
     </span>
     <span class='ocr_line' id='line_1_56' title="bbox 1488 1381 2555 1433; baseline 0.006 -17"><span class='ocrx_word' id='word_1_366' title='bbox 1488 1381 1699 1418; x_wconf 90' lang='lat' dir='ltr'>verentiam</span> <span class='ocrx_word' id='word_1_367' title='bbox 1730 1382 1896 1419; x_wconf 88' lang='lat' dir='ltr'>debitam</span> <span class='ocrx_word' id='word_1_368' title='bbox 1925 1383 2039 1420; x_wconf 90' lang='lat' dir='ltr'>sacris</span> <span class='ocrx_word' id='word_1_369' title='bbox 2069 1385 2193 1432; x_wconf 88' lang='lat' dir='ltr'>rebus,</span> <span class='ocrx_word' id='word_1_370' title='bbox 2224 1385 2460 1433; x_wconf 87' lang='lat' dir='ltr'>sacrilegium</span> <span class='ocrx_word' id='word_1_371' title='bbox 2480 1386 2555 1423; x_wconf 89' lang='lat' dir='ltr'>for-</span> 
     </span>
     <span class='ocr_line' id='line_1_57' title="bbox 1490 1435 2553 1482; baseline 0.006 -12"><span class='ocrx_word' id='word_1_372' title='bbox 1490 1435 1637 1471; x_wconf 90' lang='lat' dir='ltr'>maliter</span> <span class='ocrx_word' id='word_1_373' title='bbox 1657 1435 1867 1482; x_wconf 86' lang='lat' dir='ltr'>committit,</span> <span class='ocrx_word' id='word_1_374' title='bbox 1883 1435 1969 1472; x_wconf 91' lang='lat' dir='ltr'>licet</span> <span class='ocrx_word' id='word_1_375' title='bbox 1988 1437 2227 1474; x_wconf 89' lang='lat' dir='ltr'>materialiter</span> <span class='ocrx_word' id='word_1_376' title='bbox 2241 1438 2313 1475; x_wconf 89' lang='lat' dir='ltr'>sint</span> <span class='ocrx_word' id='word_1_377' title='bbox 2332 1438 2383 1475; x_wconf 93' lang='lat' dir='ltr'>ibi</span> <span class='ocrx_word' id='word_1_378' title='bbox 2403 1438 2553 1476; x_wconf 84' lang='lat' dir='ltr'>diversa</span> 
     </span>
     <span class='ocr_line' id='line_1_58' title="bbox 1489 1497 1914 1537; baseline 0.002 -13"><span class='ocrx_word' id='word_1_379' title='bbox 1489 1500 1628 1535; x_wconf 87' lang='lat' dir='ltr'>genera</span> <span class='ocrx_word' id='word_1_380' title='bbox 1656 1497 1914 1537; x_wconf 88' lang='lat' dir='ltr'>peccatorum.</span> 
     </span>
    </p>

    <p class='ocr_par' dir='ltr' id='par_1_20' title="bbox 1490 1543 2552 1646">
     <span class='ocr_line' id='line_1_59' title="bbox 1543 1543 2552 1591; baseline 0.004 -14"><span class='ocrx_word' id='word_1_381' title='bbox 1543 1543 1602 1578; x_wconf 84' lang='lat' dir='ltr'>An</span> <span class='ocrx_word' id='word_1_382' title='bbox 1629 1553 1790 1579; x_wconf 81' lang='lat' dir='ltr'>TERTIUM</span> <span class='ocrx_word' id='word_1_383' title='bbox 1818 1554 2003 1579; x_wconf 81' lang='lat' dir='ltr'>nicENDUM</span> <span class='ocrx_word' id='word_1_384' title='bbox 2032 1544 2136 1591; x_wconf 92' lang='lat' dir='ltr'>quod</span> <span class='ocrx_word' id='word_1_385' title='bbox 2172 1543 2408 1591; x_wconf 87' lang='lat' dir='ltr'>sacrilegium</span> <span class='ocrx_word' id='word_1_386' title='bbox 2441 1544 2552 1581; x_wconf 90' lang='lat' dir='ltr'>inter-</span> 
     </span>
     <span class='ocr_line' id='line_1_60' title="bbox 1490 1594 2552 1646; baseline 0.005 -16"><span class='ocrx_word' id='word_1_387' title='bbox 1490 1594 1583 1631; x_wconf 91' lang='lat' dir='ltr'>dum</span> <span class='ocrx_word' id='word_1_388' title='bbox 1613 1594 1804 1632; x_wconf 88' lang='lat' dir='ltr'>invenitur</span> <span class='ocrx_word' id='word_1_389' title='bbox 1840 1604 2055 1644; x_wconf 89' lang='lat' dir='ltr'>separatum</span> <span class='ocrx_word' id='word_1_390' title='bbox 2096 1597 2143 1633; x_wconf 92' lang='lat' dir='ltr'>ab</span> <span class='ocrx_word' id='word_1_391' title='bbox 2173 1597 2253 1646; x_wconf 88' lang='lat' dir='ltr'>aliis</span> <span class='ocrx_word' id='word_1_392' title='bbox 2290 1597 2474 1646; x_wconf 79' lang='lat' dir='ltr'>peccatis,</span> <span class='ocrx_word' id='word_1_393' title='bbox 2505 1610 2552 1635; x_wconf 88' lang='lat' dir='ltr'>eo</span> 
     </span>
    </p>
   </div>
   <div class='ocr_carea' id='block_1_15' title="bbox 1462 1648 2553 1696">
    <p class='ocr_par' dir='ltr' id='par_1_21' title="bbox 1462 1648 2553 1696">
     <span class='ocr_line' id='line_1_61' title="bbox 1462 1648 2553 1696; baseline 0.005 -13"><span class='ocrx_word' id='word_1_394' title='bbox 1462 1650 1463 1653; x_wconf 75' lang='grc'>’</span> <span class='ocrx_word' id='word_1_395' title='bbox 1490 1648 1594 1696; x_wconf 90' lang='lat' dir='ltr'>quod</span> <span class='ocrx_word' id='word_1_396' title='bbox 1632 1656 1737 1685; x_wconf 89' lang='lat' dir='ltr'>actus</span> <span class='ocrx_word' id='word_1_397' title='bbox 1773 1661 1851 1685; x_wconf 92' lang='lat' dir='ltr'>non</span> <span class='ocrx_word' id='word_1_398' title='bbox 1885 1649 2001 1686; x_wconf 87' lang='lat' dir='ltr'>habet</span> <span class='ocrx_word' id='word_1_399' title='bbox 2029 1649 2140 1686; x_wconf 91' lang='lat' dir='ltr'>aliam</span> <span class='ocrx_word' id='word_1_400' title='bbox 2171 1650 2450 1688; x_wconf 83' lang='lat' dir='ltr'>deformitatem</span> <span class='ocrx_word' id='word_1_401' title='bbox 2482 1651 2553 1688; x_wconf 89' lang='lat' dir='ltr'>nisi</span> 
     </span>
    </p>
   </div>
   <div class='ocr_carea' id='block_1_16' title="bbox 1489 1701 2553 1857">
    <p class='ocr_par' dir='ltr' id='par_1_22' title="bbox 1489 1701 2553 1857">
     <span class='ocr_line' id='line_1_62' title="bbox 1490 1701 2552 1753; baseline 0.005 -16"><span class='ocrx_word' id='word_1_402' title='bbox 1490 1701 1580 1749; x_wconf 92' lang='lat' dir='ltr'>quia</span> <span class='ocrx_word' id='word_1_403' title='bbox 1609 1713 1668 1738; x_wconf 91' lang='lat' dir='ltr'>res</span> <span class='ocrx_word' id='word_1_404' title='bbox 1706 1714 1812 1738; x_wconf 90' lang='lat' dir='ltr'>sacra</span> <span class='ocrx_word' id='word_1_405' title='bbox 1840 1702 2004 1739; x_wconf 89' lang='lat' dir='ltr'>violatur</span> <span class='ocrx_word' id='word_1_406' title='bbox 2031 1701 2065 1739; x_wconf 71' lang='grc' dir='ltr'>δε</span> <span class='ocrx_word' id='word_1_407' title='bbox 2094 1711 2186 1752; x_wconf 90' lang='lat' dir='ltr'>puta</span> <span class='ocrx_word' id='word_1_408' title='bbox 2214 1704 2244 1740; x_wconf 92' lang='lat' dir='ltr'>si</span> <span class='ocrx_word' id='word_1_409' title='bbox 2272 1703 2406 1753; x_wconf 89' lang='lat' dir='ltr'>aliquis</span> <span class='ocrx_word' id='word_1_410' title='bbox 2439 1704 2552 1742; x_wconf 86' lang='lat' dir='ltr'>iudex</span> 
     </span>
     <span class='ocr_line' id='line_1_63' title="bbox 1490 1755 2553 1805; baseline 0.005 -15"><span class='ocrx_word' id='word_1_411' title='bbox 1490 1755 1610 1803; x_wconf 89' lang='lat' dir='ltr'>rapiat</span> <span class='ocrx_word' id='word_1_412' title='bbox 1628 1755 1794 1802; x_wconf 89' lang='lat' dir='ltr'>aliquem</span> <span class='ocrx_word' id='word_1_413' title='bbox 1824 1755 1871 1792; x_wconf 90' lang='lat' dir='ltr'>de</span> <span class='ocrx_word' id='word_1_414' title='bbox 1901 1756 1986 1792; x_wconf 92' lang='lat' dir='ltr'>loco</span> <span class='ocrx_word' id='word_1_415' title='bbox 2011 1769 2131 1803; x_wconf 80' lang='lat' dir='ltr'>sacro,</span> <span class='ocrx_word' id='word_1_416' title='bbox 2159 1769 2274 1805; x_wconf 90' lang='lat' dir='ltr'>quem</span> <span class='ocrx_word' id='word_1_417' title='bbox 2295 1757 2332 1794; x_wconf 92' lang='lat' dir='ltr'>in</span> <span class='ocrx_word' id='word_1_418' title='bbox 2353 1757 2433 1794; x_wconf 89' lang='lat' dir='ltr'>aliis</span> <span class='ocrx_word' id='word_1_419' title='bbox 2461 1758 2553 1795; x_wconf 91' lang='lat' dir='ltr'>locis</span> 
     </span>
     <span class='ocr_line' id='line_1_64' title="bbox 1489 1808 1918 1857; baseline 0.005 -13"><span class='ocrx_word' id='word_1_420' title='bbox 1489 1808 1585 1844; x_wconf 92' lang='lat' dir='ltr'>licite</span> <span class='ocrx_word' id='word_1_421' title='bbox 1615 1820 1749 1857; x_wconf 90' lang='lat' dir='ltr'>capere</span> <span class='ocrx_word' id='word_1_422' title='bbox 1779 1817 1918 1856; x_wconf 91' lang='lat' dir='ltr'>posset.</span> 
     </span>
    </p>
   </div>
   <div class='ocr_carea' id='block_1_17' title="bbox 1487 1930 2552 1999">
    <p class='ocr_par' dir='ltr' id='par_1_23' title="bbox 1487 1930 2552 1999">
     <span class='ocr_line' id='line_1_65' title="bbox 1541 1930 2552 1969; baseline 0.005 -14"><span class='ocrx_word' id='word_1_423' title='bbox 1541 1930 1565 1963; x_wconf 83' lang='grc' dir='ltr'>δ)</span> <span class='ocrx_word' id='word_1_424' title='bbox 1586 1931 1710 1956; x_wconf 82' lang='lat' dir='ltr'>violatur.</span> <span class='ocrx_word' id='word_1_425' title='bbox 1724 1945 1743 1950; x_wconf 98' lang='lat'>-</span> <span class='ocrx_word' id='word_1_426' title='bbox 1761 1931 1886 1956; x_wconf 79' lang='lat' dir='ltr'>videatur</span> <span class='ocrx_word' id='word_1_427' title='bbox 1905 1932 1932 1956; x_wconf 90' lang='grc' dir='ltr'>Ρ.</span> <span class='ocrx_word' id='word_1_428' title='bbox 1946 1946 1964 1950; x_wconf 99' lang='grc'>-</span> <span class='ocrx_word' id='word_1_429' title='bbox 1984 1932 2034 1956; x_wconf 86' lang='lat' dir='ltr'>Pro</span> <span class='ocrx_word' id='word_1_430' title='bbox 2057 1932 2160 1965; x_wconf 78' lang='lat' dir='ltr'>rapiat,</span> <span class='ocrx_word' id='word_1_431' title='bbox 2179 1933 2270 1965; x_wconf 82' lang='lat' dir='ltr'>capiat</span> <span class='ocrx_word' id='word_1_432' title='bbox 2287 1933 2363 1966; x_wconf 84' lang='lat' dir='ltr'>PpD;</span> <span class='ocrx_word' id='word_1_433' title='bbox 2381 1942 2431 1969; x_wconf 86' lang='lat' dir='ltr'>pro</span> <span class='ocrx_word' id='word_1_434' title='bbox 2449 1942 2552 1967; x_wconf 81' lang='lat' dir='ltr'>capere,</span> 
     </span>
     <span class='ocr_line' id='line_1_66' title="bbox 1487 1966 1676 1999; baseline 0 -8"><span class='ocrx_word' id='word_1_435' title='bbox 1487 1973 1583 1998; x_wconf 81' lang='lat' dir='ltr'>rapere</span> <span class='ocrx_word' id='word_1_436' title='bbox 1601 1966 1676 1999; x_wconf 86' lang='lat' dir='ltr'>HpD.</span> 
     </span>
    </p>
   </div>
   <div class='ocr_carea' id='block_1_18' title="bbox 692 2164 2232 2294">
    <p class='ocr_par' dir='ltr' id='par_1_24' title="bbox 692 2164 2232 2294">
     <span class='ocr_line' id='line_1_67' title="bbox 1171 2164 1748 2208; baseline 0.002 -2"><span class='ocrx_word' id='word_1_437' title='bbox 1171 2164 1490 2208; x_wconf 86' lang='lat' dir='ltr'>ARTICULUS</span> <span class='ocrx_word' id='word_1_438' title='bbox 1519 2165 1748 2208; x_wconf 86' lang='lat' dir='ltr'>TERTIUS</span> 
     </span>
     <span class='ocr_line' id='line_1_68' title="bbox 692 2257 2232 2294; baseline 0.004 -7"><span class='ocrx_word' id='word_1_439' title='bbox 692 2258 846 2288; x_wconf 86' lang='lat' dir='ltr'>UTRUM</span> <span class='ocrx_word' id='word_1_440' title='bbox 870 2258 1039 2289; x_wconf 84' lang='lat' dir='ltr'>SPECIES</span> <span class='ocrx_word' id='word_1_441' title='bbox 1063 2257 1303 2289; x_wconf 80' lang='lat' dir='ltr'>SACRILEGH</span> <span class='ocrx_word' id='word_1_442' title='bbox 1328 2258 1685 2290; x_wconf 84' lang='lat' dir='ltr'>DISTINGUANTUR</span> <span class='ocrx_word' id='word_1_443' title='bbox 1708 2259 1945 2291; x_wconf 80' lang='lat' dir='ltr'>SECUNDUM</span> <span class='ocrx_word' id='word_1_444' title='bbox 1969 2261 2047 2292; x_wconf 85' lang='lat' dir='ltr'>RES</span> <span class='ocrx_word' id='word_1_445' title='bbox 2070 2261 2232 2294; x_wconf 76' lang='lat' dir='ltr'>SACRAS</span> 
     </span>
    </p>
   </div>
   <div class='ocr_carea' id='block_1_19' title="bbox 391 2363 570 2545">
    <p class='ocr_par' dir='ltr' id='par_1_25' title="bbox 391 2363 570 2545">
     <span class='ocr_line' id='line_1_69' title="bbox 391 2363 570 2545; baseline 0 0"><span class='ocrx_word' id='word_1_446' title='bbox 391 2363 570 2545; x_wconf 95' lang='lat' dir='ltr'>    </span> 
     </span>
    </p>
   </div>
   <div class='ocr_carea' id='block_1_20' title="bbox 394 2455 552 2530">
    <p class='ocr_par' dir='ltr' id='par_1_26' title="bbox 394 2455 552 2530">
     <span class='ocr_line' id='line_1_70' title="bbox 394 2455 552 2530; baseline -0.013 -32"><span class='ocrx_word' id='word_1_447' title='bbox 394 2455 429 2508; x_wconf 54' lang='lat'>15</span> <span class='ocrx_word' id='word_1_448' title='bbox 432 2467 512 2530; x_wconf 45' lang='grc' dir='ltr'>ἐς</span> <span class='ocrx_word' id='word_1_449' title='bbox 543 2471 552 2496; x_wconf 79' lang='lat'><strong><em>1</em></strong></span> 
     </span>
    </p>
   </div>
   <div class='ocr_carea' id='block_1_21' title="bbox 391 2363 402 2505">
    <p class='ocr_par' dir='ltr' id='par_1_27' title="bbox 391 2363 402 2505">
     <span class='ocr_line' id='line_1_71' title="bbox 391 2363 402 2505; baseline 0 1739"><span class='ocrx_word' id='word_1_450' title='bbox 391 2363 402 2505; x_wconf 95' lang='lat' dir='ltr'> </span> 
     </span>
    </p>
   </div>
   <div class='ocr_carea' id='block_1_22' title="bbox 379 2612 1433 2656">
    <p class='ocr_par' dir='ltr' id='par_1_28' title="bbox 379 2612 1433 2656">
     <span class='ocr_line' id='line_1_72' title="bbox 379 2612 1433 2656; baseline 0.005 -12"><span class='ocrx_word' id='word_1_451' title='bbox 379 2620 541 2656; x_wconf 88' lang='lat' dir='ltr'>cumque</span> <span class='ocrx_word' id='word_1_452' title='bbox 571 2622 693 2647; x_wconf 87' lang='lat' dir='ltr'>rerum</span> <span class='ocrx_word' id='word_1_453' title='bbox 715 2623 905 2648; x_wconf 88' lang='lat' dir='ltr'>sacrarum</span> <span class='ocrx_word' id='word_1_454' title='bbox 934 2612 1084 2649; x_wconf 89' lang='lat' dir='ltr'>videtur</span> <span class='ocrx_word' id='word_1_455' title='bbox 1104 2625 1185 2649; x_wconf 90' lang='lat' dir='ltr'>esse</span> <span class='ocrx_word' id='word_1_456' title='bbox 1212 2613 1346 2649; x_wconf 90' lang='lat' dir='ltr'>eadem</span> <span class='ocrx_word' id='word_1_457' title='bbox 1378 2625 1433 2649; x_wconf 89' lang='lat' dir='ltr'>ra-</span> 
     </span>
    </p>
   </div>
   <div class='ocr_carea' id='block_1_23' title="bbox 379 2766 740 2818">
    <p class='ocr_par' dir='ltr' id='par_1_29' title="bbox 379 2766 740 2818">
     <span class='ocr_line' id='line_1_73' title="bbox 379 2766 740 2818; baseline 0.014 -16"><span class='ocrx_word' id='word_1_458' title='bbox 379 2766 557 2814; x_wconf 86' lang='lat' dir='ltr'>sacrilegii</span> <span class='ocrx_word' id='word_1_459' title='bbox 586 2770 740 2818; x_wconf 85' lang='lat' dir='ltr'>specieS.</span> 
     </span>
    </p>
   </div>
   <div class='ocr_carea' id='block_1_24' title="bbox 379 2872 1434 2926">
    <p class='ocr_par' dir='ltr' id='par_1_30' title="bbox 379 2872 1434 2926">
     <span class='ocr_line' id='line_1_74' title="bbox 379 2872 1434 2926; baseline 0.007 -18"><span class='ocrx_word' id='word_1_460' title='bbox 379 2872 501 2920; x_wconf 87' lang='lat' dir='ltr'>aliqua</span> <span class='ocrx_word' id='word_1_461' title='bbox 529 2875 600 2911; x_wconf 90' lang='lat' dir='ltr'>sint</span> <span class='ocrx_word' id='word_1_462' title='bbox 628 2876 793 2913; x_wconf 89' lang='lat' dir='ltr'>eiusdem</span> <span class='ocrx_word' id='word_1_463' title='bbox 823 2877 973 2925; x_wconf 87' lang='lat' dir='ltr'>speciei,</span> <span class='ocrx_word' id='word_1_464' title='bbox 1005 2885 1039 2914; x_wconf 89' lang='lat' dir='ltr'>et</span> <span class='ocrx_word' id='word_1_465' title='bbox 1065 2886 1192 2914; x_wconf 89' lang='lat' dir='ltr'>tamen</span> <span class='ocrx_word' id='word_1_466' title='bbox 1213 2877 1338 2926; x_wconf 92' lang='lat' dir='ltr'>specie</span> <span class='ocrx_word' id='word_1_467' title='bbox 1368 2878 1434 2915; x_wconf 88' lang='lat' dir='ltr'>dif-</span> 
     </span>
    </p>
   </div>
   <div class='ocr_carea' id='block_1_25' title="bbox 379 2926 2552 3091">
    <p class='ocr_par' dir='ltr' id='par_1_31' title="bbox 379 2926 2552 3091">
     <span class='ocr_line' id='line_1_75' title="bbox 379 2926 1461 2972; baseline 0.006 -12"><span class='ocrx_word' id='word_1_468' title='bbox 379 2926 496 2962; x_wconf 85' lang='lat' dir='ltr'>ferant</span> <span class='ocrx_word' id='word_1_469' title='bbox 526 2932 552 2963; x_wconf 72' lang='lat'>“.</span> <span class='ocrx_word' id='word_1_470' title='bbox 591 2929 665 2966; x_wconf 92' lang='lat' dir='ltr'>Sed</span> <span class='ocrx_word' id='word_1_471' title='bbox 702 2930 949 2966; x_wconf 91' lang='lat' dir='ltr'>homicidium</span> <span class='ocrx_word' id='word_1_472' title='bbox 980 2939 1015 2966; x_wconf 91' lang='lat' dir='ltr'>et</span> <span class='ocrx_word' id='word_1_473' title='bbox 1049 2931 1188 2970; x_wconf 82' lang='lat' dir='ltr'>furtum</span> <span class='ocrx_word' id='word_1_474' title='bbox 1226 2939 1262 2967; x_wconf 90' lang='lat' dir='ltr'>et</span> <span class='ocrx_word' id='word_1_475' title='bbox 1290 2931 1434 2967; x_wconf 90' lang='lat' dir='ltr'>illicitus</span> <span class='ocrx_word' id='word_1_476' title='bbox 1460 2949 1461 2972; x_wconf 52' lang='lat' dir='ltr'>i</span> 
     </span>
     <span class='ocr_line' id='line_1_76' title="bbox 381 2979 1461 3039; baseline 0.007 -26"><span class='ocrx_word' id='word_1_477' title='bbox 381 2980 599 3016; x_wconf 87' lang='lat' dir='ltr'>concubitus</span> <span class='ocrx_word' id='word_1_478' title='bbox 642 2990 728 3018; x_wconf 89' lang='lat' dir='ltr'>sunt</span> <span class='ocrx_word' id='word_1_479' title='bbox 770 2983 941 3019; x_wconf 89' lang='lat' dir='ltr'>diversae</span> <span class='ocrx_word' id='word_1_480' title='bbox 987 2984 1131 3031; x_wconf 87' lang='lat' dir='ltr'>species</span> <span class='ocrx_word' id='word_1_481' title='bbox 1174 2979 1461 3039; x_wconf 50' lang='lat' dir='ltr'>peccatorum.}</span> 
     </span>
     <span class='ocr_line' id='line_1_77' title="bbox 1460 3037 2552 3091; baseline 0.006 -18"><span class='ocrx_word' id='word_1_482' title='bbox 1460 3079 1461 3091; x_wconf 21' lang='grc' dir='ltr'>ἦ</span> <span class='ocrx_word' id='word_1_483' title='bbox 1489 3038 1538 3074; x_wconf 92' lang='lat' dir='ltr'>Et</span> <span class='ocrx_word' id='word_1_484' title='bbox 1566 3037 1652 3074; x_wconf 91' lang='lat' dir='ltr'>ideo</span> <span class='ocrx_word' id='word_1_485' title='bbox 1682 3040 1893 3075; x_wconf 88' lang='lat' dir='ltr'>secundum</span> <span class='ocrx_word' id='word_1_486' title='bbox 1923 3039 2113 3077; x_wconf 88' lang='lat' dir='ltr'>diversam</span> <span class='ocrx_word' id='word_1_487' title='bbox 2134 3041 2320 3078; x_wconf 90' lang='lat' dir='ltr'>rationem</span> <span class='ocrx_word' id='word_1_488' title='bbox 2349 3043 2552 3080; x_wconf 85' lang='lat' dir='ltr'>sanctitatis</span> 
     </span>
    </p>
   </div>
   <div class='ocr_carea' id='block_1_26' title="bbox 380 3031 1434 3139">
    <p class='ocr_par' dir='ltr' id='par_1_32' title="bbox 380 3031 1434 3139">
     <span class='ocr_line' id='line_1_78' title="bbox 380 3031 1433 3085; baseline 0.008 -19"><span class='ocrx_word' id='word_1_489' title='bbox 380 3031 480 3077; x_wconf 84' lang='lat' dir='ltr'>Ergo</span> <span class='ocrx_word' id='word_1_490' title='bbox 510 3045 586 3069; x_wconf 89' lang='lat' dir='ltr'>non</span> <span class='ocrx_word' id='word_1_491' title='bbox 614 3043 771 3081; x_wconf 90' lang='lat' dir='ltr'>possunt</span> <span class='ocrx_word' id='word_1_492' title='bbox 791 3036 995 3072; x_wconf 87' lang='lat' dir='ltr'>convenire</span> <span class='ocrx_word' id='word_1_493' title='bbox 1017 3037 1053 3072; x_wconf 92' lang='lat' dir='ltr'>in</span> <span class='ocrx_word' id='word_1_494' title='bbox 1076 3050 1153 3073; x_wconf 90' lang='lat' dir='ltr'>una</span> <span class='ocrx_word' id='word_1_495' title='bbox 1174 3037 1298 3085; x_wconf 89' lang='lat' dir='ltr'>specie</span> <span class='ocrx_word' id='word_1_496' title='bbox 1323 3037 1433 3074; x_wconf 89' lang='lat' dir='ltr'>sacri-</span> 
     </span>
     <span class='ocr_line' id='line_1_79' title="bbox 381 3084 1434 3139; baseline 0.009 -21"><span class='ocrx_word' id='word_1_497' title='bbox 381 3084 475 3129; x_wconf 89' lang='lat' dir='ltr'>legii.</span> <span class='ocrx_word' id='word_1_498' title='bbox 506 3086 553 3120; x_wconf 87' lang='lat' dir='ltr'>Et</span> <span class='ocrx_word' id='word_1_499' title='bbox 572 3085 621 3121; x_wconf 90' lang='lat' dir='ltr'>ita</span> <span class='ocrx_word' id='word_1_500' title='bbox 638 3087 787 3123; x_wconf 89' lang='lat' dir='ltr'>videtur</span> <span class='ocrx_word' id='word_1_501' title='bbox 807 3089 909 3136; x_wconf 90' lang='lat' dir='ltr'>quod</span> <span class='ocrx_word' id='word_1_502' title='bbox 939 3089 1118 3137; x_wconf 87' lang='lat' dir='ltr'>sacrilegii</span> <span class='ocrx_word' id='word_1_503' title='bbox 1138 3091 1282 3139; x_wconf 90' lang='lat' dir='ltr'>species</span> <span class='ocrx_word' id='word_1_504' title='bbox 1308 3091 1434 3127; x_wconf 90' lang='lat' dir='ltr'>distin—</span> 
     </span>
    </p>
   </div>
   <div class='ocr_carea' id='block_1_27' title="bbox 383 3137 1461 3192">
    <p class='ocr_par' dir='ltr' id='par_1_33' title="bbox 383 3137 1461 3192">
     <span class='ocr_line' id='line_1_80' title="bbox 383 3137 1461 3192; baseline 0.01 -22"><span class='ocrx_word' id='word_1_505' title='bbox 383 3144 542 3182; x_wconf 87' lang='lat' dir='ltr'>guantur</span> <span class='ocrx_word' id='word_1_506' title='bbox 570 3137 778 3175; x_wconf 88' lang='lat' dir='ltr'>secundum</span> <span class='ocrx_word' id='word_1_507' title='bbox 799 3141 965 3177; x_wconf 89' lang='lat' dir='ltr'>diversas</span> <span class='ocrx_word' id='word_1_508' title='bbox 995 3143 1138 3190; x_wconf 91' lang='lat' dir='ltr'>species</span> <span class='ocrx_word' id='word_1_509' title='bbox 1166 3143 1326 3180; x_wconf 87' lang='lat' dir='ltr'>aliorum</span> <span class='ocrx_word' id='word_1_510' title='bbox 1346 3156 1433 3192; x_wconf 86' lang='lat' dir='ltr'>pec·</span> <span class='ocrx_word' id='word_1_511' title='bbox 1459 3158 1461 3165; x_wconf 69' lang='lat'><strong><em>⁴</em></strong></span> 
     </span>
    </p>
   </div>
   <div class='ocr_carea' id='block_1_28' title="bbox 383 3194 1432 3278">
    <p class='ocr_par' dir='ltr' id='par_1_34' title="bbox 383 3194 1432 3278">
     <span class='ocr_line' id='line_1_81' title="bbox 385 3194 1432 3236; baseline 0.011 -13"><span class='ocrx_word' id='word_1_512' title='bbox 385 3196 575 3236; x_wconf 77' lang='lat' dir='ltr'>catorum,</span> <span class='ocrx_word' id='word_1_513' title='bbox 606 3198 641 3226; x_wconf 91' lang='lat' dir='ltr'>et</span> <span class='ocrx_word' id='word_1_514' title='bbox 669 3204 745 3227; x_wconf 91' lang='lat' dir='ltr'>non</span> <span class='ocrx_word' id='word_1_515' title='bbox 775 3194 983 3230; x_wconf 87' lang='lat' dir='ltr'>secundum</span> <span class='ocrx_word' id='word_1_516' title='bbox 1024 3195 1277 3233; x_wconf 89' lang='lat' dir='ltr'>diversitatem</span> <span class='ocrx_word' id='word_1_517' title='bbox 1306 3209 1432 3234; x_wconf 88' lang='lat' dir='ltr'>rerum</span> 
     </span>
     <span class='ocr_line' id='line_1_82' title="bbox 383 3253 584 3278; baseline 0.005 -1"><span class='ocrx_word' id='word_1_518' title='bbox 383 3253 584 3278; x_wconf 88' lang='lat' dir='ltr'>sacrarum.</span> 
     </span>
    </p>
   </div>
   <div class='ocr_carea' id='block_1_29' title="bbox 384 3400 1433 3506">
    <p class='ocr_par' dir='ltr' id='par_1_35' title="bbox 384 3400 1433 3506">
     <span class='ocr_line' id='line_1_83' title="bbox 384 3400 1433 3454; baseline 0.01 -20"><span class='ocrx_word' id='word_1_519' title='bbox 384 3400 561 3447; x_wconf 88' lang='lat' dir='ltr'>sacrilegii</span> <span class='ocrx_word' id='word_1_520' title='bbox 595 3410 691 3438; x_wconf 89' lang='lat' dir='ltr'>esset</span> <span class='ocrx_word' id='word_1_521' title='bbox 723 3415 798 3449; x_wconf 90' lang='lat' dir='ltr'>qua</span> <span class='ocrx_word' id='word_1_522' title='bbox 826 3403 987 3440; x_wconf 88' lang='lat' dir='ltr'>violatur</span> <span class='ocrx_word' id='word_1_523' title='bbox 1023 3416 1186 3452; x_wconf 89' lang='lat' dir='ltr'>persona</span> <span class='ocrx_word' id='word_1_524' title='bbox 1223 3419 1346 3454; x_wconf 87' lang='lat' dir='ltr'>sacra,</span> <span class='ocrx_word' id='word_1_525' title='bbox 1377 3421 1433 3445; x_wconf 91' lang='lat' dir='ltr'>se-</span> 
     </span>
     <span class='ocr_line' id='line_1_84' title="bbox 384 3455 1433 3506; baseline 0.011 -20"><span class='ocrx_word' id='word_1_526' title='bbox 384 3460 559 3497; x_wconf 87' lang='lat' dir='ltr'>queretur</span> <span class='ocrx_word' id='word_1_527' title='bbox 586 3455 688 3501; x_wconf 91' lang='lat' dir='ltr'>quod</span> <span class='ocrx_word' id='word_1_528' title='bbox 713 3467 826 3492; x_wconf 90' lang='lat' dir='ltr'>omne</span> <span class='ocrx_word' id='word_1_529' title='bbox 846 3464 1044 3504; x_wconf 89' lang='lat' dir='ltr'>peccatum</span> <span class='ocrx_word' id='word_1_530' title='bbox 1072 3458 1175 3505; x_wconf 90' lang='lat' dir='ltr'>quod</span> <span class='ocrx_word' id='word_1_531' title='bbox 1195 3471 1357 3506; x_wconf 89' lang='lat' dir='ltr'>persona</span> <span class='ocrx_word' id='word_1_532' title='bbox 1377 3474 1433 3498; x_wconf 90' lang='lat' dir='ltr'>sa-</span> 
     </span>
    </p>
   </div>
   <div class='ocr_carea' id='block_1_30' title="bbox 437 3573 1307 3639">
    <p class='ocr_par' dir='ltr' id='par_1_36' title="bbox 437 3573 1307 3639">
     <span class='ocr_line' id='line_1_85' title="bbox 437 3573 1307 3612; baseline 0.013 -17"><span class='ocrx_word' id='word_1_533' title='bbox 437 3573 463 3603; x_wconf 90' lang='grc' dir='ltr'>α)</span> <span class='ocrx_word' id='word_1_534' title='bbox 483 3576 568 3597; x_wconf 83' lang='lat' dir='ltr'>tamen</span> <span class='ocrx_word' id='word_1_535' title='bbox 587 3575 670 3605; x_wconf 79' lang='lat' dir='ltr'>specie</span> <span class='ocrx_word' id='word_1_536' title='bbox 688 3575 822 3608; x_wconf 79' lang='lat' dir='ltr'>differant.</span> <span class='ocrx_word' id='word_1_537' title='bbox 835 3591 853 3595; x_wconf 89' lang='lat'>—</span> <span class='ocrx_word' id='word_1_538' title='bbox 870 3585 928 3602; x_wconf 85' lang='lat' dir='ltr'>cum</span> <span class='ocrx_word' id='word_1_539' title='bbox 948 3578 996 3603; x_wconf 84' lang='lat' dir='ltr'>hoc</span> <span class='ocrx_word' id='word_1_540' title='bbox 1015 3579 1140 3612; x_wconf 58' lang='lat' dir='ltr'>differant</span> <span class='ocrx_word' id='word_1_541' title='bbox 1159 3581 1242 3612; x_wconf 84' lang='lat' dir='ltr'>specie</span> <span class='ocrx_word' id='word_1_542' title='bbox 1261 3582 1307 3607; x_wconf 84' lang='lat' dir='ltr'>Pa.</span> 
     </span>
     <span class='ocr_line' id='line_1_86' title="bbox 438 3606 740 3639; baseline 0.013 -9"><span class='ocrx_word' id='word_1_543' title='bbox 438 3606 461 3639; x_wconf 65' lang='grc' dir='ltr'>β)</span> <span class='ocrx_word' id='word_1_544' title='bbox 481 3608 598 3632; x_wconf 78' lang='lat' dir='ltr'>etiam.—</span> <span class='ocrx_word' id='word_1_545' title='bbox 616 3609 676 3634; x_wconf 87' lang='lat' dir='ltr'>Om.</span> <span class='ocrx_word' id='word_1_546' title='bbox 696 3610 740 3634; x_wconf 83' lang='lat' dir='ltr'>Pa.</span> 
     </span>
    </p>
   </div>
   <div class='ocr_carea' id='block_1_31' title="bbox 378 2345 2550 2873">
    <p class='ocr_par' dir='ltr' id='par_1_37' title="bbox 378 2345 2550 2873">
     <span class='ocr_line' id='line_1_87' title="bbox 424 2345 1433 2409; baseline 0.005 -31"><span class='ocrx_word' id='word_1_547' title='bbox 424 2362 467 2379; x_wconf 29' lang='lat' dir='ltr'>a»</span> <span class='ocrx_word' id='word_1_548' title='bbox 504 2368 560 2409; x_wconf 49' lang='lat' dir='ltr'>a«</span> <span class='ocrx_word' id='word_1_549' title='bbox 585 2357 606 2381; x_wconf 90' lang='lat' dir='ltr'>D</span> <span class='ocrx_word' id='word_1_550' title='bbox 621 2357 779 2382; x_wconf 82' lang='lat' dir='ltr'>TERTIUM</span> <span class='ocrx_word' id='word_1_551' title='bbox 795 2358 847 2382; x_wconf 80' lang='lat' dir='ltr'>Slc</span> <span class='ocrx_word' id='word_1_552' title='bbox 863 2357 1093 2383; x_wconf 79' lang='lat' dir='ltr'>PROCEmTUR</span> <span class='ocrx_word' id='word_1_553' title='bbox 1106 2345 1137 2382; x_wconf 68' lang='lat'>²¹⁵.</span> <span class='ocrx_word' id='word_1_554' title='bbox 1154 2346 1313 2383; x_wconf 89' lang='lat' dir='ltr'>Videtur</span> <span class='ocrx_word' id='word_1_555' title='bbox 1328 2346 1433 2395; x_wconf 89' lang='lat' dir='ltr'>quod</span> 
     </span>
     <span class='ocr_line' id='line_1_88' title="bbox 544 2397 1461 2447; baseline 0.002 -13"><span class='ocrx_word' id='word_1_556' title='bbox 544 2397 550 2403; x_wconf 69' lang='grc'><strong>“</strong></span> <span class='ocrx_word' id='word_1_557' title='bbox 586 2398 729 2447; x_wconf 87' lang='lat' dir='ltr'>species</span> <span class='ocrx_word' id='word_1_558' title='bbox 758 2399 939 2446; x_wconf 90' lang='lat' dir='ltr'>sacrilegii</span> <span class='ocrx_word' id='word_1_559' title='bbox 970 2411 1046 2436; x_wconf 93' lang='lat' dir='ltr'>non</span> <span class='ocrx_word' id='word_1_560' title='bbox 1077 2399 1350 2446; x_wconf 87' lang='lat' dir='ltr'>distinguantur</span> <span class='ocrx_word' id='word_1_561' title='bbox 1377 2412 1434 2436; x_wconf 90' lang='lat' dir='ltr'>se·</span> <span class='ocrx_word' id='word_1_562' title='bbox 1459 2409 1461 2446; x_wconf 59' lang='grc' dir='ltr'>ᾗ</span> 
     </span>
     <span class='ocr_line' id='line_1_89' title="bbox 549 2452 1461 2499; baseline 0.001 -12"><span class='ocrx_word' id='word_1_563' title='bbox 549 2496 551 2499; x_wconf 12' lang='grc' dir='ltr'>ι</span> <span class='ocrx_word' id='word_1_564' title='bbox 586 2452 752 2488; x_wconf 88' lang='lat' dir='ltr'>cundum</span> <span class='ocrx_word' id='word_1_565' title='bbox 775 2465 832 2488; x_wconf 89' lang='lat' dir='ltr'>res</span> <span class='ocrx_word' id='word_1_566' title='bbox 854 2465 990 2488; x_wconf 88' lang='lat' dir='ltr'>sacras.</span> <span class='ocrx_word' id='word_1_567' title='bbox 1021 2452 1226 2489; x_wconf 88' lang='lat' dir='ltr'>Materialis</span> <span class='ocrx_word' id='word_1_568' title='bbox 1247 2453 1348 2489; x_wconf 91' lang='lat' dir='ltr'>enim</span> <span class='ocrx_word' id='word_1_569' title='bbox 1379 2453 1432 2490; x_wconf 90' lang='lat' dir='ltr'>di·</span> <span class='ocrx_word' id='word_1_570' title='bbox 1459 2452 1461 2488; x_wconf 67' lang='lat' dir='ltr'><strong>f</strong></span> 
     </span>
     <span class='ocr_line' id='line_1_90' title="bbox 474 2495 1461 2554; baseline 0.002 -14"><span class='ocrx_word' id='word_1_571' title='bbox 474 2497 527 2544; x_wconf 65' lang='lat'><strong><em>⁹</em></strong></span> <span class='ocrx_word' id='word_1_572' title='bbox 542 2495 740 2541; x_wconf 77' lang='lat' dir='ltr'>versitas</span> <span class='ocrx_word' id='word_1_573' title='bbox 770 2517 846 2541; x_wconf 92' lang='lat' dir='ltr'>non</span> <span class='ocrx_word' id='word_1_574' title='bbox 868 2506 1098 2542; x_wconf 86' lang='lat' dir='ltr'>diversificat</span> <span class='ocrx_word' id='word_1_575' title='bbox 1119 2506 1298 2554; x_wconf 87' lang='lat' dir='ltr'>speciem,</span> <span class='ocrx_word' id='word_1_576' title='bbox 1330 2505 1359 2542; x_wconf 93' lang='lat' dir='ltr'>si</span> <span class='ocrx_word' id='word_1_577' title='bbox 1389 2507 1434 2543; x_wconf 91' lang='lat' dir='ltr'>sit</span> <span class='ocrx_word' id='word_1_578' title='bbox 1459 2511 1461 2521; x_wconf 80' lang='lat'>²</span> 
     </span>
     <span class='ocr_line' id='line_1_91' title="bbox 379 2555 1461 2607; baseline 0.006 -17"><span class='ocrx_word' id='word_1_579' title='bbox 379 2555 512 2591; x_wconf 90' lang='lat' dir='ltr'>eadem</span> <span class='ocrx_word' id='word_1_580' title='bbox 541 2558 632 2593; x_wconf 89' lang='lat' dir='ltr'>ratio</span> <span class='ocrx_word' id='word_1_581' title='bbox 654 2558 828 2594; x_wconf 89' lang='lat' dir='ltr'>formalis.</span> <span class='ocrx_word' id='word_1_582' title='bbox 860 2559 935 2596; x_wconf 89' lang='lat' dir='ltr'>Sed</span> <span class='ocrx_word' id='word_1_583' title='bbox 965 2559 1001 2595; x_wconf 91' lang='lat' dir='ltr'>in</span> <span class='ocrx_word' id='word_1_584' title='bbox 1021 2559 1227 2595; x_wconf 90' lang='lat' dir='ltr'>violatione</span> <span class='ocrx_word' id='word_1_585' title='bbox 1253 2572 1432 2607; x_wconf 90' lang='lat' dir='ltr'>quarum·</span> <span class='ocrx_word' id='word_1_586' title='bbox 1459 2560 1461 2576; x_wconf 71' lang='lat'><strong>³</strong></span> 
     </span>
     <span class='ocr_line' id='line_1_92' title="bbox 1487 2613 2550 2660; baseline 0.007 -12.795"><span class='ocrx_word' id='word_1_587' title='bbox 1487 2620 1651 2660; x_wconf 88' lang='lat' dir='ltr'>guuntur</span> <span class='ocrx_word' id='word_1_588' title='bbox 1679 2613 1890 2650; x_wconf 89' lang='lat' dir='ltr'>secundum</span> <span class='ocrx_word' id='word_1_589' title='bbox 1912 2614 2071 2651; x_wconf 90' lang='lat' dir='ltr'>obiecta.</span> <span class='ocrx_word' id='word_1_590' title='bbox 2103 2615 2180 2652; x_wconf 91' lang='lat' dir='ltr'>Sed</span> <span class='ocrx_word' id='word_1_591' title='bbox 2201 2628 2259 2652; x_wconf 90' lang='lat' dir='ltr'>res</span> <span class='ocrx_word' id='word_1_592' title='bbox 2279 2629 2385 2654; x_wconf 90' lang='lat' dir='ltr'>sacra</span> <span class='ocrx_word' id='word_1_593' title='bbox 2406 2625 2462 2654; x_wconf 91' lang='lat' dir='ltr'>est</span> <span class='ocrx_word' id='word_1_594' title='bbox 2481 2618 2550 2655; x_wconf 92' lang='lat' dir='ltr'>ob-</span> 
     </span>
     <span class='ocr_line' id='line_1_93' title="bbox 378 2661 1461 2712; baseline 0.006 -16"><span class='ocrx_word' id='word_1_595' title='bbox 378 2661 428 2697; x_wconf 92' lang='lat' dir='ltr'>tio</span> <span class='ocrx_word' id='word_1_596' title='bbox 458 2661 624 2699; x_wconf 84' lang='lat' dir='ltr'>formalis</span> <span class='ocrx_word' id='word_1_597' title='bbox 651 2664 814 2712; x_wconf 90' lang='lat' dir='ltr'>peccati,</span> <span class='ocrx_word' id='word_1_598' title='bbox 846 2673 879 2700; x_wconf 91' lang='lat' dir='ltr'>et</span> <span class='ocrx_word' id='word_1_599' title='bbox 909 2666 1013 2712; x_wconf 91' lang='lat' dir='ltr'>quod</span> <span class='ocrx_word' id='word_1_600' title='bbox 1049 2678 1125 2702; x_wconf 92' lang='lat' dir='ltr'>non</span> <span class='ocrx_word' id='word_1_601' title='bbox 1155 2665 1200 2701; x_wconf 89' lang='lat' dir='ltr'>sit</span> <span class='ocrx_word' id='word_1_602' title='bbox 1239 2665 1434 2702; x_wconf 89' lang='lat' dir='ltr'>diversitas</span> <span class='ocrx_word' id='word_1_603' title='bbox 1460 2690 1461 2701; x_wconf 38' lang='lat' dir='ltr'>l</span> 
     </span>
     <span class='ocr_line' id='line_1_94' title="bbox 379 2713 1461 2766; baseline 0.006 -17"><span class='ocrx_word' id='word_1_604' title='bbox 379 2713 446 2750; x_wconf 91' lang='lat' dir='ltr'>nisi</span> <span class='ocrx_word' id='word_1_605' title='bbox 468 2716 678 2754; x_wconf 85' lang='lat' dir='ltr'>materialis.</span> <span class='ocrx_word' id='word_1_606' title='bbox 711 2718 809 2765; x_wconf 87' lang='lat' dir='ltr'>Ergo</span> <span class='ocrx_word' id='word_1_607' title='bbox 830 2730 898 2766; x_wconf 89' lang='lat' dir='ltr'>per</span> <span class='ocrx_word' id='word_1_608' title='bbox 925 2719 999 2755; x_wconf 93' lang='lat' dir='ltr'>hoc</span> <span class='ocrx_word' id='word_1_609' title='bbox 1024 2731 1101 2755; x_wconf 91' lang='lat' dir='ltr'>non</span> <span class='ocrx_word' id='word_1_610' title='bbox 1131 2718 1434 2755; x_wconf 89' lang='lat' dir='ltr'>diversificantur</span> <span class='ocrx_word' id='word_1_611' title='bbox 1460 2724 1461 2734; x_wconf 65' lang='lat'>³</span> 
     </span>
     <span class='ocr_line' id='line_1_95' title="bbox 1459 2784 1807 2815; baseline 0.003 -7"><span class='ocrx_word' id='word_1_612' title='bbox 1459 2802 1461 2815; x_wconf 58' lang='lat'>,</span> <span class='ocrx_word' id='word_1_613' title='bbox 1488 2784 1574 2808; x_wconf 89' lang='lat' dir='ltr'>rum</span> <span class='ocrx_word' id='word_1_614' title='bbox 1603 2784 1807 2809; x_wconf 89' lang='lat' dir='ltr'>sacrarum.</span> 
     </span>
     <span class='ocr_line' id='line_1_96' title="bbox 433 2821 1434 2873; baseline 0.005 -17"><span class='ocrx_word' id='word_1_615' title='bbox 433 2831 466 2856; x_wconf 86' lang='lat'>2.</span> <span class='ocrx_word' id='word_1_616' title='bbox 497 2821 728 2869; x_wconf 79' lang='lat' dir='ltr'>PRAETEREA,</span> <span class='ocrx_word' id='word_1_617' title='bbox 758 2836 834 2860; x_wconf 93' lang='lat' dir='ltr'>non</span> <span class='ocrx_word' id='word_1_618' title='bbox 854 2824 1005 2860; x_wconf 89' lang='lat' dir='ltr'>videtur</span> <span class='ocrx_word' id='word_1_619' title='bbox 1026 2837 1107 2861; x_wconf 90' lang='lat' dir='ltr'>esse</span> <span class='ocrx_word' id='word_1_620' title='bbox 1128 2824 1307 2873; x_wconf 89' lang='lat' dir='ltr'>possibile</span> <span class='ocrx_word' id='word_1_621' title='bbox 1328 2824 1434 2872; x_wconf 92' lang='lat' dir='ltr'>quod</span> 
     </span>
    </p>
   </div>
   <div class='ocr_carea' id='block_1_32' title="bbox 1458 2657 1464 3371">
    <p class='ocr_par' dir='ltr' id='par_1_38' title="bbox 1458 2657 1464 3371">
     <span class='ocr_line' id='line_1_97' title="bbox 1458 2657 1464 3371; baseline 0 0"><span class='ocrx_word' id='word_1_622' title='bbox 1458 2657 1464 3371; x_wconf 95' lang='lat' dir='ltr'> </span> 
     </span>
    </p>
   </div>
   <div class='ocr_carea' id='block_1_33' title="bbox 1487 2347 2552 2609">
    <p class='ocr_par' dir='ltr' id='par_1_39' title="bbox 1487 2347 2552 2543">
     <span class='ocr_line' id='line_1_98' title="bbox 1491 2347 2552 2401; baseline 0.008 -19"><span class='ocrx_word' id='word_1_623' title='bbox 1491 2359 1553 2383; x_wconf 91' lang='lat' dir='ltr'>cra</span> <span class='ocrx_word' id='word_1_624' title='bbox 1575 2347 1776 2383; x_wconf 90' lang='lat' dir='ltr'>committit</span> <span class='ocrx_word' id='word_1_625' title='bbox 1794 2352 1809 2375; x_wconf 73' lang='grc' dir='ltr'>Υ</span> <span class='ocrx_word' id='word_1_626' title='bbox 1831 2356 1928 2384; x_wconf 93' lang='lat' dir='ltr'>esset</span> <span class='ocrx_word' id='word_1_627' title='bbox 1946 2349 2205 2397; x_wconf 88' lang='lat' dir='ltr'>sacrilegium:</span> <span class='ocrx_word' id='word_1_628' title='bbox 2236 2350 2325 2399; x_wconf 90' lang='lat' dir='ltr'>quia</span> <span class='ocrx_word' id='word_1_629' title='bbox 2343 2364 2413 2400; x_wconf 90' lang='lat' dir='ltr'>per</span> <span class='ocrx_word' id='word_1_630' title='bbox 2432 2354 2552 2401; x_wconf 90' lang='lat' dir='ltr'>quod-</span> 
     </span>
     <span class='ocr_line' id='line_1_99' title="bbox 1487 2400 2552 2453; baseline 0.008 -18"><span class='ocrx_word' id='word_1_631' title='bbox 1487 2400 1578 2436; x_wconf 92' lang='lat' dir='ltr'>libet</span> <span class='ocrx_word' id='word_1_632' title='bbox 1605 2408 1804 2448; x_wconf 90' lang='lat' dir='ltr'>peccatum</span> <span class='ocrx_word' id='word_1_633' title='bbox 1834 2401 1998 2438; x_wconf 89' lang='lat' dir='ltr'>violatur</span> <span class='ocrx_word' id='word_1_634' title='bbox 2025 2414 2190 2451; x_wconf 89' lang='lat' dir='ltr'>persona</span> <span class='ocrx_word' id='word_1_635' title='bbox 2218 2405 2421 2453; x_wconf 89' lang='lat' dir='ltr'>peccantis.</span> <span class='ocrx_word' id='word_1_636' title='bbox 2461 2406 2552 2445; x_wconf 92' lang='lat' dir='ltr'>Non</span> 
     </span>
     <span class='ocr_line' id='line_1_100' title="bbox 1489 2453 2552 2504; baseline 0.008 -16"><span class='ocrx_word' id='word_1_637' title='bbox 1489 2465 1577 2501; x_wconf 86' lang='lat' dir='ltr'>ergo</span> <span class='ocrx_word' id='word_1_638' title='bbox 1607 2453 1752 2502; x_wconf 89' lang='lat' dir='ltr'>species</span> <span class='ocrx_word' id='word_1_639' title='bbox 1781 2453 1961 2502; x_wconf 88' lang='lat' dir='ltr'>sacrilegii</span> <span class='ocrx_word' id='word_1_640' title='bbox 1989 2455 2223 2504; x_wconf 86' lang='lat' dir='ltr'>accipiuntur</span> <span class='ocrx_word' id='word_1_641' title='bbox 2251 2458 2463 2495; x_wconf 90' lang='lat' dir='ltr'>secundum</span> <span class='ocrx_word' id='word_1_642' title='bbox 2492 2472 2552 2497; x_wconf 90' lang='lat' dir='ltr'>res</span> 
     </span>
     <span class='ocr_line' id='line_1_101' title="bbox 1488 2519 1625 2543; baseline 0 -1"><span class='ocrx_word' id='word_1_643' title='bbox 1488 2519 1625 2543; x_wconf 87' lang='lat' dir='ltr'>sacras.</span> 
     </span>
    </p>

    <p class='ocr_par' dir='ltr' id='par_1_40' title="bbox 1517 2560 2551 2609">
     <span class='ocr_line' id='line_1_102' title="bbox 1517 2560 2551 2609; baseline 0.008 -15"><span class='ocrx_word' id='word_1_644' title='bbox 1517 2560 1617 2596; x_wconf 58' lang='lat' dir='ltr'>„SED</span> <span class='ocrx_word' id='word_1_645' title='bbox 1646 2571 1792 2596; x_wconf 79' lang='lat' dir='ltr'>CONTRA</span> <span class='ocrx_word' id='word_1_646' title='bbox 1820 2572 1886 2597; x_wconf 84' lang='lat' dir='ltr'>EST</span> <span class='ocrx_word' id='word_1_647' title='bbox 1914 2561 2019 2609; x_wconf 92' lang='lat' dir='ltr'>quod</span> <span class='ocrx_word' id='word_1_648' title='bbox 2048 2569 2152 2598; x_wconf 90' lang='lat' dir='ltr'>actus</span> <span class='ocrx_word' id='word_1_649' title='bbox 2182 2571 2218 2599; x_wconf 90' lang='lat' dir='ltr'>et</span> <span class='ocrx_word' id='word_1_650' title='bbox 2245 2563 2395 2600; x_wconf 90' lang='lat' dir='ltr'>habitus</span> <span class='ocrx_word' id='word_1_651' title='bbox 2425 2564 2551 2602; x_wconf 88' lang='lat' dir='ltr'>distin-</span> 
     </span>
    </p>
   </div>
   <div class='ocr_carea' id='block_1_34' title="bbox 1488 2665 2589 2767">
    <p class='ocr_par' dir='ltr' id='par_1_41' title="bbox 1488 2665 2589 2767">
     <span class='ocr_line' id='line_1_103' title="bbox 1488 2665 2589 2719; baseline 0.007 -19"><span class='ocrx_word' id='word_1_652' title='bbox 1488 2665 1626 2701; x_wconf 90' lang='lat' dir='ltr'>iectum</span> <span class='ocrx_word' id='word_1_653' title='bbox 1657 2666 1852 2714; x_wconf 86' lang='lat' dir='ltr'>sacrilegii,</span> <span class='ocrx_word' id='word_1_654' title='bbox 1883 2675 1924 2703; x_wconf 89' lang='lat' dir='ltr'>ut</span> <span class='ocrx_word' id='word_1_655' title='bbox 1952 2667 2094 2704; x_wconf 89' lang='lat' dir='ltr'>dictum</span> <span class='ocrx_word' id='word_1_656' title='bbox 2123 2677 2178 2705; x_wconf 91' lang='lat' dir='ltr'>est</span> <span class='ocrx_word' id='word_1_657' title='bbox 2207 2669 2239 2706; x_wconf 66' lang='lat'>⁸.</span> <span class='ocrx_word' id='word_1_658' title='bbox 2269 2670 2371 2718; x_wconf 87' lang='lat' dir='ltr'>Ergo</span> <span class='ocrx_word' id='word_1_659' title='bbox 2406 2670 2551 2719; x_wconf 91' lang='lat' dir='ltr'>species</span> <span class='ocrx_word' id='word_1_660' title='bbox 2578 2681 2589 2692; x_wconf 89' lang='lat'><strong>·</strong></span> 
     </span>
     <span class='ocr_line' id='line_1_104' title="bbox 1488 2718 2552 2767; baseline 0.008 -13"><span class='ocrx_word' id='word_1_661' title='bbox 1488 2718 1670 2766; x_wconf 87' lang='lat' dir='ltr'>sacrilegii</span> <span class='ocrx_word' id='word_1_662' title='bbox 1690 2718 1967 2767; x_wconf 88' lang='lat' dir='ltr'>distinguuntur</span> <span class='ocrx_word' id='word_1_663' title='bbox 1986 2721 2197 2758; x_wconf 90' lang='lat' dir='ltr'>secundum</span> <span class='ocrx_word' id='word_1_664' title='bbox 2219 2722 2467 2760; x_wconf 86' lang='lat' dir='ltr'>differentiam</span> <span class='ocrx_word' id='word_1_665' title='bbox 2495 2737 2552 2762; x_wconf 90' lang='lat' dir='ltr'>re—</span> 
     </span>
    </p>
   </div>
   <div class='ocr_carea' id='block_1_35' title="bbox 1488 2825 2552 3027">
    <p class='ocr_par' dir='ltr' id='par_1_42' title="bbox 1488 2825 2552 3027">
     <span class='ocr_line' id='line_1_105' title="bbox 1542 2825 2550 2876; baseline 0.006 -15"><span class='ocrx_word' id='word_1_666' title='bbox 1542 2825 1768 2862; x_wconf 74' lang='lat' dir='ltr'>REspoNDEO</span> <span class='ocrx_word' id='word_1_667' title='bbox 1797 2837 1981 2864; x_wconf 84' lang='lat' dir='ltr'>DlCENDUM</span> <span class='ocrx_word' id='word_1_668' title='bbox 2010 2827 2128 2875; x_wconf 90' lang='lat' dir='ltr'>quod,</span> <span class='ocrx_word' id='word_1_669' title='bbox 2150 2827 2244 2865; x_wconf 90' lang='lat' dir='ltr'>sicut</span> <span class='ocrx_word' id='word_1_670' title='bbox 2273 2828 2414 2866; x_wconf 90' lang='lat' dir='ltr'>dictum</span> <span class='ocrx_word' id='word_1_671' title='bbox 2445 2837 2500 2867; x_wconf 88' lang='lat' dir='ltr'>est</span> <span class='ocrx_word' id='word_1_672' title='bbox 2518 2829 2550 2876; x_wconf 68' lang='lat'>²⁸,</span> 
     </span>
     <span class='ocr_line' id='line_1_106' title="bbox 1488 2879 2551 2931; baseline 0.008 -18"><span class='ocrx_word' id='word_1_673' title='bbox 1488 2885 1688 2926; x_wconf 89' lang='lat' dir='ltr'>peccatum</span> <span class='ocrx_word' id='word_1_674' title='bbox 1718 2879 1899 2927; x_wconf 90' lang='lat' dir='ltr'>sacrilegii</span> <span class='ocrx_word' id='word_1_675' title='bbox 1928 2880 1965 2916; x_wconf 93' lang='lat' dir='ltr'>in</span> <span class='ocrx_word' id='word_1_676' title='bbox 1994 2881 2068 2917; x_wconf 93' lang='lat' dir='ltr'>hoc</span> <span class='ocrx_word' id='word_1_677' title='bbox 2098 2881 2265 2918; x_wconf 90' lang='lat' dir='ltr'>consistit</span> <span class='ocrx_word' id='word_1_678' title='bbox 2284 2882 2388 2931; x_wconf 93' lang='lat' dir='ltr'>quod</span> <span class='ocrx_word' id='word_1_679' title='bbox 2417 2883 2551 2931; x_wconf 87' lang='lat' dir='ltr'>aliquis</span> 
     </span>
     <span class='ocr_line' id='line_1_107' title="bbox 1490 2932 2552 2974; baseline 0.007 -7"><span class='ocrx_word' id='word_1_680' title='bbox 1490 2932 1737 2968; x_wconf 86' lang='lat' dir='ltr'>irreverenter</span> <span class='ocrx_word' id='word_1_681' title='bbox 1770 2944 1809 2968; x_wconf 89' lang='lat' dir='ltr'>se</span> <span class='ocrx_word' id='word_1_682' title='bbox 1838 2933 1953 2969; x_wconf 89' lang='lat' dir='ltr'>habet</span> <span class='ocrx_word' id='word_1_683' title='bbox 1981 2934 2029 2970; x_wconf 87' lang='lat' dir='ltr'>ad</span> <span class='ocrx_word' id='word_1_684' title='bbox 2067 2946 2147 2971; x_wconf 90' lang='lat' dir='ltr'>rem</span> <span class='ocrx_word' id='word_1_685' title='bbox 2184 2947 2343 2972; x_wconf 87' lang='lat' dir='ltr'>sacram.</span> <span class='ocrx_word' id='word_1_686' title='bbox 2381 2937 2552 2974; x_wconf 91' lang='lat' dir='ltr'>Debetur</span> 
     </span>
     <span class='ocr_line' id='line_1_108' title="bbox 1489 2985 2549 3027; baseline 0.007 -7"><span class='ocrx_word' id='word_1_687' title='bbox 1489 2992 1617 3021; x_wconf 88' lang='lat' dir='ltr'>autem</span> <span class='ocrx_word' id='word_1_688' title='bbox 1656 2985 1867 3022; x_wconf 87' lang='lat' dir='ltr'>reverentia</span> <span class='ocrx_word' id='word_1_689' title='bbox 1903 2986 1955 3023; x_wconf 90' lang='lat' dir='ltr'>rei</span> <span class='ocrx_word' id='word_1_690' title='bbox 1994 2999 2121 3024; x_wconf 91' lang='lat' dir='ltr'>sacrae</span> <span class='ocrx_word' id='word_1_691' title='bbox 2156 2987 2299 3025; x_wconf 89' lang='lat' dir='ltr'>ratione</span> <span class='ocrx_word' id='word_1_692' title='bbox 2336 2989 2549 3027; x_wconf 89' lang='lat' dir='ltr'>sanctitatis.</span> 
     </span>
    </p>
   </div>
   <div class='ocr_carea' id='block_1_36' title="bbox 1489 3092 2550 3249">
    <p class='ocr_par' dir='ltr' id='par_1_43' title="bbox 1489 3092 2550 3249">
     <span class='ocr_line' id='line_1_109' title="bbox 1489 3092 2550 3143; baseline 0.007 -17"><span class='ocrx_word' id='word_1_693' title='bbox 1489 3103 1616 3127; x_wconf 90' lang='lat' dir='ltr'>rerum</span> <span class='ocrx_word' id='word_1_694' title='bbox 1655 3103 1849 3128; x_wconf 90' lang='lat' dir='ltr'>sacrarum</span> <span class='ocrx_word' id='word_1_695' title='bbox 1883 3092 2021 3140; x_wconf 92' lang='lat' dir='ltr'>quibus</span> <span class='ocrx_word' id='word_1_696' title='bbox 2058 3093 2302 3131; x_wconf 88' lang='lat' dir='ltr'>irreverentia</span> <span class='ocrx_word' id='word_1_697' title='bbox 2335 3096 2550 3143; x_wconf 88' lang='lat' dir='ltr'>exhibetur,</span> 
     </span>
     <span class='ocr_line' id='line_1_110' title="bbox 1489 3145 2550 3196; baseline 0.006 -16"><span class='ocrx_word' id='word_1_698' title='bbox 1489 3156 1644 3181; x_wconf 90' lang='lat' dir='ltr'>necesse</span> <span class='ocrx_word' id='word_1_699' title='bbox 1674 3152 1730 3181; x_wconf 90' lang='lat' dir='ltr'>est</span> <span class='ocrx_word' id='word_1_700' title='bbox 1757 3145 1860 3194; x_wconf 92' lang='lat' dir='ltr'>quod</span> <span class='ocrx_word' id='word_1_701' title='bbox 1882 3146 2062 3194; x_wconf 89' lang='lat' dir='ltr'>sacrilegii</span> <span class='ocrx_word' id='word_1_702' title='bbox 2082 3147 2226 3195; x_wconf 91' lang='lat' dir='ltr'>species</span> <span class='ocrx_word' id='word_1_703' title='bbox 2256 3148 2550 3196; x_wconf 85' lang='lat' dir='ltr'>distinguantur:</span> 
     </span>
     <span class='ocr_line' id='line_1_111' title="bbox 1489 3195 2550 3249; baseline 0.006 -16"><span class='ocrx_word' id='word_1_704' title='bbox 1489 3205 1525 3233; x_wconf 92' lang='lat' dir='ltr'>et</span> <span class='ocrx_word' id='word_1_705' title='bbox 1552 3205 1656 3234; x_wconf 90' lang='lat' dir='ltr'>tanto</span> <span class='ocrx_word' id='word_1_706' title='bbox 1685 3195 1698 3219; x_wconf 80' lang='lat'>⁶</span> <span class='ocrx_word' id='word_1_707' title='bbox 1727 3198 1962 3246; x_wconf 86' lang='lat' dir='ltr'>sacrilegium</span> <span class='ocrx_word' id='word_1_708' title='bbox 1984 3207 2040 3236; x_wconf 90' lang='lat' dir='ltr'>est</span> <span class='ocrx_word' id='word_1_709' title='bbox 2058 3200 2210 3247; x_wconf 87' lang='lat' dir='ltr'>gravius</span> <span class='ocrx_word' id='word_1_710' title='bbox 2235 3209 2376 3249; x_wconf 89' lang='lat' dir='ltr'>quanto</span> <span class='ocrx_word' id='word_1_711' title='bbox 2406 3214 2465 3239; x_wconf 91' lang='lat' dir='ltr'>res</span> <span class='ocrx_word' id='word_1_712' title='bbox 2493 3214 2550 3238; x_wconf 90' lang='lat' dir='ltr'>sa-</span> 
     </span>
    </p>
   </div>
   <div class='ocr_carea' id='block_1_37' title="bbox 438 3251 2550 3343">
    <p class='ocr_par' dir='ltr' id='par_1_44' title="bbox 438 3251 2550 3343">
     <span class='ocr_line' id='line_1_112' title="bbox 777 3251 2550 3307; baseline 0.006 -25"><span class='ocrx_word' id='word_1_713' title='bbox 777 3297 783 3303; x_wconf 38' lang='lat'><strong>.</strong></span> <span class='ocrx_word' id='word_1_714' title='bbox 1459 3265 1461 3307; x_wconf 27' lang='grc' dir='ltr'>ᾗ</span> <span class='ocrx_word' id='word_1_715' title='bbox 1489 3262 1551 3286; x_wconf 84' lang='lat' dir='ltr'>cra</span> <span class='ocrx_word' id='word_1_716' title='bbox 1579 3251 1617 3287; x_wconf 93' lang='lat' dir='ltr'>in</span> <span class='ocrx_word' id='word_1_717' title='bbox 1654 3262 1770 3298; x_wconf 87' lang='lat' dir='ltr'>quam</span> <span class='ocrx_word' id='word_1_718' title='bbox 1802 3259 1982 3300; x_wconf 89' lang='lat' dir='ltr'>peccatur</span> <span class='ocrx_word' id='word_1_719' title='bbox 2017 3253 2202 3290; x_wconf 90' lang='lat' dir='ltr'>maiorem</span> <span class='ocrx_word' id='word_1_720' title='bbox 2238 3254 2384 3292; x_wconf 88' lang='lat' dir='ltr'>obtinet</span> <span class='ocrx_word' id='word_1_721' title='bbox 2416 3254 2550 3292; x_wconf 88' lang='lat' dir='ltr'>sancti-</span> 
     </span>
     <span class='ocr_line' id='line_1_113' title="bbox 438 3295 1461 3343; baseline 0.011 -13"><span class='ocrx_word' id='word_1_722' title='bbox 438 3295 471 3330; x_wconf 82' lang='lat'>3.</span> <span class='ocrx_word' id='word_1_723' title='bbox 506 3296 744 3343; x_wconf 80' lang='lat' dir='ltr'>PRAETEREA,</span> <span class='ocrx_word' id='word_1_724' title='bbox 775 3305 869 3333; x_wconf 87' lang='lat' dir='ltr'>mter</span> <span class='ocrx_word' id='word_1_725' title='bbox 907 3310 965 3334; x_wconf 89' lang='lat' dir='ltr'>res</span> <span class='ocrx_word' id='word_1_726' title='bbox 1003 3311 1126 3336; x_wconf 87' lang='lat' dir='ltr'>sacras</span> <span class='ocrx_word' id='word_1_727' title='bbox 1157 3313 1433 3339; x_wconf 88' lang='lat' dir='ltr'>connumeran-</span> <span class='ocrx_word' id='word_1_728' title='bbox 1460 3311 1461 3343; x_wconf 70' lang='lat' dir='ltr'>l</span> 
     </span>
    </p>
   </div>
   <div class='ocr_carea' id='block_1_38' title="bbox 383 3347 1461 3403">
    <p class='ocr_par' dir='ltr' id='par_1_45' title="bbox 383 3347 1461 3403">
     <span class='ocr_line' id='line_1_114' title="bbox 383 3347 1461 3403; baseline 0.01 -21"><span class='ocrx_word' id='word_1_729' title='bbox 383 3353 441 3382; x_wconf 88' lang='lat' dir='ltr'>tur</span> <span class='ocrx_word' id='word_1_730' title='bbox 470 3347 580 3384; x_wconf 87' lang='lat' dir='ltr'>etiam</span> <span class='ocrx_word' id='word_1_731' title='bbox 600 3347 615 3377; x_wconf 73' lang='grc' dir='ltr'><strong>β</strong></span> <span class='ocrx_word' id='word_1_732' title='bbox 634 3361 818 3396; x_wconf 89' lang='lat' dir='ltr'>personae</span> <span class='ocrx_word' id='word_1_733' title='bbox 847 3362 986 3387; x_wconf 89' lang='lat' dir='ltr'>sacrae.</span> <span class='ocrx_word' id='word_1_734' title='bbox 1018 3351 1057 3387; x_wconf 90' lang='lat' dir='ltr'>Si</span> <span class='ocrx_word' id='word_1_735' title='bbox 1077 3364 1165 3399; x_wconf 87' lang='lat' dir='ltr'>ergo</span> <span class='ocrx_word' id='word_1_736' title='bbox 1186 3366 1261 3390; x_wconf 89' lang='lat' dir='ltr'>una</span> <span class='ocrx_word' id='word_1_737' title='bbox 1290 3356 1433 3403; x_wconf 86' lang='lat' dir='ltr'>species</span> <span class='ocrx_word' id='word_1_738' title='bbox 1460 3373 1461 3395; x_wconf 65' lang='lat' dir='ltr'>i</span> 
     </span>
    </p>
   </div>
   <div class='ocr_carea' id='block_1_39' title="bbox 1488 3311 2548 3407">
    <p class='ocr_par' dir='ltr' id='par_1_46' title="bbox 1488 3311 2548 3407">
     <span class='ocr_line' id='line_1_115' title="bbox 1488 3311 1615 3340; baseline 0.008 -1"><span class='ocrx_word' id='word_1_739' title='bbox 1488 3311 1615 3340; x_wconf 89' lang='lat' dir='ltr'>tatem.</span> 
     </span>
     <span class='ocr_line' id='line_1_116' title="bbox 1540 3356 2548 3407; baseline 0.005 -15"><span class='ocrx_word' id='word_1_740' title='bbox 1540 3356 1762 3393; x_wconf 88' lang='lat' dir='ltr'>Attribuitur</span> <span class='ocrx_word' id='word_1_741' title='bbox 1790 3365 1918 3394; x_wconf 89' lang='lat' dir='ltr'>autem</span> <span class='ocrx_word' id='word_1_742' title='bbox 1947 3358 2121 3395; x_wconf 89' lang='lat' dir='ltr'>sanctitas</span> <span class='ocrx_word' id='word_1_743' title='bbox 2150 3366 2187 3396; x_wconf 90' lang='lat' dir='ltr'>et</span> <span class='ocrx_word' id='word_1_744' title='bbox 2213 3360 2386 3407; x_wconf 90' lang='lat' dir='ltr'>personis</span> <span class='ocrx_word' id='word_1_745' title='bbox 2414 3360 2548 3403; x_wconf 78' lang='lat' dir='ltr'>sacris,</span> 
     </span>
    </p>
   </div>
   <div class='ocr_carea' id='block_1_40' title="bbox 1460 3409 2550 3512">
    <p class='ocr_par' dir='ltr' id='par_1_47' title="bbox 1460 3409 2550 3512">
     <span class='ocr_line' id='line_1_117' title="bbox 1460 3409 2550 3462; baseline 0.005 -17"><span class='ocrx_word' id='word_1_746' title='bbox 1460 3417 1462 3462; x_wconf 54' lang='grc' dir='ltr'>ζ</span> <span class='ocrx_word' id='word_1_747' title='bbox 1489 3409 1584 3446; x_wconf 89' lang='lat' dir='ltr'>idest</span> <span class='ocrx_word' id='word_1_748' title='bbox 1612 3410 1741 3447; x_wconf 90' lang='lat' dir='ltr'>divino</span> <span class='ocrx_word' id='word_1_749' title='bbox 1781 3410 1893 3447; x_wconf 91' lang='lat' dir='ltr'>cultui</span> <span class='ocrx_word' id='word_1_750' title='bbox 1932 3411 2133 3457; x_wconf 89' lang='lat' dir='ltr'>dedicatis,</span> <span class='ocrx_word' id='word_1_751' title='bbox 2164 3419 2200 3449; x_wconf 92' lang='lat' dir='ltr'>et</span> <span class='ocrx_word' id='word_1_752' title='bbox 2226 3413 2319 3450; x_wconf 92' lang='lat' dir='ltr'>locis</span> <span class='ocrx_word' id='word_1_753' title='bbox 2347 3412 2483 3458; x_wconf 86' lang='lat' dir='ltr'>sacris,</span> <span class='ocrx_word' id='word_1_754' title='bbox 2514 3421 2550 3450; x_wconf 89' lang='lat' dir='ltr'>et</span> 
     </span>
     <span class='ocr_line' id='line_1_118' title="bbox 1461 3462 2547 3512; baseline 0.004 -14"><span class='ocrx_word' id='word_1_755' title='bbox 1461 3463 1602 3504; x_wconf 57' lang='lat' dir='ltr'>1rebus</span> <span class='ocrx_word' id='word_1_756' title='bbox 1639 3462 1869 3512; x_wconf 89' lang='lat' dir='ltr'>quibusdam</span> <span class='ocrx_word' id='word_1_757' title='bbox 1906 3463 1986 3501; x_wconf 91' lang='lat' dir='ltr'>aliis</span> <span class='ocrx_word' id='word_1_758' title='bbox 2024 3464 2149 3502; x_wconf 86' lang='lat' dir='ltr'>sacris.</span> <span class='ocrx_word' id='word_1_759' title='bbox 2195 3465 2380 3502; x_wconf 84' lang='lat' dir='ltr'>Sanctitas</span> <span class='ocrx_word' id='word_1_760' title='bbox 2421 3473 2547 3503; x_wconf 87' lang='lat' dir='ltr'>autem</span> 
     </span>
    </p>
   </div>
   <div class='ocr_carea' id='block_1_41' title="bbox 1539 3586 2342 3655">
    <p class='ocr_par' dir='ltr' id='par_1_48' title="bbox 1539 3586 2342 3655">
     <span class='ocr_line' id='line_1_119' title="bbox 1539 3586 2025 3618; baseline 0.006 -8"><span class='ocrx_word' id='word_1_761' title='bbox 1539 3586 1565 3618; x_wconf 79' lang='grc' dir='ltr'>γ)</span> <span class='ocrx_word' id='word_1_762' title='bbox 1585 3586 1735 3611; x_wconf 80' lang='lat' dir='ltr'>committit.</span> <span class='ocrx_word' id='word_1_763' title='bbox 1747 3599 1765 3605; x_wconf 93' lang='lat'>·-</span> <span class='ocrx_word' id='word_1_764' title='bbox 1783 3587 1960 3613; x_wconf 78' lang='lat' dir='ltr'>committeret</span> <span class='ocrx_word' id='word_1_765' title='bbox 1977 3588 2025 3613; x_wconf 79' lang='lat' dir='ltr'>Pa.</span> 
     </span>
     <span class='ocr_line' id='line_1_120' title="bbox 1540 3619 2342 3655; baseline 0.002 -10"><span class='ocrx_word' id='word_1_766' title='bbox 1540 3619 1564 3652; x_wconf 82' lang='grc' dir='ltr'>δ)</span> <span class='ocrx_word' id='word_1_767' title='bbox 1584 3624 1611 3646; x_wconf 83' lang='lat' dir='ltr'>et</span> <span class='ocrx_word' id='word_1_768' title='bbox 1628 3624 1712 3646; x_wconf 78' lang='lat' dir='ltr'>tanto.</span> <span class='ocrx_word' id='word_1_769' title='bbox 1724 3635 1742 3640; x_wconf 95' lang='lat'>—</span> <span class='ocrx_word' id='word_1_770' title='bbox 1761 3621 1840 3646; x_wconf 72' lang='lat' dir='ltr'>etiam</span> <span class='ocrx_word' id='word_1_771' title='bbox 1861 3626 1936 3648; x_wconf 82' lang='lat' dir='ltr'>tanto</span> <span class='ocrx_word' id='word_1_772' title='bbox 1955 3622 2093 3655; x_wconf 81' lang='lat' dir='ltr'>BEFpAK,</span> <span class='ocrx_word' id='word_1_773' title='bbox 2113 3625 2188 3648; x_wconf 75' lang='lat' dir='ltr'>tanto</span> <span class='ocrx_word' id='word_1_774' title='bbox 2207 3622 2276 3647; x_wconf 79' lang='lat' dir='ltr'>enim</span> <span class='ocrx_word' id='word_1_775' title='bbox 2296 3623 2342 3648; x_wconf 86' lang='lat' dir='ltr'>Pa.</span> 
     </span>
    </p>
   </div>
   <div class='ocr_carea' id='block_1_42' title="bbox 2579 2837 2663 2860">
    <p class='ocr_par' dir='ltr' id='par_1_49' title="bbox 2579 2837 2663 2860">
     <span class='ocr_line' id='line_1_121' title="bbox 2579 2837 2663 2860; baseline 0.012 -1"><span class='ocrx_word' id='word_1_776' title='bbox 2579 2839 2590 2849; x_wconf 77' lang='lat'>⁸</span> <span class='ocrx_word' id='word_1_777' title='bbox 2604 2837 2663 2860; x_wconf 72' lang='lat' dir='ltr'>ibid.</span> 
     </span>
    </p>
   </div>
  </div>
 </body>
</html>
