2860 4244
901 251 1167 298 QUAESTIO
1198 253 1448 300 LXXXVIII,
1478 254 1774 291 ARTICULUS
1803 255 1871 290 VII

300 328 512 369 mancipando
528 329 693 360 hominem
705 330 744 359 ad
759 329 903 360 divinum
915 329 1037 360 cultum
1053 336 1083 359 et
1098 329 1243 369 religiosa
1255 341 1361 370 opera,

299 379 379 404 stare
402 379 508 412 potest
530 383 606 404 cum
623 380 700 404 voto
724 373 875 413 simplici:
900 380 936 404 ut
958 379 1044 413 patet
1066 373 1092 403 si
1116 374 1254 404 Ecclesia
1275 375 1361 405 insti-

298 460 371 500 plex
393 459 489 492 fieret.
509 477 531 484 -·
554 461 595 493 Et
617 471 735 498 rursus,
750 461 784 491 in
800 471 888 492 sacro
905 461 1015 492 ordine
1038 461 1235 501 mancipatur
1258 463 1360 493 homo

299 504 340 534 ad
363 504 507 535 divinum
530 504 652 537 cultum
675 505 742 536 sine
765 505 974 545 dependentia
996 506 1035 536 ab
1059 515 1181 535 annexo
1204 513 1297 537 voto:
1327 513 1363 537 ut

14 547 32 586 ’,ἐξ
298 554 385 588 patet
406 548 440 579 in
466 548 606 581 Ecclesia
627 548 805 588 primitiva;-
829 556 860 579 et
881 549 1025 580 orientali
1057 559 1158 589 usque
1181 549 1214 579 in
1237 550 1361 580 hodier-

16 592 29 606 ·‘
298 601 378 622 num
401 591 497 625 diem.
525 592 560 623 ln
582 592 787 632 religionibus
810 602 904 629 vero,
929 600 1225 633 quantumcumque
1248 594 1361 635 aliquis

298 679 478 716 terveniret,
502 689 669 720 nunquam
692 686 806 710 votum
832 680 993 720 religionis
1022 688 1102 712 esset
1131 682 1293 712 solemne:
1326 687 1362 712 ut

298 730 383 763 patet
412 723 451 773 de
473 723 555 754 votis
578 722 797 764 profitentium
820 724 1006 764 religionem
1037 735 1103 758 non
1133 726 1360 765 approbatam,

298 776 443 808 quamvis
455 774 616 801 ranetam.

353 810 405 842 111.
430 811 487 842 Est
508 811 603 852 igitur
625 812 715 843 tertia
738 812 860 853 opinio,
884 823 966 854 quae
985 819 1031 844 est
1049 812 1171 849 veritas,
1195 813 1285 853 quod
1307 822 1359 842 so-

253 881 255 883 .
295 854 442 885 lemnitas
463 855 530 886 voti
559 855 702 886 consistit
731 856 763 887 in
787 856 849 887 hoc
878 857 967 897 quod
996 856 1152 888 Ecclesiae
1175 855 1360 888 auctoritate

297 905 452 930 statutum
475 905 522 930 est
543 900 604 930 tale
626 906 740 932 votum
763 910 830 931 esse
852 901 1014 937 solemne,
1038 900 1155 932 scilicet
1186 910 1242 940 per
1271 900 1360 940 quod

295 942 397 974 homo
419 942 566 974 inhabilis
589 951 635 974 est
658 944 698 974 ad
721 944 981 975 matrimonium:
1006 951 1043 975 ut
1065 944 1098 974 in
1117 951 1193 974 voto
1216 944 1294 974 sacri
1310 953 1360 974 or-

271 1003 273 1005 ·
297 986 389 1023 dinis,
412 993 443 1018 et
464 987 498 1018 in
521 994 598 1018 voto
620 988 771 1028 regularis
793 988 1000 1023 obedientiae,
1021 987 1167 1018 castitatis
1192 994 1359 1028 pauperta—

296 1030 410 1072 tisque,
434 1038 471 1062 ut
493 1038 540 1062 est
561 1038 675 1062 votum
697 1031 866 1072 religionis.
898 1033 1054 1063 Probatur
1076 1038 1184 1062 autem
1206 1031 1269 1062 hoc
1293 1041 1360 1062 esse

295 1084 409 1106 verum
431 1081 497 1106 tam
513 1085 550 1106 ex
565 1085 604 1106 eo
627 1076 716 1117 quod
739 1075 879 1106 Ecclesia
896 1082 1004 1116 posset
1019 1082 1154 1106 statuere
1177 1076 1266 1116 quod
1289 1075 1360 1116 qui-

298 1128 436 1160 cumque
459 1129 568 1151 coram
590 1119 689 1150 tribus
704 1126 833 1151 voveret
856 1119 1093 1155 continentiam,
1117 1119 1231 1150 faceret
1246 1126 1360 1150 votum

296 1163 443 1196 solemne
462 1163 689 1199 continentiae,
711 1163 756 1195 ita
782 1163 871 1204 quod
894 1163 965 1203 ipso
989 1163 1072 1194 facto
1103 1171 1183 1194 esset
1206 1171 1283 1195 voto
1308 1174 1360 1194 so·

295 1206 394 1241 lemni
420 1206 601 1239 adan-ictus:
625 1207 707 1238 sicut
729 1207 838 1238 statuit
855 1207 873 1226 *
894 1208 984 1248 quod
1008 1206 1204 1248 quicumque
1228 1208 1360 1248 suscipit

296 1250 443 1283 ordinem
464 1260 589 1285 sacrum
618 1251 739 1283 emittat
762 1258 874 1283 votum
898 1251 1120 1288 continentiae,
1144 1252 1235 1292 quod
1256 1252 1359 1284 voluit

294 1293 435 1331 Ecclesia
449 1304 518 1326 esse
540 1295 683 1327 solemne
697 1295 724 1326 *.
749 1295 884 1328 Constat
899 1302 1006 1327 autem
1029 1296 1118 1336 quod
1139 1295 1171 1326 in
1187 1306 1261 1326 casu
1285 1296 1359 1327 dicti

294 1338 402 1374 statuti
421 1338 519 1371 -nulln
541 1339 736 1377 benedictio,
761 1340 849 1370 nulla
872 1340 1083 1376 consecratio,
1107 1340 1195 1370 nulla
1223 1341 1358 1371 mutatio

295 1382 717 1424 §tamwisiaeonsequens
747 1384 868 1415 dictum
889 1391 1020 1420 votum,
1044 1383 1252 1416 interveniret.
1283 1385 1358 1415 Sola

292 1424 370 1467 ξὲἕὸ
392 1426 551 1459 Ecclesiae
573 1427 758 1460 auctoritate
781 1428 1000 1468 praeveniente
1022 1435 1136 1459 votum
1159 1428 1248 1468 quod
1271 1429 1304 1458 in
1325 1438 1359 1460 se

294 1477 376 1507 esset
397 1471 541 1511 simplex,
565 1478 612 1502 est
633 1472 786 1504 solemne.

350 1515 392 1551 Et
414 1514 619 1547 confirmatur
640 1516 703 1547 hoc
725 1526 763 1547 ex
786 1515 1006 1556 profitentibus
1029 1516 1088 1546 tria
1103 1523 1178 1546 vota
1201 1516 1241 1546 de
1263 1515 1357 1552 facto,

294 1559 358 1594 hoc
383 1565 431 1590 est
458 1559 526 1590 sine
554 1559 740 1600 Apostolica
767 1560 968 1596 auctoritate,
996 1559 1113 1590 scilicet
1143 1560 1357 1596 obedientiae,

294 1603 487 1644 paupertatis
511 1610 542 1635 et
565 1603 723 1640 castitatis,
746 1604 779 1634 in
795 1604 946 1643 religione
962 1614 1028 1634 non
1044 1604 1218 1643 approbata
1239 1604 1278 1634 ad
1297 1604 1359 1634 hoc

294 1647 384 1688 quod
406 1646 447 1678 sit
461 1647 643 1688 simpliciter
655 1647 781 1688 religio:
805 1655 841 1679 ut
854 1647 963 1683 multis
979 1647 1122 1688 personis
1136 1647 1217 1678 tertii
1233 1648 1359 1679 habitus

295 1701 334 1726 ex
354 1690 532 1723 devotionis
555 1691 676 1723 fervore
697 1691 864 1723 inventum
887 1699 933 1723 est
956 1691 1133 1732 contigisse.
1161 1691 1358 1723 Huiusmodi

294 1733 380 1773 §Dim
402 1741 478 1772 vota
504 1745 570 1766 non
593 1736 748 1768 excedunt
769 1736 835 1766 vim
857 1736 923 1767 voti
947 1736 1118 1776 simplicis,
1143 1746 1180 1767 ex
1203 1736 1264 1767 hoc
1287 1736 1358 1767 solo

292 1779 383 1822 quod
396 1779 575 1811 ,auctoritas
598 1780 755 1811 Ecclesiae
779 1781 875 1812 deest.
899 1780 996 1811 Secus
1019 1787 1127 1811 autem
1150 1789 1217 1810 esse
1240 1780 1279 1810 de
1300 1780 1357 1811 eis-

295 1823 368 1855 dem
390 1823 534 1863 personis
551 1824 634 1855 tertii
652 1824 777 1856 habitus
800 1824 859 1855 tria
872 1824 1032 1864 religionis
1047 1831 1122 1855 vota
1137 1823 1358 1864 profitentibus

294 1867 335 1904 da
351 1867 482 1899 -ucenfia
503 1867 592 1898 Sedis
614 1868 828 1909 Apostolicae‚
852 1868 957 1900 Sixtus
973 1869 1015 1899 1V
1031 1878 1087 1909 per
1109 1868 1230 1899 bullam
1258 1869 1359 1899 decla—

58 1213 131 1234 ⁰.
138 1211 230 1234 unam
247 1215 269 1234 et

68 1249 83 1284 'a
123 1244 268 1289 afflant

38 1298 270 1348 ‘'”Qss’vzz'zz

43 1378 48 1386 Ι
95 1351 251 1402 smrede-pt.
258 1369 266 1379 ,

294 1955 396 1992 navit,
419 1956 526 1987 dicens
548 1957 638 1997 quod
659 1957 846 1989 solemnitas
868 1958 932 1988 voti
953 1957 1024 1988 sola
1047 1956 1212 1988 Ecclesiae
1235 1958 1358 1988 institu-

293 2001 379 2031 tione
401 2005 448 2031 est
470 2001 609 2031 inventa.
634 2001 674 2031 Et
697 2008 863 2042 propterea
885 2001 1072 2041 Apostolica
1094 2001 1279 2032 auctoritate
1303 2001 1359 2031 de-

293 2043 391 2076 crevit
418 2045 484 2075 duo
507 2050 633 2076 tantum
655 2052 729 2076 vota
757 2055 825 2076 esse
851 2045 1022 2076 solemnia:
1054 2045 1171 2076 scilicet
1197 2045 1358 2085 religionis

293 2087 495 2129 approbatae,
519 2095 550 2119 et
572 2089 692 2120 ordinis
715 2089 802 2121 sacri.

322 2131 402 2166 er.
426 2132 468 2164 Et
490 2131 517 2163 si
540 2140 648 2164 contra
664 2133 781 2164 dictam
796 2133 974 2165 doctrinam
989 2133 1156 2164 obiiciatur
1178 2133 1267 2174 quod
1282 2143 1357 2164 con-

292 2175 416 2209 nadicit
438 2177 570 2208 Auctori
593 2177 626 2207 in
647 2177 750 2208 littera
772 2178 880 2218 quoad
902 2177 1023 2218 primae
1038 2177 1201 2218 opinionis
1217 2177 1358 2208 reiectio-

294 2230 370 2252 nem
381 2219 415 2259 ,¹⁸3
440 2228 470 2252 et
492 2220 525 2252 in
543 2221 584 2252 IV
600 2221 700 2259 sent„
716 2222 786 2253 dist.
802 2231 915 2252 xxxvm
929 2221 973 2257 **,
989 2229 1056 2253 tam
1079 2222 1187 2262 quoad
1202 2222 1358 2252 secundae

294 2264 456 2306 opinionis
471 2264 692 2296 refutationem
707 2265 725 2285 *
747 2276 846 2306 quam
869 2266 976 2306 quoad
999 2266 1106 2296 tertiae
1129 2265 1290 2305 opinionis
1311 2276 1357 2295 as-

294 2308 464 2340 sertionem
475 2309 505 2339 *z
523 2327 544 2332 -
557 2310 735 2349 respondeo
751 2310 840 2350 quod
855 2317 1012 2351 quantum
1027 2311 1065 2340 ad
1079 2310 1215 2350 primam
1231 2309 1356 2349 opinio-

294 2363 368 2384 nem
385 2359 513 2393 spectat,
528 2353 561 2383 in
577 2354 752 2394 aequivoco
768 2354 848 2384 forte
864 2364 986 2384 sumus.
1011 2354 1096 2391 Quia
1116 2357 1237 2384 Auctor
1253 2354 1292 2383 de
1307 2364 1357 2384 so-

293 2397 455 2428 lemnitate
476 2398 697 2428 caeremoniali
713 2398 751 2428 de
768 2397 851 2428 facto
867 2398 1010 2428 ordinata
1025 2398 1058 2428 in
1075 2397 1260 2428 huiusmodi
1276 2398 1358 2428 votis

293 2441 470 2472 adhibenda
488 2441 646 2483 loquitur:
678 2452 738 2481 ego
761 2449 868 2472 autem
888 2443 927 2472 de
950 2442 1149 2472 solemnitate
1171 2452 1235 2482 qua
1249 2442 1356 2481 ipsum

292 2492 407 2517 votum
438 2485 582 2516 absolute
612 2485 645 2515 in
676 2496 709 2516 se
739 2486 832 2516 habet
865 2487 954 2527 quod
982 2486 1021 2516 sit
1051 2486 1203 2516 solemne.
1235 2486 1356 2516 Verun-

293 2537 399 2561 tamen
421 2529 460 2559 de
480 2530 708 2566 benedictione,
721 2530 812 2560 cuius
835 2530 981 2560 meminit
1002 2530 1036 2560 in
1058 2530 1170 2566 littera,
1183 2530 1276 2560 latior
1299 2530 1355 2561 erit

293 2583 398 2605 sermo
418 2573 446 2603 *.

349 2617 515 2655 Quantum
531 2628 605 2648 vero
625 2619 664 2648 ad
687 2619 859 2648 secundam
883 2625 913 2648 et
935 2618 1059 2648 tertiam
1075 2618 1273 2658 opinionem,
1290 2629 1356 2649 non

294 2660 475 2693 contradico
490 2662 632 2693 Auctori.
656 2662 707 2692 Ad
727 2662 817 2693 cuius
832 2662 1032 2698 evidentiam,
1057 2662 1135 2693 scito
1159 2663 1249 2702 quod
1272 2663 1357 2693 exhi-

293 2705 371 2737 bitio
394 2706 444 2736 sui
466 2706 567 2746 ipsius
597 2713 627 2737 et
655 2713 807 2737 statutum
835 2706 992 2737 Ecclesiae
1024 2713 1159 2746 possunt
1191 2706 1358 2746 dupliciter

293 2749 494 2781 considerari.
518 2750 643 2781 Scilicet
658 2759 818 2781 seorsum:
843 2757 874 2781 et
889 2750 932 2780 sic
947 2757 1097 2781 neutrum
1113 2749 1228 2781 sufficit
1247 2751 1287 2781 ad
1306 2761 1355 2781 so-

293 2793 491 2833 lemnitatem
513 2793 590 2825 voti.
618 2794 659 2824 Et
681 2801 847 2835 propterea
869 2795 1008 2825 secunda
1031 2794 1152 2834 opinio,
1176 2804 1300 2834 ponens
1323 2795 1356 2824 in

293 2838 361 2869 sola
389 2837 580 2869 exhibitione
609 2838 778 2869 consistere
806 2838 1057 2874 solemnitatem,
1081 2837 1215 2868 refutata
1237 2845 1301 2869 est:
1327 2845 1357 2869 et

54 2221 67 2233 Ι

40 2221 231 2277 ,;“·Ἧέ“ιῖ”ιῐι
245 2255 265 2276 2,

51 2275 152 2324 'zain
167 2307 192 2324 ιι.

51 2329 68 2347 Α·
79 2327 151 2351 unm.
165 2332 199 2350 m.

33 2579 129 2627 ³1⁶¹}
150 2584 178 2605 n,
193 2578 265 2600 Gom-

293 2927 352 2967 qu'
367 2926 395 2963 3,
413 2926 491 2956 dum
507 2925 582 2956 dicit
600 2925 688 2966 quod
710 2932 1007 2966 quantumcumque
1024 2925 1138 2966 aliquis
1161 2925 1356 2966 profiteatur,

293 2970 354 3001 nisi
377 2977 499 3001 servato
522 2970 659 3010 positivo
683 2969 751 3000 iure
774 2970 835 3000 hoc
858 2969 960 3006 faciat,
985 2979 1050 3000 non
1074 2976 1120 3000 est
1142 2976 1256 3000 votum
1278 2970 1358 3000 sole-

294 3023 379 3046 mne.
410 3015 580 3054 Propterea
607 3023 738 3055 quoque
765 3014 856 3045 tertia
879 3013 990 3053 opinio
1014 3014 1053 3044 ab
1076 3016 1215 3044 Auctore
1238 3014 1357 3044 ibidem

293 3058 457 3095 refutatur,
476 3058 565 3099 quod
581 3058 698 3090 scilicet
720 3067 815 3098 super
828 3057 963 3098 simplici
979 3064 1096 3088 statuto
1113 3057 1269 3088 Ecclesiae
1288 3057 1358 3089 fun-

293 3103 396 3134 datur.
421 3101 557 3142 Oportet
572 3111 722 3143 namque,
742 3102 829 3133 iuxta
851 3102 1028 3132 secundum
1052 3101 1261 3132 distinctionis
1282 3112 1356 3143 pro-

293 3146 415 3188 positae
438 3145 629 3183 membrum,
653 3146 749 3177 ambo
766 3145 862 3176 simul
878 3155 1076 3177 concurrere:
1106 3145 1223 3177 scilicet
1245 3153 1276 3177 et
1298 3146 1357 3177 Ec-

293 3185 405 3222 clesiae
421 3189 653 3227 auctoritatem
677 3197 708 3221 et
731 3200 767 3221 ex
790 3196 876 3231 parte
891 3190 1035 3221 voventis
1050 3189 1274 3230 impotentiam
1296 3197 1355 3221 tra-

293 3235 388 3266 dendi
412 3235 552 3276 seipsum
576 3234 674 3265 alteri.
706 3235 797 3272 Quae
820 3234 1027 3275 impotentia,
1052 3234 1127 3275 quia
1149 3235 1275 3274 negatio
1299 3241 1355 3272 est,

293 3279 445 3311 fundatur
467 3288 562 3319 super
584 3278 792 3309 affirmatione
807 3285 863 3310 aut
877 3279 1068 3319 approbatae
1092 3278 1291 3310 exhibitionis
1306 3279 1355 3310 sui

293 3323 402 3364 ipsius,
428 3329 463 3353 ut
483 3325 604 3353 Auctor
626 3322 727 3353 voluit
748 3329 779 3353 et
801 3322 914 3353 rationi
942 3331 1113 3359 consonat,
1137 3322 1228 3364 quasi
1250 3323 1356 3354 Eccle-

294 3367 339 3398 sia
354 3374 483 3407 propter
497 3367 560 3397 hoc
582 3366 759 3397 inhabilitet
773 3367 814 3397 ad
836 3366 936 3397 carnis
951 3376 1008 3397 seu
1028 3367 1142 3398 mundi
1158 3377 1264 3407 opera,
1280 3367 1355 3408 quia

293 3412 449 3452 approbat
484 3410 710 3442 exhibitionem
740 3410 780 3440 ad
809 3410 868 3440 Dei
902 3410 1023 3441 cultum
1057 3421 1112 3441 seu
1145 3410 1354 3448 famulatum;

294 3461 350 3485 aut
371 3454 537 3495 approbati
561 3455 605 3485 sic
619 3454 686 3485 voti
709 3460 746 3485 ut
768 3463 805 3484 ex
825 3454 886 3485 hoc
901 3454 972 3494 ipso
995 3455 1085 3495 quod
1107 3462 1219 3486 votum
1235 3462 1282 3485 est
1301 3455 1354 3492 sic,

293 3499 356 3529 hoc
377 3506 425 3530 est
446 3509 520 3530 cum
541 3498 791 3529 inhabilitatione
809 3498 953 3528 voventis
972 3499 1012 3528 ad
1028 3499 1269 3529 matrimonium
1285 3505 1355 3535 etc„

293 3543 506 3583 approbatum
523 3543 611 3584 prius
626 3543 665 3574 ab
681 3542 831 3581 Ecclesia,
850 3542 1038 3582 impotentia
1052 3542 1111 3573 ista
1126 3549 1354 3583 consequatur;

295 3593 431 3627 utroque
454 3587 612 3628 siquidem
635 3587 734 3618 modo
758 3586 898 3618 Ecclesia
921 3586 1020 3617 facere
1043 3593 1157 3626 potest.

299 423 400 447 tueret
422 417 511 457 quod
533 416 566 447 in
582 427 670 448 sacro
687 417 798 448 ordine
820 425 852 448 et
873 417 1024 457 religione
1038 417 1144 457 aliqua
1160 426 1272 448 votum
1288 418 1362 448 sim—
1387 433 1389 455 ς

298 635 456 666 exhiberet
477 635 619 676 seipsum
640 642 672 666 et
694 643 835 673 voveret,
860 636 919 667 nisi
941 636 1099 667 Ecclesiae
1122 638 1290 668 auctoritas
1312 638 1361 668 in·
1386 656 1387 665 η

293 1911 383 1943 ravit.
406 1911 448 1943 Et
469 1912 532 1943 hoc
547 1918 595 1943 est
616 1913 706 1954 quod
721 1913 754 1943 in
770 1913 864 1944 Sexto
879 1913 897 1932 *
919 1911 1101 1944 Bonifacius
1117 1912 1188 1943 VIII
1212 1912 1357 1943 determi-
1383 1938 1385 1943 .

293 2883 332 2912 ab
348 2882 420 2922 ipso
436 2885 575 2912 Auctore
590 2881 754 2918 refutatur,
771 2882 814 2912 IV
826 2882 924 2919 Sent„
943 2882 1012 2912 dist.
1021 2892 1145 2917 xxxvrn,
1161 2891 1215 2922 qu.
1225 2892 1245 2918 1,
1262 2889 1363 2919 art.2‚·

2400 255 2472 292 255

1473 331 1512 362 V.
1528 332 1575 362 Ex
1598 331 1713 372 quibus
1730 339 1815 372 patet
1830 332 1944 372 primo,
1961 332 2050 373 quod
2066 333 2105 362 ad
2121 332 2263 363 solemne
2278 339 2391 363 votum
2410 333 2475 363 duo

1415 375 1582 415 exiguntur
1604 382 1743 406 tantum:
1769 386 1843 406 nam
1866 386 1903 407 ex
1926 383 2013 417 parte
2031 376 2174 407 voventis
2196 376 2365 417 requiritur
2387 377 2475 417 quod

1414 426 1542 455 voveat;
1567 429 1604 450 ex
1626 427 1714 460 parte
1737 427 1843 451 autem
1867 420 2034 457 Ecclesiae,
2051 421 2139 460 quod
2158 427 2271 451 votum
2294 420 2334 450 sit
2355 420 2475 451 inhabi-

1414 462 1506 493 litans
1529 463 1695 494 hominem
1718 464 1757 494 ad
1781 464 2032 500 matrimonium,
2049 471 2108 495 etc.
2131 464 2222 495 Hanc
2246 464 2331 494 enim
2353 463 2474 495 inhabi-

1413 506 1556 537 litantem
1571 506 1636 536 vim
1656 517 1721 538 non
1745 518 1838 548 posse
1853 515 1964 539 votum
1988 518 2025 538 ex
2044 508 2162 548 privata
2178 514 2332 548 potestate
2350 508 2474 544 habere,

1413 550 1468 580 sed
1492 551 1530 580 ab
1546 550 1686 581 Ecclesia
1709 552 1824 588 solum,
1840 552 2004 582 manifeste
2019 559 2105 592 patet
2127 561 2165 583 ex
2181 562 2219 582 eo
2238 547 2475 592 quod,'sublata

1413 594 1571 624 Ecclesiae
1587 595 1815 634 approbatione
1835 602 1865 626 et
1883 595 2091 632 institutione,
2108 602 2404 636 quantumcumque
2419 595 2474 626 ali-

1413 637 1485 679 quis
1508 637 1710 677 suscipiendo
1725 640 1988 670 subdiaconatum
2002 647 2130 670 voveret
2152 640 2336 678 castitatem,
2353 646 2383 670 et
2405 639 2475 680 qui-

1414 691 1552 722 cumque
1568 681 1648 711 alius
1671 682 1900 722 professionem
1917 683 2050 714 alicuius
2073 683 2232 724 religionis
2255 683 2380 720 faceret,
2397 693 2475 714 nun-

1413 734 1512 766 quam
1535 725 1670 755 solemni
1692 733 1769 757 voto
1793 727 1949 766 ligaretur,
1973 737 2139 768 nunquam
2162 727 2309 758 inhabilis
2332 734 2413 758 esset
2435 727 2474 757 ad

1413 768 1664 805 matrimonium,
1685 771 1830 810 quamvis
1853 779 1994 811 peccaret
2017 771 2243 808 contrahendo,
2266 778 2376 811 utpote
2400 781 2474 801 con·

1412 819 1458 843 tra
1470 813 1807 862 ‘votumtsimpliciter
1830 824 1934 854 agens.
1966 816 2006 846 Et
2029 815 2060 845 in
2086 815 2144 846 hac
2166 815 2198 845 vi
2228 815 2370 846 consistit
2393 815 2474 846 sole·

1412 862 1527 886 mnitas
1551 863 1626 887 voti.

1467 900 1556 931 Patet
1578 901 1735 937 secundo,
1759 902 1847 941 quod
1870 902 1946 932 haec
1974 902 2020 932 vis
2052 902 2272 939 inhabilitans‚
2297 903 2474 933 secundum

1411 951 1590 984 praesentes
1613 944 1770 974 Ecclesiae
1785 945 2008 982 institutiones,
2026 946 2173 977 convenit
2195 953 2271 976 voto
2287 947 2408 977 ratione
2425 956 2474 976 ex-

1412 987 1574 1018 hibitionis
1598 987 1697 1028 ipsius
1720 989 1862 1019 voventis
1895 990 1933 1019 ad
1957 990 2079 1020 cultum
2102 990 2220 1020 ordinis
2250 990 2327 1021 sacri
2354 990 2404 1020 vel
2428 990 2474 1020 fa-

1411 1032 1571 1062 mulatum
1594 1031 1754 1072 religionis
1777 1034 1977 1073 approbatae.
2003 1033 2104 1064 Cuius
2127 1033 2254 1073 signum
2277 1034 2403 1064 evidens
2428 1041 2474 1064 est

1411 1076 1500 1116 quod
1523 1075 1549 1106 si
1572 1075 1644 1116 quis
1673 1076 1844 1116 susciperet
1867 1077 2012 1107 ordinem
2042 1087 2166 1108 sacrum
2188 1088 2206 1107 a
2229 1078 2473 1117 non-episcopo,

1411 1130 1447 1150 ac
1463 1129 1518 1160 per
1541 1120 1602 1150 hoc
1621 1130 1687 1150 non
1703 1121 1874 1161 susciperet
1896 1121 1928 1151 in
1945 1121 2071 1152 veritate
2088 1131 2211 1151 sacrum
2235 1121 2389 1158 ordinem,
2407 1131 2472 1152 non

1411 1163 1654 1204 adstringeretur
1676 1171 1753 1195 voto
1776 1165 1911 1196 solemni
1935 1166 1975 1195 ad
1998 1165 2180 1196 castitatem.
2205 1165 2277 1195 Hoc
2301 1165 2385 1195 enim
2401 1165 2473 1196 ideo

1411 1215 1458 1238 est
1488 1208 1563 1249 quia
1586 1208 1726 1239 Ecclesia
1755 1209 1820 1239 vim
1843 1209 2093 1240 inhabilitantem
2121 1209 2229 1240 statuit
2251 1209 2282 1239 in
2306 1216 2384 1240 voto
2408 1219 2474 1239 me-

1411 1252 1517 1283 diante
1540 1252 1650 1282 ordine
1665 1252 1692 1284 *.
1723 1253 1765 1283 Et
1786 1253 1888 1284 simile
1912 1260 1958 1284 est
1981 1254 2020 1284 de
2043 1253 2240 1293 professione
2270 1253 2404 1283 omnino
2427 1253 2475 1283 in-

1410 1295 1524 1326 valida.
1548 1296 1588 1327 Et
1604 1303 1770 1336 propterea
1785 1297 1835 1328 ius
1851 1297 2069 1328 canonicum*
2086 1304 2116 1328 et
2132 1307 2244 1327 omnes
2260 1297 2370 1328 dicunt
2385 1297 2474 1337 quod

1410 1346 1524 1370 votum
1540 1341 1765 1371 solemnizatur
1779 1351 1836 1381 per
1851 1342 2087 1381 susceptionem
2110 1341 2230 1372 ordinis
2249 1341 2337 1377 sacri,
2353 1341 2403 1371 vel
2419 1351 2474 1381 per

1411 1383 1642 1424 professionem
1665 1384 1824 1425 religionis
1847 1386 2048 1426 approbatae.

1466 1428 1555 1459 Patet
1577 1428 1680 1466 tertio,
1697 1429 1786 1469 quod
1809 1430 1885 1460 haec
1909 1430 1956 1460 vis
1978 1429 2178 1460 inhabilitans
2201 1438 2268 1459 non
2298 1428 2473 1459 necessario

1411 1471 1506 1511 exigit
1529 1472 1624 1502 talem
1649 1472 1874 1503 exhibitionem
1890 1474 1929 1503 ad
1952 1474 2013 1504 hoc
2037 1474 2125 1514 quod
2149 1473 2249 1513 possit
2271 1473 2372 1503 inesse
2395 1479 2472 1503 voto

1411 1525 1448 1545 ex
1470 1525 1554 1546 nova
1577 1516 1803 1547 constitutione
1826 1517 1994 1548 Ecclesiae.
2019 1517 2182 1554 Quoniam
2205 1524 2313 1556 posset
2335 1516 2473 1547 Ecclesia

1410 1566 1545 1590 statuere
1568 1560 1656 1600 quod
1679 1569 1797 1591 vovens
1828 1571 1935 1591 coram
1957 1562 2056 1592 tribus
2079 1560 2306 1592 continentiam
2334 1560 2474 1591 emittere

1410 1603 1603 1643 intelligatur
1617 1610 1730 1634 votum
1745 1604 1946 1635 inhabilitans
1962 1606 2000 1635 ad
2020 1605 2270 1640 matrimonium,
2288 1615 2343 1635 seu
2358 1611 2471 1635 votum

1411 1647 1554 1678 solemne
1578 1648 1799 1684 continentiae,
1816 1649 1905 1689 quod
1927 1649 2012 1679 idem
2036 1656 2092 1679 est.

1465 1691 1507 1722 Et
1529 1701 1566 1722 ex
1584 1691 1633 1721 his
1655 1692 1806 1722 omnibus
1829 1700 1958 1733 apparet
1981 1694 2070 1734 quod
2093 1702 2205 1724 omnes
2229 1692 2396 1732 opiniones
2420 1692 2474 1721 ali-

1410 1735 1488 1775 quid
1511 1735 1575 1765 veri
1598 1735 1756 1772 dixerunt,
1780 1743 1810 1767 et
1833 1738 1922 1777 quod
1946 1737 2087 1768 doctrina
2118 1737 2194 1767 haec
2217 1746 2283 1766 non
2307 1735 2473 1766 contraria-

1410 1786 1462 1810 tur
1483 1779 1626 1810 Auctori.

1467 1823 1572 1854 V1.1n
1596 1824 1710 1854 eodem
1733 1824 1869 1864 septimo
1893 1824 2045 1861 articulo,
2071 1831 2137 1855 tam
2159 1825 2191 1855 in
2220 1833 2353 1863 corpore
2376 1833 2472 1864 quam

1410 1867 1443 1897 in
1467 1867 1674 1908 responsione
1697 1868 1736 1897 ad
1760 1868 1910 1908 primum,
1931 1869 2056 1899 adverte
2079 1869 2168 1909 quod
2190 1868 2222 1898 in
2237 1875 2314 1898 voto
2339 1868 2474 1898 solemni

1410 1921 1466 1951 per
1489 1911 1725 1952 susceptionem
1744 1912 1822 1942 sacri
1845 1912 1964 1943 ordinis
1987 1913 2152 1943 manifeste
2174 1912 2332 1942 invenitur
2355 1911 2473 1951 aliquid

1411 1955 1498 1986 aliud
1521 1966 1539 1986 a
1561 1963 1638 1986 voto
1662 1963 1806 1996 spectans
1830 1957 1869 1986 ad
1891 1957 2012 1994 Deum,
2036 1957 2152 1988 scilicet
2174 1956 2242 1996 ipse
2273 1955 2352 1986 ordo
2377 1965 2471 1986 sacer.

1411 2000 1447 2030 In
1479 2006 1555 2030 voto
1586 2006 1693 2030 autem
1724 2000 1930 2039 professionis
1960 2001 2137 2032 benedictio
2168 1999 2351 2040 spiritualis,
2383 2000 2473 2030 cuius

1411 2044 1556 2074 meminit
1571 2047 1702 2080 Auctor,
1719 2054 1786 2075 non
1804 2044 1963 2075 invenitur
1978 2044 2202 2080 universaliter,
2219 2051 2255 2074 ut
2274 2044 2472 2074 consuetudo

1383 2113 1384 2116 ,
1410 2088 1568 2119 Ecclesiae
1591 2095 1737 2119 testatur:
1766 2098 1831 2118 non
1855 2089 1941 2119 enim
1964 2089 2097 2120 ministri
2126 2087 2284 2119 Ecclesiae
2306 2087 2471 2124 invocant,

1412 2139 1447 2162 ut
1469 2132 1575 2162 Deum
1598 2132 1781 2163 benedicere
1804 2140 1965 2173 putemus,
1986 2133 2071 2164 iuxta
2093 2132 2313 2163 auctoritatem
2336 2131 2471 2168 litterae3

1410 2186 1492 2217 quae
1523 2186 1590 2207 non
1619 2177 1787 2207 adducitur
1815 2177 1853 2207 ab
1877 2180 2016 2208 Auctore
2039 2178 2079 2207 ad
2102 2176 2305 2217 probandum
2328 2176 2416 2216 quod
2439 2176 2471 2206 in

1411 2220 1607 2260 professione
1630 2219 1684 2251 fiat
1708 2220 1896 2259 benedictio,
1912 2221 1967 2251 sed
1990 2221 2028 2252 ad
2052 2221 2114 2251 hoc
2137 2220 2239 2261 quod,
2263 2220 2393 2259 quando
2417 2229 2473 2260 per

1410 2264 1571 2295 ministros
1594 2265 1750 2295 Ecclesiae
1773 2264 1808 2295 fit
1831 2265 2024 2301 benedictio,
2049 2265 2135 2296 Deus
2159 2271 2205 2295 est
2227 2265 2283 2304 qui
2307 2263 2471 2294 benedicit.

1411 2308 1517 2345 Quare
1547 2316 1653 2339 autem
1686 2312 1808 2339 Auctor
1830 2309 2084 2339 benedictionem
2117 2310 2155 2339 ad
2187 2315 2300 2338 votum
2331 2308 2472 2338 solemne

1382 2371 1386 2414 ι
1410 2353 1516 2383 omnis
1540 2353 1731 2393 approbatae
1761 2353 1920 2393 religionis
1951 2353 2137 2389 extenderit,
2158 2352 2237 2382 ratio
2262 2361 2328 2382 esse
2351 2351 2474 2382 videtur

1410 2397 1485 2437 quia
1509 2396 1642 2427 attendit
1663 2398 1703 2427 ad
1726 2397 1758 2427 id
1782 2398 1870 2437 quod
1894 2398 1933 2427 de
1956 2397 2023 2427 iure
2053 2396 2120 2427 fieri
2143 2397 2254 2427 debere
2277 2396 2418 2431 videtur,
2443 2403 2473 2426 et

1410 2451 1476 2471 non
1499 2441 1539 2470 ad
1562 2441 1594 2470 id
1618 2442 1706 2481 quod
1736 2440 1785 2471 fit:
1810 2442 1901 2482 quasi
1923 2449 2143 2481 praesumatur
2173 2440 2261 2480 quod
2291 2439 2472 2479 profitentes

1410 2486 1528 2525 absque
1543 2484 1762 2515 benedictione
1774 2485 1992 2525 intelliguntur
2003 2484 2142 2525 profiteri
2158 2494 2232 2514 cum
2243 2484 2470 2520 benedictione,

1409 2529 1490 2559 sicut
1504 2529 1542 2558 ab
1559 2529 1723 2569 Apostolis
1745 2536 1776 2559 et
1795 2529 1935 2560 Ecclesia
1956 2529 2136 2560 institutum
2158 2536 2203 2558 est
2226 2529 2264 2558 de
2291 2528 2470 2564 monachis;

1409 2573 1490 2603 sicut
1519 2572 1700 2612 profitentes
1730 2573 1822 2604 tacite
1845 2584 1900 2614 per
1930 2573 2055 2604 habitus
2082 2572 2290 2613 gestationem
2322 2580 2395 2613 post
2418 2583 2471 2602 an-

1409 2627 1499 2654 num,
1516 2624 1585 2654 etc„
1601 2625 1848 2657 praesumuntur
1868 2627 1984 2648 vovere
2002 2617 2185 2648 solemniter
2206 2617 2286 2647 sicut
2309 2618 2347 2646 ab
2366 2617 2471 2647 Eccle-

1410 2661 1454 2692 sia
1477 2661 1659 2691 institutum
1682 2668 1728 2691 est
1741 2661 1768 2691 *.
1793 2661 1886 2692 Ratio
1909 2672 1984 2692 vero
2008 2671 2105 2702 quare
2135 2660 2389 2691 benedictionem
2412 2660 2471 2691 hu-

1408 2705 1548 2736 iusmodi
1566 2705 1645 2736 tanti
1667 2705 1783 2741 fecerit,
1800 2705 1924 2736 videtur
1939 2716 2006 2736 esse
2028 2706 2103 2746 quia
2118 2704 2206 2735 aliter
2229 2704 2378 2735 stabiliter
2401 2703 2471 2735 fun-

1410 2750 1482 2780 dare
1505 2749 1840 2789 indispensabilitatem
1863 2749 1930 2780 voti
1953 2749 2103 2780 solemnis
2122 2748 2292 2788 religionis,
2308 2748 2394 2780 iuxta
2417 2748 2471 2779 de—

1409 2793 1555 2824 cretalem
1578 2793 1704 2824 allatam
1727 2792 1856 2824 inferius
1878 2793 1911 2823 in
1934 2800 1990 2824 art.
2019 2804 2051 2824 11
2072 2793 2099 2829 *,
2116 2802 2182 2823 non
2206 2799 2337 2832 poterat.

1466 2837 1518 2868 Ad
1541 2837 1630 2867 cuius
1655 2837 1819 2867 clariorem
1841 2837 1998 2874 notitiam,
2015 2837 2093 2868 scito
2117 2837 2206 2877 quod
2227 2836 2262 2867 in
2285 2836 2367 2866 votis
2390 2836 2471 2866 sole-

1409 2881 1537 2911 mnibus
1553 2891 1635 2921 quae
1650 2881 1744 2911 habet
1766 2881 1915 2918 Ecclesia,
1931 2881 2008 2911 vidit
2024 2884 2145 2911 Auctor
2160 2880 2218 2910 tria
2240 2879 2387 2910 inveniri:
2413 2880 2471 2910 sci-

1408 2924 1481 2955 licet
1494 2931 1617 2961 votum,
1634 2925 1903 2965 mancipationem
1926 2926 1964 2955 ad
1989 2925 2132 2955 divinum
2149 2924 2271 2955 cultum
2294 2934 2349 2954 seu
2369 2923 2470 2955 famu-

1381 2973 1383 2983 ⁴
1407 2969 1518 3005 latum,
1539 2975 1569 2999 et
1593 2969 1863 2999 consecrationem
1882 2978 1937 2999 seu
1961 2969 2224 2999 benedictionem.
2248 2968 2290 2999 Et
2308 2968 2470 3008 supponit,

1410 3020 1445 3044 ut
1467 3012 1598 3043 inferius
1613 3012 1631 3031 *
1653 3019 1748 3053 patet,
1765 3013 1854 3053 quod
1882 3020 1996 3044 votum
2019 3012 2179 3053 religionis
2210 3019 2290 3043 esset
2312 3012 2471 3053 indispen-

1408 3057 1504 3088 sabile
1520 3066 1576 3097 per
1591 3066 1830 3098 quamcumque
1844 3057 2002 3088 Ecclesiae
2021 3057 2249 3088 auctoritatem.
2273 3056 2315 3087 Et
2329 3064 2471 3096 propter-

1409 3111 1445 3132 ea
1461 3100 1604 3141 oportuit
1625 3101 1715 3142 quod
1729 3101 2064 3141 indispensabilitatem
2087 3100 2232 3132 fundaret
2247 3110 2342 3140 super
2362 3101 2470 3141 aliquo

1409 3145 1498 3186 quod
1513 3155 1580 3175 non
1603 3144 1807 3176 subiiceretur
1823 3145 2046 3176 ecclesiasticae
2070 3145 2247 3176 auctoritati
2264 3145 2371 3186 quoad
2386 3144 2470 3175 illius

1408 3189 1629 3220 mutationem.
1653 3189 1694 3220 Et
1708 3189 1863 3230 quoniam
1886 3197 1951 3220 tarn
1973 3196 2087 3220 votum
2103 3199 2200 3230 quam
2223 3188 2414 3228 mancipatio
2431 3189 2470 3219 ad

1408 3233 1468 3264 Dei
1491 3233 1692 3270 famulatum,
1708 3240 1820 3273 utpote
1843 3233 2014 3264 hominum
2037 3243 2150 3274 opera,
2174 3234 2212 3263 ab
2236 3232 2375 3263 Ecclesia
2398 3242 2469 3262 mu-

1408 3277 1465 3308 tari
1489 3285 1632 3318 possunt,
1650 3278 1690 3308 ad
1713 3287 1795 3319 opus
1818 3278 1878 3308 Dei
1900 3288 2063 3308 recursum
2085 3277 2205 3313 habuit,
2221 3276 2338 3307 scilicet
2361 3286 2469 3306 conse-

1408 3322 1616 3353 sectationem
1639 3329 1670 3352 et
1693 3322 1954 3358 benedictionem,
1979 3328 2023 3358 ut,
2045 3321 2078 3351 in
2100 3321 2150 3351 his
2173 3320 2394 3351 constituendo
2418 3330 2468 3351 so-

1407 3365 1603 3396 lemnitatem
1618 3366 1696 3402 voti,
1712 3365 1955 3406 indispensabile
1979 3365 2181 3396 concluderet
2195 3371 2308 3395 votum
2324 3364 2469 3398 solemne

1409 3410 1517 3450 quoad
1531 3410 1565 3439 id
1588 3410 1676 3451 quod
1699 3419 1755 3450 per
1771 3420 1803 3440 se
1826 3410 1865 3439 ad
1884 3409 2117 3440 solemnitatem
2132 3415 2260 3449 spectat,
2277 3414 2313 3439 ut
2334 3408 2368 3438 in
2385 3407 2468 3442 dicto

1409 3453 1541 3484 articulo
1564 3453 1694 3484 inferius
1718 3460 1813 3494 patet.
1838 3454 1924 3484 Haec
1948 3460 2003 3484 est·
2016 3452 2158 3483 radicalis
2188 3452 2267 3483 ratio
2291 3462 2373 3493 quae
2397 3462 2468 3486 coe-

1408 3497 1490 3538 gisse
1519 3498 1643 3528 videtur
1671 3500 1846 3528 Auctorem
1875 3497 1915 3527 ad
1945 3497 2132 3537 ponendum
2168 3497 2257 3538 quod
2286 3496 2469 3530 solemnitas

1408 3542 1475 3572 voti
1499 3541 1640 3573 consistit
1663 3542 1695 3571 in
1719 3541 1954 3572 consecratione
1975 3541 2026 3572 vel
2048 3540 2265 3572 benedictione
2288 3540 2402 3571 divina.

1470 3586 1576 3616 Altera
1600 3592 1707 3616 autem
1729 3585 1808 3616 ratio
1824 3595 1905 3625 quae
1928 3585 1960 3615 in
1985 3585 2043 3616 hac
2065 3585 2166 3616 littera
2181 3584 2306 3615 affertur
2329 3595 2365 3615 ex
2384 3583 2468 3614 simi-

2502 1264 2509 1270 ·
2522 1261 2577 1290 Cap.
2590 1262 2659 1289 Quod
2672 1268 2711 1283 vo-

2502 1290 2555 1314 tum,
2572 1288 2602 1309 de
2620 1288 2677 1310 Voto
2691 1290 2715 1310 et

2504 1314 2555 1335 Voti
2560 1314 2674 1342 redempt.
2675 1330 2684 1341 ,
2690 1315 2712 1336 in

2501 1341 2580 1388 Selxbtqi.

2501 1370 2511 1378 ⁸
2553 1368 2559 1388 i
2578 1383 2583 1389 .

2499 2664 2507 2671 ⁸
2519 2663 2575 2690 Cap.
2591 2663 2627 2684 Ex
2637 2666 2710 2690 parte

2498 2691 2547 2715 tua,
2572 2689 2599 2710 de
2613 2689 2672 2717 Reg.
2687 2692 2711 2711 e!

2500 2715 2643 2738 Transeunt.
2677 2716 2710 2738 ad

2498 2741 2558 2767 Ret.,·
2567 2748 2618 2770 cap.
2627 2743 2650 2764 Is
2660 2743 2708 2770 qui,

2498 2768 2565 2790 deRe
2583 2769 2707 2790 .etTrans.

2499 2794 2568 2816 adRe
2578 2810 2584 2817 .
2600 2796 2622 2816 iu
2629 2795 2707 2821 Sexto;

2499 2812 2710 2849 Clem.1}osqui,d2

2500 2847 2532 2868 Re
2552 2863 2558 2869 .
2569 2850 2593 2869 et
2606 2849 2690 2870 Trans.

2499 2879 2513 2894 a
2545 2874 2592 2895 Rel.

2499 2902 2508 2911 ⁸
2520 2901 2576 2927 Arg.
2586 2901 2634 2922 Sed
2648 2903 2708 2922 cont.

2500 3021 2508 3029 ⁹
2523 3020 2573 3041 Art.
2588 3025 2612 3040 ιι.
