2860 4244
396 227 470 262 208

395 310 473 347 tus‚·
501 304 605 341 aliud
622 304 817 340 diuturnus
836 301 1002 351 affectus.
1031 300 1136 335 Nam
1159 303 1194 334 et
1211 298 1256 334 de
1275 298 1352 344 ipso
1372 298 1450 332 Do-

395 358 496 393 mino
525 357 702 404 scriptum
731 361 783 391 est
801 354 901 402 quod
921 350 1201 400 pernoctaverit
1226 350 1264 385 in
1293 349 1449 394 orando,

395 414 430 445 et
464 410 565 456 quod
591 408 779 456 prolixius
816 405 998 450 oraverit,
1043 409 1083 439 ut
1117 403 1222 439 nobis
1253 402 1453 449 praeberet

394 461 618 508 exemplum.
656 461 704 496 Et
732 466 864 507 postea
893 457 1036 493 subdit:
1071 455 1178 492 Absit
1208 455 1256 491 ab
1284 454 1454 491 oratione

395 513 511 550 multa
545 513 700 550 locutio.-
735 512 800 548 sed
831 522 904 547 non
942 509 1034 545 desit
1059 508 1176 545 multa
1205 507 1393 555 precatio,
1422 507 1455 542 si

385 567 542 613 fervens
555 570 773 613 perseverat
790 563 950 599 intentio.
981 562 1087 598 Nam
1107 560 1264 597 multum
1284 560 1386 608 loqui
1403 564 1455 596 est

395 619 431 654 in
460 618 604 654 orando
633 629 712 653 rem
741 615 991 652 necessariam
1019 614 1217 662 superfluis
1236 624 1353 662 agere
1372 624 1454 649 ver-

395 671 459 707 bis.
481 670 706 717 Plerumque
731 674 855 705 autem
883 669 954 704 hoc
982 667 1173 716 negotium
1194 666 1281 714 plus
1308 665 1453 715 gemiti-

395 724 463 759 bus
490 734 603 771 quam
630 721 864 758 sermonibus
892 721 1031 770 agitur.

447 776 505 811 AD
526 786 715 811 SECUNDUM
734 785 918 811 D1CENDUM
939 771 1043 821 quod
1063 771 1255 820 prolixitas
1275 770 1455 808 orationis

396 839 474 863 non
503 827 671 864 consistit
705 827 743 864 in
771 827 845 863 hoc
874 826 980 873 quod
1009 825 1129 862 multa
1155 832 1352 873 petantur:
1389 824 1454 860 sed

394 879 432 916 in
460 881 534 916 hoc
563 880 667 929 quod
696 880 854 917 affectus
883 878 1124 916 continuetur
1153 878 1201 914 ad
1235 889 1356 914 unum
1393 877 1456 914 de-

395 932 653 970 siderandum.

449 1045 473 1079 Θ)
493 1047 611 1079 quiescit.
625 1060 643 1065 —
661 1050 748 1071 cessat
765 1049 792 1071 et
809 1046 920 1078 quiescit
939 1045 984 1070 Pa.

986 220 1251 268 QUAEsrlo
1281 219 1494 265 Lxxxul,
1524 218 1820 255 ARTlcuLus
1850 217 1920 253 xv

1557 297 1616 332 AD
1642 307 1804 333 TERTmM
1838 306 2022 332 DICENDUM
2050 293 2156 342 quod
2184 292 2375 330 Dominus
2404 305 2483 330 non
2513 292 2567 329 in-

1505 348 1620 384 stituit
1647 349 1746 385 hanc
1766 348 1991 385 Orationem
2019 354 2060 383 ut
2089 346 2146 382 his
2168 345 2256 382 solis
2274 345 2403 382 verbis
2431 345 2485 382 uti
2504 346 2570 382 de-

1506 401 1666 437 beamus
1694 400 1732 437 in
1762 402 1930 437 orando:
1966 400 2033 436 sed
2062 398 2152 448 quia
2180 398 2228 435 ad
2263 398 2359 435 haec
2388 398 2469 435 sola
2497 397 2567 436 irn-

1506 453 1690 501 petranda
1710 453 1824 490 debet
1842 453 1998 491 tendere
2019 458 2169 489 nostrae
2191 451 2372 488 orationis
2398 451 2570 499 intentio,

1507 505 1834 554 qualitercumque
1865 518 1908 543 ea
1935 505 2175 553 proferamus
2200 505 2263 541 vel
2294 503 2516 551 cogitemus

1560 561 1620 595 An
1640 570 1813 601 QUARTUM
1833 558 1853 580 ’¹‘
1874 570 2061 597 DICENDUM
2090 557 2196 606 quod
2227 556 2363 605 aliquis
2393 556 2572 593 continue

1509 618 1605 658 orat,
1634 611 1695 647 vel
1724 619 1880 660 propter
1910 611 2197 649 continuitatem
2228 608 2420 656 desiderii,
2450 616 2492 645 ut
2521 609 2573 645 di-

1509 671 1611 700 ctum
1642 671 1697 700 est
1718 664 1747 700 *.
1769 685 1793 692 -
1821 664 1891 701 Vel
1911 664 2000 713 quia
2021 677 2100 701 non
2127 663 2336 701 intermittit
2362 661 2455 711 quin
2478 670 2573 698 tem-

1508 716 1666 765 poribus
1686 716 1831 754 statutis
1851 725 1944 753 oret.
1962 738 1986 745 —
2006 717 2076 754 Vel
2094 723 2252 766 propter
2272 716 2468 754 effectum:
2492 714 2573 751 sive

1508 770 1546 806 in
1566 769 1649 817 ipso
1671 776 1816 816 orante,
1838 769 1903 818 qui
1922 770 2035 807 etiam
2057 777 2145 818 post·
2164 769 2378 806 orationem
2402 774 2575 805 remanet

1509 822 1629 870 magis
1668 822 1851 867 devotus;
1890 822 1972 858 sive
2010 822 2125 859 etiam
2162 822 2200 859 in
2228 822 2325 869 alio,
2353 829 2447 870 puta
2485 833 2574 857 curn

1509 875 1643 923 aliquis
1673 875 1750 911 suis
1778 875 1975 911 beneficiis
2005 882 2192 922 provocat
2220 875 2336 911 alium
2365 882 2406 911 ut
2433 886 2503 923 pro
2533 885 2573 910 se

1511 936 1613 976 oret,
1644 928 1756 965 etiam
1796 927 1950 977 quando
1991 927 2072 975 ipse
2111 928 2158 963 ab
2193 927 2340 964 orando
2369 926 2530 975 quiescit
2548 923 2574 962 ⁰.
2700 922 2714 948 θ

2600 564 2611 575 ·
2624 564 2680 591 Arg.
2695 563 2743 585 Sed
2756 569 2810 585 con-

2600 592 2648 612 tra.

2603 671 2614 682 ⁸
2627 670 2652 692 In
2667 675 2771 698 corpore.

1053 1170 1371 1212 ARTICULUS
1400 1168 1910 1221 QUINTUSDECIMUS

1138 1254 1293 1284 UTRUM
1317 1253 1483 1284 ORArio
1508 1253 1574 1283 slr
1598 1252 1841 1283 MERITORIA

994 1325 1085 1356 Supra,
1105 1328 1152 1348 art.
1172 1331 1196 1355 7,
1216 1323 1247 1347 ad
1268 1330 1298 1352 2;
1318 1322 1351 1347 IV
1371 1322 1453 1352 Sem„
1474 1322 1535 1347 dist.
1553 1329 1594 1351 xv,
1614 1329 1659 1353 qu.
1678 1329 1712 1351 w,
1732 1326 1780 1346 art.
1798 1328 1823 1353 7,
1843 1321 1893 1353 qu*
1914 1328 1937 1350 2,
1958 1320 1982 1345 3.

484 1409 555 1438 ‚M
609 1401 631 1425 D
666 1398 991 1430 QUINTUMDEClMUM
1028 1397 1081 1422 src
1114 1397 1355 1422 PROOEmTUR.
1394 1385 1457 1421 Vi-

523 1434 583 1491 '’†⁷³s
610 1441 719 1478 detur
753 1440 859 1489 quod
896 1439 1016 1476 oratio
1055 1451 1134 1475 non
1171 1438 1216 1475 sit
1253 1438 1455 1475 meritoria.

454 1510 514 1574 a
582 1528 584 1530 ·
610 1491 1457 1594 {³33‘3533ss.‡{33?Q.{323155¹¹3.52g233513

399 1600 482 1649 ipsa
509 1599 626 1648 gratia
652 1612 722 1648 per
746 1599 958 1636 orationem
986 1598 1217 1646 impetratur,
1247 1597 1458 1634 secundum

400 1652 490 1690 illud
519 1653 612 1689 Luc.
641 1665 677 1689 xi
699 1653 737 1688 *ε
766 1654 879 1688 Pater
905 1657 1026 1688 vester
1053 1650 1098 1687 de
1125 1650 1228 1687 caelo
1256 1650 1359 1687 dabit
1387 1650 1459 1699 spi-

401 1707 512 1742 ritum
541 1706 680 1742 bonum
702 1705 910 1754 petentibus
937 1716 987 1741 se.
1018 1704 1119 1751 Ergo
1148 1702 1268 1740 oratio
1297 1715 1376 1740 non
1406 1710 1460 1739 est

402 1766 506 1795 actus
534 1758 764 1796 meritorius.

447 1812 748 1859 -2.PRAETEREA,
778 1810 809 1847 si
838 1809 957 1846 oratio
987 1808 1128 1857 aliquid
1166 1815 1352 1855 meretur,
1381 1820 1459 1844 ma-

401 1864 502 1900 xime
529 1863 680 1901 videtur
711 1863 847 1900 mereri
875 1861 967 1899 illud
995 1862 1099 1910 quod
1135 1860 1281 1897 orando
1311 1861 1459 1909 petitur.

403 1916 479 1953 Sed
517 1918 591 1954 hoc
628 1929 707 1954 non
739 1927 891 1964 semper
919 1922 1104 1951 meretur:
1144 1913 1233 1962 quia
1269 1914 1461 1951 multoties

403 1969 516 2006 etiam
537 1977 755 2006 sanctorum
776 1968 966 2005 orationes
982 1979 1061 2004 non
1079 1967 1346 2013 exaudiuntur3
1368 1967 1461 2004 sicut

403 2023 542 2059 Paulus
570 2035 648 2059 non
678 2030 733 2059 est
762 2021 956 2058 exauditus
983 2027 1117 2070 petens
1153 2020 1343 2056 removeri
1372 2033 1393 2057 a
1422 2033 1461 2057 se

403 2075 597 2112 stimulum
637 2075 757 2112 carnis
776 2074 807 2111 ²³⁶.
851 2075 953 2122 Ergo
992 2073 1112 2110 oratio
1150 2085 1229 2110 non
1266 2080 1321 2110 est
1357 2081 1462 2111 actus

403 2127 628 2166 meritorius.

457 2182 490 2218 3.
513 2182 745 2227 PRAETEREA,
775 2180 894 2216 oratio
923 2179 1126 2228 praecipue
1155 2178 1246 2215 fidei
1273 2178 1461 2216 innititur:

404 2234 616 2271 secundum
646 2233 736 2270 illud
766 2232 924 2270 Iac.1’¹⁶:
954 2232 1118 2270 Postulet
1148 2237 1273 2268 autem
1302 2232 1339 2268 in
1358 2233 1442 2280 fide
1451 2261 1461 2278 ,

404 2287 495 2324 nihil
521 2287 717 2324 haesitans.
755 2286 867 2324 Fides
886 2293 1014 2322 autem
1042 2297 1120 2322 non
1141 2284 1279 2322 sufficit
1307 2285 1355 2322 ad
1385 2298 1463 2322 me-

404 2340 588 2377 rendum:
626 2348 667 2376 ut
694 2347 795 2388 patet
832 2340 871 2376 in
899 2338 956 2375 his
985 2337 1049 2386 qui
1086 2338 1228 2375 habent
1261 2338 1380 2375 fidem
1409 2339 1463 2375 in—

405 2393 580 2429 formem.
624 2393 726 2440 Ergo
756 2393 876 2429 oratio
905 2404 985 2428 non
1014 2398 1069 2427 est
1096 2398 1202 2428 actus
1236 2391 1462 2428 meritorius.

459 2446 532 2482 SED
567 2456 712 2482 CONTRA
744 2457 810 2482 EST
842 2445 948 2494 quod
981 2456 1097 2493 super
1131 2443 1221 2480 illud
1254 2444 1396 2481 Psalm.
1422 2444 1461 2491 *‚

410 2499 537 2536 Oratio
566 2510 650 2535 mea
678 2499 714 2535 in
743 2499 827 2535 sinu
855 2510 939 2535 meo
968 2503 1215 2541 convertetur,
1237 2497 1325 2534 dicit
1354 2498 1463 2534 Glos-

405 2564 466 2588 sa:
506 2551 587 2588 Etsi
613 2552 664 2588 eis
701 2564 774 2588 non
797 2551 963 2599 profuit,
993 2562 1064 2599 ego
1098 2556 1221 2587 tamen
1265 2562 1338 2587 non
1379 2562 1462 2587 sum

388 2646 389 2649 Ἴ
393 2606 604 2652 frustratus
632 2616 715 2641 mea
744 2604 924 2641 mercede.
956 2604 1106 2640 Merces
1132 2610 1262 2640 autem
1292 2615 1371 2640 non
1400 2603 1464 2640 de-

405 2658 513 2694 betur
549 2656 619 2694 nisi
647 2657 794 2694 merito.
837 2658 940 2705 Ergo
970 2656 1090 2693 oratio
1127 2657 1243 2694 habet
1277 2656 1461 2693 rationem

405 2709 538 2747 meriti.

457 2764 681 2800 Respoumzo
709 2775 892 2800 DlCENDUM
916 2762 1034 2811 quod,
1063 2762 1158 2800 sicut
1187 2762 1328 2800 dictum
1358 2769 1412 2799 est
1430 2762 1461 2810 ²¹²,

405 2817 543 2863 oratio,
573 2824 722 2865 praeter
751 2816 929 2854 effectum
963 2815 1164 2865 spiritualis
1193 2814 1462 2853 consolationis

405 2881 522 2916 quam
550 2869 844 2918 praesentialiter
872 2868 992 2916 affert,
1023 2868 1215 2918 duplicem
1243 2869 1357 2906 habet
1389 2867 1462 2904 vir-

404 2929 523 2959 tutem
552 2929 725 2970 respectu
753 2922 865 2959 futuri
894 2922 1069 2959 effectus:
1112 2922 1252 2959 scilicet
1283 2921 1460 2959 virtutem

406 2974 590 3022 merendi,
620 2982 656 3010 et
682 2975 860 3012 virtutem
889 2975 1129 3024 impetrandi.
1161 2974 1293 3012 Oratio
1320 2982 1460 3022 autem,

407 3026 502 3063 sicut
529 3034 565 3063 et
592 3026 748 3074 quilibet
783 3028 877 3064 alius
905 3035 1010 3064 actus
1037 3027 1204 3075 virtutis,
1239 3029 1354 3065 habet
1382 3027 1462 3065 effi-

407 3079 550 3116 caciam
587 3079 757 3117 merendi
795 3080 1019 3128 inquantum
1057 3081 1229 3128 procedit
1262 3093 1308 3118 ex
1336 3080 1460 3118 radice

407 3132 566 3169 caritatis
587 3133 619 3179 *,
650 3132 754 3168 cuius
782 3133 980 3181 proprium
1009 3133 1203 3170 obiectum
1232 3141 1288 3170 est
1314 3133 1461 3170 bonum

407 3192 624 3232 aeternum,
654 3185 760 3222 cuius
789 3185 1005 3222 fruitionem
1034 3198 1239 3223 meremur.
1286 3185 1463 3222 Procedit

406 3245 535 3276 tamen
564 3238 684 3276 oratio
705 3251 727 3275 a
746 3238 897 3275 caritate
922 3237 1113 3276 mediante
1142 3237 1334 3285 religione,
1356 3238 1462 3275 cuius

409 3298 463 3327 est
482 3299 587 3328 actus
606 3291 739 3338 oratio,
756 3299 800 3339 ut
824 3291 966 3328 dictum
987 3298 1042 3328 est
1055 3290 1091 3337 *;
1122 3290 1463 3328 concomitantibus

409 3344 520 3380 etiam
549 3344 779 3393 quibusdam
813 3344 891 3381 aliis
918 3343 1119 3381 virtutibus
1148 3356 1246 3392 quae
1275 3343 1323 3381 ad
1355 3343 1462 3380 boni-

407 3403 522 3434 tatem
551 3397 731 3435 orationis
755 3397 1008 3445 requiruntur,
1037 3397 1177 3434 scilicet
1203 3396 1411 3434 humilitate
1429 3404 1463 3433 et

163 1653 173 1664 '⁴
186 1652 255 1675 Vers.
270 1657 299 1680 13.

166 2076 175 2087 ⁶
184 2076 205 2097 11
212 2076 314 2102 adCor.,
323 2081 373 2102 cap.

164 2109 207 2130 xii,
223 2108 280 2124 vers.
295 2108 308 2130 7
322 2108 374 2129 sqq.

165 2239 175 2248 ⁸
189 2237 256 2259 Vers.
271 2238 295 2259 6.

166 2445 177 2456 ⁸
184 2445 222 2467 Pa.
230 2451 308 2473 xxxiv,
316 2451 376 2467 vers.

167 2478 196 2500 ¹3·

169 2761 179 2772 ⁸
192 2761 243 2782 Art.
259 2767 287 2790 ¹3·

167 3136 177 3147 ’
193 3136 220 3158 D.
235 3136 285 3158 882.

168 3289 179 3299 ¹·
192 3289 243 3310 Art.
259 3295 279 3317 3.

463 3510 489 3541 α)
509 3517 575 3542 quae
589 3513 665 3535 est.-
676 3517 743 3542 quae
757 3510 882 3542 EFipCK,
904 3517 956 3535 non
970 3513 1009 3535 est
1021 3510 1071 3542 pG,
1086 3510 1199 3542 quaefit
1211 3510 1244 3541 H,
1263 3517 1317 3535 om.
1332 3511 1388 3542 pr
1402 3514 1427 3534 et
1440 3517 1465 3534 a.

1511 1384 1599 1421 fide.
1629 1383 1690 1420 Ad
1715 1382 1938 1430 religionem
1969 1382 2071 1419 enim
2099 1382 2261 1431 pertinet
2288 1382 2412 1431 ipsam
2440 1383 2578 1420 oratio-

1511 1449 1602 1474 nem
1631 1438 1714 1474 Deo
1736 1436 1886 1473 offerre.
1916 1435 1978 1472 Ad
1998 1435 2194 1479 caritatem
2212 1447 2307 1473 vero
2331 1435 2493 1484 pertinet
2514 1437 2578 1473 de-

1512 1489 1695 1527 siderium
1734 1489 1787 1526 rei
1817 1489 1922 1525 cuius
1953 1490 2281 1538 complementum
2317 1487 2438 1525 oratio
2471 1489 2577 1537 petit.

1514 1543 1627 1580 Fides
1656 1549 1784 1580 autem
1813 1550 1868 1579 est
1897 1542 2110 1579 necessaria
2139 1554 2184 1579 ex
2210 1548 2317 1590 parte
2346 1541 2432 1590 Dei,
2462 1553 2580 1591 quem

1514 1608 1692 1633 oramus:
1730 1603 1772 1632 ut
1799 1595 1938 1632 scilicet
1966 1595 2165 1633 credamus
2202 1595 2250 1632 ab
2281 1607 2327 1631 eo
2356 1607 2430 1632 nos
2462 1606 2579 1644 posse

1515 1649 1685 1687 obtinere
1715 1649 1820 1697 quod
1847 1648 2026 1697 petimus.
2057 1648 2260 1686 Humilitas
2289 1655 2419 1686 autem
2439 1655 2496 1686 est
2513 1659 2581 1687 ne-

1515 1702 1678 1739 cessaria
1706 1714 1751 1738 ex
1778 1709 1885 1750 parte
1914 1702 2032 1750 ipsius
2060 1701 2243 1750 petentis,
2272 1701 2339 1749 qui
2376 1713 2487 1739 suam
2523 1699 2581 1739 in-

1516 1755 1719 1804 digentiam
1749 1755 1998 1802 recognoscit.
2029 1755 2097 1791 Est
2125 1755 2240 1792 etiam
2269 1762 2306 1792 et
2333 1754 2490 1792 devotio
2514 1766 2581 1792 ne-

1517 1808 1698 1845 cessaria:
1729 1808 1796 1845 sed
1823 1808 1918 1845 haec
1947 1808 1997 1844 ad
2024 1807 2245 1855 religionem
2272 1807 2446 1856 pertinet,
2473 1806 2581 1845 cuius

1517 1869 1573 1898 est
1599 1861 1747 1910 primus
1776 1869 1902 1908 actus,
1933 1861 2169 1898 necessarius
2206 1861 2255 1898 ad
2283 1873 2418 1898 omnes
2447 1872 2581 1898 conse-

1516 1922 1687 1964 quentes,
1716 1921 1758 1950 ut
1785 1926 1899 1962 supra
1918 1913 1938 1935 ’³‘
1967 1913 2111 1950 dictum
2141 1921 2207 1951 est.

1571 1967 1793 2004 Efficaciam
1827 1974 1956 2004 autem
1984 1966 2213 2015 impetrandi
2245 1966 2362 2003 habet
2389 1977 2435 2002 ex
2462 1965 2583 2013 gratia
2608 1976 2631 1993 ³·

1517 2020 1602 2067 Dei,
1632 2032 1748 2069 quem
1777 2031 1946 2067 oramus,
1976 2019 2040 2067 qui
2069 2019 2184 2057 etiam
2212 2031 2283 2057 nos
2311 2019 2361 2056 ad
2389 2018 2581 2057 orandum

1517 2073 1671 2110 inducit.
1701 2072 1813 2110 Unde
1833 2073 2067 2120 Augustinus
2087 2073 2186 2120 dicit,
2215 2073 2255 2110 in
2273 2072 2371 2109 libro
2391 2072 2446 2110 de
2471 2072 2580 2110 Verb.

1517 2128 1631 2163 Dom.
1652 2126 1691 2163 *ε
1727 2126 1818 2163 Non
1847 2138 1915 2162 nos
1942 2126 2157 2163 hortaretur
2186 2131 2226 2163 ut
2251 2131 2481 2173 peteremus,
2511 2125 2585 2162 nisi
2610 2137 2620 2149 ·

1519 2180 1611 2217 dare
1645 2178 1763 2216 vellet.
1802 2179 1851 2215 Et
1884 2179 2185 2227 Chrysostomus
2221 2178 2328 2216 dicit:
2369 2179 2582 2227 Nunquam

1519 2233 1645 2269 oranti
1671 2232 1850 2280 beneficia
1878 2232 2042 2282 denegat
2068 2233 2134 2281 qui
2165 2238 2205 2269 ut
2230 2237 2381 2269 orantes
2417 2243 2492 2269 non
2520 2231 2583 2269 de-

1507 2286 1649 2333 ficiant
1672 2297 1742 2321 sua
1763 2285 1902 2332 pietate
1930 2285 2092 2335 instigat.
2546 2285 2550 2289 “

1572 2340 1631 2375 An
1661 2349 1800 2375 PmMUM
1828 2350 1927 2375 ERGO
1963 2350 2148 2376 monimum
2182 2338 2288 2387 quod
2323 2337 2444 2374 oratio
2481 2349 2583 2386 quae

1520 2399 1575 2428 est
1595 2396 1612 2413 α
1641 2391 1721 2428 sine
1749 2391 1866 2439 gratia
1894 2399 2042 2438 gratum
2078 2391 2238 2428 faciente
2274 2389 2468 2428 meritoria
2502 2402 2583 2429 non
2707 2393 2724 2410 ‘²

1519 2452 1593 2481 est:
1632 2444 1728 2480 sicut
1756 2456 1827 2481 nec
1855 2444 1989 2492 aliquis
2024 2444 2119 2482 alius
2153 2452 2259 2481 actus
2285 2443 2490 2481 virtuosus.
2533 2444 2583 2481 Et

1518 2505 1648 2534 tamen
1669 2497 1782 2534 etiarn
1803 2497 1922 2533 oratio
1939 2509 2038 2546 quae
2058 2497 2236 2546 impetrat
2254 2496 2412 2544 gratiam
2431 2503 2581 2544 gratum

1519 2550 1720 2588 facientem
1748 2550 1920 2598 procedit
1939 2562 1984 2587 ex
2008 2550 2133 2599 aliqua
2152 2549 2281 2598 gratia,
2303 2550 2409 2598 quasi
2435 2562 2480 2587 ex
2499 2561 2582 2598 gra-

1519 2603 1612 2640 tuito
1642 2604 1764 2640 dono:
1795 2603 1884 2651 quia
1911 2602 2038 2652 ipsum
2068 2615 2177 2641 orare
2207 2611 2262 2641 est
2290 2603 2488 2652 quoddam
2516 2602 2581 2640 do-

1519 2668 1610 2693 num
1637 2657 1729 2702 Dei,
1758 2664 1800 2693 ut
1826 2657 2061 2703 Augustinus
2090 2656 2194 2704 dicit,
2223 2656 2262 2693 in
2289 2657 2387 2694 libro
2419 2657 2465 2693 de
2490 2656 2580 2693 Per-

1517 2710 1728 2747 severantia
1747 2708 1778 2746 ³¹⁸.

1571 2764 1631 2799 AD
1650 2774 1839 2800 SECUNDUM
1863 2773 2047 2800 οιοΕΝουΜ
2067 2762 2173 2812 quod
2197 2762 2246 2799 ad
2266 2762 2367 2800 aliud
2394 2761 2583 2811 principa·
2607 2758 2825 2815 „ffiffwffi

1518 2815 1600 2852 liter
1626 2815 1774 2864 respicit
1801 2814 1979 2852 meritum
2007 2815 2189 2853 orationis
2209 2815 2444 2864 quandoque
2463 2826 2581 2865 quam
2630 2829 2635 2834 ’

1519 2869 1567 2906 ad
1587 2868 1625 2905 id
1645 2869 1751 2916 quod
1778 2868 1934 2917 petitur:
1965 2869 2143 2906 meritum
2165 2869 2268 2906 enim
2295 2869 2501 2918 praecipue
2520 2881 2582 2907 or-

1518 2921 1667 2959 dinatur
1701 2921 1750 2959 ad
1786 2921 2082 2968 beatitudinem;
2128 2922 2196 2960 sed
2230 2922 2361 2971 petitio
2399 2921 2584 2961 orationis

1518 2975 1656 3012 directe
1684 2987 1724 3012 se
1745 2975 1910 3012 extendit
1938 2975 2171 3024 quandoque
2199 2975 2248 3012 ad
2276 2975 2404 3025 aliqua
2430 2975 2517 3023 alia,
2541 2981 2585 3013 ut

1518 3040 1563 3064 ex
1591 3028 1697 3066 dictis
1716 3027 1736 3050 ’¹‘
1763 3035 1877 3077 patet.
1915 3028 1955 3066 Si
1983 3041 2074 3077 ergo
2103 3028 2196 3066 illud
2223 3027 2327 3066 aliud
2354 3028 2460 3077 quod
2487 3027 2583 3078 petit
2607 3035 2684 3059 'Ass-
2699 3035 2723 3058 ⁶·

1517 3081 1650 3129 aliquis
1685 3093 1756 3129 pro
1785 3080 1934 3130 seipso,
1963 3093 2041 3118 non
2072 3081 2119 3119 sit
2155 3081 2190 3118 ei
2221 3081 2270 3119 ad
2307 3081 2581 3121 beatitudinem

1516 3133 1626 3180 utile,
1656 3145 1735 3170 non
1770 3141 1937 3171 meretur
1972 3134 2084 3172 illud:
2130 3135 2198 3172 sed
2234 3134 2468 3184 quandoque
2504 3133 2581 3172 hoc

1516 3186 1682 3234 petendo
1718 3193 1755 3223 et
1790 3186 2043 3224 desiderando
2082 3187 2262 3225 meritum
2296 3187 2454 3236 amittit,
2487 3193 2582 3236 puta

1517 3238 1547 3275 si
1574 3245 1677 3287 petat
1705 3251 1727 3276 a
1759 3239 1843 3276 Deo
1874 3240 2201 3288 complementum
2230 3240 2389 3278 alicuius
2415 3238 2579 3289 peccati,

1517 3292 1622 3338 quod
1642 3298 1697 3327 est
1716 3303 1794 3328 non
1813 3291 1875 3340 pie
1896 3304 2004 3329 orare
2019 3292 2050 3330 ²¹⁸.
2070 3313 2094 3322 -
2120 3293 2364 3342 Quandoque
2383 3304 2477 3331 vero
2502 3303 2582 3331 non
2608 3301 2820 3351 &dommag-

1518 3351 1574 3380 est
1601 3344 1859 3381 necessarium
1884 3345 1932 3382 ad
1952 3346 2124 3394 salutem,
2155 3359 2227 3383 nec
2251 3345 2449 3383 manifeste
2469 3344 2580 3382 saluti
2651 3331 2820 3358 ‘'imm''

1518 3396 1760 3434 contrarium.
1805 3398 1853 3434 Et
1880 3405 1990 3445 tunc,
2020 3398 2106 3437 licet
2143 3411 2257 3437 orans
2284 3397 2405 3448 possit
2432 3397 2579 3436 orando

2607 2706 2823 2760 ὲῖἳῑἪὰἕζ
