2860 4244
919 225 1186 271 QUAESTIO
1217 225 1427 271 LXXXIII,
1457 225 1753 262 ARTICULUS
1782 224 1871 261 XIV

306 311 399 341 rente,
424 312 580 346 quantum
605 310 651 335 est
674 314 710 335 ex
734 310 821 344 parte
844 302 1010 344 propositi,
1034 312 1132 333 orare.
1157 303 1198 333 Et
1221 303 1300 333 ratio
1323 310 1368 334 est

306 348 415 380 similis
442 349 475 379 in
504 349 572 379 aliis
599 348 720 379 actibus
743 348 912 378 virtutum:
943 347 1032 388 quod
1060 346 1176 377 scilicet
1199 347 1316 383 homo,
1342 347 1366 377 si

306 400 426 424 exercet
448 403 519 430 eos,
545 399 668 424 tenetur
691 402 745 423 eos
769 401 908 423 exercere
932 400 1007 421 cum
1030 390 1141 420 debitis
1164 390 1367 422 circumstan-

305 437 365 468 tiis.
400 437 464 474 Qui
488 437 574 467 enim
596 436 705 476 recipit
727 435 904 476 hospitem,
929 434 985 475 qui
1015 444 1074 474 pro
1105 434 1167 464 alio
1196 435 1367 465 advocatus

305 481 484 518 intercedit,
509 487 540 512 et
562 479 757 516 huiusmodi,
782 485 905 510 tenetur
927 478 1004 509 haec
1032 477 1133 508 facere
1159 488 1232 509 curn
1257 478 1368 510 debitis

306 525 556 561 circumstantiis,
573 524 599 555 si
619 523 706 554 facit:
731 529 762 554 et
785 523 810 553 si
834 533 899 553 non
916 522 985 552 vult
1007 521 1108 552 facere
1131 529 1167 552 ut
1185 523 1282 558 decet,
1301 532 1367 552 non

305 579 338 599 se
359 575 498 600 exerceat
520 569 553 599 in
568 567 754 599 huiusmodi
777 566 1024 606 operationibus.
1044 583 1062 588 —
1081 566 1139 596 Per
1162 566 1237 597 haec
1261 573 1367 597 tamen

304 623 372 643 non
397 613 552 652 intelligas
584 611 666 642 male
690 620 781 650 agere
804 620 879 640 eum
907 610 962 650 qui
989 616 1102 649 sponte
1131 617 1199 640 orat
1229 610 1307 640 dum
1334 620 1367 640 se

303 657 395 688 vestit
417 663 472 689 aut
495 656 602 697 aliquo
626 654 721 686 simili
745 663 840 695 opere
864 660 1053 694 occupatur,
1079 660 1236 694 quantum
1264 660 1368 694 potest

304 701 469 742 intendens
493 699 629 730 orationi
652 698 819 729 attendere.
851 698 940 728 Tum
967 697 1042 738 quia
1065 698 1126 728 alia
1149 705 1195 728 est
1223 697 1366 738 quaestio

305 744 344 775 de
367 743 551 795 evagatione
575 752 611 773 ex
627 741 804 792 proposito,
830 748 860 772 et
876 741 935 772 alia
952 742 990 772 de
1005 751 1101 782 opere
1125 752 1199 772 cum
1222 751 1292 792 quo
1309 747 1369 772 stat

304 787 451 818 attentio:
483 786 670 818 huiusmodi
700 786 786 816 enim
816 795 912 827 opera
943 796 1009 816 non
1032 786 1185 826 impedire
1216 785 1367 816 orationis

305 831 512 862 attentionem
529 830 724 882 experientia
747 837 887 861 testatur.
912 830 954 861 Et
975 830 1008 860 in
1032 830 1224 871 quibusdam
1247 828 1369 868 religio-

304 885 415 906 sorum
431 875 555 907 statutis
578 875 731 915 scriptum
747 882 793 906 est
815 875 905 915 quod
928 874 1086 914 surgendo
1106 874 1212 904 dicant
1226 872 1368 903 officium

303 919 417 950 Beatae
439 919 587 960 Virginis.
620 919 736 950 Beatus
769 928 900 960 quoque
930 919 1021 949 Pater
1049 917 1238 948 Dominicus
1269 915 1368 946 medi-

42 979 43 982 *
66 953 278 1031 §wazu-st
305 961 408 994 cinam
432 971 541 995 contra
564 962 784 1004 phantasmata
811 962 894 992 mala
925 971 1132 992 communem
1162 971 1197 991 ac
1227 959 1368 990 fructuo-

61 1035 63 1039 ,
141 1033 240 1056 mc
241 1033 276 1055 m·
305 1017 372 1038 sam
396 1007 518 1038 dicebat
540 1007 718 1038 orationem
746 1006 914 1038 sollicitam
944 1005 1047 1036 statim
1077 1014 1152 1035 cum
1175 1004 1246 1044 quis
1269 1003 1370 1044 surgit

53 1060 68 1069 ·’
107 1059 276 1086 .haedieat.‚
305 1062 322 1082 a
345 1061 461 1082 somno
479 1051 506 1083 *.

147 1076 277 1140 Ὓῃοωῖἓξ
359 1096 444 1127 Nota
469 1096 620 1132 secundo,
644 1095 733 1136 quod
756 1096 894 1129 Auctor,
918 1092 1024 1123 Basilii
1049 1091 1235 1123 auctoritate
1259 1098 1368 1127 utens,

305 1140 525 1180 evagationem
556 1149 592 1170 ex
623 1138 813 1178 negligentia
842 1142 1008 1176 computat
1036 1136 1095 1166 sub
1123 1135 1307 1175 evagatione
1335 1145 1372 1166 ex

65 1096 139 1130 ³⁸⁰3

394 1421 460 1429 effi>
480 1415 500 1421 ⁰*

343 1580 399 1605 ,m
420 1581 491 1610 vm,
517 1570 541 1595 n
575 1567 915 1600 QUARTUMDEOEMUM
950 1567 1004 1592 sm
1033 1566 1273 1592 PRocEDrrUR.
1307 1554 1372 1591 Vi-

335 1590 488 1673 ψῖιῖ
518 1612 628 1649 detur
647 1609 754 1658 quod
779 1609 900 1646 oratio
921 1621 1000 1646 non
1021 1608 1158 1645 debeat
1186 1619 1270 1645 esse
1290 1607 1371 1645 diu-

325 1672 388 1715 M,
385 1682 441 1706 v
465 1671 639 1714 nturna.
664 1662 811 1700 Dicitur
829 1661 933 1699 enim
954 1661 1189 1699 Matth.v1*:
1215 1661 1372 1698 Orantes

353 1706 359 1718 ’
396 1722 400 1725 ’
441 1733 457 1745 =1
486 1735 503 1751 κ
518 1716 631 1754 nolite
645 1715 803 1752 multum
819 1716 930 1764 loqui.
949 1714 1026 1752 Sed
1043 1721 1194 1763 oportet
1207 1714 1372 1751 multum

306 1722 422 1821 ioqui
431 1770 497 1808 diu
512 1776 704 1807 orantem:
723 1768 947 1818 praesertim
968 1768 998 1805 si
1013 1767 1135 1804 oratio
1155 1767 1201 1805 sit
1214 1767 1370 1805 vocalis.

307 1825 411 1873 Ergo
438 1835 518 1860 non
546 1823 661 1860 debet
689 1834 772 1859 esse
800 1821 922 1859 oratio
951 1821 1140 1858 diuturna.

74 1903 90 1919 ,»
314 1890 318 1893 Α
361 1889 396 1915 2.
417 1878 661 1924 PRAETEREA,
691 1875 812 1912 oratio
842 1882 898 1912 est
931 1873 1154 1923 explicativa
1183 1872 1371 1911 desiderii.

65 1925 143 1975 '0⁵12'
162 1933 246 1974 ²..·'{
307 1930 386 1969 Sed
414 1929 645 1968 desiderium
673 1935 778 1966 tanto
807 1935 864 1965 est
891 1927 1057 1965 sanctius
1080 1934 1224 1975 quanto
1252 1926 1373 1974 magis

63 1982 98 2034 ᾗ
125 1996 281 2020 κωκυ·
308 1984 358 2022 ad
384 1995 507 2021 unum
535 1981 788 2043 restringitur.
818 1981 1030 2018 secundum
1057 1980 1150 2017 illud
1177 1980 1319 2017 Psalm.
1335 1979 1372 2016 *.

72 2036 74 2042 “
313 2039 438 2076 Unam
460 2035 554 2086 petii
578 2048 602 2073 a
619 2035 817 2081 Domino,
852 2035 951 2071 hanc
978 2034 1183 2082 requiram
1213 2034 1316 2081 Ergo
1338 2039 1374 2069 et

75 2122 77 2124 v
309 2090 430 2128 oratio
449 2097 554 2127 tanto
574 2095 629 2126 est
647 2090 733 2126 Deo
754 2087 945 2136 acceptior
968 2095 1111 2136 quanto
1133 2094 1188 2124 est
1207 2085 1372 2123 brevior.

64 2147 238 2195 “s-:3
279 2151 282 2153 ’
365 2145 399 2182 3.
416 2144 650 2189 Pam-mm,
671 2141 839 2178 illicitum
857 2141 1010 2178 videtur
1026 2153 1107 2177 esse
1127 2139 1233 2189 quod
1251 2140 1372 2176 homo

65 2193 188 2248 ᾗᾲῑ
309 2195 580 2245 transgreditur
599 2200 617 2217 ²
643 2193 830 2231 terminos
859 2206 882 2230 a
909 2194 995 2231 Deo
1024 2194 1228 2242 praefixos,
1265 2204 1374 2242 prae-

310 2250 421 2299 cipue
448 2249 487 2286 in
514 2249 572 2286 his
591 2259 690 2296 quae
718 2247 907 2296 pertinent
933 2246 984 2283 ad
1013 2247 1155 2283 cultum
1182 2245 1374 2283 divinum:

64 2297 210 2332 ”iffi-²¹·
310 2303 522 2342 secundum
542 2301 633 2350 illud
651 2300 775 2338 Exod.
796 2312 857 2337 iux
870 2299 906 2336 *z
941 2300 1158 2336 Contestare
1175 2299 1373 2347 populum,

168 2350 187 2390 fl
310 2369 358 2394 ne
370 2357 482 2405 forte
507 2354 597 2392 velit
627 2353 891 2391 transcendere
915 2353 1129 2401 propositos
1147 2350 1163 2381 β
1197 2352 1375 2389 terminos

161 2404 186 2420 Τ
310 2409 362 2448 ad
386 2408 588 2446 videndum
615 2407 836 2452 Dominum,
865 2412 901 2443 et
921 2411 1057 2454 pereat
1072 2417 1122 2442 ex
1140 2406 1192 2442 eis
1205 2405 1374 2453 plurima

169 2462 187 2489 t
310 2462 518 2500 multitudo.
549 2460 644 2498 Sed
654 2472 676 2496 a
704 2461 790 2496 Deo
818 2459 1010 2508 praefixus
1030 2463 1045 2487 Υ
1074 2466 1129 2495 est
1157 2458 1268 2495 nobis
1302 2465 1375 2495 ter—

311 2516 438 2554 minus
467 2513 602 2552 orandi
629 2525 698 2562 per
724 2512 998 2550 institutionem
1028 2511 1221 2548 Orationis
1242 2511 1375 2548 Domi-

69 2551 263 2600 ᾗηῡᾞ·
311 2569 431 2616 nicae,
460 2575 503 2605 ut
528 2573 632 2616 patet
658 2565 898 2603 Matth.v1*.
928 2566 1031 2613 Ergo
1060 2576 1140 2601 non
1167 2565 1254 2601 licet
1278 2565 1376 2612 ultra

63 2610 131 2630 '⁹
140 2631 142 2636 “
314 2621 527 2660 orationem
555 2619 795 2669 protendere.

84 2646 148 2720 Ag
367 2675 442 2712 Sar>
477 2683 645 2720 coum,
663 2671 815 2709 videtur
843 2671 948 2721 quod
977 2670 1156 2707 continue
1185 2670 1232 2707 sit
1264 2682 1376 2707 oran-

68 2722 200 2752 ³²²⁴·
315 2728 420 2766 dum.
459 2726 560 2773 Quia
587 2725 779 2762 Dominus
808 2724 907 2771 dicit,
935 2725 1028 2761 Luc.
1049 2735 1134 2760 xvm
1153 2722 1190 2760 *ε
1226 2723 1378 2771 Oportet

74 2769 214 2818 wq.
312 2791 460 2829 semper
477 2790 601 2824 orare,
621 2783 657 2814 et
674 2778 748 2814 non
769 2753 938 2826 deficere.
973 2778 1023 2813 Et
1043 2778 1057 2812 Ι
1078 2777 1130 2813 ad
1150 2777 1274 2813 Thess.
1295 2788 1319 2813 v
1337 2776 1374 2798 *-

314 2835 403 2872 Sine
419 2831 692 2869 intermissione
717 2835 834 2867 orate.

368 2887 595 2923 Responnno
629 2894 814 2920 mcENDuM
847 2882 952 2930 quod
978 2883 1026 2919 de
1055 2880 1227 2917 oratione
1256 2880 1378 2929 dupli-

315 2940 408 2977 citer
425 2938 531 2986 loqui
556 2947 780 2986 possumus:
810 2946 889 2971 uno
916 2934 1049 2981 modo,
1077 2933 1292 2970 secundum
1319 2945 1376 2970 se-

314 2993 455 3043 ipsam3
472 2990 545 3028 alio
561 2990 698 3037 modo,
710 2988 920 3026 secundum
936 2999 1090 3024 causam
1107 2998 1228 3023 suam.
1251 2986 1376 3023 Causa

315 3053 443 3083 autem
473 3042 653 3080 orationis
682 3049 737 3079 est
765 3040 997 3079 desiderium
1027 3039 1201 3086 caritatis,
1232 3051 1277 3075 ex
1298 3051 1376 3087 quo

314 3098 524 3148 procedere
553 3097 668 3133 debet
694 3095 826 3132 oratio.
871 3093 988 3140 Quod
1015 3092 1171 3142 quidem
1200 3092 1239 3129 in
1266 3092 1378 3129 nobis

317 3153 432 3202 debet
451 3162 535 3187 esse
554 3148 778 3186 continuum
796 3147 860 3185 vel
879 3154 965 3184 actu
983 3146 1046 3183 v'el
1063 3146 1219 3182 virtute.
1249 3152 1379 3182 manet

318 3205 419 3242 enim
446 3203 567 3241 virtus
594 3201 707 3239 huius
736 3199 911 3238 desiderii
938 3200 976 3237 in
1005 3198 1186 3236 omnibus
1214 3210 1312 3259 quae
1333 3210 1378 3235 ex

319 3258 471 3295 caritate
490 3256 667 3301 facimus3
698 3254 826 3292 omnia
845 3260 975 3290 autem
995 3250 1009 3274 δ
1035 3248 1221 3289 debemus
1241 3252 1278 3288 in
1297 3251 1379 3301 glo-

272 3323 275 3325 *
318 3311 416 3348 riam
445 3310 520 3346 Dei
531 3310 680 3357 facere,
710 3315 755 3344 ut
772 3306 938 3344 diciturl
966 3306 1018 3342 ad
1043 3306 1130 3342 Cor.
1151 3316 1174 3341 x
1192 3304 1223 3342 ²¹².
1253 3305 1303 3341 Et
1322 3316 1379 3341 se-

70 2849 78 2868 i}
96 2866 103 2882 ί
110 2868 126 2882 Ἣι

372 3424 400 3457 α)
419 3422 662 3464 transgreditur.-
679 3419 900 3454 transgrediatur
918 3417 1021 3444 emax.
1070 3430 1078 3436 κ

372 3458 398 3492 β)
413 3458 608 3491 propositosae
626 3457 688 3482 Om.
707 3456 736 3481 P.

371 3494 399 3553 ἔ)
413 3494 594 3527 praefixusff
605 3493 686 3526 fixus
705 3492 732 3516 P.

389 3529 398 3561 )
417 3532 515 3555 autem.
527 3543 546 3548 -
564 3528 634 3554 enim
652 3527 749 3555 BGHa,
770 3532 838 3558 quae
857 3526 924 3558 Lpa.

2404 232 2479 269 207

1422 303 1605 343 proposito:
1630 303 1673 334 ita
1696 303 1784 343 quod
1809 301 1950 342 evagatio
1975 311 2011 332 ex
2034 300 2200 341 proposito
2225 299 2425 340 distinguitur
2449 299 2481 329 in

1422 347 1639 387 evagationem
1654 347 1769 378 directe
1785 356 1822 377 ex
1836 345 2000 382 industria,
2022 351 2059 376 ut
2081 354 2155 375 cum
2170 343 2241 385 quis
2257 343 2399 384 explicite
2414 343 2483 373 vult

1422 401 1487 421 non
1502 392 1678 427 attendere;
1703 397 1733 421 et
1749 390 1967 430 evagationem
1983 399 2019 420 ex
2035 388 2233 429 negligentia,
2259 394 2294 418 ut
2318 397 2392 418 cum
2411 387 2482 427 quis

1423 435 1550 475 negligit
1573 435 1742 465 attendere.
1774 434 1858 472 Quia
1887 434 1971 464 enim
2002 433 2191 474 negligentia
2218 431 2396 462 voluntaria
2419 437 2481 467 est,

1420 479 1491 508 ideo
1515 478 1658 518 evagatio
1681 478 1859 509 voluntaria
1881 484 2045 518 reputatur
2068 483 2176 507 et·est.
2202 475 2355 516 Evagatio
2374 482 2480 505 autem

1421 532 1456 552 ex
1479 522 1644 561 fragilitate
1667 529 1844 553 excusatur:
1870 528 1982 562 utpote
2005 531 2071 551 non
2095 531 2132 551 ex
2147 521 2319 556 voluntate,
2345 519 2399 549 sed
2423 518 2482 548 im-

1420 566 1561 605 potentia
1585 566 1767 605 procedenS.
1793 566 1879 597 Haec
1902 566 1997 605 igitur
2019 565 2161 604 evagatio
2185 564 2251 595 sine
2275 569 2404 604 peccato
2424 569 2480 593 est.

1421 609 1525 639 Prima
1541 616 1647 640 autem
1664 620 1788 649 semper
1805 620 1878 640 cum
1894 616 2038 649 peccato:
2054 609 2181 639 mortali
2198 608 2338 658 quidem,
2351 607 2481 648 quando

1422 663 1458 683 ex
1481 660 1684 692 contemptu,
1709 654 1759 684 vel
1782 654 1911 704 quando
1943 663 1978 685 ex
2002 653 2156 684 industria
2177 653 2210 682 in
2234 652 2377 683 oratione
2400 660 2482 691 quae

1412 703 1467 728 cst
1489 697 1548 726 sub
1572 704 1740 747 praecepto
1764 697 1835 737 quis
1858 698 1891 727 in
1907 697 2038 728 notabili
2061 704 2147 737 parte
2167 703 2315 736 evagatur
2338 693 2482 738 (perinde

1422 750 1560 790 namque
1584 747 1630 770 est
1658 750 1693 770 ac
1717 741 1742 770 si
1769 741 1856 771 illam
1879 739 2068 782 omitteret);
2100 739 2213 771 veniali
2235 750 2327 776 vero,
2351 739 2480 779 quando

1422 784 1600 814 orationem
1627 791 1835 824 spontaneam
1866 785 1984 825 absque
2011 785 2177 824 proposito
2201 783 2380 815 attendendi
2411 783 2482 823 quis

1421 828 1511 864 dicit,
1537 834 1567 858 et
1596 828 1726 867 quando
1754 838 1791 858 ex
1815 829 2003 868 negligentia
2025 828 2058 858 in
2082 828 2225 858 oratione
2252 828 2290 858 de
2314 834 2482 867 praecepto
2510 860 2512 863 Α

1421 871 1493 912 quis
1516 881 1583 902 non
1606 872 1753 908 attendit,
1779 873 1865 902 salvo
1893 872 2060 912 proposito
2084 872 2274 903 attendendi.
2309 872 2343 902 In
2367 878 2481 901 neutro

1422 915 1507 945 enim
1530 925 1604 946 casu
1628 922 1737 946 contra
1759 916 1916 952 virtutem,
1942 917 1996 946 sed
2020 923 2140 956 praeter
2161 926 2229 946 eam
2260 915 2378 955 agitur:
2408 925 2483 945 nam

1422 959 1600 990 orationem
1623 966 1830 999 spontaneam
1860 960 1904 990 sic
1927 960 2008 989 male
2032 960 2208 1000 persolvere
2233 967 2278 989 est
2307 959 2387 989 sicut
2410 959 2483 989 reci-

1423 1013 1495 1043 pere
1519 1003 1679 1043 hospitem
1708 1010 1738 1034 et
1766 1003 1946 1034 indecenter
1975 1010 2119 1039 tractare;
2151 1003 2183 1033 in
2208 1003 2349 1033 oratione
2376 1010 2483 1033 autem

1423 1054 1597 1087 praecepta,
1622 1057 1658 1077 ex
1677 1057 1743 1088 quo
1768 1057 1892 1087 semper
1915 1048 2052 1077 salvatur
2074 1046 2276 1088 propositum
2292 1047 2482 1082 attentionis,

1423 1091 1593 1122 essentialis
1623 1091 1748 1122 bonitas
1772 1091 1901 1121 moralis
1924 1098 2011 1122 actus
2042 1101 2078 1121 ex
2105 1090 2175 1121 finis
2198 1088 2372 1121 intentione
2400 1091 2484 1120 salva

1423 1142 1478 1172 est,
1503 1142 1532 1166 et
1555 1135 1699 1166 remissio
1722 1135 1893 1166 voluntatis
1916 1135 1948 1165 in
1973 1135 2066 1175 culpa
2089 1141 2135 1165 est
2158 1135 2349 1165 accidentali.

902 1283 1256 1326 ARTICULUS
1307 1281 1892 1341 QUARTUSDECIMUS

937 1372 1094 1403 UTRUM
1117 1371 1286 1402 ORA‘rlo
1309 1371 1489 1402 DEBEAT-
1507 1371 1607 1402 ESSE
1630 1371 1859 1402 DlUTURNA

441 1454 475 1479 1v
494 1453 577 1483 Sem„
597 1452 657 1477 dist.
675 1459 716 1483 xv,
735 1459 781 1484 qu.
799 1458 838 1482 xv.
853 1455 900 1475 ast.
920 1458 945 1482 2,
963 1450 1014 1483 qu*
1034 1457 1058 1480 2,
1079 1450 1108 1480 3;
1127 1450 1158 1474 111
1181 1450 1256 1475 Cont-
1278 1450 1365 1479 Gent„
1379 1457 1435 1482 cap.
1453 1457 1525 1481 xcvr;
1543 1450 1587 1474 Ad
1604 1450 1691 1479 Rom„
1711 1457 1766 1482 cap.
1784 1457 1802 1481 1,
1822 1450 1879 1474 lect.
1894 1457 1925 1480 v;
1943 1450 1987 1474 Ad
2003 1449 2110 1479 Coloss„
2131 1457 2186 1482 cap.
2205 1457 2222 1479 1,
2242 1450 2300 1474 lect.
2314 1457 2347 1480 u;

1186 1485 1197 1509 1
1214 1485 1253 1510 ad
1270 1484 1368 1514 Thess„
1384 1491 1442 1518 cap.
1457 1492 1482 1516 v,
1498 1485 1558 1510 lect.
1575 1492 1604 1510 11.

1426 1554 1595 1591 cundum
1628 1554 1703 1590 hoc
1738 1554 1860 1590 oratio
1889 1554 2003 1591 debet
2032 1566 2114 1590 esse
2143 1554 2332 1591 continua.
2373 1555 2484 1592 Unde

1425 1606 1658 1655 Augustinus
1687 1606 1786 1654 dicit,
1815 1607 1867 1644 ad
1882 1608 2049 1643 Probam
2068 1606 2107 1643 *ε
2137 1608 2183 1643 In
2211 1607 2290 1655 ipsa
2307 1608 2402 1655 fide,
2422 1611 2488 1656 spe'

1425 1665 1460 1696 et
1493 1660 1649 1696 caritate
1683 1660 1898 1696 continuato
1933 1659 2114 1696 desiderio
2148 1671 2294 1708 semper
2321 1671 2484 1697 oramus.

1481 1713 1557 1750 Sed
1586 1712 1668 1762 ipsa
1695 1713 1816 1750 oratio
1846 1713 2057 1750 secundum
2086 1725 2126 1749 se
2152 1712 2388 1749 considerata
2407 1725 2486 1750 non

1426 1773 1551 1814 potest
1584 1778 1666 1803 esse
1694 1766 1865 1803 assidua:
1902 1766 1991 1814 quia
2019 1773 2170 1814 oportet
2197 1765 2276 1802 aliis
2309 1766 2487 1814 operibus

1427 1819 1618 1868 occupari.
1648 1819 1732 1865 Sed,
1753 1819 1847 1855 sicut
1864 1818 2098 1867 Augustinus
2119 1818 2262 1855 ibidem
2284 1818 2383 1866 dicit,
2405 1819 2486 1855 ideo

1421 1884 1494 1921 per
1521 1878 1623 1910 certa
1651 1872 1847 1909 intervalla
1871 1873 2055 1908 horarum
2083 1876 2119 1908 et
2145 1877 2355 1919 temporum
2374 1872 2486 1908 etiam

1427 1926 1551 1963 verbis
1575 1937 1758 1975 rogamus
1783 1926 1920 1971 Deum,
1941 1930 1983 1961 ut
2005 1924 2076 1961 illis
2103 1936 2232 1961 rerum
2258 1924 2377 1974 signis
2404 1937 2487 1961 nos-

1428 1979 1526 2027 ipsos
1553 1979 1823 2015 admoneamus
1831 1991 1846 2023 ,·
1873 1983 2127 2026 quantumque
2150 1981 2163 1998 ³
2190 1977 2227 2013 in
2251 1978 2323 2013 hoc
2349 1977 2487 2014 deside-

1428 2032 1484 2068 rio
1507 2032 1795 2080 profecerimus,
1816 2031 1921 2067 nobis
1948 2030 2036 2078 ipsis
2063 2030 2354 2074 innotescamus;
2386 2036 2423 2066 et
2438 2031 2490 2067 ad

1427 2086 1498 2121 hoc
1525 2085 1715 2134 agendum
1752 2083 1918 2132 nosipsos
1945 2083 2070 2120 acrius
2098 2082 2311 2119 excitemus.
2352 2082 2488 2120 Unius-

1429 2138 1611 2186 cuiusque
1640 2144 1768 2174 autem
1798 2137 1850 2174 rei
1870 2136 2057 2186 quantitas
2078 2135 2191 2172 debet
2219 2147 2301 2172 esse
2329 2147 2489 2184 propor-

1428 2191 1571 2228 tionata
1589 2190 1672 2227 fini:
1695 2190 1790 2227 sicut
1805 2189 1992 2239 quantitas
2011 2188 2176 2237 potionis
2196 2188 2356 2225 sanitati.
2377 2189 2488 2225 Unde

1430 2251 1465 2280 et
1484 2243 1718 2281 conveniens
1738 2250 1794 2280 est
1812 2250 1854 2279 ut
1873 2242 1992 2279 oratio
2011 2249 2159 2279 tantum
2179 2242 2288 2278 duret
2304 2249 2488 2290 quantum

1430 2304 1484 2334 est
1515 2297 1606 2334 utile
1635 2296 1683 2333 ad
1717 2295 1957 2333 excitandum
1992 2294 2179 2331 interioris
2214 2293 2391 2331 desiderii
2418 2294 2490 2330 fer-

1429 2362 1574 2387 vorem‘.
1614 2350 1714 2386 Cum
1742 2361 1837 2386 vero
1866 2349 1967 2385 hanc
1994 2359 2216 2384 mensuram
2247 2346 2410 2393 excedit,
2440 2346 2491 2383 ita

1430 2404 1535 2451 quod
1564 2403 1644 2440 sine
1672 2402 1798 2439 taedio
1820 2401 1956 2438 durare
1985 2413 2064 2437 non
2091 2400 2223 2449 possit,
2253 2412 2331 2436 non
2357 2407 2412 2436 est
2434 2400 2490 2436 ul-

1429 2456 1544 2493 terius
1582 2455 1704 2493 oratio
1734 2454 1745 2479 (
1782 2453 2058 2505 protendenda.
2105 2453 2217 2491 Unde
2256 2452 2490 2501 Augustinus

1431 2509 1529 2556 dicit,
1559 2509 1611 2545 ad
1626 2509 1791 2545 Probam
1810 2507 1851 2544 *t
1879 2508 2069 2544 Dicuntur
2081 2507 2233 2555 fratres
2257 2506 2294 2542 in
2314 2506 2490 2556 Aegypto

1429 2563 1581 2600 crebras
1609 2561 1757 2610 quidem
1786 2561 1924 2597 habere
1951 2560 2154 2604 orationes,
2183 2558 2249 2595 sed
2275 2570 2339 2595 eas
2366 2564 2490 2595 tamen

1429 2615 1678 2660 brevissimas,
1698 2620 1735 2651 et
1755 2614 1892 2662 raptim
1916 2612 2192 2661 quodammodo
2221 2611 2421 2648 iaculatas:
2445 2623 2492 2648 ne

1430 2669 1493 2706 illa
1521 2667 1723 2718 vigilanter
1750 2673 1891 2712 erecta,
1920 2677 2018 2714 quae
2045 2665 2171 2701 oranti
2191 2664 2400 2713 plurimum
2428 2676 2490 2700 ne-

1430 2722 1593 2759 cessaria
1629 2726 1701 2766 est,
1735 2732 1806 2768 per
1835 2719 2097 2768 productiores
2133 2729 2261 2754 moras
2295 2722 2494 2753 evanescat

1429 2781 1540 2823 atque
1575 2773 1764 2810 hebetetur
1790 2772 1953 2809 intentio.
1994 2771 2053 2807 Ac
2078 2782 2152 2818 per
2178 2771 2249 2806 hoc
2283 2770 2394 2806 etiam
2423 2769 2494 2817 ipsi

1429 2828 1518 2864 satis
1545 2826 1742 2862 ostendunt
1775 2826 1874 2862 hanc
1900 2824 2157 2869 intentionem,
2185 2823 2282 2859 sicut
2311 2834 2385 2858 non
2414 2833 2492 2858 esse

1431 2879 1706 2917 obtundendam
1721 2883 1740 2905 ‘¹¹
1758 2878 1793 2914 si
1803 2878 2016 2925 perdurare
2034 2887 2108 2912 non
2124 2880 2254 2925 potest,
2275 2875 2338 2920 ita,
2357 2875 2392 2911 si
2403 2886 2490 2922 per-

1431 2931 1643 2976 duraverit,
1672 2943 1747 2967 non
1775 2931 1846 2966 cito
1874 2941 1953 2966 esse
1979 2929 2239 2977 rumpendam.
2260 2947 2285 2955 -
2314 2928 2363 2964 Et
2397 2927 2493 2964 sicut

1433 2987 1507 3022 hoc
1545 2992 1600 3021 est
1633 2983 1907 3020 attendendum
1936 2982 1974 3018 in
2003 2982 2174 3018 oratione
2212 2979 2389 3040 singulari
2424 2991 2493 3028 per

1432 3037 1759 3086 comparationem
1785 3036 1834 3073 ad
1853 3035 2102 3072 intentionem
2129 3033 2282 3080 orantis,
2303 3033 2353 3070 ita
2380 3033 2491 3069 etiarn

1431 3092 1470 3128 in
1498 3090 1668 3127 oratione
1689 3088 1884 3126 communi
1903 3100 1974 3136 per
1992 3086 2320 3136 comparationem
2349 3085 2397 3122 ad
2425 3098 2493 3134 po-

1431 3144 1510 3194 puli
1539 3142 1798 3181 devotionem.

1484 3199 1543 3234 An
1573 3207 1710 3233 Panium
1742 3206 1841 3232 ano
1869 3205 2054 3231 montinum
2083 3192 2206 3241 quod,
2237 3192 2332 3228 sicut
2364 3193 2493 3238 Augu-

1433 3250 1551 3288 stinus
1581 3249 1686 3296 dicit,
1716 3248 1768 3285 ad
1783 3248 1949 3285 Probam
1968 3246 1999 3293 ³¹⁸,
2029 3258 2103 3283 non
2133 3251 2187 3281 est
2216 3245 2288 3281 hoc
2314 3255 2429 3281 orare
2455 3244 2492 3280 in

1432 3302 1677 3351 multiloquio,
1697 3302 1732 3338 si
1747 3301 1884 3351 diutius
1901 3305 2038 3336 oretur.
2059 3298 2174 3335 Aliud
2187 3303 2239 3333 est
2256 3309 2380 3333 sermo
2399 3297 2494 3333 mul-

1487 3417 1509 3449 ε)
1529 3419 1717 3449 quantumque.
1731 3428 1750 3434 —
1767 3420 1958 3447 quamcumque
1977 3413 2026 3445 pK,
2045 3414 2286 3444 quantumcumque
2304 3410 2380 3435 ceteri
2404 3414 2430 3435 et
2447 3410 2496 3435 Pa.

1486 3452 1512 3485 ζ)
1532 3451 1630 3478 oratio.
1646 3465 1662 3469 -
1681 3451 1744 3476 Om.
1762 3450 1833 3474 PKa.

1486 3487 1513 3519 η)
1533 3486 1740 3512 obtundendam.
1752 3499 1770 3504 -
1789 3484 1952 3510 obruendam
1972 3482 2072 3508 codices
2092 3487 2117 3507 et
2135 3483 2181 3507 Pa.

2512 1617 2523 1627 ⁸
2534 1616 2554 1638 E
2570 1615 2608 1638 in.
2623 1600 2723 1641 cxkx,

2512 1643 2542 1664 al.
2568 1641 2630 1669 XXI,
2637 1648 2687 1670 cap.
2692 1648 2722 1663 xx.

2615 2455 2631 2483 t

2518 2520 2528 2530 '
2544 2518 2612 2546 Ibid.,
2628 2525 2679 2546 cap.
2694 2525 2716 2540 x.

2519 3253 2605 3275 ’1bid.
2612 3269 2618 3279 ,
2634 3258 2684 3280 cap.
2701 3258 2732 3273 xx.
