2860 4244
904 250 1170 297 QUAESTIO
1200 252 1398 300 LXXXII,
1426 253 1721 290 ARTICULUS
1752 254 1801 290 111
2393 255 2463 302 189

293 327 516 364 terminatur
553 328 602 365 ad
630 328 752 377 ipsos,
789 329 856 366 sed
891 328 1021 366 transit
1052 329 1090 365 in
1122 330 1268 367 Deum:
1297 330 1351 367 in·
1407 331 1548 368 habere
1577 332 1624 369 ad
1663 331 1841 368 dominos
1875 333 2104 380 temporales
2139 332 2290 369 alterius
2319 339 2374 369 est
2407 345 2464 369 ra-

152 378 167 403 ῧ
294 387 479 428 quantum
508 380 646 418 scilicet
673 381 711 418 in
730 379 743 403 ὅ
772 381 949 418 ministris
977 381 1049 418 Dei
1081 382 1207 419 Deum
1237 395 1352 420 vene·
1408 384 1537 421 tionis:
1574 383 1668 421 sicut
1708 393 1743 422 et
1779 385 2051 434 temporalibus
2089 385 2252 422 dominis
2291 385 2463 422 famulari

293 443 436 470 ramur.
456 454 481 461 -
500 433 668 471 Devotio
697 442 825 471 autem
855 443 970 483 quam
1007 434 1145 472 subditi
1180 435 1354 473 dicuntur
1408 436 1531 474 differt
1558 449 1580 474 a
1609 438 1791 474 famulatu
1820 438 1960 475 divino.

343 544 368 578 ὃ)
388 546 425 571 in.
437 559 457 566 -
474 546 536 572 Orn.
554 547 735 580 ABEFLpr.

966 626 1300 660 commentaria
1322 627 1575 661 Cat-danaus
1597 629 1798 662 Caietani

293 713 343 777 IN
366 704 499 735 articulo
523 705 663 735 secundo
688 704 831 735 eiusdem
854 705 1058 746 quaestionis,
1084 707 1118 736 in
1142 707 1349 747 responsione
1373 708 1377 762 Ι
1402 713 1457 742 est,
1474 707 1610 746 applicat
1633 714 1773 739 mentem
1788 709 1857 739 Deo
1882 716 1918 740 ut
1932 710 2092 740 subditam
2115 710 2315 748 honorando,
2332 718 2363 742 et
2385 722 2460 752 pro-

321 749 360 779 ad
383 748 534 788 primum,
552 749 678 779 adverte
693 749 782 789 quod
805 759 879 780 cum
896 750 1005 780 caritas
1025 751 1065 781 sit
1081 761 1171 781 amor
1193 750 1349 781 amicitiae
1402 758 1471 790 pter
1493 757 1633 780 mentem
1653 758 1752 782 cetera
1771 753 1810 782 ad
1832 753 1989 784 honorem
2009 761 2038 784 et
2062 754 2184 785 cultum
2203 755 2278 791 Dei;
2303 755 2461 787 mediante

288 792 328 822 ad
350 792 466 829 Deum,
489 797 520 822 et
542 791 652 832 religio
681 792 721 823 sit
742 793 928 824 honorativa
952 794 1028 830 Dei,
1053 794 1124 825 ideo
1156 794 1349 825 diversarum
1401 804 1476 824 vero
1489 794 1639 834 religione
1656 802 1691 825 ut
1706 796 1815 836 religio
1833 804 1888 833 est,
1902 798 2038 838 applicat
2053 798 2218 829 hominem
2231 800 2270 830 ad
2284 799 2352 840 ipsa
2365 810 2460 840 opera

288 879 397 911 caritas
419 890 476 920 per
498 880 635 920 seipsam
658 881 729 911 unit
751 888 891 912 mentem
914 882 984 912 Deo
1008 892 1064 922 per
1088 882 1241 913 unionem
1260 882 1350 922 spiri—
1457 881 1491 911 In
1515 883 1722 922 responsione
1745 884 1784 913 ad
1808 885 1936 915 tertium
1954 885 1988 915 in
2007 886 2119 916 eodem
2135 887 2267 918 articulo
2291 887 2386 918 habes
2410 898 2460 919 ex-

286 930 348 960 tus,
372 924 434 955 hoc
449 930 497 955 est
510 924 695 956 voluntatis:
719 925 762 956 ita
784 926 873 966 quod
888 925 1031 957 habentis
1055 926 1216 957 caritatem
1240 933 1270 957 et
1290 926 1350 956 Dei
1400 925 1505 965 plicite
1525 926 1704 957 distinctam
1722 926 1982 966 significationem
1998 930 2124 960 alterius
2140 931 2270 961 rationis
2284 932 2317 961 in
2334 932 2460 972 speciali

286 967 327 999 sit
349 977 452 998 unum
474 968 555 999 velle
578 979 645 1000 uno
668 969 754 1000 vitali
777 969 935 1010 impulsu,
960 979 1058 1011 quem
1081 969 1235 1009 significat
1256 970 1348 1009 spiri-
1402 969 1496 999 huius
1520 969 1659 1000 nominis
1674 971 1808 1009 devotio,
1826 972 1864 1002 ab
1881 982 1915 1002 ea
1934 983 1998 1013 qua
2014 973 2133 1004 utimur
2147 975 2180 1004 in
2195 975 2370 1015 proposito.
2394 977 2459 1007 Nec

286 1017 358 1050 tta-5⁸3
386 1012 501 1043 eodem
524 1013 683 1054 siquidem
705 1013 792 1044 vitali
814 1013 957 1054 impulsu
984 1020 1132 1044 movetur
1154 1013 1273 1044 habens
1298 1023 1347 1044 ca·
1401 1010 1496 1044 altera
1511 1023 1622 1044 earum
1637 1022 1683 1045 est
1699 1014 1881 1055 impropria.
1898 1017 1964 1047 Nec
1976 1023 2023 1047 est
2041 1025 2206 1058 propterea
2220 1029 2339 1050 nornen
2353 1021 2460 1060 aequi-

71 1076 74 1078 -
285 1055 426 1093 ritatem,
451 1063 487 1087 ut
509 1057 562 1094 sic,
586 1067 654 1098 quo
676 1057 824 1088 voluntas
846 1057 906 1088 Dei
928 1057 1021 1088 amici
1044 1067 1078 1087 se
1106 1064 1230 1093 movet;
1263 1057 1347 1088 unde
1400 1067 1527 1094 vocum,
1552 1058 1607 1088 sed
1631 1059 1738 1098 potius
1762 1059 1948 1099 analogum:
1973 1062 2250 1100 proportionaliter
2265 1073 2404 1104 namque
2420 1065 2460 1094 ad

79 1105 259 1151 ωυαψ-
283 1100 439 1141 scriptum
466 1107 513 1132 est
526 1100 559 1131 *2
594 1101 659 1138 Qui
680 1101 835 1133 adhaeret
855 1101 926 1132 Deo
949 1110 1034 1132 unus
1052 1102 1185 1141 spiritus
1205 1106 1252 1132 est
1274 1111 1345 1132 cum
1402 1102 1506 1132 Deum
1530 1108 1560 1132 et
1583 1102 1733 1133 dominos
1756 1103 1904 1134 voluntas
1928 1104 1972 1135 sic
1989 1104 2096 1136 affecta
2119 1116 2151 1136 se
2171 1106 2266 1138 habet
2287 1107 2320 1138 in
2336 1108 2459 1139 diverso

71 1145 83 1155 ”
169 1131 199 1155 '⁷‘
285 1154 332 1176 eo.
356 1144 478 1176 Eadem
497 1155 628 1186 quoque
651 1145 771 1181 caritas,
787 1145 947 1176 mediante
969 1144 1121 1185 religione
1145 1151 1181 1176 ut
1203 1145 1349 1183 sanctitas
1403 1145 1569 1176 famulatu.

1085 1314 1403 1358 ARTICULUS
1438 1315 1667 1358 TERTIUS

376 1417 482 1430 „ffl-
638 1398 795 1430 UTRUM
819 1398 1174 1436 CONTEMPLATIQ
1200 1399 1280 1430 SEU
1303 1399 1559 1436 MEDITATIO,
1583 1400 1650 1431 SIT
1673 1400 1937 1432 DEVOTIONIS
1965 1400 2106 1433 CAUSA

295 1509 378 1548 afr-24
400 1509 472 1552 §.qv
496 1506 520 1532 D
538 1506 699 1533 TERTlUM
719 1507 773 1532 S1c
801 1506 1042 1532 PROCEDITUR.
1062 1495 1222 1532 Videtur
1241 1495 1346 1543 quod
1400 1502 1506 1532 actus
1534 1495 1584 1532 ad
1611 1496 1687 1532 hoc
1715 1496 1819 1544 quod
1838 1497 1958 1533 homo
1985 1504 2163 1547 prompte
2191 1510 2232 1535 se
2259 1500 2382 1537 tradat
2409 1501 2457 1539 ad

294 1568 296 1570 v
318 1535 466 1605 &Alba
481 1548 780 1599 contemplatio,
801 1560 869 1585 seu
887 1548 1092 1595 meditatio,
1114 1560 1193 1584 non
1216 1548 1262 1584 sit
1282 1548 1345 1585 de·
1401 1547 1572 1585 divinum
1602 1548 1843 1598 obsequium.
1873 1550 2011 1587 Omnis
2030 1559 2158 1588 autem
2188 1559 2293 1588 actus
2321 1554 2456 1591 volun-

243 1649 245 1651 >
305 1598 423 1652 157er
439 1603 465 1638 Υ,
494 1601 661 1638 votionis
691 1613 818 1638 causa.
853 1601 969 1638 Nulla
997 1601 1099 1638 enim
1134 1613 1248 1637 causa
1276 1601 1346 1638 im·
1399 1601 1484 1637 tatis
1514 1613 1559 1637 ex
1579 1601 1705 1649 aliqua
1734 1602 2038 1640 consideratione
2057 1604 2246 1652 procedit,
2277 1617 2323 1641 eo
2352 1607 2458 1655 quod

189 1650 211 1683 ‘¹‘
280 1655 322 1693 'A
343 1646 390 1676 Ψ
425 1643 600 1704 ·’pedit
618 1665 731 1691 suum
753 1653 944 1691 effectum.
976 1654 1052 1691 Sed
1081 1654 1238 1691 subtiles
1265 1666 1346 1691 me-
1400 1655 1546 1691 bonum
1566 1653 1795 1691 intellectum
1815 1662 1870 1691 est
1890 1655 2081 1693 obiectum
2099 1657 2325 1694 voluntatis:
2354 1659 2456 1696 unde

134 1705 238 1743 ..ffffs‘
284 1704 483 1745 ditationes
497 1706 785 1756 intelligibilium
807 1706 1000 1744 multoties
1015 1707 1263 1745 devotionem
1277 1707 1345 1744 im-
1400 1714 1436 1744 et
1462 1707 1695 1755 Augustinus
1716 1707 1816 1755 dicit,
1836 1707 1875 1745 in
1898 1708 1994 1745 libro
2021 1709 2067 1746 de
2089 1710 2126 1746 T
2121 1710 2193 1746 rin.
2212 1709 2244 1757 ⁹⁸,
2265 1712 2369 1758 quod
2388 1724 2457 1749 vo-

67 1790 76 1795 ..
277 1758 453 1809 ipediunt.
482 1760 585 1808 Ergo
615 1760 899 1809 contemplatio,
928 1773 997 1798 seu
1025 1760 1237 1808 meditatio,
1266 1773 1345 1798 non
1398 1761 1521 1798 luntas
1552 1760 1669 1797 oritur
1689 1772 1734 1797 ex
1761 1760 2014 1809 intelligentia.
2044 1763 2093 1799 Et
2111 1762 2198 1800 ideo
2226 1775 2382 1800 necesse
2402 1773 2458 1803 est

87 1820 245 1868 wgwifl'33j
275 1819 340 1850 est
367 1812 583 1850 devotionis
612 1826 739 1851 causa.
1399 1814 1504 1863 quod
1532 1813 1728 1850 meditatio
1758 1814 1804 1851 sit
1822 1814 2037 1852 devotionis
2066 1812 2202 1853 causa:
2231 1815 2456 1864 inquantum

59 1855 245 1935 ‚dxx-iguis
275 1884 297 1923 f':
337 1876 373 1903 2.
393 1866 630 1914 PRAETEREA,
651 1867 682 1904 si
711 1867 981 1916 contemplatio
1011 1873 1109 1903 esset
1135 1866 1290 1916 propria
1310 1874 1346 1904 et
1397 1866 1540 1904 scilicet
1556 1879 1625 1916 per
1652 1866 1939 1904 meditationem
1959 1868 2080 1905 homo
2110 1869 2274 1916 concipit
2292 1872 2395 1918 quod
2417 1883 2457 1908 se

275 1926 352 1970 'per
369 1930 410 1956 se
439 1919 654 1958 devotionis
673 1932 799 1967 causa,
821 1926 1014 1969 oporteret
1042 1920 1145 1968 quod
1176 1932 1221 1956 ea
1245 1932 1344 1968 quae
1396 1920 1519 1957 tradat
1548 1919 1678 1957 divino
1707 1920 1906 1970 obsequio.
2268 1935 2271 1937 ·

276 1973 370 2012 'sunt
406 1972 547 2011 altioris
575 1973 903 2022 contemplationis
937 1973 1058 2021 magis
1095 1972 1343 2010 devotionem
1449 1974 1510 2011 Ad
1540 1973 1645 2022 quod
1673 1973 1830 2021 quidem
1857 1973 2002 2011 inducit
2026 1974 2163 2022 duplex
2191 1975 2453 2014 consideratio.

282 2024 498 2064 excitarent.
526 2025 650 2064 Huius
669 2034 797 2064 autem
818 2027 1050 2064 contrarium
1070 2034 1248 2075 apparet:
1272 2027 1343 2063 fre·
1396 2026 1482 2064 Una
1501 2026 1658 2075 quidem
1686 2039 1784 2075 quae
1813 2034 1869 2063 est
1898 2039 1943 2063 ex
1969 2034 2076 2076 parte
2099 2027 2250 2065 divinae
2279 2029 2454 2067 bonitatis

281 2085 442 2128 quenter
470 2079 572 2117 enirn
601 2079 725 2117 maior
753 2080 908 2118 devotio
939 2079 1119 2117 excitatur
1147 2091 1193 2116 ex
1222 2080 1344 2117 consi·
1397 2087 1433 2116 et
1447 2079 1723 2116 beneficiorum
1738 2079 1855 2128 ipsius
1870 2078 1905 2116 βε
1930 2079 2143 2117 secundum
2157 2081 2249 2118 illud
2264 2082 2453 2119 Psalm.*:

281 2131 478 2169 deratione
505 2132 693 2182 passionis
722 2133 873 2180 Christi,
895 2140 931 2170 et
958 2132 1038 2170 aliis
1066 2133 1252 2181 mysteriis
1273 2133 1342 2170 hu·
1395 2133 1498 2169 Mihi
1523 2133 1730 2169 adhaerere
1761 2134 1844 2170 Deo
1867 2134 2006 2169 honum
2040 2139 2111 2170 est:
2131 2146 2277 2182 ponere
2304 2136 2341 2171 in
2375 2136 2453 2172 Do-

281 2185 470 2222 manitatis
492 2185 624 2235 ipsius,
645 2198 762 2235 quam
792 2198 838 2223 ex
861 2185 1163 2224 consideratione
1192 2186 1343 2223 divinae
1396 2186 1497 2222 mino
1525 2187 1608 2222 Deo
1626 2197 1730 2234 spem
1758 2198 1894 2223 meam.
1924 2187 1973 2222 Et
1990 2187 2086 2222 haec
2114 2187 2366 2225 consideratio
2392 2200 2454 2225 ex-

279 2238 560 2286 magnitudinis.
590 2240 692 2288 Ergo
713 2239 982 2289 contemplatio
1011 2251 1090 2276 non
1109 2246 1166 2276 est
1187 2239 1342 2289 propria
1397 2238 1483 2275 citat
1511 2238 1770 2286 dilectionem,
1799 2250 1898 2287 quae
1938 2246 1992 2275 est
2027 2239 2202 2287 proxima
2238 2241 2454 2278 devotionis

281 2291 497 2329 devotionis
525 2304 652 2330 causa.
1396 2304 1520 2328 causa.
1541 2312 1566 2319 -
1585 2292 1672 2328 Alia
1689 2304 1784 2328 vero
1813 2299 1870 2328 est
1889 2303 1932 2328 ex
1961 2299 2068 2340 parte
2086 2293 2253 2330 hominis
2282 2293 2455 2331 conside-

336 2346 370 2382 3.
400 2345 644 2392 PRAETEREA,
678 2345 709 2382 si
747 2344 1018 2394 contemplatio
1055 2351 1153 2381 esset
1187 2346 1342 2394 propria
1396 2345 1511 2382 rantis
1539 2356 1630 2381 suos
1658 2345 1847 2392 defectus,
1878 2357 1924 2381 ex
1952 2344 2089 2393 quibus
2124 2345 2267 2394 indiget
2299 2355 2342 2383 ut
2368 2348 2453 2384 Deo

280 2408 397 2435 causa
430 2397 667 2445 devotionis,
698 2405 891 2447 oporteret
925 2398 1030 2446 quod
1067 2397 1116 2434 illi
1155 2398 1220 2445 qui
1257 2407 1342 2436 sunt
1396 2397 1592 2435 innitatur:
1623 2398 1835 2434 secundum
1861 2397 1953 2434 illud
1972 2398 2113 2435 Psalm.
2133 2398 2171 2435 *ε
2200 2400 2346 2436 Levavi
2366 2412 2456 2437 ocu-

278 2450 401 2499 magis
420 2451 497 2500 apti
525 2451 574 2489 ad
594 2451 957 2500 contemplationem
982 2458 1109 2487 essent
1128 2450 1242 2487 etiam
1262 2463 1342 2488 ma·
1395 2451 1451 2487 los
1477 2462 1580 2487 meos
1608 2451 1645 2487 in
1674 2456 1829 2497 montes,
1861 2451 1958 2487 unde
1983 2451 2105 2487 veniet
2131 2453 2318 2489 auxilium
2349 2454 2452 2490 mihi.

278 2503 336 2552 gis
364 2504 442 2553 apti
469 2504 519 2541 ad
553 2504 810 2542 devotionem.
841 2504 973 2551 ⁴Huius
999 2511 1128 2540 autem
1149 2509 1167 2525 ‘²
1195 2512 1342 2541 contra·
1395 2503 1593 2540 Auxilium
1621 2515 1748 2540 meum
1775 2516 1799 2540 a
1827 2504 2010 2549 Domino,
2040 2504 2106 2552 qui
2117 2505 2218 2552 fecit
2244 2506 2391 2542 caelum
2419 2512 2457 2543 et

78 2567 226 2605 *nl-¹⁴³⁴:
278 2555 379 2595 rium
413 2557 614 2595 videmus:
651 2557 742 2607 quia
779 2557 934 2595 devotio
971 2557 1189 2605 frequenter
1221 2558 1342 2606 magis
1395 2562 1549 2594 terram.
1580 2557 1630 2593 Et
1655 2558 1752 2593 haec
1781 2556 2033 2593 consideratio
2064 2558 2226 2595 excludit
2258 2570 2454 2607 praesum-

64 2655 65 2663 *
122 2603 130 2612 ”
278 2609 470 2648 invenitur
497 2610 535 2648 in
573 2610 806 2659 quibusdam
840 2610 1075 2660 simplicibus
1111 2609 1202 2648 viris
1238 2607 1275 2647 e't
1302 2610 1340 2648 in
1395 2610 1578 2659 ptionem,
1597 2621 1668 2658 per
1695 2621 1812 2659 quam
1841 2609 1974 2658 aliquis
1997 2609 2205 2658 impeditur
2231 2623 2279 2648 ne
2308 2613 2393 2650 Deo
2413 2625 2454 2650 se

278 2663 445 2700 femineo
474 2676 579 2711 sexu,
598 2664 637 2701 in
665 2664 804 2713 quibus
832 2663 1025 2701 invenitur
1053 2663 1342 2712 contemplatio·
1395 2663 1576 2710 subiiciat,
1598 2662 1691 2700 dum
1720 2675 1812 2700 suae
1839 2662 1967 2700 virtuti
1992 2662 2169 2700 innititur.

278 2715 338 2754 nis
367 2717 547 2754 defectus.
576 2718 680 2765 Ergo
705 2717 977 2766 contemplatio
997 2729 1076 2754 non
1104 2724 1160 2754 est
1186 2717 1342 2766 propria
1447 2717 1506 2753 An
1544 2727 1682 2753 PmMUM
1716 2727 1815 2753 ERGO
1843 2727 2027 2753 DmENDUM
2064 2716 2168 2764 quod
2201 2717 2452 2754 consideratio

278 2780 396 2806 causa
423 2769 651 2807 devotionis.
1295 2789 1307 2793 -
1396 2781 1529 2806 eorum
1559 2781 1660 2816 quae
1683 2775 1773 2805 nata
1800 2775 1888 2805 sunt
1915 2768 2158 2806 dilectionem
2178 2769 2250 2805 Dei
2278 2770 2453 2818 excitare,

333 2822 408 2859 SED
437 2834 584 2860 coum
611 2834 678 2860 EST
705 2822 811 2870 quod
830 2821 869 2859 in
897 2822 1039 2859 Psalm.
1061 2823 1082 2844 *
1110 2822 1265 2859 dicitur:
1293 2823 1340 2859 In
1395 2821 1643 2860 devotionem
1676 2829 1833 2858 causant
1859 2826 1886 2858 Υ.
1930 2820 2195 2858 Consideratio
2228 2832 2335 2859 vero‘
2358 2835 2453 2870 quo-

278 2875 518 2912 meditatione
544 2887 629 2912 mea
657 2875 878 2912 exardescet
901 2875 1013 2925 ignis.
1043 2875 1120 2912 Sed
1144 2875 1239 2923 ignis
1268 2875 1342 2924 spi·
1394 2886 1649 2923 rumcumque
1686 2874 1735 2911 ad
1771 2875 1847 2910 hoc
1875 2885 1954 2910 non
1988 2873 2279 2922 pertinentium,
2309 2875 2375 2912 sed
2404 2876 2452 2912 ab

279 2928 420 2966 ritualis
454 2936 584 2966 causat
619 2927 879 2965 devotionem.
917 2928 1018 2975 Ergo
1054 2927 1248 2965 meditatio
1287 2935 1343 2965 est
1393 2927 1450 2964 his
1478 2934 1647 2964 mentem
1677 2926 1975 2974 distrahentium,
2004 2926 2165 2975 impedit
2192 2927 2451 2965 devotionern.

280 2981 495 3020 devotionis
524 2993 649 3019 causa.
1447 2982 1506 3016 AD
1534 2991 1726 3017 SECUNDUM
1754 2991 1938 3016 DICENDUM
1967 2979 2072 3027 quod
2101 2992 2146 3016 ea
2169 2992 2266 3028 quae
2295 2988 2382 3017 sunt
2400 2980 2453 3018 di-

332 3035 559 3072 RESPONDEo
596 3045 782 3071 mcENDUM
822 3033 927 3081 quod
971 3045 1085 3070 causa
1127 3033 1340 3070 devotionis
1393 3032 1558 3070 vinitatis
1577 3040 1664 3069 sunt
1682 3032 1896 3069 secundum
1925 3044 1966 3069 se
1985 3032 2152 3070 maxime
2180 3033 2379 3070 excitantia
2400 3034 2453 3071 di—

279 3087 488 3125 extrinseca
517 3095 553 3125 et
579 3086 795 3136 principalis
823 3087 930 3123 Deus
959 3093 1034 3132 est,
1065 3086 1113 3123 de
1142 3098 1220 3135 quo
1252 3086 1342 3123 dicit
1394 3085 1609 3133 lectionem,
1631 3093 1668 3122 et
1693 3097 1762 3134 per
1790 3097 2030 3134 consequens
2066 3085 2334 3124 devotionem:
2364 3087 2454 3134 quia

227 3152 253 3176 ⁵³
278 3141 519 3189 Ambrosius,
537 3152 652 3190 super
671 3140 767 3177 Luc.
785 3138 818 3187 ³⁸⁸,
838 3139 945 3188 quod
963 3140 1068 3176 Deus
1086 3150 1179 3188 quos
1206 3139 1341 3189 digna·
1394 3140 1500 3176 Deus
1529 3146 1585 3176 est
1612 3150 1728 3187 super
1754 3138 1885 3176 omnia
1912 3138 2135 3186 diligendus.
2170 3139 2247 3176 Sed
2276 3151 2321 3176 ex
2350 3139 2454 3176 debi-

245 3189 252 3196 “
279 3191 342 3231 ίιίν·
368 3199 498 3240 vocat,
526 3199 565 3231 et
595 3205 706 3242 quem
737 3191 819 3230 vult
851 3192 1072 3242 religiosum
1105 3193 1221 3238 facit.-
1249 3198 1286 3229 et
1309 3193 1344 3229 si
1394 3192 1495 3229 litate
1532 3191 1670 3229 mentis
1706 3192 1900 3229 humanae
1939 3199 1994 3228 est
2034 3192 2140 3240 quod
2181 3192 2277 3228 sicut
2312 3192 2453 3240 indiget

228 3245 230 3247 ’
278 3247 466 3294 voluisset,
486 3247 748 3284 Samaritanus
775 3257 825 3283 ex
852 3246 1032 3283 indevotis
1057 3245 1209 3283 devotos
1222 3245 1342 3294 sectis-
1394 3245 1602 3282 manuduci
1625 3242 1638 3266 δ
1667 3244 1716 3281 ad
1755 3244 2010 3293 cognitionem
2046 3244 2285 3291 divinorum,
2323 3245 2375 3281 ita
2403 3246 2452 3282 ad

278 3306 343 3338 set.
366 3301 494 3338 Causa
512 3308 642 3338 autem
662 3299 862 3337 intrinseca
882 3311 928 3336 ex
945 3306 1052 3348 parte
1071 3306 1213 3346 nostra,
1229 3311 1342 3348 opor·
1395 3298 1651 3345 dilectionem,
1671 3310 1741 3346 per
1760 3298 1886 3346 aliqua
1913 3297 2103 3334 sensibilia
2122 3297 2232 3334 nobis
2260 3304 2362 3334 nota.
2392 3299 2452 3334 In-

279 3361 334 3391 tet
357 3354 463 3404 quod
483 3353 529 3391 sit
556 3352 764 3400 meditatio,
785 3364 854 3389 seu
873 3352 1157 3402 contemplatio.
1186 3352 1340 3389 Dictum
1394 3359 1451 3388 ter
1478 3363 1578 3400 quae
1605 3351 1854 3400 praecipuum
1882 3358 1937 3388 est
1963 3349 2179 3387 humanitas
2208 3349 2364 3387 Christi:
2395 3363 2452 3387 se-

280 3414 338 3444 est
366 3407 468 3445 enim
488 3406 509 3429 '¹‘
536 3407 642 3456 quod
671 3405 826 3444 devotio
864 3412 919 3442 est
945 3405 1103 3454 quidam
1136 3404 1342 3442 voluntatis
1396 3405 1566 3442 cundum
1594 3405 1700 3452 quod
1728 3404 1767 3440 in
1793 3403 2031 3440 Praefatione
2055 3402 2076 3424 '¹‘
2112 3402 2265 3440 dicitur:
2296 3409 2334 3439 ut
2361 3404 2451 3440 dum

333 3521 360 3554 α)
380 3522 470 3547 Huius
488 3524 587 3546 autem.
599 3534 617 3540 -
639 3521 720 3546 Cuius
738 3520 784 3545 Pa.
1363 3518 1367 3582 ¹
1447 3519 1474 3552 γ)
1493 3523 1614 3544 causant.
1627 3533 1648 3538 —
1663 3521 1758 3544 causat
1776 3518 1867 3542 DGsC.

333 3555 359 3590 β)
379 3557 470 3589 ipsius.
483 3571 503 3576 —
515 3557 553 3589 fit
571 3556 668 3581 addunt
685 3554 842 3588 ABCELpK
861 3560 886 3580 et
903 3562 930 3579 ις.
1445 3553 1470 3587 ὃ)
1490 3554 1641 3579 manuduci.
1653 3567 1672 3573 -
1690 3553 1896 3578 manuductione
1914 3553 1960 3578 Px.

287 835 448 866 rationum
475 842 550 866 sunt
579 836 714 867 uniones
738 847 846 867 earum
879 838 918 868 ad
942 838 1057 869 Deum.
1085 839 1218 878 Propter
1240 838 1347 878 quod,
1402 837 1498 867 divini
1515 838 1634 869 cultus:
1659 845 1695 869 ut
1708 840 1741 869 in
1754 840 1853 870 littera
1869 841 1991 878 dicitur,
2008 848 2038 872 et
2053 842 2169 882 prius*
2184 843 2378 874 declaratum
2390 843 2459 876 fuit.
2487 845 2499 857 ⁸

2483 1718 2694 1774 „L1bb11i‘v‘302‘51

2481 2115 2491 2126 “
2502 2115 2540 2138 Pe.
2550 2122 2623 2143 uxn,
2632 2123 2692 2139 verS.

2482 2414 2492 2425 ⁸
2505 2413 2543 2436 Pa.
2558 2419 2616 2441 cxx,
2632 2420 2692 2436 vei-S.

2482 2447 2499 2467 ι,
2512 2446 2533 2462 2.

2479 3416 2488 3425 ”
2503 3414 2578 3437 Natal-
2592 3416 2660 3437 Dom.
