2860 4238
455 259 531 295 472

1136 244 1402 292 QUAESTIO
1432 244 1573 290 CXXI,
1602 244 1899 282 ARTICULUS
1930 245 1943 279 1

753 407 1160 485 QUAESTIO
1198 406 2329 463 CENTESIMAVIGESIMAPRIMA

1151 522 1248 562 DE
1294 522 1511 563 DONO

1559 522 1933 563 PIETATIS

1278 619 1312 644 IN
1341 619 1436 645 DUOS
1463 619 1664 645 ARTICULOS
1692 619 1808 644 DIVISA

537 709 643 734 emm:
659 695 977 733 considerandum
998 703 1053 732 est
1082 695 1129 732 de
1158 695 1262 732 dono
1290 707 1513 745 correspon-

1620 694 1770 731 Primo:
1799 703 1928 732 utrum
1956 695 2002 732 sit
2031 695 2177 733 donum
2208 696 2366 745 Spiritus
2395 695 2535 734 Sancti.

1621 748 1819 789 Secundo:
1856 748 1949 797 quid
1976 748 2015 785 in
2043 749 2338 787 beatitudinibus
2373 757 2410 786 et
2446 749 2630 795 fructibus

1675 801 1708 837 ei
1738 801 1967 850 respondeat
1987 806 2016 838 α.

1197 896 1582 939 ARTICULUS
1628 896 1877 939 PRIMUS

1241 981 1398 1012 UTRUM
1418 981 1570 1012 PIETAS
1595 981 1662 1012 εῖτ
1686 981 1843 1013 DONUM

1211 1052 1242 1077 111
1262 1052 1348 1082 Sem„
1368 1051 1429 1077 dist.
1448 1059 1530 1082 xxxrv,
1550 1059 1594 1084 qu.
1613 1058 1651 1083 m,
1671 1057 1717 1077 art.
1738 1059 1760 1081 2,
1781 1051 1830 1084 qu*
1849 1059 1866 1076 1.

217 751 343 799 {ntffgfflu-
380 756 401 772 γ’
537 750 648 787 dente
676 748 848 795 iustitiae,
877 748 1017 785 scilicet
1045 749 1091 785 de
1120 748 1258 797 pietate
1277 748 1307 785 ²⁸.

454 804 502 840 Et
531 803 628 839 circa
655 803 730 840 hoc
759 809 991 850 quaeruntur
1018 801 1108 838 duo.

216 1131 424 1180 'Cgidt-Comment·
483 1135 547 1178 ,ing
564 1140 595 1166 ι,
578 1151 624 1202 ξ(
661 1134 684 1159 D
699 1133 837 1159 PmMUM
852 1133 905 1159 sic
921 1133 1147 1159 PRoczmrurz
1165 1122 1196 1158 *.
1225 1122 1385 1158 Videtur
1405 1122 1509 1180 quod

282 1162 425 1186 'pomum
477 1165 578 1232 ΨΑ
578 1164 629 1234 {⁴⁴
661 1175 780 1224 pietas
815 1187 894 1212 non
928 1175 974 1211 sit
1009 1175 1167 1211 donum.
1206 1175 1320 1211 Dona
1354 1173 1456 1210 enim
1490 1187 1512 1210 a

213 1236 265 1284 Lxgl
277 1236 355 1290 '³122
384 1242 415 1264 qu
467 1218 538 1275 '‘5‘'
526 1243 587 1271 *w
608 1224 861 1267 &virtutibus
890 1227 1078 1275 differunt,
1099 1235 1140 1264 ut
1159 1240 1273 1276 supra
1291 1227 1311 1248 *
1339 1227 1511 1264 habitum

363 1269 370 1284 ¹
467 1274 482 1285 '⁴
504 1256 602 1311 13²⁴&
619 1246 651 1321 ζῆ,
663 1289 729 1317 est.
759 1281 836 1317 Sed
862 1280 982 1329 pietas
1004 1289 1060 1318 est
1093 1281 1281 1329 quaedam
1310 1280 1442 1327 virtus,
1472 1287 1513 1318 ut

212 1341 223 1352 ⁸
239 1341 287 1369 Qu·
301 1347 333 1368 cz,
347 1345 389 1363 att-
403 1348 424 1370 3·
451 1345 566 1381 supra
585 1331 604 1353 *
631 1333 804 1370 habitum
825 1340 891 1370 est.
921 1334 1025 1381 Ergo
1043 1333 1163 1382 pietas
1177 1346 1256 1371 non
1275 1341 1331 1370 est
1350 1333 1510 1371 donum.

505 1397 539 1422 2.
568 1386 800 1433 ΡΒΑΕΤΕΚΕΑ,
832 1386 932 1423 dona
965 1394 1052 1423 sunt
1079 1387 1341 1424 excellentiora
1369 1387 1514 1424 virtuti-

383 1439 533 1486 qubus,
563 1439 729 1477 maxime
758 1440 978 1488 moralibus,
1002 1448 1044 1477 ut
1071 1453 1186 1490 supra
1203 1440 1224 1462 ¹⁸
1251 1440 1423 1477 habitum
1445 1449 1511 1478 est.

452 1492 528 1530 Sed
547 1491 643 1530 inter
661 1501 786 1542 partes
806 1493 964 1532 iustitiae
984 1493 1114 1542 religio
1135 1502 1190 1531 est
1215 1495 1342 1542 potior
1360 1494 1510 1543 pietate.

311 1543 325 1576 β
451 1545 491 1581 Si
520 1558 610 1594 ergo
645 1547 771 1595 aliqua
799 1560 886 1596 pars
924 1547 1082 1584 iustitiae
1120 1548 1257 1585 debeat
1275 1546 1290 1577 β
1317 1547 1410 1596 poni
1444 1549 1512 1586 do-

450 1610 563 1646 num,
592 1600 743 1638 videtur
775 1602 879 1651 quod
908 1601 1030 1649 magis
1066 1600 1196 1649 religio
1239 1601 1395 1638 deberet
1429 1613 1511 1638 esse

451 1652 596 1689 donum
626 1666 742 1702 quam
769 1655 902 1704 pietas.

215 1448 223 1455 '
247 1446 270 1467 1⁸
293 1446 337 1468 11³⁶

214 1478 292 1499 ιινιιι,
308 1463 354 1494 art.’
365 1473 387 1494 8.

505 1706 540 1743 3.
570 1707 802 1755 PRAETEREA‚
825 1708 926 1746 dona
945 1714 1101 1744 manent
1128 1706 1166 1743 in
1193 1706 1325 1755 patria,
1352 1714 1388 1743 et
1407 1715 1512 1744 actus

321 1776 334 1791 a
395 1785 400 1790 .
435 1758 655 1808 donorum,
685 1770 726 1800 ut
744 1775 859 1811 supra
877 1762 897 1784 ’¹‘
923 1761 1095 1800 habitum
1116 1768 1182 1798 est.
1212 1759 1290 1797 Sed
1309 1768 1414 1797 actus
1433 1760 1511 1809 pie-

450 1813 533 1850 tatis
551 1825 630 1851 non
650 1823 774 1864 potest
791 1828 947 1853 manere
967 1815 1004 1852 in
1025 1814 1162 1863 patria:
1188 1813 1276 1850 dicit
1295 1814 1397 1850 enim
1418 1814 1511 1851 Gre-

237 1875 293 1902 cap.
308 1874 421 1901 x¹x11‚a¹-
449 1866 589 1914 gorius,
610 1867 648 1904 in
678 1870 854 1907 IMoral.
875 1869 905 1916 ²¹⁸,
935 1868 1040 1918 quod
1063 1869 1184 1917 pietas
1215 1867 1339 1903 cordis
1364 1867 1511 1905 viscera

245 1918 250 1923 '
449 1919 729 1959 misericordiae
756 1923 929 1971 operibus
963 1921 1099 1970 replet,·
1128 1929 1164 1958 et
1191 1920 1244 1957 sic
1271 1932 1350 1957 non
1379 1921 1446 1958 erit
1472 1921 1510 1958 in

309 1982 326 2008 τ
449 1973 580 2021 patria,
610 1974 675 2011 ubi
703 1977 805 2013 nulla
833 1977 901 2013 erit
929 1975 1082 2013 miseria
1100 1980 1128 2012 Υ.
1162 1975 1265 2022 Ergo
1285 1973 1403 2023 pietas
1432 1987 1510 2012 non

451 2033 506 2062 est
534 2028 692 2065 donum.

213 2089 339 2110 ·Vers-2-
505 2080 577 2117 SED
598 2093 743 2118 CONTRA
769 2094 835 2118 EST
854 2082 959 2130 quod
987 2081 1104 2118 Isaiae
1132 2092 1167 2116 xl
1186 2080 1206 2101 ²¹⁶
1233 2079 1386 2128 ponitur
1414 2080 1511 2117 inter

452 2134 565 2170 dona.
1457 2172 1466 2179 Χ

246 2190 256 2210 1
276 2189 337 2242 2¹2¹}ss
375 2195 413 2243 ἐξ
504 2189 728 2224 ΒΕεΡοΝῡΕο
749 2199 932 2224 monimum
952 2187 1069 2236 quod,
1087 2186 1183 2222 sicut
1198 2198 1313 2234 supra
1328 2186 1348 2207 ’¹‘
1367 2186 1508 2223 dictum

299 2248 330 2268 nt,
387 2257 392 2262 .

407 2232 423 2263 ¹3
451 2249 518 2287 est,
535 2241 636 2278 dona
657 2241 815 2289 Spiritus
837 2241 962 2278 Sancti
983 2247 1069 2277 sunt
1088 2239 1279 2287 quaedam
1300 2239 1510 2276 habituales

451 2295 602 2331 animae
631 2295 895 2343 dispositiones
924 2295 1062 2344 quibus
1083 2301 1138 2330 est
1165 2300 1339 2341 prompte
1361 2293 1510 2330 mobilis

451 2360 474 2384 a
503 2348 644 2396 Spiritu
666 2350 816 2386 Sancto.
847 2350 947 2386 Inter
967 2355 1090 2384 cetera
1119 2354 1257 2392 autem,
1279 2353 1412 2382 movet
1440 2359 1510 2383 nos

453 2401 612 2448 Spiritus
642 2403 801 2438 Sanctus
821 2402 869 2439 ad
888 2403 962 2438 hoc
982 2401 1088 2448 quod
1117 2400 1294 2437 affectum
1316 2399 1510 2446 quendam

451 2454 604 2491 filialem
642 2455 854 2492 habeamus
896 2455 943 2491 ad
981 2455 1129 2490 Deum:
1169 2452 1382 2489 secundum
1419 2453 1510 2489 illud

451 2508 562 2545 Rom.
592 2507 710 2544 vr11*:
747 2508 948 2555 Accepistis
973 2508 1150 2555 Spiritum
1184 2506 1391 2553 adoptionis
1406 2505 1509 2552 filio-

452 2572 550 2606 rum,
572 2561 609 2597 in
638 2573 710 2609 quo
739 2562 958 2606 clamamus,
978 2561 1100 2605 Abba,
1119 2560 1243 2595 Pater.
1274 2559 1322 2594 Et
1345 2558 1433 2606 quia
1461 2558 1510 2594 ad

451 2613 628 2661 pietatem
647 2614 798 2662 proprie
818 2613 979 2662 pertinet
998 2614 1164 2661 officium
1185 2618 1221 2648 et
1246 2611 1384 2647 cultum
1407 2611 1513 2659 patri

418 2692 423 2697 -
451 2667 626 2703 exhibere
642 2667 673 2713 ²¹²,
704 2680 942 2715 consequens
963 2674 1017 2703 est
1036 2666 1141 2713 quod
1160 2665 1279 2713 pietas
1299 2663 1509 2701 secundum

418 2718 423 2729 '
452 2732 568 2766 quarn
590 2721 731 2757 cultum
754 2727 789 2757 et
807 2720 977 2757 officium
1000 2719 1223 2756 exhibemus
1242 2718 1327 2754 Deo
1347 2725 1388 2754 ut
1406 2716 1508 2754 Patri

451 2785 519 2821 per
547 2773 762 2810 instinctum
785 2773 942 2822 Spiritus
969 2772 1107 2819 Sancti,
1129 2771 1175 2808 sit
1199 2770 1358 2819 Spiritus
1383 2769 1508 2807 Sancti

452 2825 610 2862 donum.

214 2510 223 2520 ⁸
238 2509 305 2531 Vers.
321 2515 348 2537 ¹5·

507 2954 531 2985 α)
551 2954 718 2985 respondeat.
736 2967 754 2971 —
771 2953 978 2984 correspondeat
998 2953 1027 2978 Ρ.

506 2987 529 3020 β)
550 2988 650 3012 debeat.
667 3001 686 3006 —
705 2988 793 3012 debuit
812 2988 982 3018 ACFGHKL,
1002 2987 1122 3012 debuerit
1140 2986 1191 3015 BE,
1206 2986 1336 3011 debuisset
1352 2986 1388 3016 D;
1403 2993 1450 3019 pro
1465 2986 1509 3010 de-

452 3024 530 3052 beret,
551 3023 642 3048 debeat
660 3023 729 3052 PDa,
749 3023 823 3047 debet
842 3023 899 3048 GH.

1619 1123 1678 1158 An
1716 1133 1854 1159 prunum
1891 1134 1990 1159 ERGO
2017 1133 2202 1159 monimum
2238 1123 2343 1170 quod
2380 1122 2502 1172 pietas
2530 1135 2636 1184 quae*

1567 1174 1719 1211 exhibet
1745 1174 1841 1222 patri
1870 1175 2008 1212 carnali
2037 1175 2206 1212 officium
2237 1183 2273 1212 et
2292 1175 2448 1224 cultum,
2469 1183 2527 1213 est
2553 1175 2629 1214 vir-

1566 1235 1647 1264 tus:
1677 1227 1746 1264 sed
1765 1227 1885 1276 pietas
1904 1240 2003 1277 quae
2029 1237 2084 1266 est
2103 1229 2262 1277 donum,
2277 1229 2353 1267 hoc
2373 1229 2524 1267 exhibet
2540 1229 2628 1268 Deo

1567 1288 1609 1317 ut
1635 1280 1749 1317 Patri.

1619 1334 1679 1370 AD
1707 1344 1897 1370 SECUNDUM
1928 1345 2112 1371 morannum
2140 1335 2246 1382 quod
2274 1334 2453 1372 exhibere
2486 1337 2631 1374 cultum

1567 1387 1652 1423 Deo
1680 1394 1720 1423 ut
1754 1386 1946 1434 Creatori,
1976 1388 2082 1435 quod
2114 1387 2202 1425 facit
2237 1387 2388 1436 religio,
2417 1395 2474 1425 est
2510 1390 2630 1427 excel-

1566 1440 1703 1476 lentius
1731 1451 1848 1487 quam
1869 1440 2047 1477 exhibere
2067 1441 2209 1478 cultum
2237 1441 2333 1490 patri
2353 1441 2504 1490 carnali,
2524 1440 2630 1492 quod

1566 1493 1654 1530 facit
1679 1493 1800 1542 pietas
1821 1505 1918 1542 quae
1939 1501 1994 1530 est
2011 1493 2142 1531 virtus.
2173 1495 2250 1532 Sed
2279 1494 2456 1533 exhibere
2485 1494 2637 1543 cultum

1566 1547 1652 1583 Deo
1681 1554 1721 1583 ut
1740 1547 1839 1583 Patri
1869 1554 1925 1583 est
1951 1547 2078 1584 adhuc
2115 1548 2356 1586 excellentius
2382 1560 2500 1596 quam
2528 1548 2631 1588 exhi-

1567 1600 1657 1636 bere
1687 1601 1829 1637 cultum
1857 1601 1942 1636 Deo
1970 1607 2012 1636 ut
2040 1600 2213 1640 Creatori
2240 1609 2276 1638 et
2299 1601 2482 1638 Domino.
2518 1602 2632 1640 Unde

1567 1653 1696 1701 religio
1726 1660 1781 1690 est
1808 1653 1934 1701 potior
1961 1652 2099 1702 pietate
2126 1654 2284 1691 virtute:
2323 1655 2391 1692 sed
2423 1654 2544 1705 pietas
2571 1667 2630 1693 se-

1567 1707 1736 1744 cundum
1766 1706 1870 1755 quod
1891 1713 1946 1743 est
1973 1706 2132 1754 donum,
2158 1714 2213 1744 est
2239 1707 2366 1767 potior
2383 1704 2597 1757 ιτεΙὶςίσηιε,Ι
2618 1708 2623 1712 '

1619 1761 1678 1797 AD
1697 1771 1857 1796 TERTmM
1886 1771 2071 1797 DICENDUM
2099 1760 2205 1808 quod
2232 1760 2326 1798 sicut
2351 1772 2423 1809 per
2447 1761 2629 1810 pietatem

1566 1825 1664 1861 quae
1693 1820 1749 1850 est
1767 1813 1886 1850 virtus
1914 1812 2065 1850 exhibet
2091 1813 2211 1851 horno
2240 1813 2411 1852 officium
2431 1821 2468 1853 et
2486 1815 2630 1858 cultum

1566 1878 1644 1903 non
1672 1867 1797 1903 solum
1816 1865 1912 1914 patri
1942 1866 2090 1914 caman,
2111 1866 2179 1903 sed
2199 1866 2311 1903 etiam
2335 1866 2517 1904 omnibus
2543 1879 2636 1905 sana-

1565 1919 1678 1967 guine
1706 1919 1860 1966 iunctis,
1890 1919 2102 1956 secundum
2132 1919 2237 1969 quod
2271 1920 2461 1969 pertinent
2488 1920 2538 1959 ad
2563 1924 2631 1975 pa*

1565 1980 1682 2018 trem;
1721 1973 1770 2010 ita
1800 1972 1912 2009 etiam
1941 1972 2061 2021 pietas
2090 1973 2301 2010 secundum
2337 1973 2442 2022 quod
2471 1981 2527 2011 est
2562 1970 2630 2014 do-

1566 2038 1673 2073 num,
1695 2038 1773 2063 non
1802 2027 1928 2062 solum
1949 2026 2100 2063 exhibet
2120 2027 2263 2063 cultum
2284 2034 2322 2063 et
2340 2026 2510 2064 officium
2529 2027 2629 2074 Deo,

1566 2079 1633 2116 sed
1663 2079 1840 2116 omnibus
1867 2078 2087 2116 hominibus
2115 2079 2341 2128 inquantum
2369 2079 2559 2128 pertinent
2578 2080 2630 2119 ad

1565 2133 1706 2169 Deum.
1737 2133 1786 2169 Et
1813 2139 1968 2181 propter
1995 2133 2070 2169 hoc
2097 2133 2145 2169 ad
2174 2132 2296 2181 ipsam
2316 2133 2478 2181 pertinet
2505 2133 2630 2171 hono-

1565 2198 1648 2222 rare
1681 2193 1847 2222 sanctos:
1886 2197 1959 2222 non
1995 2186 2251 2223 contradicere
2288 2186 2524 2234 Scripturae,
2551 2186 2631 2224 sive

1566 2239 1770 2276 intellectae
1802 2239 1880 2275 sive
1907 2251 1981 2275 non
2010 2239 2232 2285 intellectae,
2263 2239 2359 2275 sicut
2394 2238 2629 2287 Augustinus

1567 2292 1667 2339 dicit,
1697 2292 1735 2329 in
1765 2293 1795 2328 11
1825 2293 1870 2328 de
1898 2293 2005 2329 Doct.
2031 2292 2164 2329 Christ.
2184 2291 2205 2314 '¹‘
2233 2293 2318 2340 Ipsa
2339 2292 2452 2329 etiam
2473 2303 2519 2329 ex
2538 2303 2628 2330 con·

1566 2345 1737 2394 sequenti
1756 2344 1933 2382 subvenit
1951 2345 1989 2381 in
2009 2345 2160 2382 miseria
2180 2345 2401 2382 constitutis.
2429 2345 2476 2382 Et
2496 2357 2628 2394 quam-

1563 2398 1622 2436 vis
1652 2399 1718 2435 iste
1748 2405 1852 2434 actus
1881 2410 1959 2435 non
1987 2398 2126 2435 habeat
2144 2399 2271 2435 locum
2298 2398 2336 2435 in
2364 2397 2495 2446 patria,
2516 2408 2625 2447 prae-

2653 2303 2665 2313 ·
2679 2301 2736 2331 Cap.
2750 2308 2794 2324 vn.

1566 2451 1675 2499 cipue
1713 2458 1799 2500 post
1831 2450 1931 2487 diem
1966 2451 2109 2498 iudicii,
2145 2451 2300 2488 habebit
2334 2458 2463 2488 tamen
2497 2451 2627 2488 locum
2684 2465 2690 2467 “

1564 2504 1791 2552 praecipuus
1821 2510 1925 2539 actus
1946 2503 2037 2550 eius,
2059 2503 2123 2552 qui
2153 2511 2208 2541 est
2236 2504 2401 2555 revereri
2425 2505 2554 2542 Deum
2574 2505 2626 2542 af-

1565 2557 1664 2594 fectu
1693 2556 1806 2603 filiali,
1837 2555 1943 2603 quod
1970 2557 2173 2605 praecipue
2197 2564 2286 2593 tunc
2315 2557 2393 2602 erit,
2414 2557 2627 2595 secundum

1564 2609 1656 2647 illud
1675 2610 1763 2657 Sap.
1778 2621 1802 2646 v
1815 2608 1854 2646 *ε
1884 2610 1983 2646 Ecce
2001 2611 2188 2658 quomodo
2207 2610 2411 2658 computati
2427 2616 2513 2647 sunt
2531 2611 2629 2648 inter
2656 2628 2664 2636 ·

1558 2662 1660 2710 filios
1678 2662 1762 2700 Dei.
1792 2662 1873 2698 Erit
1893 2662 2005 2699 etiam
2035 2671 2167 2699 mutua
2186 2663 2388 2700 honoratio
2408 2670 2626 2701 sanctorum

1565 2715 1613 2753 ad
1642 2715 1819 2753 invicem.
1850 2716 1964 2751 Nunc
1984 2723 2124 2762 autem,
2145 2724 2230 2753 ante
2260 2717 2362 2753 diem
2391 2715 2530 2762 iudicii,
2557 2716 2627 2754 mi-

1565 2776 1736 2806 serentur
1763 2768 1880 2804 sancti
1909 2768 2021 2805 etiam
2061 2781 2195 2806 eorum
2225 2769 2288 2818 qui
2317 2769 2354 2806 in
2383 2777 2481 2806 statu
2514 2769 2627 2807 huius

1564 2821 1739 2858 miseriae
1767 2815 1914 2858 vivunt.

1616 2950 1644 2983 γ)
1663 2949 1778 2975 miseria.
1797 2963 1816 2969 -
1833 2949 2017 2974 misericordia
2036 2949 2087 2974 PL.

2681 2625 2747 2648 Vm.
2761 2632 2782 2654 5.
