2860 4244
178 3443 187 3452 ·
203 3441 270 3463 Vers.
284 3448 321 3471 30,
335 3448 366 3471 3¹·

425 259 498 295 388

421 342 635 384 praecepto.
672 336 899 382 Inquantum
929 345 1018 381 ergo
1047 341 1152 369 actus
1179 333 1359 369 virtutum
1389 345 1479 381 ope·

422 395 549 424 rantur
578 387 772 424 causaliter
800 387 860 423 vel
890 386 1109 434 dispositive
1139 386 1187 422 ad
1208 397 1338 422 earum
1366 397 1479 432 gene·
1504 391 1505 395 ’

422 441 604 477 rationem
647 448 682 476 et
723 439 1072 484 conservationem,
1116 439 1302 474 intantum
1346 438 1479 474 dicitur

420 493 523 541 quod
552 492 766 530 obedientia
794 504 929 529 omnes
956 491 1112 528 virtutes
1142 491 1259 527 menti
1287 490 1414 527 inserit
1443 499 1479 527 et
1504 530 1505 537 ἵ

1504 543 1638 580 ἶείῐειῑε
1673 551 1840 581 tenetur:
1877 545 1971 582 sicut
2008 557 2138 582 amare
2175 546 2324 593 Deum,
2353 546 2416 583 vel
2453 545 2594 594 aliquid

420 546 590 582 custodit.

473 599 554 634 Nec
582 605 710 634 tamen
738 596 905 645 sequitur
933 597 1037 645 quod
1071 596 1289 633 obedientia
1317 596 1363 633 sit
1389 596 1477 633 sim-

416 650 560 698 pliciter
598 650 775 686 omnibus
808 649 1008 685 virtutibus
1043 649 1165 697 prior,
1195 657 1349 698 propter
1386 649 1476 686 duo.

417 703 545 739 Primo
575 703 739 751 quidem,
761 702 849 750 quia
868 702 952 738 licet
980 702 1257 745 actusvvirtutis
1278 703 1387 739 cadat
1406 703 1476 739 sub

417 763 641 804 praecepto,
670 763 798 791 tamen
835 762 959 803 potest
987 754 1120 803 aliquis
1156 755 1314 804 implere
1350 763 1476 792 actum

415 809 560 845 virtutis
577 820 653 844 non
670 808 866 845 attendens
882 809 929 844 ad
946 808 1129 844 rationem
1146 808 1348 857 praecepti.
1365 807 1476 846 Unde
1502 853 1505 858 ι

416 861 445 897 si
474 861 598 909 aliqua
616 861 734 898 virtus
764 861 808 897 sit
833 861 938 897 cuius
966 861 1159 897 obiectum
1187 861 1478 898 sit'naturaliter

415 913 518 961 prius
547 926 662 963 quam
691 921 951 962 praeceptum,
972 914 1033 950 illa
1060 913 1179 950 virtus
1209 913 1342 950 dicitur
1370 921 1476 950 natu-

416 967 539 1003 raliter
565 967 670 1015 prior
698 979 814 1015 quam
843 966 1075 1004 obedientia:
1105 974 1146 1003 ut
1180 974 1282 1015 patet
1310 967 1357 1004 de
1386 967 1475 1012 fide,

414 1031 482 1067 per
518 1031 634 1067 quam
673 1019 783 1056 nobis
821 1020 971 1057 divinae
1001 1019 1229 1057 auctoritatis
1267 1019 1476 1057 sublimitas
1503 1043 1504 1074 3

414 1071 630 1119 innotescit,
661 1084 705 1108 ex
742 1085 818 1121 qua
852 1073 1033 1122 competit
1062 1072 1095 1109 ei
1129 1079 1295 1121 potestas
1332 1072 1475 1121 praeci-

411 1124 551 1173 piendi.
581 1146 605 1153 -
635 1125 825 1172 Secundo,
849 1126 937 1174 quia
965 1125 1101 1162 infusio
1131 1125 1269 1173 gratiae
1299 1132 1334 1161 et
1361 1125 1476 1162 virtu·
1503 1141 1504 1175 ᾗ

412 1185 493 1214 tum
522 1185 646 1226 potest
673 1178 922 1227 praecedere,
954 1178 1067 1215 etiarn
1096 1185 1287 1226 tempore,
1318 1190 1475 1214 omnem

412 1238 539 1268 actum
558 1231 780 1268 virtuosum.
811 1232 860 1268 Et
884 1232 1095 1268 secundum
1125 1231 1210 1276 hoc,
1232 1242 1355 1278 neque
1382 1237 1476 1267 tem-

1105 256 1371 303 QUAESTIO
1401 257 1502 305 ClV,
1531 257 1826 313 ARTICULUS
1858 258 1908 294 IV

1530 346 1625 381 pore
1653 345 1776 382 neque
1805 342 1938 371 natura
1967 342 2021 371 est
2058 335 2274 372 obedientia
2306 335 2486 372 omnibus
2513 335 2594 372 aliis

1530 385 1731 423 virtutibus
1758 387 1874 435 prior.

1584 439 1643 475 Αι)
1671 450 1830 476 τΕιιτιυΜ
1859 451 2044 476 DICENDUM
2065 441 2170 488 quod
2192 440 2331 488 duplex
2359 447 2414 476 est
2433 441 2592 477 bonum.

1532 491 1741 537 Quoddam
1770 492 1818 529 ad
1847 494 1951 541 quod
1989 492 2206 529 faciendum
2241 493 2361 530 horno
2391 504 2436 529 ex
2464 504 2594 530 neces-

1530 596 1762 639 huiusmodi.
1788 598 1836 634 Et
1856 598 1927 634 tale
1948 598 2094 635 bonum
2111 599 2214 635 nullo
2233 598 2353 635 modo
2374 598 2488 636 debet
2505 610 2594 646 pro-

1503 659 1504 678 1
1530 656 1613 697 pter
1641 649 1897 687 obedientiam
1927 651 2183 699 praetermitti.
2205 673 2229 679 -
2249 652 2318 688 Est
2341 659 2471 688 autern
2491 651 2594 689 aliud

1531 702 1679 738 bonum
1707 704 1754 739 ad
1784 703 1888 751 quod
1916 704 2036 740 homo
2065 716 2144 741 non
2181 712 2330 741 tenetur
2358 716 2404 740 ex
2431 704 2593 741 necessi·
2620 707 2624 711 '

1529 761 1615 791 tate.
1645 755 1695 791 Et
1713 755 1787 791 tale
1807 756 1953 792 bonum
1975 756 2087 793 debet
2105 757 2225 794 homo
2246 757 2478 806 quandoque
2506 769 2594 806 pro-

1529 815 1612 856 pter
1650 807 1906 845 obedientiam
1948 810 2268 857 praetermittere,
2308 810 2357 847 ad
2395 821 2510 858 quam
2549 822 2593 846 ex

1530 860 1752 897 necessitate
1781 861 1901 898 homo
1930 869 2094 898 tenetur:
2123 862 2213 912 quia
2232 875 2310 899 non
2331 863 2444 900 debet
2471 863 2592 900 homo

1503 923 1504 926 ’
1531 913 1671 962 aliquid
1699 914 1846 950 bonum
1876 913 1998 950 facere
2020 915 2172 963 culpam
2191 915 2432 953 incurrendo.
2462 916 2511 952 Et
2539 923 2592 953 ta-

1529 979 1641 1013 men,
1672 966 1767 1003 sicut
1794 966 1936 1003 ibidem
1972 967 2178 1015 Gregorius
2212 968 2320 1016 dicit,
2349 969 2414 1017 qui
2439 970 2488 1007 ab
2517 980 2592 1006 uno

1530 1019 1692 1068 quolibet
1708 1025 1715 1040 ²
1736 1020 1832 1056 bono
1851 1020 2033 1057 subiectos
2050 1025 2158 1065 vetat,
2182 1032 2328 1058 necesse
2346 1027 2402 1058 est
2417 1021 2592 1064 ut‘multa

1530 1073 1719 1119 concedat,
1746 1085 1792 1109 ne
1820 1072 2019 1110 obedientis
2047 1085 2152 1110 mens
2166 1073 2346 1122 funditus
2373 1073 2543 1123 intereat,-
2561 1075 2595 1112 si

1530 1137 1554 1162 a
1583 1125 1688 1162 honis
1717 1126 1889 1163 omnibus
1919 1126 2067 1175 penitus
2099 1126 2249 1176 repulsa
2277 1127 2424 1164 ieiunet.
2462 1126 2593 1178 Etsic

1531 1190 1602 1226 per
1630 1177 1888 1215 obedientiam
1917 1186 1954 1215 et
1981 1178 2053 1215 alia
2071 1184 2088 1200 ²
2116 1179 2219 1217 bona
2245 1186 2371 1229 potest
2407 1177 2591 1225 damnum

1503 1236 1505 1279 g
1530 1230 1644 1267 unius
1671 1231 1762 1268 boni
1791 1232 2089 1280 recompensari.

464 1362 482 1394 t)
503 1369 554 1386 uno
568 1362 691 1395 quolibet.
703 1375 721 1381 —
734 1369 889 1395 unoquoque
903 1362 956 1392 Pa;
970 1370 1018 1395 pro
1033 1365 1113 1392 vetat,
1129 1366 1207 1388 vocat
1222 1361 1475 1391 PABCDEFGKLa,
1501 1362 1503 1387 ἒ
1528 1361 1578 1393 (Et
1596 1361 1620 1386 si
1633 1368 1686 1393 per
1703 1361 1892 1393 obedienflam)
1909 1362 1966 1386 alia
1990 1362 2028 1394 D;
2051 1370 2100 1395 pro
2119 1363 2246 1388 damnum
2271 1363 2350 1388 unius
2368 1363 2438 1393 boni,
2465 1364 2592 1388 damnum

411 1399 489 1422 vacat
506 1398 530 1421 H
537 1405 544 1428 ;
568 1405 615 1429 pro
633 1397 768 1430 funditus,
791 1398 913 1422 subditus
938 1397 1138 1430 ABDEHILpK,
1162 1397 1276 1422 subditis
1301 1397 1330 1428 F,
1347 1397 1476 1430 funditus
1529 1396 1607 1421 unius
1626 1396 1688 1421 bom·
1705 1396 1833 1422 damnum
1852 1397 1928 1428 ΑΒΕ,
1948 1397 2026 1422 unius
2044 1397 2107 1422 bom‘
2118 1398 2245 1422 damnum
2259 1397 2386 1424 damnum
2401 1398 2451 1432 px,
2464 1399 2592 1424 damnum

411 1432 452 1456 vel
469 1432 554 1457 subito
573 1433 604 1461 G.
624 1432 710 1457 subito
729 1433 769 1457 ed.
788 1440 821 1463 a;
839 1440 887 1465 pro
902 1432 1012 1464 penitus
1029 1433 1145 1465 repulsa,
1171 1433 1279 1465 repulsa
1302 1432 1409 1464 penitus
1427 1432 1476 1457 Pa.

463 1468 488 1499 κ)
508 1471 535 1492 et
552 1468 615 1492 alia.
633 1481 651 1486 ·-
665 1468 731 1492 talia
745 1468 910 1500 ABEGLpK,
925 1468 991 1493 talia
1006 1468 1088 1500 (bona
1107 1470 1202 1502 agens)
1216 1468 1302 1501 pCsK,
1317 1470 1343 1493 et
1356 1468 1423 1492 talia
1435 1467 1475 1496 Fl,

1529 1431 1607 1456 unius
1626 1432 1689 1457 boni
1706 1432 1916 1464 (recompensari
1934 1432 2073 1464 damnum)
2091 1433 2139 1464 pF,
2159 1433 2237 1458 unius
2256 1432 2319 1458 boni
2336 1432 2463 1459 damnum
2482 1434 2521 1462 Η;
2533 1438 2594 1466 poet

1529 1467 1727 1500 recompensari
1745 1468 1842 1492 addunt
1854 1474 1907 1500 per
1924 1468 2000 1492 aliud
2018 1468 2114 1493 bonum
2134 1468 2180 1500 pC,
2190 1475 2244 1500 per
2261 1468 2372 1501 aliquod
2394 1469 2491 1495 bonum
2509 1468 2559 1495 sx.

1082 1557 1416 1589 Commentariis.
1438 1555 1691 1588 Car-‹linalis
1714 1554 1916 1588 Caietam

440 1652 460 1671 N
484 1641 616 1672 articulo
639 1643 731 1674 tertio
755 1643 897 1674 eiusdem
929 1643 1248 1684 centesimaequartae
1279 1642 1474 1683 quaestionis

413 1653 576 1716 Idubium
591 1687 726 1717 occurrit
749 1688 788 1718 de
811 1687 1018 1718 conclusione
1034 1687 1216 1728 principali:
1242 1697 1282 1717 an
1306 1687 1424 1718 scilicet
1441 1687 1473 1717 in

409 1729 511 1760 littera
533 1730 741 1762 concludatur
771 1732 859 1772 quod
884 1731 1063 1762 obedientia
1091 1738 1137 1762 est
1160 1731 1297 1762 maxima
1319 1731 1472 1762 virtutum

411 1773 590 1805 moralium.
615 1775 656 1806 Et
679 1782 725 1806 est
748 1776 828 1807 ratio
852 1776 940 1806 dubii
964 1775 1138 1807 obscuritas
1160 1776 1289 1806 litterae.

466 1818 516 1847 Ad
539 1818 601 1848 hoc
624 1819 757 1850 breviter
780 1820 893 1851 dicitur
916 1820 1004 1860 quod
1027 1829 1130 1860 neque
1160 1820 1337 1850 secundum
1360 1818 1471 1849 verita-

410 1868 485 1897 tem,
510 1871 613 1902 neque
630 1864 806 1894 secundum
828 1864 974 1900 litteram,
992 1863 1171 1894 obedientia
1194 1871 1241 1894 est
1254 1863 1392 1894 maxima
1410 1863 1471 1893 vir-

410 1911 516 1936 tutum
540 1906 735 1947 simpliciter:
760 1908 834 1948 quia
858 1907 1054 1948 theologales
1071 1914 1145 1938 sunt
1168 1907 1408 1949 praestantiores
1425 1917 1471 1943 ea,

411 1956 446 1980 ut
468 1949 501 1979 in
523 1950 625 1981 littera
648 1953 808 1991 probatur.

466 1994 532 2024 Nec
555 2001 602 2025 est
623 1996 761 2026 maxima
787 1996 820 2026 in
843 2006 956 2036 genere
980 1995 1164 2026 moralium:
1189 1995 1265 2036 quia
1287 1995 1407 2035 religio,
1431 1996 1471 2026 ad

410 2037 526 2074 minus,
543 2046 590 2069 est
612 2040 819 2079 praestantior
838 2050 884 2071 ea.
912 2040 1074 2078 Quoniam
1098 2040 1207 2080 religio
1223 2040 1331 2080 ipsum
1354 2040 1470 2076 Deum,

410 2082 465 2122 qui
496 2083 663 2123 praecipit,
689 2083 780 2115 colit:
805 2084 984 2115 obedientia
1013 2094 1089 2114 vero
1112 2085 1152 2114 ad
1176 2084 1243 2115 eius
1267 2091 1472 2124 praeceptum

409 2125 551 2157 attendit.
577 2126 710 2158 Constat
725 2135 832 2159 autem
857 2129 946 2170 quod
965 2128 1068 2159 maius
1093 2135 1139 2159 est
1161 2129 1267 2159 Deum
1291 2138 1389 2169 quarn
1412 2127 1470 2158 Dei

409 2177 611 2210 praeceptum
637 2172 787 2204 venerari.

463 2214 526 2244 Sed
541 2222 587 2246 est
609 2216 746 2247 maxima
761 2217 793 2247 in
817 2227 929 2257 genere
954 2216 1126 2247 moralium
1146 2216 1268 2252 talium,
1286 2225 1367 2256 quae
1391 2215 1470 2246 scili-

409 2264 456 2288 cet
479 2258 511 2288 in
535 2266 720 2300 contemptu
744 2261 970 2301 temporalium
995 2261 1182 2292 consistunt.
1206 2261 1248 2291 Et
1270 2260 1351 2291 hanc
1370 2260 1471 2291 excel-

408 2301 537 2332 lentiam
553 2313 619 2334 non
634 2305 728 2336 habet
742 2305 921 2336 obedientia
937 2315 1168 2346 quaecumque,
1182 2305 1238 2335 sed
1252 2304 1306 2334 illa
1321 2314 1386 2345 qua
1399 2305 1469 2335 Deo

409 2345 622 2378 universaliter
642 2349 821 2381 obedimus:
847 2350 891 2380 sic
914 2350 1014 2386 enim,
1039 2356 1069 2380 et
1092 2359 1157 2379 non
1181 2349 1277 2385 aliter,
1302 2355 1469 2390 praecepto

409 2389 476 2420 eius
491 2391 690 2424 voluntatem
709 2400 850 2424 nostram
867 2393 1061 2424 subiicimus.
1086 2393 1118 2424 Si
1135 2393 1220 2423 enim
1237 2393 1395 2434 quaedam
1410 2393 1470 2423 Dei

409 2442 574 2475 praecepta
596 2437 698 2477 placet
721 2438 864 2478 implere,
889 2445 919 2468 et
942 2438 1098 2478 quaedam
1122 2447 1198 2474 non,
1223 2437 1287 2467 iam
1310 2447 1376 2467 non
1400 2436 1469 2473 Dei,

408 2478 462 2508 sed
486 2487 642 2518 nostram,
666 2492 730 2522 qua
759 2482 922 2521 implenda
952 2489 982 2513 et
1009 2491 1075 2511 non
1106 2482 1267 2521 implenda
1299 2481 1468 2520 elegimus,

408 2523 571 2562 sequimur
590 2524 797 2557 voluntatem.
823 2526 945 2557 Omnes
969 2525 1126 2566 siquidem
1143 2526 1201 2556 hae
1221 2524 1418 2556 conditiones
1434 2535 1471 2555 ex

406 2565 517 2604 littera,
542 2570 704 2610 diligenter
729 2577 900 2611 perspecta,
923 2570 1088 2600 habentur.

462 2611 503 2642 Et
534 2624 570 2644 ex
599 2614 656 2646 hac
689 2621 776 2655 parte
811 2614 1007 2645 considerata
1030 2612 1224 2650 obedientia,
1249 2611 1313 2643 filia
1342 2611 1472 2653 ponitur

409 2654 542 2688 caritatis
561 2659 734 2695 individua,
754 2657 899 2689 differens
918 2659 956 2688 ab
977 2668 1012 2688 ea
1028 2658 1061 2688 in
1081 2657 1152 2693 hoc,
1168 2657 1256 2698 quod
1277 2656 1386 2687 caritas
1398 2656 1472 2687 facit

409 2697 572 2732 hominem
596 2713 669 2734 cum
690 2703 759 2734 Deo
783 2703 864 2734 idem
889 2703 971 2734 velle
993 2707 1024 2732 et
1047 2702 1127 2732 idem
1153 2701 1238 2732 nolle
1256 2711 1312 2741 per
1334 2701 1469 2731 modum

409 2745 511 2782 amici,
537 2747 715 2778 obedientia
737 2757 812 2777 vero
837 2756 892 2787 per
915 2746 1050 2776 modum
1075 2745 1202 2776 subditi.
1234 2746 1345 2776 Homo
1370 2744 1469 2782 enim,

409 2795 636 2830 recognoscens
666 2802 699 2822 se
731 2791 785 2822 tali
815 2791 918 2822 amico
949 2790 1128 2826 subditum,
1153 2789 1320 2830 perpendit
1349 2789 1470 2820 iustum

410 2838 476 2864 esse
499 2842 535 2866 ut
558 2836 684 2867 obediat
706 2836 846 2866 volendo
871 2842 901 2866 et
923 2835 1065 2865 nolendo
1086 2841 1122 2864 ut
1144 2834 1291 2864 subditus
1315 2832 1472 2874 quidquid

410 2872 462 2907 ille
481 2880 647 2920 praecepit.
672 2898 692 2903 -
715 2880 756 2911 Et
780 2890 816 2910 ex
835 2879 893 2910 hac
918 2879 1028 2909 eadem
1046 2885 1144 2919 parte,
1163 2877 1342 2909 obedientia
1366 2883 1473 2908 causat

1525 1642 1673 1672 omnium
1695 1642 1860 1678 virtutum,
1879 1642 1974 1673 etiam
2002 1642 2135 1673 caritatis
2159 1649 2190 1673 et
2211 1642 2295 1679 fidei,
2311 1649 2399 1674 actus
2417 1642 2453 1674 *z
2478 1650 2515 1675 ut
2536 1643 2607 1686 sci—n

1524 1686 1597 1716 licet
1619 1686 1751 1725 impleat
1773 1686 1830 1716 Dei
1856 1693 2031 1726 praecepta.
2056 1704 2078 1710 -
2101 1687 2142 1717 Et
2158 1696 2194 1717 ex
2210 1687 2322 1718 eadem
2345 1693 2443 1728 parte,
2460 1687 2592 1728 ponitur

1525 1730 1616 1771 quasi
1640 1730 1743 1760 forma
1765 1730 1922 1762 virtutum
1945 1731 2097 1762 aliarum:
2122 1740 2181 1771 pro
2198 1738 2319 1772 quanto
2342 1738 2431 1763 actus
2453 1732 2590 1774 reliqu-e

1524 1784 1596 1804 rum
1627 1773 1709 1805 fiunt
1733 1781 1768 1805 ut
1796 1774 1990 1814 impleantur
2021 1774 2126 1805 divina
2149 1783 2334 1816 praecepta,
2363 1776 2452 1817 quod
2475 1776 2590 1809 directe

1524 1825 1644 1859 spectat
1667 1818 1706 1848 ad
1726 1818 1951 1849 obedientiam.
2577 1818 2581 1823 ⁴

1580 1863 1814 1899 Veruntamen,
1838 1863 1914 1903 quia
1936 1863 2006 1903 ipsa
2029 1862 2174 1903 impletio
2197 1863 2355 1904 praecepti
2385 1863 2483 1894 divini
2506 1862 2590 1895 ordi-

1525 1913 1617 1937 natur
1641 1907 1680 1936 ad
1704 1906 1925 1947 impletionem
1950 1906 2074 1937 divinae
2089 1907 2262 1938 voluntatis
2277 1917 2334 1948 per
2351 1907 2488 1938 modum
2511 1908 2590 1939 ami—

1525 1951 1624 1987 citiae,
1649 1951 1737 1991 quod
1761 1957 1807 1981 est
1830 1951 1997 1991 proprium
2022 1950 2170 1987 caritatis;
2194 1951 2268 1982 ideo
2290 1950 2362 1982 finis
2385 1952 2544 1993 praecepti
2559 1959 2590 1984 et

1524 1995 1722 2026 obedientiae
1745 1995 1929 2035 simpliciter
1952 2002 1998 2026 est
2020 1995 2141 2032 caritas,
2158 1995 2244 2026 iuxta
2262 1995 2343 2027 illud
2363 1995 2524 2037 Apostoli,
2547 1996 2591 2028 ad
2617 2033 2628 2044 ⁶

1529 2040 1609 2070 Rm.
1626 2036 1656 2069 *z
1679 2039 1771 2070 Finis
1786 2041 1956 2080 praecepti
1979 2045 2025 2070 est
2048 2041 2178 2071 caritas.

1580 2083 1617 2114 II.
1643 2083 1678 2113 In
1703 2083 1910 2124 responsione
1933 2083 1970 2114 ad
1991 2083 2133 2124 primum
2152 2083 2295 2115 eiusdem
2310 2082 2443 2120 articuli,
2463 2083 2589 2124 adverte

1524 2127 1613 2168 quod
1635 2127 1814 2158 obedientia
1833 2127 1999 2168 dupliciter
2021 2128 2173 2159 sumitur:
2197 2127 2371 2164 causaliter,
2396 2134 2427 2159 et
2447 2125 2590 2159 formalt-
2610 2130 2625 2136 '²
2646 2131 2649 2135 “

1522 2178 1579 2202 ter.
1600 2171 1631 2202 Si
1649 2171 1832 2208 formaliter,
1850 2172 1894 2203 sic
1909 2182 1973 2202 una
1988 2179 2035 2202 est
2049 2172 2184 2212 species:
2201 2172 2227 2202 si
2243 2172 2415 2209 causaliter,
2430 2172 2464 2213 in
2479 2172 2590 2204 mustis

1522 2216 1688 2256 reponitur
1703 2215 1879 2256 speciebus.
1898 2217 1939 2246 Et
1953 2216 2022 2246 laus
2043 2216 2111 2247 eius
2126 2226 2191 2257 qua
2205 2216 2410 2257 anteponitur
2427 2216 2589 2258 religionis

1523 2260 1607 2290 actui
1622 2260 1678 2300 qui
1695 2267 1741 2290 est
1751 2260 1894 2291 victimas
1909 2260 2031 2297 offerre,
2044 2260 2194 2292 convenit
2209 2260 2237 2292 ei
2252 2260 2418 2293 causaliter
2431 2268 2588 2302 sumptae,

1522 2311 1620 2344 prout
1643 2304 1823 2336 continetur
1841 2305 1900 2335 sub
1922 2304 2084 2345 religione,
2106 2311 2136 2336 et
2155 2312 2275 2346 spectat
2296 2305 2336 2336 ad
2359 2304 2521 2347 potiorem
2541 2315 2589 2336 re—

1523 2348 1650 2389 ligionis
1672 2355 1788 2385 actum,
1806 2348 1860 2390 qui
1881 2355 1927 2379 est
1947 2348 2085 2380 devotio.
2109 2349 2151 2380 Et
2173 2348 2246 2380 ideo
2263 2359 2329 2380 non
2353 2356 2400 2380 est
2421 2348 2541 2381 mirum
2562 2349 2589 2380 si

1523 2392 1585 2423 hoc
1607 2393 1706 2423 modo
1726 2392 1932 2433 praeponitur
1951 2392 2067 2423 minori
2091 2393 2174 2423 actui
2188 2392 2363 2433 religionis:
2387 2397 2540 2434 tanquam
2562 2393 2588 2424 si

1523 2436 1696 2467 diceretur:
1721 2437 1842 2467 Melior
1857 2442 1905 2467 est
1919 2437 2043 2468 devotio
2059 2446 2156 2477 quam
2173 2437 2319 2468 vicffma:
2339 2437 2455 2468 metius
2467 2442 2514 2468 est
2535 2445 2588 2468 se-

1524 2481 1679 2521 crzficium
1705 2482 1868 2511 interioris
1898 2482 2073 2512 voluntatis
2103 2490 2198 2521 quam
2229 2482 2400 2512 exterioris
2422 2482 2589 2519 Μαίνιος

1523 2524 1612 2565 quod
1636 2533 1682 2555 est
1705 2533 1762 2564 per
1781 2535 1813 2554 se
1836 2531 1963 2555 notum.
1987 2525 2029 2555 Et
2051 2525 2132 2556 hane
2154 2524 2311 2556 rationem
2335 2525 2472 2556 reddunt
2493 2525 2589 2557 verba

1524 2568 1678 2608 Gregorii,
1704 2568 1838 2599 dicendo
1863 2569 1954 2610 quod
1976 2574 2140 2600 mactatur
2162 2569 2329 2600 voluntas.-
2351 2570 2466 2610 procul
2488 2569 2588 2603 dubio

1523 2612 1556 2642 in
1579 2611 1767 2643 sacrificium
1791 2612 1945 2643 divinum.

1580 2655 1630 2686 111.
1657 2656 1692 2686 In
1715 2656 1923 2696 responsione
1947 2656 1986 2686 ad
2002 2655 2131 2689 tertium
2146 2655 2288 2687 eiusdem
2307 2656 2439 2694 articuli,
2463 2657 2590 2689 adverte

1525 2699 1613 2740 quod
1638 2710 1693 2740 per
1716 2701 1832 2731 bonum
1856 2700 1900 2731 ad
1921 2700 2006 2741 quod
2020 2700 2212 2741 faciendum
2236 2701 2330 2732 homo
2345 2710 2387 2732 ex
2403 2701 2591 2733 necesstiate

1523 2749 1660 2782 tenetur,
1686 2754 1751 2774 non
1774 2744 1959 2784 intelligitur
1982 2745 2090 2775 solum
2106 2745 2145 2775 de
2161 2745 2344 2776 necessitate
2359 2745 2480 2786 peccati
2503 2745 2589 2778 moi*-

1524 2788 1604 2824 talis,
1628 2789 1683 2819 sed
1706 2788 1803 2820 etiarn
1825 2788 1966 2819 venialis.
1990 2789 2036 2819 Ita
2058 2789 2148 2829 quod
2170 2789 2250 2820 nulli
2274 2789 2399 2820 homini
2421 2789 2589 2830 homote-

1524 2839 1617 2863 netur
1640 2833 1768 2863 obedire
1791 2833 1824 2863 in
1847 2832 1896 2863 his
1919 2843 2001 2874 quae
2024 2840 2099 2863 sunt
2122 2839 2268 2874 peccata,
2292 2840 2590 2878 quantumcumque
2615 2863 2627 2876 ,

1525 2876 1674 2907 minima:
1700 2876 1776 2918 quia
1800 2886 1862 2907 non
1886 2882 1961 2907 sunt
1973 2875 2135 2918 facienda
2150 2876 2236 2908 mala
2258 2883 2292 2909 ut
2310 2878 2441 2909 veniant
2463 2877 2588 2910 bonci!

1360 2971 1624 2982 ..mewa-v«

1144 3048 1498 3091 ARTICULUS
1550 3048 1851 3098 QUARTUS

1022 3150 1179 3180 UTRUM
1203 3150 1245 3180 lN
1269 3149 1458 3181 OMNffius
1481 3149 1548 3180 stT
1571 3149 1660 3180 1)Εο
1685 3149 1969 3180 OBEDIENDUM

1083 3235 1157 3265 Infra,
1176 3244 1222 3268 qu.
1240 3243 1306 3265 ctrV,
1326 3241 1373 3261 art.
1393 3243 1416 3265 2,
1435 3236 1467 3260 ad
1488 3243 1515 3267 2;
1537 3236 1566 3260 In
1590 3236 1671 3264 Ioan„
1692 3243 1747 3268 cap:
1766 3243 1799 3264 11.
1818 3236 1875 3260 lect.
1894 3243 1912 3260 t.

449 3343 506 3364 ,δέω
529 3346 570 3368 ⁹st

440 3353 602 3441 (ἒῷ
626 3392 704 3416 non
733 3379 770 3415 in
800 3378 978 3415 omnibus
1006 3378 1052 3414 sit
1080 3378 1163 3414 Deo
1198 3377 1470 3414 obediendum.

433 3432 552 3512 ,5432
568 3424 770 3468 Dicitur
799 3431 900 3468 enim
929 3431 1064 3468 Matth.
1086 3442 1121 3467 ix
1139 3429 1177 3476 ²¹²,
1208 3430 1312 3478 quod
1339 3429 1471 3466 Domi-

415 3530 534 3574 censz'
561 3537 684 3574 Videte
712 3549 759 3573 ne
786 3537 866 3585 quis
893 3536 996 3574 sciat.
1026 3536 1091 3572 Illi
1116 3541 1253 3581 autem,
1283 3541 1470 3579 exeuntes,

522 3478 696 3521 Unus
725 3484 875 3520 duobus
895 3484 1017 3520 caecis
1045 3482 1181 3520 curatis
1209 3482 1400 3531 praecepit
1419 3482 1471 3519 di·
1498 3498 1499 3501 ¹

627 3339 648 3363 o
669 3337 840 3369 Qum-rum
860 3337 913 3362 stc
932 3336 1172 3361 Paocam‘rua.
1189 3324 1348 3361 Videtur
1366 3323 1472 3373 quod
1498 3339 1500 3364 ι
1526 3323 1821 3373 diffamaverunt
1847 3335 1932 3360 eum
1955 3335 2029 3372 per
2055 3330 2170 3361 totam
2189 3330 2331 3362 terram
2357 3323 2473 3361 illam.
2502 3323 2586 3360 Nec

1525 3384 1654 3413 tamen
1688 3384 1733 3413 e‘x
1761 3377 1835 3413 hoc
1873 3376 2123 3425 inculpantur.
2158 3378 2260 3425 Ergo
2296 3377 2447 3415 videtur
2481 3376 2585 3425 quod

1526 3442 1603 3466 non
1633 3437 1830 3466 teneamur
1857 3429 1895 3466 in
1924 3430 2103 3467 omnibus
2137 3430 2295 3467 obedire
2322 3430 2419 3466 Deo.

1581 3494 1616 3519 2.
1638 3483 1872 3529 PRAETEREA‚
1889 3483 2012 3520 nullus
2027 3490 2175 3520 tenetur
2193 3481 2333 3531 aliquid
2351 3481 2475 3519 facere
2495 3493 2584 3519 con-

1525 3543 1580 3572 tra
1598 3535 1790 3572 virtutem.
1816 3535 1892 3572 Sed
1912 3535 2156 3572 inveniuntur
2172 3534 2363 3583 quaedam
2382 3541 2584 3583 praecepta
