2860 4244
99 2321 111 2333 ⁴
124 2320 196 2343 Nm.
211 2327 228 2343 ι.

4 2512 34 2544 ν

100 2584 246 2634 ,ἐξω-8η.
257 2590 311 2612 xm,

951 293 1218 339 QUAESTIO
1248 293 1462 340 LXXXIX,

1491 293 1788 330 ARTICULUS
1818 292 1885 328 VII
2433 293 2504 328 281

330 372 538 404 terminantur
561 381 609 402 res
628 372 724 403 etiam
747 381 859 412 parvae
886 371 919 401 in
943 381 985 407 se,
1010 370 1082 401 ideo
1109 371 1249 411 obligant
1272 371 1311 401 ad
1335 370 1394 401 mi·
1418 379 1421 398 l
1447 371 1611 402 cadentem
1634 380 1729 411 super
1751 381 1818 401 rem
1842 380 1924 411 quae
1943 370 2104 411 implenda
2123 370 2252 406 iuratur,
2274 377 2308 400 ut
2327 370 2443 401 scilicet
2467 370 2512 400 fa-

331 417 433 447 nimas
456 416 685 457 eleemosynae,
710 415 911 452 liberalitatis,
936 415 1087 451 caritatis,
1113 415 1310 456 aliarumque
1333 415 1393 445 vir·
1419 421 1420 430 ³

330 467 437 492 tutum
454 460 603 497 actiones,
622 460 752 501 quando
768 469 913 491 seorsum
935 466 966 490 et
988 468 1044 499 per
1058 469 1090 489 se
1106 466 1180 489 sunt
1202 459 1391 499 promissae:

331 512 438 536 nostra
453 514 592 545 namque
607 504 826 535 determinatio
843 504 882 534 ad
901 504 963 534 hoc
984 503 1155 534 minimum
1171 511 1206 534 ut
1229 503 1393 543 quoddam

332 645 362 668 et
384 637 473 678 quod
496 646 616 667 vovens
639 636 740 667 dicere
762 637 830 667 Ave
852 636 976 673 Maria,
1001 642 1055 666 aut
1077 635 1150 666 dare
1174 646 1233 675 pro
1257 635 1394 666 eleemo-

331 726 401 756 liter
422 725 530 755 iurans
561 724 789 765 quodcumque
811 724 991 754 virtuosum
1014 730 1312 764 quantumcumque
1337 723 1396 753 mi—

332 769 467 800 nimum.
500 767 602 799 Cuius
625 768 720 798 etiam
743 767 872 807 signum
895 774 942 798 est
967 768 1056 808 quod
1080 768 1157 798 sacri
1182 777 1319 799 canones
1342 777 1396 798 co-

331 819 411 853 gunt
433 812 472 842 ad
496 811 662 842 solvendas
685 822 798 842 usuras
817 812 943 848 iuratas,
968 818 1004 843 ut
1026 818 1112 852 patet
1134 812 1166 842 in
1183 822 1251 852 cap.
1267 811 1395 842 Debito-

331 866 395 894 res,
412 856 516 892 Extra,
533 856 573 886 de
588 856 817 894 Iureiurando,
842 856 897 897 qui
920 863 1027 886 tamen
1043 863 1131 887 actus
1146 855 1317 886 minimum
1340 856 1396 886 ha—

330 901 383 931 bet
406 900 445 930 de
464 899 589 936 virtute,
614 910 688 930 cum
711 900 782 940 quis
806 910 872 931 non
889 907 959 940 eget
981 900 1118 940 amplius
1135 900 1290 935 usurario,
1314 909 1396 940 quo-

330 945 418 975 niam
440 943 496 980 illi,
520 943 636 975 scilicet
658 945 813 981 usurario,
838 955 904 975 non
927 951 1060 981 tenetur,
1076 950 1107 975 et
1123 944 1171 974 sui
1187 942 1313 974 utilitati
1331 943 1395 973 iam

331 988 505 1019 consuluit:
533 995 564 1019 et
587 988 677 1029 quod
700 988 779 1019 nihil
801 989 906 1019 obstat
927 988 981 1019 illa
1003 988 1127 1029 regula,
1150 987 1313 1018 Modicum
1332 996 1396 1027 pro

332 1033 431 1063 nihilo
454 1037 634 1073 reputatur.

387 1077 486 1114 Quod
509 1083 618 1107 autem
644 1076 770 1107 affertur
793 1077 832 1107 de
855 1075 1039 1107 iuramentis
1063 1081 1202 1105 matrum
1226 1074 1307 1105 circa
1329 1084 1397 1104 ver-

331 1120 526 1152 berationem
549 1120 700 1157 filiorum,
725 1130 791 1151 non
815 1130 852 1150 ex
874 1120 1025 1161 parvitate
1049 1118 1199 1159 promissi
1222 1119 1315 1155 boni,
1340 1119 1398 1150 sci-

330 1165 404 1196 licet
427 1164 629 1196 correctionis
652 1174 777 1205 parvae,
800 1164 855 1194 sed
879 1164 1007 1195 aliunde
1029 1163 1236 1194 iudicandum
1252 1169 1308 1194 est.
1333 1163 1398 1194 Sci-

330 1210 418 1245 licet,
441 1209 491 1240 vel
522 1219 559 1239 ex
587 1209 732 1239 obiecto:
763 1208 839 1249 quia
862 1207 982 1239 scilicet
1011 1207 1197 1238 huiusmodi
1221 1207 1398 1238 iuramenta

331 1253 545 1285 communiter
561 1251 644 1283 fiunt
665 1262 703 1283 ex
725 1252 872 1292 passione
895 1252 1084 1288 iracundiae,
1102 1259 1132 1283 et
1147 1251 1322 1282 verberatio
1339 1253 1398 1283 sub

331 1297 452 1328 ratione
475 1306 588 1337 parvae
602 1296 758 1327 vindictae
782 1296 882 1337 magis
906 1307 1004 1338 quam
1021 1296 1228 1336 correptionis
1251 1306 1398 1337 praesen-

331 1349 415 1373 tatur
430 1341 555 1372 mulieri
571 1341 737 1381 praesenti,
754 1351 836 1382 quae
852 1341 942 1371 facile
957 1341 1059 1381 agitur
1075 1340 1276 1380 passionibus
1294 1339 1399 1383 (cuius

331 1386 460 1427 signum
483 1393 530 1417 est
556 1386 646 1426 quod
669 1385 695 1415 si
717 1386 750 1415 in
775 1386 889 1416 eodem
913 1391 1026 1415 erraret
1048 1384 1132 1415 filius
1156 1391 1187 1415 et
1209 1392 1309 1415 mater
1332 1395 1398 1415 non

333 1436 414 1461 esset
427 1430 515 1466 irata,
532 1440 599 1460 non
614 1429 812 1469 promitteret
836 1430 948 1469 punire
963 1427 1081 1471 illurn),
1099 1435 1129 1459 et
1146 1428 1190 1459 sic
1213 1429 1399 1460 huiusmodi

332 1474 458 1515 punitio
481 1474 677 1514 promittitur
699 1474 758 1504 sub
782 1474 903 1504 ratione
927 1473 1002 1504 mali
1017 1473 1166 1509 venialis;
1190 1483 1225 1504 ac
1249 1483 1304 1514 per
1327 1473 1398 1510 hoc,

333 1529 400 1549 non
428 1525 553 1550 tenetur
580 1528 719 1554 servare,
743 1518 873 1559 quando
901 1518 946 1548 sic
969 1524 1015 1548 est
1045 1516 1158 1559 (secus
1189 1523 1296 1548 autem
1319 1525 1400 1548 esset

333 1563 359 1593 si
382 1569 419 1593 ut
437 1563 562 1593 bonurn
578 1562 786 1602 correptionis
809 1561 1015 1602 promitteret,
1033 1561 1178 1601 quamvis
1194 1571 1230 1591 ex
1246 1559 1316 1603 ira).
1340 1562 1400 1592 Vel

332 1606 540 1637 iudicandum
556 1613 603 1636 est
621 1616 658 1636 ex
675 1605 926 1636 commutatione
942 1606 975 1636 in
991 1605 1114 1636 melius.
1139 1605 1294 1642 Quamvis
1314 1606 1400 1636 enim

333 1651 457 1681 bonum
481 1650 684 1680 correctionis
708 1649 903 1689 promiserit,
929 1649 954 1679 si
977 1656 1084 1680 tamen
1108 1649 1222 1679 melius
1250 1656 1297 1679 est
1327 1657 1401 1690 post

333 1700 478 1735 pacatam
497 1694 632 1724 domum
651 1703 786 1734 parcere,
803 1703 843 1724 ne
858 1693 950 1724 fletus
967 1694 1134 1724 conturbet
1149 1693 1294 1728 domum.
1312 1703 1400 1724 com-

334 1745 476 1770 mutatur
498 1738 714 1768 iuramentum
736 1737 769 1767 in
793 1737 922 1768 melius:
954 1738 1035 1768 sicut
1057 1737 1159 1768 David
1185 1738 1400 1768 iuramentum

334 1793 400 1825 quo
425 1782 536 1823 punire
558 1782 660 1812 Nabal
684 1782 880 1822 promiserat,
906 1782 1040 1812 mutavit
1054 1781 1087 1811 in
1103 1781 1217 1812 melius
1233 1782 1399 1822 indulgen-

299 1841 305 1852 ·
335 1828 378 1858 do
393 1827 420 1858 *.
452 1827 494 1858 Et
515 1826 591 1867 quia
613 1826 748 1857 alterum
772 1826 889 1857 horum
912 1826 1127 1857 communiter
1149 1826 1262 1857 accidit
1284 1826 1317 1857 in
1340 1827 1399 1857 hu-

300 1867 306 1874 ”
333 1871 484 1908 iusmodi‚
508 1871 581 1901 ideo
601 1870 815 1901 communiter
837 1880 902 1901 non
919 1870 979 1900 nisi
994 1870 1157 1902 venialiter
1179 1877 1311 1911 peccant
1334 1881 1400 1901 non

334 1916 500 1957 puniendo
525 1922 560 1946 ut
581 1915 768 1946 iuraverant.

391 1960 478 1991 Cum
500 1966 608 1990 autern
638 1959 728 1990 facile
750 1959 833 1990 iurat
860 1959 932 2000 quis
962 1959 1035 1989 dare
1063 1969 1200 1999 pomum
1229 1969 1330 1999 puero
1361 1959 1401 1989 ad
1425 1981 1427 1987 ,

336 2004 550 2040 alliciendum,
574 2003 634 2034 nisi
657 2013 736 2043 puer
759 2003 922 2040 alliciatur,
946 2013 1013 2034 non
1037 2010 1170 2039 tenetur,
1195 2003 1276 2034 sicut
1297 2003 1330 2033 in
1353 2013 1401 2033 ce-

336 2049 409 2080 teris
437 2046 883 2079 conditionatisiuramentis:
916 2048 1028 2078 allecto
1058 2054 1164 2078 tamen
1192 2054 1333 2084 tenetur,
1359 2048 1401 2078 ob

334 2093 569 2130 iusiurandum,
593 2099 624 2123 et
647 2092 706 2123 sibi
720 2092 857 2132 imputet
879 2093 969 2133 quod
992 2092 1025 2122 in
1049 2091 1096 2122 his
1113 2091 1254 2122 minimis
1269 2102 1335 2123 non
1350 2102 1402 2122 ve-

337 2145 422 2169 retur
437 2138 544 2169 Deum
558 2143 671 2167 testem
686 2136 845 2167 inducere.
869 2136 932 2168 Ubi
949 2145 1054 2168 tamen
1072 2143 1205 2167 cessaret
1220 2136 1299 2167 ratio
1314 2143 1403 2167 actus

337 2182 480 2218 virtuosi,
491 2188 568 2222 puta
582 2181 658 2222 quia
673 2180 877 2221 importunus
893 2181 958 2211 iarn
974 2187 1055 2211 esset
1065 2181 1090 2211 si
1103 2181 1189 2211 daret
1204 2187 1279 2221 post
1294 2181 1403 2211 huius-

339 2226 428 2258 modi
441 2226 582 2262 minima‚
595 2235 662 2255 non
674 2232 846 2256 teneretur:
867 2225 1022 2266 quoniam
1037 2225 1253 2256 iuramentum
1270 2225 1309 2256 ad
1325 2225 1404 2255 nihil

340 2271 460 2311 obligat
481 2270 678 2310 imprudens

395 2315 448 2346 111.
472 2315 523 2345 Ad
538 2315 716 2345 secundum
734 2321 842 2344 autem
865 2313 999 2344 dubium
1014 2313 1032 2333 *
1054 2313 1168 2344 dicitur
1182 2314 1271 2354 quod
1289 2313 1322 2344 in
1345 2314 1404 2344 hu-

338 2359 479 2390 iusmodi
503 2359 640 2395 actibus,
664 2358 697 2388 in
721 2358 838 2399 quibus
861 2358 900 2388 de
923 2357 1043 2388 nullius
1067 2358 1168 2398 agitur
1191 2358 1402 2398 praeiudicio,

339 2404 394 2435 sed
416 2403 524 2444 potius
547 2403 587 2433 de
609 2402 741 2433 honoris
765 2402 873 2432 animo
897 2412 932 2432 ac
956 2402 1062 2442 signis,
1086 2402 1314 2433 consideranda
1330 2410 1406 2434 sunt

338 2449 415 2479 duo.
439 2447 558 2483 Primo,
582 2447 634 2487 pia
656 2446 791 2478 intentio
814 2446 961 2477 iurantis:
986 2446 1062 2487 quia
1077 2446 1194 2478 scilicet
1209 2447 1253 2477 sic
1268 2447 1403 2478 iurando

338 2501 406 2523 non
428 2491 563 2522 intendit
586 2491 720 2522 omnino
737 2491 781 2521 sic
804 2490 915 2527 facere,
935 2491 990 2521 sed
1013 2501 1084 2521 cum
1108 2501 1215 2532 grano
1233 2492 1323 2528 salis,
1347 2492 1405 2522 sci-

337 2536 412 2568 licet
433 2543 592 2577 quantum
616 2546 652 2566 ex
675 2546 708 2566 se
731 2543 793 2572 est;
818 2535 899 2566 sicut
921 2535 1042 2572 Petrus,
1067 2545 1141 2566 cum
1165 2535 1242 2566 dixit
1265 2535 1403 2572 Christo,

338 2581 413 2612 Non
437 2580 559 2611 lavabis
581 2581 659 2610 mihi
675 2580 776 2620 pedes
799 2581 831 2610 in
854 2585 1022 2610 aeternum
1038 2579 1069 2616 *,
1094 2580 1276 2611 intendebat
1305 2591 1406 2621 quan·
1430 2580 1432 2590 '

338 2631 409 2656 tum
433 2634 470 2655 ex
486 2635 519 2655 se
538 2631 612 2655 erat.
637 2625 678 2654 Et
701 2624 782 2654 hanc
800 2623 1009 2654 intentionem
1029 2623 1208 2655 manifestat
1230 2625 1319 2665 quod
1344 2632 1405 2656 sta-

338 2669 398 2700 tim
421 2669 461 2699 ad
476 2669 675 2699 voluntatem
691 2669 817 2699 alterius
841 2668 915 2699 facit
938 2668 1136 2709 oppositum.
1162 2669 1202 2699 Et
1225 2669 1268 2699 sic
1288 2671 1345 2699 nec
1360 2669 1406 2699 iu-

338 2713 449 2749 randO,
473 2722 531 2744 nec
553 2712 698 2743 faciendo
718 2712 915 2753 oppositum,
937 2713 1023 2743 deest
1044 2713 1225 2744 iuramento
1240 2713 1363 2744 veritas.
1383 2731 1405 2736 -

339 2757 506 2793 Secunde,
530 2763 618 2788 actus
641 2757 788 2799 qualitas:
820 2757 895 2798 quia
918 2756 1035 2788 scilicet
1058 2757 1140 2787 iurat
1161 2757 1194 2787 in
1218 2757 1405 2788 huiusmodi

339 2802 411 2844 quis
434 2807 528 2841 saepe
551 2801 590 2832 de
606 2808 677 2832 actu
701 2802 757 2842 qui
773 2802 867 2832 estin
887 2808 1042 2841 potestate
1057 2801 1194 2838 alterius,
1219 2808 1306 2841 puta,
1330 2802 1404 2832 Non

339 2847 447 2878 venies
469 2855 610 2883 mecum,
634 2846 708 2877 Non
740 2846 890 2876 transibis
912 2846 972 2876 hoc
993 2846 1119 2882 ostium,
1145 2852 1176 2875 et
1205 2845 1402 2877 huiusmodi.

339 2891 428 2922 Haec
452 2890 552 2926 enim,
576 2889 648 2921 licet
670 2890 722 2930 pie
744 2889 977 2930 interpretanda
1001 2889 1077 2925 sint,
1103 2889 1221 2920 scilicet
1247 2897 1405 2930 quantum

340 2941 386 2966 est
410 2944 446 2964 ex
468 2941 556 2975 parte
578 2934 721 2969 iurantis,
745 2933 778 2964 in
792 2934 921 2964 veritate
944 2940 1051 2964 tamen
1073 2933 1239 2963 indiscreta
1260 2940 1334 2965 sunt
1357 2934 1404 2964 iu-

339 2985 490 3010 ramenta.
525 2978 563 3009 Et
585 2985 752 3018 propterea
776 2977 820 3008 sic
843 2977 950 3008 iurans
981 2977 1193 3007 communiter
1223 2984 1332 3017 peccat
1353 2988 1405 3008 ve-

340 3023 471 3059 nialiter,
491 3028 621 3063 propter
634 3021 908 3052 indiscretionem:
934 3020 1078 3051 faciendo
1093 3028 1200 3052 tamen
1217 3022 1404 3062 oppositum

340 3067 485 3108 periurus
513 3076 580 3097 non
603 3072 665 3102 est,
689 3065 765 3106 quia
789 3075 854 3095 non
878 3064 951 3095 facit
979 3072 1088 3096 contra
1110 3065 1322 3096 intentionem
1345 3066 1403 3097 im—

340 3111 481 3153 plicitam
505 3118 535 3141 et
558 3110 771 3141 communiter
794 3109 954 3150 cognitam
977 3109 1010 3140 in
1033 3109 1229 3140 huiusmodi.

319 3192 326 3199 .
396 3155 449 3187 IV.
463 3155 499 3185 ln
514 3155 629 3185 eodem
648 3154 780 3185 articulo
797 3153 933 3194 septimo
949 3153 1091 3184 eiusdem
1106 3154 1299 3195 quaestionis
1316 3161 1404 3185 octo-

340 3200 591 3241 gesimaenonae,
615 3199 648 3229 in
671 3198 878 3238 responsione
902 3198 941 3228 ad
967 3198 1118 3238 primum,
1143 3205 1219 3229 nota
1242 3198 1406 3239 diligenter

340 3244 429 3286 quod
449 3244 663 3274 iuramentum
679 3242 922 3283 promissorium
939 3242 1033 3282 exigit
1052 3242 1213 3283 duplicem
1231 3243 1403 3274 veritatem.

339 3288 491 3324 Alteram,
512 3288 545 3318 in
570 3298 634 3328 qua
657 3287 804 3318 conven'it
826 3297 901 3317 cum
924 3286 1101 3324 assertorio,
1126 3294 1162 3318 ut
1184 3286 1301 3318 scilicet
1323 3287 1406 3318 dicat

339 3343 470 3368 verum,
494 3332 556 3363 hoc
580 3339 626 3363 est
659 3337 694 3362 ut
721 3331 834 3362 habeat
859 3331 1063 3372 propositum
1093 3331 1287 3372 adimplendi
1315 3332 1404 3373 quod

341 3377 512 3418 promittit:
537 3375 692 3417 quoniam
715 3375 931 3416 promittendo
954 3375 1017 3407 hoc
1040 3375 1129 3412 dicit,
1153 3376 1308 3417 quoniam
1330 3386 1404 3416 pro-

341 3421 450 3451 missio
473 3430 546 3451 vera
570 3420 702 3451 includit
725 3419 868 3450 animum
887 3419 1092 3461 adimplendi.
1117 3420 1269 3457 Alteram,
1288 3419 1321 3450 in
1341 3430 1405 3461 qua

341 3465 441 3496 differt
460 3466 498 3496 ab
513 3464 694 3496 assertorio:
715 3470 751 3495 ut
766 3463 883 3495 scilicet
901 3463 994 3495 faciat
1009 3474 1076 3495 esse
1090 3474 1203 3495 verum
1221 3465 1311 3506 quod
1330 3474 1403 3505 pro-

340 3509 445 3540 mittit.
470 3509 510 3540 Et
533 3509 614 3540 sicut
637 3509 730 3539 habet
753 3508 914 3548 duplicem
927 3508 1100 3545 veritatem,
1120 3509 1162 3540 ita
1183 3509 1278 3540 habet
1300 3508 1404 3549 dupli-

341 3563 410 3583 cem
433 3553 677 3595 obligationem:
702 3553 832 3583 alteram
865 3552 1028 3584 cadentem
1051 3563 1147 3593 super
1169 3553 1240 3593 ipso
1264 3560 1335 3584 actu
1359 3553 1404 3584 iu-

341 3597 439 3634 randi,
463 3605 498 3629 ut
521 3597 638 3629 scilicet
660 3597 742 3628 iuret
765 3606 831 3627 esse
853 3606 965 3628 verum
988 3604 1024 3628 ut
1046 3597 1079 3628 in
1102 3597 1211 3628 animo
1235 3597 1402 3639 promittit,

341 3645 372 3672 et
393 3641 426 3671 in
449 3641 507 3672 hac
530 3641 744 3672 communicat
767 3651 841 3672 cum
864 3641 1030 3672 assertorio
1053 3641 1247 3678 iuramento;
1272 3642 1403 3672 alteram

483 3704 592 3729 Summa
611 3704 712 3728 Timor..
732 3703 763 3728 D.
777 3703 891 3728 Tnoma
909 3704 941 3728 T.
960 3703 1004 3728 VI.

1447 415 1507 446 ciat
1529 415 1573 445 sic
1597 425 1663 446 esse
1687 421 1830 456 tempore
1853 425 1920 455 quo
1944 421 2076 446 tenetur.
2102 415 2142 445 Et
2165 414 2320 455 quoniam
2344 414 2445 455 prima
2460 424 2512 444 ve-

1419 477 1421 495 3
1447 459 1520 490 ritas
1543 466 1574 489 et
1604 459 1706 499 prima
1733 459 1885 499 obligatio
1912 458 2166 499 indispensabilis
2190 465 2254 494 est,
2279 468 2336 489 nec
2359 458 2452 489 refert
2480 458 2511 488 in

1447 513 1650 544 quacumque
1675 503 1804 533 materia
1828 503 1876 540 sit,
1901 503 2056 543 quoniam
2080 509 2199 543 spectat
2221 482 2262 532 ad
2284 503 2392 543 ipsum
2407 509 2514 533 actum

331 556 451 584 totum,
476 549 644 579 substernit
667 548 763 578 divini
786 548 944 588 praecepti
965 547 1095 578 vinculo
1118 547 1180 577 hoc
1204 547 1394 586 minimum,
1420 573 1421 576 ,

331 603 367 624 ac
390 593 415 623 si
439 600 644 633 praeceptum
667 593 706 623 de
719 592 781 623 hoc
797 592 933 622 minimo
950 591 1069 622 factum
1085 598 1176 622 esset.
1201 592 1293 622 Unde
1309 598 1395 631 patet
1420 594 1422 605 ⁸

1446 546 1588 583 iurandi;
1620 547 1692 577 ideo
1721 557 1787 577 non
1815 547 1938 583 minus,
1963 548 2071 587 quoad
2099 547 2161 577 hoc
2189 547 2278 587 quod
2305 553 2351 577 est
2381 547 2514 577 evadere

1447 597 1614 631 peccatum
1628 591 1771 627 mortale,
1791 598 1916 621 tenetur
1938 591 2038 622 homo
2058 591 2090 621 in
2114 600 2317 632 quacumque
2341 591 2434 621 etiam
2454 591 2512 620 rni-

1420 666 1422 674 .
1448 635 1535 664 nima
1559 634 1687 665 materia
1711 641 1740 664 et
1768 634 1955 666 indifferenti
1979 642 2009 665 et
2033 635 2142 675 iniqua
2169 635 2272 666 dicere
2295 635 2458 666 veritatem
2481 635 2514 664 in

332 691 409 722 syna
431 688 547 721 potum
570 690 671 721 aquae
694 679 833 719 frigidae,
858 686 981 710 tenetur
1004 680 1063 710 sub
1087 679 1230 710 mortali:
1256 686 1286 710 et
1309 679 1395 710 simi·
1421 681 1422 684 ’

1448 678 1657 719 promissorio
1673 678 1851 709 iuramento
1868 689 1966 719 quam
1982 679 2014 709 in
2029 679 2212 709 assertorio:
2237 679 2383 719 quamvis
2406 686 2516 719 peccet

1448 722 1583 753 iurando
1603 722 1848 762 promissionem
1864 723 2007 762 iniquam
2025 733 2098 753 cum
2115 723 2221 753 animo
2238 723 2382 759 faciendi,
2399 733 2435 753 ex
2451 723 2515 753 alio

1449 766 1560 806 capite,
1581 765 1697 796 scilicet
1720 776 1757 796 ex
1775 766 1927 797 iniustitia
1951 774 1981 798 et
2003 767 2112 807 iniqua
2127 767 2292 798 voluntate
2315 767 2515 807 perpetrandi

1449 810 1581 840 malum.
1606 810 1646 840 Et
1669 809 1746 840 haec
1769 811 1849 840 bene
1873 811 2023 850 perspice,
2045 818 2075 841 et
2098 811 2229 851 applica.
2255 811 2418 848 Quoniam
2441 811 2515 842 hinc

1449 854 1545 884 habes
1558 854 1646 894 quod
1663 853 1859 894 quicumque
1876 854 1956 885 iurat
1973 865 2004 884 se
2017 854 2138 895 aliquid
2154 855 2312 886 facturum
2327 866 2393 886 non
2407 856 2514 886 animo

1449 898 1594 934 faciendi,
1618 905 1726 937 peccat
1748 898 1931 934 mortaliter,
1957 905 2068 938 utpote
2087 899 2208 929 violans
2232 899 2446 930 iuramentum
2469 900 2515 930 in-

1449 948 1607 983 quantum
1631 948 1677 971 est
1700 942 1904 972 assertorium
1928 942 1977 972 sui
2002 942 2109 973 animi.

1504 986 1544 1016 V.
1570 986 1604 1015 In
1621 985 1828 1025 responsione
1845 986 1884 1015 ad
1900 986 2077 1016 secundum
2094 986 2236 1017 eiusdem
2253 987 2378 1027 septimi
2395 987 2516 1018 articuli

1449 1030 1584 1060 dubium
1600 1029 1745 1064 occurrit,
1768 1036 1927 1069 quantum
1950 1037 2057 1069 peccet
2080 1030 2186 1060 iurans
2211 1041 2243 1061 se
2268 1041 2333 1061 non
2358 1031 2515 1062 facturum

1450 1074 1581 1114 aliquod
1597 1074 1720 1104 bonum
1734 1073 1836 1115 (quod
1853 1073 1952 1104 facere
1965 1084 2030 1104 non
2043 1073 2190 1115 tenetur),
2204 1075 2277 1115 quia
2290 1075 2382 1115 ponit
2393 1076 2518 1107 obicem

1450 1118 1580 1158 Spiritui
1604 1118 1730 1148 Sancto.

1505 1163 1556 1193 Ad
1587 1162 1648 1192 hoc
1676 1161 1790 1192 dicitur
1818 1161 1907 1202 quod
1936 1171 2002 1191 non
2030 1168 2138 1201 peccat
2166 1161 2225 1191 nisi
2248 1162 2424 1193 venialiter:
2458 1164 2519 1195 nisi

1423 1232 1425 1240 ,
1450 1207 1530 1237 adeo
1562 1205 1761 1247 pertinaciter
1787 1205 1904 1236 iuraret
1931 1212 1967 1236 ut
1994 1205 2089 1236 etiam
2112 1205 2144 1235 in
2169 1205 2302 1236 articulo
2326 1208 2519 1239 necessitatis

1450 1251 1566 1282 iuraret
1589 1261 1621 1281 se
1636 1260 1702 1280 non
1722 1249 1896 1286 facturum;
1922 1260 1997 1280 nam
2021 1250 2133 1290 procul
2150 1249 2248 1280 dubio
2272 1258 2414 1290 peccaret
2432 1262 2519 1282 mor-

1450 1295 1552 1326 taliter
1568 1295 1612 1325 sic
1627 1294 1773 1330 iurando,
1791 1301 1827 1324 ut
1841 1294 1874 1324 in
1891 1304 1958 1334 cap.
1971 1294 2255 1331 Archidiaconum,
2273 1295 2343 1325 dist.
2361 1296 2517 1333 LXXXV,

1451 1340 1489 1370 de
1504 1339 1561 1370 illo
1582 1339 1695 1370 dicitur
1711 1338 1766 1379 qui
1781 1338 1896 1369 iuravit
1912 1348 1944 1369 se
1961 1348 2129 1379 nunquam
2145 1338 2213 1369 fore
2230 1339 2432 1390 episcopum;
2457 1341 2519 1371 hoc

1450 1384 1536 1414 enim
1561 1390 1607 1414 est
1629 1390 1738 1414 contra
1755 1382 1898 1413 debitum
1913 1382 2110 1413 obedientiae
2126 1383 2176 1414 vel
2196 1383 2340 1420 caritatis,
2358 1386 2445 1425 quod
2466 1396 2519 1416 ne-

1451 1428 1611 1464 cessimus,
1628 1437 1695 1458 non
1710 1427 1998 1467 supererogationis
2019 1433 2066 1457 est
2084 1424 2155 1469 (-Si
2175 1434 2280 1457 tamen
2304 1428 2519 1460 iuramentum

1449 1473 1530 1503 illud
1558 1472 1767 1502 criminosum
1790 1472 1985 1501 censendum
2010 1478 2065 1501 est.
2098 1471 2149 1501 Ad
2179 1472 2268 1512 quod
2299 1479 2401 1503 textus
2425 1474 2520 1505 series

1452 1527 1518 1547 non
1542 1516 1647 1546 ducit:
1671 1515 1746 1556 quia
1769 1522 1874 1555 potest
1897 1515 1957 1546 dici
1986 1516 2074 1556 quod
2098 1515 2270 1556 Gregorius
2291 1517 2395 1548 voluit
2417 1518 2518 1555 illum,

1449 1561 1535 1591 licito
1559 1561 1757 1595 iuramento,
1789 1566 1947 1600 quantum
1971 1570 2008 1590 ex
2031 1569 2064 1590 se
2089 1566 2171 1596 erat,
2197 1560 2398 1598 adstrictum,
2423 1573 2520 1593 suum

1450 1615 1572 1635 servare
1595 1605 1822 1639 iuramentum,
1840 1611 1871 1634 et
1894 1614 1960 1634 non
1981 1613 2093 1643 cogere
2107 1604 2209 1639 illum,
2230 1605 2317 1635 nulla
2336 1607 2520 1638 necessitate

1451 1647 1627 1691 existente).
1652 1649 1692 1678 Et
1707 1649 1796 1688 quod
1813 1658 1878 1678 non
1895 1656 2003 1687 peccet
2026 1648 2084 1678 nisi
2100 1648 2271 1685 venialiter,
2291 1657 2378 1689 patet
2400 1660 2436 1681 ex
2459 1652 2521 1682 hoc

1452 1693 1541 1734 quod
1564 1693 1590 1723 si
1606 1692 1677 1733 quis
1701 1692 1783 1722 iurat
1804 1692 2002 1722 committere
2025 1699 2190 1732 peccatum
2213 1693 2345 1731 veniale,
2375 1702 2452 1735 puta
2476 1696 2521 1726 di-

1425 1773 1426 1776 *
1451 1747 1519 1768 cere
1535 1738 1668 1767 verbum
1684 1737 1836 1772 otiosum,
1850 1746 1916 1766 non
1933 1736 1992 1766 nisi
2008 1736 2171 1767 venialiter
2186 1745 2294 1777 peccat
2310 1738 2455 1770 iurando.
2480 1741 2521 1771 Et

1451 1789 1558 1813 tamen
1582 1787 1705 1812 constat
1720 1781 1809 1821 quod
1825 1781 1929 1811 multo
1949 1781 2021 1820 plus
2039 1781 2163 1811 obicem
2182 1782 2274 1821 ponit
2293 1782 2422 1822 Spiritui
2443 1784 2520 1814 San-

1452 1833 1503 1857 cto
1523 1826 1578 1866 qui
1601 1826 1684 1856 iurat
1707 1835 1836 1865 peccare
1854 1825 2033 1861 venialiter,
2059 1835 2158 1865 quam
2182 1835 2247 1856 non
2272 1826 2372 1857 facere
2398 1828 2522 1858 bonum

1452 1871 1492 1901 ad
1507 1870 1597 1912 quod
1613 1880 1678 1900 non
1694 1877 1832 1900 tenetur:
1853 1869 1928 1910 quia
1945 1870 2017 1909 plus
2033 1876 2188 1909 repugnat
2205 1871 2321 1910 gratiae
2335 1870 2466 1902 firmitas
2482 1874 2522 1903 ad

1452 1915 1633 1946 faciendum
1657 1914 1778 1944 malum
1794 1924 1893 1954 quam
1916 1914 1955 1943 ad
1979 1924 2045 1943 non
2070 1913 2251 1944 faciendum
2274 1915 2408 1952 bonum,
2422 1926 2522 1957 quan-

1452 1967 1588 2000 tumque
1612 1969 1776 1998 magnum,
1801 1958 2099 1998 supererogationis.

1507 2004 1560 2035 VI.
1586 2003 1621 2033 In
1645 2002 1852 2043 responsione
1880 2003 1919 2032 ad
1946 2002 2092 2038 tertium,
2118 2002 2253 2033 dubium
2277 2004 2413 2034 occurrit
2441 2005 2522 2035 circa

1454 2047 1684 2088 obligationem
1705 2047 1738 2077 in
1762 2047 1833 2077 foro
1858 2046 2066 2077 conscientiae
2082 2046 2109 2077 *.
2133 2047 2220 2077 Tum
2244 2047 2319 2088 quia
2341 2048 2456 2079 falsum
2478 2049 2523 2079 vi·
2550 2055 2561 2066 ⁴*

1454 2093 1545 2123 detur
1568 2092 1658 2133 quod
1680 2091 1712 2122 in
1734 2091 1943 2132 promissorio
1959 2091 2139 2122 iuramento
2164 2091 2203 2122 sit
2227 2092 2344 2132 duplex
2359 2093 2522 2133 obligatio,

1455 2147 1519 2167 una
1546 2136 1680 2172 homini,
1697 2135 1793 2166 altera
1816 2136 1886 2166 Deo
1901 2135 1928 2166 *.
1960 2136 2044 2166 Nam
2068 2135 2094 2165 si
2117 2142 2198 2166 esset
2221 2136 2337 2176 duplex
2360 2137 2523 2177 obligatio,

1455 2192 1522 2212 non
1549 2191 1678 2221 possem
1711 2190 1770 2220 ego
1798 2180 1934 2210 relaxare
1960 2179 2176 2210 iuramentum
2203 2180 2281 2210 mihi
2311 2190 2370 2221 pro
2398 2191 2450 2212 me
2478 2182 2523 2212 fa—

1456 2233 1553 2256 ctum.
1575 2243 1597 2248 —
1618 2225 1658 2255 Et
1682 2231 1768 2255 tenet
1786 2224 1924 2265 sequela.
1950 2224 2035 2261 Quia
2050 2234 2109 2264 ego
2129 2234 2262 2264 possum
2278 2225 2415 2255 relaxare
2431 2226 2525 2256 alicui

1455 2270 1685 2309 obligationem
1708 2279 1772 2310 qua
1795 2268 1874 2299 mihi
1897 2275 2039 2299 tenetur:
2065 2279 2132 2298 non
2155 2279 2220 2309 qua
2243 2269 2312 2299 Deo
2337 2276 2470 2300 tenetur.

1513 2315 1554 2345 Et
1584 2313 1798 2344 confirmatur.
1838 2312 1922 2350 Quia
1957 2319 2140 2353 sequeretur
2169 2313 2201 2343 in
2231 2313 2398 2353 proposito
2438 2315 2526 2354 quod

1456 2358 1617 2399 latro‘qui
1634 2357 1736 2398 coegit
1758 2358 1798 2387 ad
1821 2357 2002 2393 iurandum,
2019 2367 2083 2387 non
2108 2364 2216 2397 posset
2240 2357 2376 2388 relaxare
2400 2358 2461 2388 tale
2477 2359 2525 2389 iu-

1457 2410 1647 2433 ramentum.
1673 2402 1770 2439 Quod
1794 2408 1880 2441 patet
1903 2411 1970 2431 esse
1995 2401 2122 2432 falsum.

1512 2448 1553 2478 Et
1577 2446 1782 2478 confirmatur
1805 2456 1922 2476 rursuS.
1956 2445 2040 2483 Quia
2063 2453 2247 2486 sequeretur
2273 2446 2363 2486 quod
2386 2446 2526 2477 Ecclesia

1457 2498 1512 2522 aut
1536 2492 1656 2522 foveret
1679 2490 1834 2531 periuria:
1866 2497 1921 2520 aut
1951 2490 2033 2520 male
2057 2490 2207 2520 relaxaret
2234 2490 2419 2520 huiusmodi
2443 2491 2525 2521 iura-

1458 2543 1574 2566 menta.
1600 2554 1620 2558 —
1645 2536 1800 2565 Probatur
1823 2534 1962 2575 sequela.
1996 2535 2079 2564 Nam
2103 2534 2243 2565 Ecclesia
2266 2542 2321 2565 aut
2350 2534 2423 2565 fecit
2450 2535 2526 2565 haec

1457 2581 1635 2611 iuramenta
1657 2580 1728 2619 ipso
1752 2580 1820 2609 iure
1843 2579 1937 2614 irrita,
1962 2586 2017 2609 aut
2039 2579 2197 2614 irritanda,
2221 2579 2254 2608 in
2279 2578 2348 2609 foro
2365 2579 2526 2609 conscien-

1457 2625 1535 2661 tiae,
1568 2635 1604 2655 ex
1628 2634 1694 2665 quo
1718 2624 1750 2653 in
1775 2623 1846 2653 foro
1870 2623 2006 2653 iudiciali
2038 2633 2103 2653 non
2128 2623 2264 2653 admittit
2287 2623 2345 2653 ista
2373 2623 2525 2663 tanquam

1455 2669 1569 2699 valida.
1595 2669 1627 2699 Si
1651 2668 1723 2699 fecit
1746 2668 1841 2703 irrita,
1866 2677 1941 2707 ergo
1966 2677 2031 2697 non
2046 2667 2145 2707 ligant
2163 2667 2195 2697 in
2216 2667 2286 2697 foro
2304 2668 2523 2698 conscientiae.

1457 2714 1498 2744 Et
1520 2713 1546 2743 si
1568 2713 1668 2753 ligant
1690 2713 1723 2742 in
1747 2712 1818 2742 foro
1843 2711 2062 2747 conscientiae,
2087 2721 2162 2751 ergo
2186 2721 2252 2741 non
2273 2719 2346 2742 sunt
2368 2712 2439 2751 ipso
2456 2712 2524 2742 iure

1457 2757 1552 2788 irrita.
1577 2758 1618 2788 Et
1641 2763 1871 2797 consequenter
1894 2755 2042 2792 Ecclesia,
2059 2755 2229 2786 iudicando
2246 2765 2319 2786 eum
2343 2756 2399 2796 qui
2418 2763 2525 2786 coacte

1457 2801 1571 2832 iuravit
1593 2811 1659 2831 non
1681 2801 1824 2841 implere,
1850 2800 1969 2830 foveret
1988 2800 2125 2840 periuria
2148 2810 2214 2830 non
2234 2800 2357 2830 occulta
2379 2800 2440 2840 ipsi
2464 2801 2524 2830 Ec—

1458 2846 1578 2876 clesiae.
1604 2845 1636 2876 Si
1660 2852 1767 2876 autem
1792 2851 1897 2875 censet
1919 2854 1986 2874 esse
2010 2844 2188 2874 relaxanda:
2214 2854 2288 2874 cum
2312 2844 2399 2874 nulla
2415 2854 2523 2884 super-

1455 2890 1561 2920 veniat
1585 2900 1689 2925 causa,
1711 2896 1741 2920 et
1764 2889 1979 2919 iuramentum
1998 2888 2117 2928 obliget
2134 2898 2241 2918 coram
2258 2889 2337 2924 Deo,
2355 2889 2523 2928 quomodo

1457 2934 1576 2974 absque
1599 2933 1850 2964 commutatione
1874 2939 1905 2963 et
1932 2942 2026 2962 causa
2048 2942 2131 2962 nova
2159 2932 2299 2963 Ecclesia
2330 2933 2446 2963 relaxat
2474 2933 2524 2963 ius

1457 2979 1527 3009 Deo
1543 2978 1734 3018 quaesitum,
1751 2987 1816 3007 non
1833 2983 1972 3017 apparet.
1999 2976 2040 3007 Et
2062 2983 2168 3007 tamen
2184 2976 2202 2995 *
2226 2983 2348 3007 constat
2362 2978 2451 3017 quod
2466 2978 2524 3007 Ec-
2552 2985 2561 2994 ⁸

1457 3022 1550 3052 clesia
1574 3022 1707 3052 alterum
1730 3022 1848 3051 horum
1872 3020 1958 3052 facit:
1983 3027 2019 3051 ut
2042 3020 2137 3051 etiam
2159 3021 2192 3051 in
2215 3021 2316 3051 littera
2341 3021 2469 3058 dicitur,
2494 3029 2524 3052 et

1457 3066 1591 3097 habetur
1613 3067 1717 3102 Extra,
1734 3067 1785 3096 De
1807 3066 1856 3096 his
1879 3075 1961 3106 quae
1981 3066 2013 3095 vi
2031 3070 2181 3102 metusve,
2203 3075 2270 3105 cap.
2288 3065 2404 3103 Abbas,
2422 3072 2452 3096 et
2475 3066 2526 3096 De

1456 3110 1693 3148 Iureiurando‚
1719 3120 1787 3150 cap.
1811 3110 1938 3147 Verum,
1964 3116 1994 3139 et
2017 3109 2085 3146 XV,
2111 3119 2165 3150 qu.
2183 3119 2224 3146 tv,
2248 3109 2280 3139 in
2305 3110 2449 3150 pluribus
2474 3120 2524 3140 ca-

1458 3155 1577 3195 pitulis.

1513 3199 1581 3230 VII.
1606 3199 1694 3229 Tum
1717 3198 1792 3239 quia
1815 3198 1849 3228 in
1871 3197 2052 3228 iuramento
2077 3204 2188 3228 coacto
2213 3208 2279 3227 non
2303 3198 2440 3228 salvatur
2456 3208 2523 3227 ma-

1458 3243 1534 3273 teria
1557 3242 1743 3273 iuramenti:
1768 3252 1804 3273 ac
1823 3252 1879 3282 per
1902 3242 1973 3278 hoc,
1991 3252 2056 3272 non
2081 3242 2199 3282 obligat
2222 3251 2329 3272 coram
2345 3242 2414 3272 Deo
2427 3241 2453 3271 *.
2483 3242 2524 3272 Et

1457 3288 1546 3328 quod
1569 3297 1635 3317 non
1659 3287 1796 3317 salvetur
1819 3286 1949 3317 materia
1967 3286 2146 3322 iuramenti,
2171 3286 2331 3325 probatur.
2356 3286 2439 3315 Nam
2455 3295 2522 3315 ma-

1456 3332 1534 3362 teria
1556 3331 1724 3362 iuramenti
1749 3331 1947 3371 promissorii
1971 3338 2018 3362 est
2040 3330 2108 3370 ipsa
2131 3329 2260 3360 materia
2283 3329 2521 3369 promissionis,

1458 3383 1493 3407 ut
1513 3383 1611 3416 patet:
1636 3382 1713 3416 puta
1729 3376 1802 3406 dare
1818 3375 1997 3415 pecuniam,
2015 3381 2071 3405 etc.
2096 3373 2318 3403 Promissionis
2334 3380 2439 3404 autem
2457 3384 2522 3403 ma-

1457 3420 1534 3451 teria
1558 3430 1623 3450 non
1643 3427 1690 3451 est
1713 3420 1771 3450 nisi
1790 3426 1878 3450 actus
1892 3419 2033 3449 virtutis:
2059 3417 2212 3458 quoniam
2236 3417 2392 3458 quidquid
2417 3418 2522 3457 operis

1457 3471 1542 3495 extra
1566 3471 1653 3495 actus
1675 3464 1799 3495 virtutis
1824 3470 1886 3499 est,
1910 3470 1965 3493 aut
1991 3469 2156 3502 peccatum
2179 3468 2234 3491 aut
2257 3461 2435 3492 indifferens
2459 3469 2521 3498 est;

1458 3515 1488 3539 et
1512 3515 1635 3539 constat
1657 3509 1746 3549 quod
1770 3514 1896 3548 peccata
1915 3516 1980 3536 non
2004 3512 2140 3546 possunt
2162 3506 2322 3545 promitti;
2348 3516 2452 3546 neque
2475 3506 2521 3536 in-

1457 3553 1646 3589 differentia,
1671 3553 1756 3582 salva
1778 3561 1890 3582 eorum
1913 3549 2132 3586 indifferentia,
2158 3549 2312 3590 quoniam
2336 3557 2420 3580 esset
2448 3560 2520 3590 pro-

1458 3597 1581 3627 mittere
1610 3596 1728 3632 otiosa,
1753 3605 1789 3626 ac
1818 3605 1874 3635 per
1901 3594 1963 3624 hoc
1985 3594 2130 3624 venialia.
2161 3594 2290 3624 Materia
2320 3594 2414 3634 igitur
2440 3594 2521 3624 iura—

1458 3641 1556 3671 menti
1579 3639 1775 3680 promissorii
1798 3639 1831 3669 in
1854 3639 1916 3668 hoc
1940 3638 2041 3669 differt
2064 3649 2082 3668 a
2105 3638 2234 3669 materia
2247 3638 2314 3668 voti
2338 3639 2426 3679 quod
2450 3648 2519 3678 pro-

2348 3698 2380 3724 36

2575 2055 2612 2077 cf.
2627 2061 2692 2077 num.
2707 2062 2748 2077 xn.

2552 2144 2561 2152 ⁸
2576 2142 2612 2164 Cf.
2632 2148 2695 2164 num.
2710 2149 2761 2164 xm.

2638 2986 2748 3012 quoniam

2554 3012 2604 3038 (φὶ)
2620 3012 2673 3033 ΡΛΒ.

2552 3249 2561 3257 ⁸
2575 3247 2611 3270 cf.
2626 3254 2689 3270 num.
2705 3255 2751 3270 xiv.
