2860 4244
984 229 1250 275 QUAESTIO
1279 230 1473 277 LXXXII,
1501 230 1797 268 ARTICULUS
1826 230 1878 267 IV
2443 241 2508 276 191

109 310 219 338 ’Λή-ἃ
349 306 532 344 cundario
551 319 646 344 vero
667 314 841 344 causatur
869 306 1035 354 devotio,
1058 314 1101 343 ut
1129 306 1269 343 dictum
1299 314 1355 344 est
1371 307 1402 354 ²⁸,
1429 307 1431 310 '
1458 308 1614 345 lendum
1647 308 1834 345 Christum
1857 308 1941 356 pati
1975 306 2194 356 oportuit*:
2224 314 2260 343 et
2288 314 2343 344 est
2371 306 2512 355 aliquid
2540 314 2754 363 2}g⁶·2g⁸¹’·¹¹¹vv

349 371 395 396 ex
429 359 732 397 consideratione
765 359 1010 409 propriorum
1046 358 1284 396 defectuum:
1314 372 1404 397 nam
1457 361 1563 408 quod
1589 361 1776 408 laetificet,
1801 360 1939 398 scilicet
1966 360 2038 396 Dei
2067 372 2156 408 erga
2183 371 2254 396 nos
2288 359 2510 407 benignitas,
2595 356 2601 362 ’
2645 356 2652 363 ’

347 413 444 449 haec
481 412 734 450 consideratio
761 413 922 461 pertinet
957 411 1006 449 ad
1033 412 1239 449 terminum
1273 425 1295 449 a
1328 425 1404 462 quo
1458 426 1556 462 quae
1585 413 1696 450 nobis
1725 413 1771 450 de
1799 413 1861 450 tali
1889 413 2107 450 liberatione
2135 412 2310 462 providit.

347 465 468 502 homo
496 478 566 514 per
593 473 742 502 motum
771 464 976 502 voluntatis
1003 464 1165 501 devotae
1194 465 1345 512 recedit,
1365 473 1407 503 ut
1510 467 1568 503 AD
1604 477 1793 503 SECUNDUM
1825 477 2010 516 melerinum
2044 467 2149 513 quod
2183 465 2334 514 spiritus
2367 464 2430 513 qui
2468 477 2510 501 ex

349 517 490 555 scilicet
522 530 604 555 non
638 518 677 555 in
714 530 755 554 se
784 518 937 565 existat,
966 517 1034 554 sed
1061 518 1146 554 Deo
1182 530 1222 554 se
1257 519 1405 555 subdat.
1457 531 1533 555 una
1560 526 1665 566 parte
1694 518 1965 558 contribulatur
1991 526 2147 567 propter
2178 517 2385 566 praesentis
2412 517 2512 554 vitae

349 571 457 607 Haec
491 578 620 608 autem
657 570 909 607 consideratio
939 582 959 606 e
994 582 1180 607 converso
1216 583 1255 607 se
1292 572 1407 608 habet
1459 571 1638 617 defectus,
1659 582 1704 607 ex
1732 572 1802 608 alia
1829 579 1948 620 parte
1965 572 2244 608 condelectatur
2267 583 2309 607 ex
2341 570 2511 607 conside-

349 622 399 660 ad
425 623 603 672 primam.
633 623 736 659 Nam
755 634 824 671 per
851 635 891 659 se
920 622 1076 670 quidem
1102 631 1188 660 nata
1217 631 1272 660 est
1299 624 1406 660 tristi·
1458 623 1604 660 ratione
1633 623 1783 660 divinae
1811 624 1987 660 bonitatis
2016 631 2052 661 et
2080 636 2123 660 ex
2147 636 2215 673 spe
2243 623 2359 661 divini
2378 622 2511 660 auxilii.

348 676 440 713 tiam
467 687 638 723 causare,
658 675 902 723 recogitando
922 676 1097 724 proprios
1121 676 1310 713 defectus:
1338 688 1408 725 per
1511 677 1571 712 An
1598 687 1758 712 TERTluM
1785 688 1968 713 mCENDUM
1996 677 2100 725 quod
2134 676 2311 713 lacrimae
2337 688 2513 725 prorum-

348 728 524 766 accidens
551 735 678 765 autem
713 727 912 775 laetitiam,
943 728 1083 765 scilicet
1107 736 1263 778 propter
1297 741 1406 777 spem
1459 735 1555 776 punt
1582 740 1660 764 non
1688 729 1814 765 solum
1842 741 1888 765 ex
1916 729 2079 776 tristitia,
2110 729 2178 766 secl
2207 729 2319 766 etiam
2349 741 2394 765 ex
2423 741 2513 777 qua-

349 780 499 818 divinae
517 780 791 818 subventionis.
814 802 837 810 -
857 781 907 818 Et
933 781 986 818 sic
1006 789 1108 830 patet
1135 782 1240 830 quod
1267 781 1316 818 ad
1343 781 1407 818 de·
1460 781 1550 818 dam
1578 780 1736 817 affectus
1768 781 2037 818 teneritudine:
2067 781 2269 830 praecipue
2307 793 2394 818 cum
2424 793 2513 818 con—

347 833 547 871 votionem
574 833 700 882 primo
730 841 767 870 et
792 846 862 882 per
889 846 930 871 se
968 834 1210 882 consequitur
1246 834 1407 871 delecta·
1460 832 1644 870 sideratur
1662 833 1802 881 aliquid
1830 834 2047 871 delectabile
2067 846 2155 871 cum
2178 834 2429 883 permixtione
2448 834 2514 871 ali-

347 886 422 923 tio:
456 886 682 924 secundario
718 893 846 923 autem
885 894 921 924 et
947 899 1017 936 per
1051 887 1226 925 accidens
1262 886 1407 923 tristitia
1460 885 1566 922 cuius
1593 885 1802 931 tristabilis;
1832 886 1928 923 sicut
1959 887 2080 924 solent
2114 887 2292 924 homines
2327 886 2513 924 lacrimari

57 936 61 940 ’
106 945 122 995 ἑ
123 943 232 1000 331„de
232 943 320 993 οςιοιῶ,
347 950 445 988 quae
472 945 526 976 est
550 940 754 977 secundum
782 940 908 976 Deum
927 939 958 977 *.
1461 950 1506 974 ex
1533 937 1681 986 pietatis
1710 937 1848 974 affectu
1876 951 1963 975 cum
1993 947 2216 987 recuperant
2241 939 2340 976 filios
2366 940 2430 977 vel
2454 951 2513 976 ca-

22 1031 48 1039 ,
155 985 163 993 ’
202 986 210 999 ’
270 985 277 993 ’
312 985 319 992 “
351 1035 353 1038 ,
400 993 460 1029 An
489 1004 627 1030 PRIMUM
654 1003 753 1030 ERGO
781 1003 966 1030 mmmmm
994 992 1100 1040 quod
1127 991 1166 1028 in
1194 990 1407 1028 considera·
1460 1003 1524 1027 ros
1559 990 1704 1027 amicos
1748 1003 1846 1039 quos
1889 991 2180 1029 aestimaverant
2219 1004 2260 1029 se
2290 992 2511 1041 perdidisse.

84 1044 130 1091 ζ’,-
348 1044 454 1082 tione
481 1044 669 1095 passionis
706 1044 843 1082 Christi
873 1051 928 1081 est
964 1043 1104 1093 aliquid
1133 1043 1237 1092 quod
1272 1043 1407 1080 contri·
1460 1044 1509 1080 Et
1537 1055 1606 1092 per
1623 1043 1726 1080 hunc
1754 1043 1915 1081 modum
1935 1044 2111 1082 lacrimae
2132 1057 2178 1081 ex
2205 1045 2407 1082 devotione
2426 1057 2514 1093 pro-

347 1105 430 1146 stet,
451 1098 591 1136 scilicet
609 1098 778 1136 defectus
798 1097 1000 1144 humanus,
1021 1104 1176 1145 propter
1198 1108 1313 1145 quem
1338 1097 1406 1133 tol·
1459 1097 1609 1134 cedunt.

1021 1208 1352 1242 commentaria
1374 1208 1622 1242 cardinalis
1644 1208 1844 1242 Caietani

377 1317 398 1338 n
421 1306 555 1338 articulo
584 1312 697 1348 quarto
732 1306 876 1338 eiusdem
912 1306 1281 1347 octogesimaesecundae
1308 1298 1405 1347 quae·
1455 1316 1492 1336 ex
1504 1306 1696 1342 secundaria,
1710 1306 1826 1337 scilicet
1837 1306 2086 1337 consideratione
2102 1306 2306 1346 propriorum
2322 1306 2514 1338 defectuum.

95 1385 107 1389 ‚⁷
350 1319 500 1388 lationis,
524 1351 648 1382 adverte
671 1351 760 1392 quod
782 1350 856 1381 hinc
871 1350 967 1381 habes
990 1351 1080 1391 quod
1094 1360 1160 1381 non
1176 1357 1251 1381 sunt
1273 1350 1405 1381 devotae
1455 1351 1540 1381 Nam
1557 1350 1680 1381 tn'stitia
1696 1360 1806 1381 earum
1821 1360 1838 1380 e
1885 1360 1919 1381 se
2006 1360 2058 1381 um
2073 1351 2178 1381 Deum
2208 1357 2238 1381 et
2261 1360 2331 1381 eam
2347 1350 2515 1381 comitatur

84 1400 98 1420 κ’
155 1419 184 1432 ,Q
211 1415 241 1432 m
289 1415 317 1428 -,-
345 1405 501 1436 ρετερῳω
521 1404 614 1436 quae,
639 1395 851 1426 communiter
872 1395 974 1426 tristes
997 1405 1033 1425 ac
1055 1390 1413 1436 εγΓκῑὲῑΐέἔῖῖιῖῑῖ-,ῑῦῖΐ
1477 1405 1516 1425 au
1553 1403 1624 1424 um:
1649 1394 1826 1425 secundum
1844 1394 1923 1425 illud
1946 1394 2116 1435 Augustini
2130 1394 2161 1424 *ε
2185 1395 2323 1425 Doleat:
2345 1399 2376 1425 et
2420 1404 2438 1425 e
2481 1404 2515 1425 ο-
2541 1402 2597 1424 ὀε
2606 1402 2751 1434 verqetsa1-

196 1456 198 1458 v
235 1433 523 1474 *s‘eot‘iversari
552 1449 627 1471 cum
653 1439 737 1476 aliis,
763 1438 822 1470 nisi
851 1436 1073 1479 perturbentur
1099 1445 1155 1469 aut
1183 1438 1403 1470 dissolvantur.
1469 1448 1527 1469 ore
1547 1438 1701 1479 gaudeat.
1723 1438 1856 1478 Propter
1874 1439 1962 1479 quod
1980 1438 2307 1479 Qegimus
2330 1438 2420 1479 quod
2442 1438 2515 1469 laeti
2541 1428 2755 1483 {ffuffi'fflgssgsssss

158 1478 184 1500 '³⁵
223 1485 234 1492 '⁴
258 1488 262 1493 ’
345 1484 429 1515 Nam
457 1484 588 1514 devotae
610 1493 764 1524 personae
787 1489 862 1514 sunt
883 1482 1012 1519 hilares,
1035 1482 1134 1513 laetae
1157 1481 1190 1512 in
1232 1482 1264 1512 ni
1301 1492 1321 1512 o
1345 1492 1405 1513 suo
1443 1482 1756 1523 Qesqueaans:
1781 1489 1812 1513 et
1833 1483 1956 1519 merito,
1972 1489 2084 1522 utpote
2099 1482 2282 1515 inchoantes
2297 1483 2330 1513 in
2345 1482 2433 1514 terris
2448 1492 2515 1513 cae-
2541 1482 2604 1508 ¹³¹¹ss-

1458 1526 1570 1557 lestem
1593 1526 1874 1557 conversationem.
