<?xml version="1.0" encoding="UTF-8"?>
<!DOCTYPE html PUBLIC "-//W3C//DTD XHTML 1.0 Transitional//EN"
    "http://www.w3.org/TR/xhtml1/DTD/xhtml1-transitional.dtd">
<html xmlns="http://www.w3.org/1999/xhtml" xml:lang="en" lang="en">
 <head>
  <title>
</title>
<meta http-equiv="Content-Type" content="text/html;charset=utf-8" />
  <meta name='ocr-system' content='tesseract 3.04.00' />
  <meta name='ocr-capabilities' content='ocr_page ocr_carea ocr_par ocr_line ocrx_word'/>
</head>
<body>
  <div class='ocr_page' id='page_1' title='image "./operaomniaiussui09thom/operaomniaiussui09thom_0487.png"; bbox 0 0 2860 4238; ppageno 0'>
   <div class='ocr_carea' id='block_1_1' title="bbox 1127 657 1161 682">
    <p class='ocr_par' dir='ltr' id='par_1_1' title="bbox 1127 657 1161 682">
     <span class='ocr_line' id='line_1_1' title="bbox 1127 657 1161 682; baseline 0 0"><span class='ocrx_word' id='word_1_1' title='bbox 1127 657 1161 682; x_wconf 92' lang='lat' dir='ltr'>IN</span> 
     </span>
    </p>
   </div>
   <div class='ocr_carea' id='block_1_2' title="bbox 35 741 1400 1108">
    <p class='ocr_par' dir='ltr' id='par_1_2' title="bbox 394 741 1399 791">
     <span class='ocr_line' id='line_1_2' title="bbox 394 741 1399 791; baseline -0.002 -11"><span class='ocrx_word' id='word_1_2' title='bbox 394 754 502 780; x_wconf 81' lang='lat' dir='ltr'>EINDE</span> <span class='ocrx_word' id='word_1_3' title='bbox 546 741 869 779; x_wconf 89' lang='lat' dir='ltr'>considerandum</span> <span class='ocrx_word' id='word_1_4' title='bbox 908 750 963 778; x_wconf 90' lang='lat' dir='ltr'>est</span> <span class='ocrx_word' id='word_1_5' title='bbox 997 743 1044 780; x_wconf 90' lang='lat' dir='ltr'>de</span> <span class='ocrx_word' id='word_1_6' title='bbox 1079 742 1178 780; x_wconf 89' lang='lat' dir='ltr'>vitiis</span> <span class='ocrx_word' id='word_1_7' title='bbox 1216 742 1370 791; x_wconf 90' lang='lat' dir='ltr'>opposi-</span> <span class='ocrx_word' id='word_1_8' title='bbox 1397 750 1399 787; x_wconf 63' lang='grc' dir='ltr'><strong>ἦ</strong></span> 
     </span>
    </p>

    <p class='ocr_par' dir='ltr' id='par_1_3' title="bbox 35 792 1400 853">
     <span class='ocr_line' id='line_1_3' title="bbox 35 792 1399 853; baseline -0.003 -18"><span class='ocrx_word' id='word_1_9' title='bbox 35 824 39 835; x_wconf 72' lang='grc'><strong>.</strong></span> <span class='ocrx_word' id='word_1_10' title='bbox 70 803 282 853; x_wconf 55' lang='lat' dir='ltr'>Lg-dpfflcxvu,</span> <span class='ocrx_word' id='word_1_11' title='bbox 394 796 439 832; x_wconf 89' lang='lat' dir='ltr'>tis</span> <span class='ocrx_word' id='word_1_12' title='bbox 468 794 680 832; x_wconf 83' lang='lat' dir='ltr'>liberalitati</span> <span class='ocrx_word' id='word_1_13' title='bbox 699 794 730 831; x_wconf 84' lang='grc'>*.</span> <span class='ocrx_word' id='word_1_14' title='bbox 768 795 817 831; x_wconf 91' lang='lat' dir='ltr'>Et</span> <span class='ocrx_word' id='word_1_15' title='bbox 850 795 997 843; x_wconf 91' lang='lat' dir='ltr'>primo,</span> <span class='ocrx_word' id='word_1_16' title='bbox 1029 795 1075 832; x_wconf 91' lang='lat' dir='ltr'>de</span> <span class='ocrx_word' id='word_1_17' title='bbox 1113 795 1285 841; x_wconf 85' lang='lat' dir='ltr'>avaritia;</span> <span class='ocrx_word' id='word_1_18' title='bbox 1315 807 1372 831; x_wconf 86' lang='lat' dir='ltr'>se—</span> <span class='ocrx_word' id='word_1_19' title='bbox 1398 792 1399 839; x_wconf 58' lang='lat' dir='ltr'>l</span> 
     </span>
    </p>

    <p class='ocr_par' dir='ltr' id='par_1_4' title="bbox 37 847 1400 951">
     <span class='ocr_line' id='line_1_4' title="bbox 37 847 1400 887; baseline -0.003 -2"><span class='ocrx_word' id='word_1_20' title='bbox 37 859 40 860; x_wconf 49' lang='lat'><em>⁷</em></span> <span class='ocrx_word' id='word_1_21' title='bbox 69 856 221 885; x_wconf 59' lang='lat' dir='ltr'>‘Qu-‘0¹¹¹-</span> <span class='ocrx_word' id='word_1_22' title='bbox 309 851 436 887; x_wconf 89' lang='lat' dir='ltr'>cundo</span> <span class='ocrx_word' id='word_1_23' title='bbox 481 848 527 886; x_wconf 92' lang='lat' dir='ltr'>de</span> <span class='ocrx_word' id='word_1_24' title='bbox 585 848 665 885; x_wconf 90' lang='lat' dir='ltr'>rodi</span> <span class='ocrx_word' id='word_1_25' title='bbox 693 847 815 885; x_wconf 89' lang='lat' dir='ltr'>alitate</span> <span class='ocrx_word' id='word_1_26' title='bbox 834 847 865 884; x_wconf 79' lang='grc'>*.</span> <span class='ocrx_word' id='word_1_27' title='bbox 1398 856 1400 870; x_wconf 70' lang='lat'><em>⁵</em></span> 
     </span>
     <span class='ocr_line' id='line_1_5' title="bbox 310 860 1007 951; baseline -0.006 -11"><span class='ocrx_word' id='word_1_28' title='bbox 310 902 421 940; x_wconf 87' lang='lat' dir='ltr'>Circa</span> <span class='ocrx_word' id='word_1_29' title='bbox 441 860 618 951; x_wconf 56' lang='lat' dir='ltr'>&#39;primiim</span> <span class='ocrx_word' id='word_1_30' title='bbox 647 860 881 948; x_wconf 56' lang='lat' dir='ltr'>qiiaeruntur</span> <span class='ocrx_word' id='word_1_31' title='bbox 908 908 1007 937; x_wconf 92' lang='lat' dir='ltr'>octo.</span> 
     </span>
    </p>

    <p class='ocr_par' dir='ltr' id='par_1_5' title="bbox 361 953 1170 1002">
     <span class='ocr_line' id='line_1_6' title="bbox 361 953 1170 1002; baseline -0.004 -10"><span class='ocrx_word' id='word_1_32' title='bbox 361 955 515 992; x_wconf 91' lang='lat' dir='ltr'>Primo:</span> <span class='ocrx_word' id='word_1_33' title='bbox 543 962 672 991; x_wconf 90' lang='lat' dir='ltr'>utrum</span> <span class='ocrx_word' id='word_1_34' title='bbox 700 953 858 991; x_wconf 91' lang='lat' dir='ltr'>avaritia</span> <span class='ocrx_word' id='word_1_35' title='bbox 886 953 932 990; x_wconf 92' lang='lat' dir='ltr'>sit</span> <span class='ocrx_word' id='word_1_36' title='bbox 959 960 1170 1002; x_wconf 89' lang='lat' dir='ltr'>peccatum.</span> 
     </span>
    </p>

    <p class='ocr_par' dir='ltr' id='par_1_6' title="bbox 363 1006 1225 1055">
     <span class='ocr_line' id='line_1_7' title="bbox 363 1006 1225 1055; baseline -0.003 -10"><span class='ocrx_word' id='word_1_37' title='bbox 363 1007 560 1046; x_wconf 89' lang='lat' dir='ltr'>Secundo:</span> <span class='ocrx_word' id='word_1_38' title='bbox 589 1015 718 1044; x_wconf 89' lang='lat' dir='ltr'>utrum</span> <span class='ocrx_word' id='word_1_39' title='bbox 747 1007 794 1044; x_wconf 91' lang='lat' dir='ltr'>sit</span> <span class='ocrx_word' id='word_1_40' title='bbox 820 1006 983 1055; x_wconf 90' lang='lat' dir='ltr'>speciale</span> <span class='ocrx_word' id='word_1_41' title='bbox 1011 1013 1225 1054; x_wconf 91' lang='lat' dir='ltr'>peccatum.</span> 
     </span>
    </p>

    <p class='ocr_par' dir='ltr' id='par_1_7' title="bbox 362 1060 1016 1108">
     <span class='ocr_line' id='line_1_8' title="bbox 362 1060 1016 1108; baseline -0.005 -10"><span class='ocrx_word' id='word_1_42' title='bbox 362 1061 514 1098; x_wconf 91' lang='lat' dir='ltr'>Tertio:</span> <span class='ocrx_word' id='word_1_43' title='bbox 545 1060 605 1097; x_wconf 91' lang='lat' dir='ltr'>cui</span> <span class='ocrx_word' id='word_1_44' title='bbox 631 1060 760 1097; x_wconf 88' lang='lat' dir='ltr'>virtuti</span> <span class='ocrx_word' id='word_1_45' title='bbox 788 1067 1016 1108; x_wconf 88' lang='lat' dir='ltr'>opponatur.</span> 
     </span>
    </p>
   </div>
   <div class='ocr_carea' id='block_1_3' title="bbox 309 1427 510 1627">
    <p class='ocr_par' dir='ltr' id='par_1_8' title="bbox 309 1427 510 1627">
     <span class='ocr_line' id='line_1_9' title="bbox 324 1427 510 1492; baseline 0 -55"><span class='ocrx_word' id='word_1_46' title='bbox 324 1427 510 1492; x_wconf 95' lang='lat' dir='ltr'>  </span> 
     </span>
     <span class='ocr_line' id='line_1_10' title="bbox 309 1492 479 1627; baseline 0 -61"><span class='ocrx_word' id='word_1_47' title='bbox 309 1492 479 1627; x_wconf 95' lang='lat' dir='ltr'>   </span> 
     </span>
    </p>
   </div>
   <div class='ocr_carea' id='block_1_4' title="bbox 46 1416 1406 3379">
    <p class='ocr_par' dir='ltr' id='par_1_9' title="bbox 45 1416 1405 2639">
     <span class='ocr_line' id='line_1_11' title="bbox 346 1416 1370 1474; baseline -0.007 -15"><span class='ocrx_word' id='word_1_48' title='bbox 346 1438 356 1461; x_wconf 54' lang='grc' dir='ltr'>ι,</span> <span class='ocrx_word' id='word_1_49' title='bbox 379 1440 403 1463; x_wconf 18' lang='grc' dir='ltr'>χι</span> <span class='ocrx_word' id='word_1_50' title='bbox 430 1444 498 1474; x_wconf 47' lang='lat' dir='ltr'>M«</span> <span class='ocrx_word' id='word_1_51' title='bbox 520 1432 543 1457; x_wconf 90' lang='lat' dir='ltr'>D</span> <span class='ocrx_word' id='word_1_52' title='bbox 567 1431 705 1456; x_wconf 67' lang='lat' dir='ltr'>ramum</span> <span class='ocrx_word' id='word_1_53' title='bbox 730 1431 783 1456; x_wconf 81' lang='lat' dir='ltr'>Sic</span> <span class='ocrx_word' id='word_1_54' title='bbox 811 1429 1053 1455; x_wconf 78' lang='lat' dir='ltr'>PROCEDrrUR.</span> <span class='ocrx_word' id='word_1_55' title='bbox 1082 1417 1242 1454; x_wconf 88' lang='lat' dir='ltr'>Videtur</span> <span class='ocrx_word' id='word_1_56' title='bbox 1265 1416 1370 1465; x_wconf 91' lang='lat' dir='ltr'>quod</span> 
     </span>
     <span class='ocr_line' id='line_1_12' title="bbox 364 1464 1401 1534; baseline -0.006 -23"><span class='ocrx_word' id='word_1_57' title='bbox 364 1466 384 1478; x_wconf 47' lang='lat'>⁴*</span> <span class='ocrx_word' id='word_1_58' title='bbox 440 1464 492 1534; x_wconf 47' lang='lat'>¹35⁴?</span> <span class='ocrx_word' id='word_1_59' title='bbox 522 1472 680 1511; x_wconf 87' lang='lat' dir='ltr'>avaritia</span> <span class='ocrx_word' id='word_1_60' title='bbox 699 1484 778 1509; x_wconf 91' lang='lat' dir='ltr'>non</span> <span class='ocrx_word' id='word_1_61' title='bbox 797 1472 843 1508; x_wconf 92' lang='lat' dir='ltr'>sit</span> <span class='ocrx_word' id='word_1_62' title='bbox 859 1478 1073 1521; x_wconf 90' lang='lat' dir='ltr'>peccatum.</span> <span class='ocrx_word' id='word_1_63' title='bbox 1103 1469 1250 1507; x_wconf 82' lang='lat' dir='ltr'>Dicitur</span> <span class='ocrx_word' id='word_1_64' title='bbox 1269 1469 1371 1505; x_wconf 90' lang='lat' dir='ltr'>enim</span> <span class='ocrx_word' id='word_1_65' title='bbox 1399 1469 1401 1521; x_wconf 47' lang='grc' dir='ltr'>ζ</span> 
     </span>
     <span class='ocr_line' id='line_1_13' title="bbox 330 1522 1401 1576; baseline -0.007 -11"><span class='ocrx_word' id='word_1_66' title='bbox 330 1560 337 1569; x_wconf 48' lang='lat'><em>1</em></span> <span class='ocrx_word' id='word_1_67' title='bbox 360 1562 366 1573; x_wconf 20' lang='lat' dir='ltr'>f.</span> <span class='ocrx_word' id='word_1_68' title='bbox 469 1525 678 1576; x_wconf 35' lang='lat' dir='ltr'>&amp;avaritia</span> <span class='ocrx_word' id='word_1_69' title='bbox 707 1525 814 1573; x_wconf 90' lang='lat' dir='ltr'>quasi</span> <span class='ocrx_word' id='word_1_70' title='bbox 835 1525 934 1565; x_wconf 82' lang='lat' dir='ltr'>aeris</span> <span class='ocrx_word' id='word_1_71' title='bbox 952 1523 1111 1561; x_wconf 81' lang='lat' dir='ltr'>aviditas</span> <span class='ocrx_word' id='word_1_72' title='bbox 1129 1523 1165 1559; x_wconf 76' lang='lat' dir='ltr'>*z</span> <span class='ocrx_word' id='word_1_73' title='bbox 1196 1522 1285 1571; x_wconf 93' lang='lat' dir='ltr'>quia</span> <span class='ocrx_word' id='word_1_74' title='bbox 1304 1522 1372 1559; x_wconf 91' lang='lat' dir='ltr'>sci·</span> <span class='ocrx_word' id='word_1_75' title='bbox 1399 1534 1401 1568; x_wconf 49' lang='grc' dir='ltr'><strong>ᾗ</strong></span> 
     </span>
     <span class='ocr_line' id='line_1_14' title="bbox 318 1569 1402 1627; baseline -0.004 -12"><span class='ocrx_word' id='word_1_76' title='bbox 318 1592 324 1601; x_wconf 75' lang='lat'><em>¹</em></span> <span class='ocrx_word' id='word_1_77' title='bbox 346 1580 348 1582; x_wconf 79' lang='grc'><strong>’</strong></span> <span class='ocrx_word' id='word_1_78' title='bbox 368 1597 373 1603; x_wconf 65' lang='lat'>=</span> <span class='ocrx_word' id='word_1_79' title='bbox 389 1575 452 1614; x_wconf 61' lang='grc' dir='ltr'>”’Ϊε</span> <span class='ocrx_word' id='word_1_80' title='bbox 479 1572 608 1616; x_wconf 89' lang='lat' dir='ltr'>licet</span> <span class='ocrx_word' id='word_1_81' title='bbox 634 1578 672 1616; x_wconf 88' lang='lat' dir='ltr'>in</span> <span class='ocrx_word' id='word_1_82' title='bbox 693 1578 862 1627; x_wconf 89' lang='lat' dir='ltr'>appetitu</span> <span class='ocrx_word' id='word_1_83' title='bbox 880 1576 1068 1626; x_wconf 88' lang='lat' dir='ltr'>pecuniae</span> <span class='ocrx_word' id='word_1_84' title='bbox 1089 1575 1275 1622; x_wconf 85' lang='lat' dir='ltr'>consistit,</span> <span class='ocrx_word' id='word_1_85' title='bbox 1305 1587 1375 1624; x_wconf 88' lang='lat' dir='ltr'>per</span> <span class='ocrx_word' id='word_1_86' title='bbox 1399 1569 1402 1622; x_wconf 58' lang='lat' dir='ltr'>J</span> 
     </span>
     <span class='ocr_line' id='line_1_15' title="bbox 309 1628 1402 1682; baseline -0.004 -12"><span class='ocrx_word' id='word_1_87' title='bbox 309 1644 428 1682; x_wconf 77' lang='lat' dir='ltr'>quam</span> <span class='ocrx_word' id='word_1_88' title='bbox 448 1633 579 1669; x_wconf 82' lang='lat' dir='ltr'>omnia</span> <span class='ocrx_word' id='word_1_89' title='bbox 599 1631 782 1669; x_wconf 85' lang='lat' dir='ltr'>exteriora</span> <span class='ocrx_word' id='word_1_90' title='bbox 802 1632 906 1667; x_wconf 90' lang='lat' dir='ltr'>bona</span> <span class='ocrx_word' id='word_1_91' title='bbox 924 1629 1076 1677; x_wconf 85' lang='lat' dir='ltr'>intelligi</span> <span class='ocrx_word' id='word_1_92' title='bbox 1094 1636 1266 1678; x_wconf 89' lang='lat' dir='ltr'>possunt.</span> <span class='ocrx_word' id='word_1_93' title='bbox 1297 1628 1375 1665; x_wconf 89' lang='lat' dir='ltr'>Sed</span> <span class='ocrx_word' id='word_1_94' title='bbox 1400 1648 1402 1666; x_wconf 36' lang='grc' dir='ltr'>ἢ</span> 
     </span>
     <span class='ocr_line' id='line_1_16' title="bbox 309 1682 1374 1735; baseline -0.005 -13"><span class='ocrx_word' id='word_1_95' title='bbox 309 1693 489 1735; x_wconf 79' lang='lat' dir='ltr'>appetere</span> <span class='ocrx_word' id='word_1_96' title='bbox 509 1685 694 1722; x_wconf 82' lang='lat' dir='ltr'>exteriora</span> <span class='ocrx_word' id='word_1_97' title='bbox 713 1685 817 1721; x_wconf 88' lang='lat' dir='ltr'>bona</span> <span class='ocrx_word' id='word_1_98' title='bbox 836 1696 915 1720; x_wconf 92' lang='lat' dir='ltr'>non</span> <span class='ocrx_word' id='word_1_99' title='bbox 936 1692 992 1720; x_wconf 93' lang='lat' dir='ltr'>est</span> <span class='ocrx_word' id='word_1_100' title='bbox 1010 1690 1224 1732; x_wconf 90' lang='lat' dir='ltr'>peccatum.</span> <span class='ocrx_word' id='word_1_101' title='bbox 1254 1682 1374 1718; x_wconf 91' lang='lat' dir='ltr'>Natu-</span> 
     </span>
     <span class='ocr_line' id='line_1_17' title="bbox 309 1735 1374 1786; baseline -0.005 -10"><span class='ocrx_word' id='word_1_102' title='bbox 309 1736 436 1776; x_wconf 84' lang='lat' dir='ltr'>raliter</span> <span class='ocrx_word' id='word_1_103' title='bbox 465 1738 567 1776; x_wconf 90' lang='lat' dir='ltr'>enim</span> <span class='ocrx_word' id='word_1_104' title='bbox 595 1739 715 1775; x_wconf 91' lang='lat' dir='ltr'>homo</span> <span class='ocrx_word' id='word_1_105' title='bbox 741 1750 787 1774; x_wconf 89' lang='lat' dir='ltr'>ea</span> <span class='ocrx_word' id='word_1_106' title='bbox 815 1737 974 1786; x_wconf 88' lang='lat' dir='ltr'>appetit:</span> <span class='ocrx_word' id='word_1_107' title='bbox 999 1744 1081 1773; x_wconf 90' lang='lat' dir='ltr'>tum</span> <span class='ocrx_word' id='word_1_108' title='bbox 1110 1735 1197 1784; x_wconf 84' lang='lat' dir='ltr'>quia</span> <span class='ocrx_word' id='word_1_109' title='bbox 1224 1743 1374 1772; x_wconf 90' lang='lat' dir='ltr'>natura-</span> 
     </span>
     <span class='ocr_line' id='line_1_18' title="bbox 308 1788 1375 1837; baseline -0.006 -7"><span class='ocrx_word' id='word_1_110' title='bbox 308 1790 391 1834; x_wconf 85' lang='lat' dir='ltr'>liter</span> <span class='ocrx_word' id='word_1_111' title='bbox 410 1791 582 1829; x_wconf 89' lang='lat' dir='ltr'>subiecta</span> <span class='ocrx_word' id='word_1_112' title='bbox 609 1799 697 1828; x_wconf 91' lang='lat' dir='ltr'>sunt</span> <span class='ocrx_word' id='word_1_113' title='bbox 723 1790 887 1836; x_wconf 91' lang='lat' dir='ltr'>homini;</span> <span class='ocrx_word' id='word_1_114' title='bbox 916 1798 997 1827; x_wconf 91' lang='lat' dir='ltr'>tum</span> <span class='ocrx_word' id='word_1_115' title='bbox 1027 1788 1116 1837; x_wconf 92' lang='lat' dir='ltr'>quia</span> <span class='ocrx_word' id='word_1_116' title='bbox 1138 1800 1208 1837; x_wconf 92' lang='lat' dir='ltr'>per</span> <span class='ocrx_word' id='word_1_117' title='bbox 1232 1800 1277 1824; x_wconf 89' lang='lat' dir='ltr'>ea</span> <span class='ocrx_word' id='word_1_118' title='bbox 1295 1788 1375 1825; x_wconf 91' lang='lat' dir='ltr'>vita</span> 
     </span>
     <span class='ocr_line' id='line_1_19' title="bbox 309 1841 1376 1890; baseline -0.007 -5"><span class='ocrx_word' id='word_1_119' title='bbox 309 1845 477 1885; x_wconf 86' lang='lat' dir='ltr'>hominis</span> <span class='ocrx_word' id='word_1_120' title='bbox 506 1851 770 1890; x_wconf 89' lang='lat' dir='ltr'>conservatur,</span> <span class='ocrx_word' id='word_1_121' title='bbox 799 1844 901 1880; x_wconf 89' lang='lat' dir='ltr'>unde</span> <span class='ocrx_word' id='word_1_122' title='bbox 931 1851 968 1880; x_wconf 91' lang='lat' dir='ltr'>et</span> <span class='ocrx_word' id='word_1_123' title='bbox 985 1842 1190 1880; x_wconf 82' lang='lat' dir='ltr'>substantia</span> <span class='ocrx_word' id='word_1_124' title='bbox 1208 1841 1376 1878; x_wconf 89' lang='lat' dir='ltr'>hominis</span> 
     </span>
     <span class='ocr_line' id='line_1_20' title="bbox 310 1897 1248 1946; baseline -0.005 -10"><span class='ocrx_word' id='word_1_125' title='bbox 310 1898 498 1936; x_wconf 90' lang='lat' dir='ltr'>dicuntur.</span> <span class='ocrx_word' id='word_1_126' title='bbox 528 1899 630 1946; x_wconf 87' lang='lat' dir='ltr'>Ergo</span> <span class='ocrx_word' id='word_1_127' title='bbox 659 1897 817 1934; x_wconf 87' lang='lat' dir='ltr'>avaritia</span> <span class='ocrx_word' id='word_1_128' title='bbox 845 1909 924 1934; x_wconf 90' lang='lat' dir='ltr'>non</span> <span class='ocrx_word' id='word_1_129' title='bbox 953 1903 1009 1933; x_wconf 90' lang='lat' dir='ltr'>est</span> <span class='ocrx_word' id='word_1_130' title='bbox 1036 1903 1248 1944; x_wconf 88' lang='lat' dir='ltr'>peccatum.</span> 
     </span>
     <span class='ocr_line' id='line_1_21' title="bbox 365 1948 1374 1999; baseline -0.006 -10"><span class='ocrx_word' id='word_1_131' title='bbox 365 1963 400 1989; x_wconf 87' lang='lat'>2.</span> <span class='ocrx_word' id='word_1_132' title='bbox 417 1953 652 1998; x_wconf 78' lang='lat' dir='ltr'>PRAETEREA,</span> <span class='ocrx_word' id='word_1_133' title='bbox 669 1962 786 1988; x_wconf 90' lang='lat' dir='ltr'>omne</span> <span class='ocrx_word' id='word_1_134' title='bbox 805 1957 1007 1999; x_wconf 88' lang='lat' dir='ltr'>peccatum</span> <span class='ocrx_word' id='word_1_135' title='bbox 1028 1956 1092 1985; x_wconf 92' lang='lat' dir='ltr'>aut</span> <span class='ocrx_word' id='word_1_136' title='bbox 1107 1956 1162 1985; x_wconf 89' lang='lat' dir='ltr'>est</span> <span class='ocrx_word' id='word_1_137' title='bbox 1180 1948 1219 1985; x_wconf 90' lang='lat' dir='ltr'>in</span> <span class='ocrx_word' id='word_1_138' title='bbox 1234 1948 1374 1994; x_wconf 90' lang='lat' dir='ltr'>Deum,</span> 
     </span>
     <span class='ocr_line' id='line_1_22' title="bbox 46 2001 1377 2053; baseline -0.006 -9"><span class='ocrx_word' id='word_1_139' title='bbox 46 2041 48 2044; x_wconf 89' lang='lat'>.</span> <span class='ocrx_word' id='word_1_140' title='bbox 310 2013 375 2042; x_wconf 86' lang='lat' dir='ltr'>aut</span> <span class='ocrx_word' id='word_1_141' title='bbox 404 2005 442 2042; x_wconf 92' lang='lat' dir='ltr'>in</span> <span class='ocrx_word' id='word_1_142' title='bbox 469 2004 709 2053; x_wconf 90' lang='lat' dir='ltr'>proximum,</span> <span class='ocrx_word' id='word_1_143' title='bbox 739 2011 803 2040; x_wconf 90' lang='lat' dir='ltr'>aut</span> <span class='ocrx_word' id='word_1_144' title='bbox 832 2011 888 2040; x_wconf 91' lang='lat' dir='ltr'>est</span> <span class='ocrx_word' id='word_1_145' title='bbox 915 2003 954 2039; x_wconf 94' lang='lat' dir='ltr'>in</span> <span class='ocrx_word' id='word_1_146' title='bbox 982 2001 1162 2051; x_wconf 89' lang='lat' dir='ltr'>seipsum,</span> <span class='ocrx_word' id='word_1_147' title='bbox 1193 2001 1288 2038; x_wconf 93' lang='lat' dir='ltr'>sicut</span> <span class='ocrx_word' id='word_1_148' title='bbox 1317 2012 1377 2036; x_wconf 90' lang='lat' dir='ltr'>su—</span> 
     </span>
     <span class='ocr_line' id='line_1_23' title="bbox 51 2053 1376 2117; baseline -0.005 -21.027"><span class='ocrx_word' id='word_1_149' title='bbox 51 2096 53 2101; x_wconf 75' lang='grc'>,</span> <span class='ocrx_word' id='word_1_150' title='bbox 70 2066 136 2117; x_wconf 45' lang='lat' dir='ltr'>:agl</span> <span class='ocrx_word' id='word_1_151' title='bbox 157 2066 221 2116; x_wconf 48' lang='lat' dir='ltr'>ff,</span> <span class='ocrx_word' id='word_1_152' title='bbox 243 2071 283 2094; x_wconf 68' lang='lat' dir='ltr'>qu·</span> <span class='ocrx_word' id='word_1_153' title='bbox 309 2069 378 2107; x_wconf 90' lang='lat' dir='ltr'>pra</span> <span class='ocrx_word' id='word_1_154' title='bbox 396 2058 416 2080; x_wconf 71' lang='lat'>³¹²</span> <span class='ocrx_word' id='word_1_155' title='bbox 443 2057 617 2095; x_wconf 89' lang='lat' dir='ltr'>habitum</span> <span class='ocrx_word' id='word_1_156' title='bbox 647 2065 713 2094; x_wconf 91' lang='lat' dir='ltr'>est.</span> <span class='ocrx_word' id='word_1_157' title='bbox 745 2057 821 2093; x_wconf 92' lang='lat' dir='ltr'>Sed</span> <span class='ocrx_word' id='word_1_158' title='bbox 850 2055 1004 2093; x_wconf 90' lang='lat' dir='ltr'>avaritia</span> <span class='ocrx_word' id='word_1_159' title='bbox 1032 2067 1110 2092; x_wconf 90' lang='lat' dir='ltr'>non</span> <span class='ocrx_word' id='word_1_160' title='bbox 1141 2062 1196 2091; x_wconf 90' lang='lat' dir='ltr'>est</span> <span class='ocrx_word' id='word_1_161' title='bbox 1223 2053 1376 2102; x_wconf 88' lang='lat' dir='ltr'>proprie</span> 
     </span>
     <span class='ocr_line' id='line_1_24' title="bbox 47 2099 1378 2161; baseline -0.005 -11"><span class='ocrx_word' id='word_1_162' title='bbox 47 2119 48 2122; x_wconf 77' lang='grc'>’</span> <span class='ocrx_word' id='word_1_163' title='bbox 137 2109 145 2122; x_wconf 84' lang='grc'>’</span> <span class='ocrx_word' id='word_1_164' title='bbox 213 2099 239 2120; x_wconf 87' lang='lat'>⁴&#39;</span> <span class='ocrx_word' id='word_1_165' title='bbox 309 2104 513 2161; x_wconf 75' lang='lat' dir='ltr'>peccatum</span> <span class='ocrx_word' id='word_1_166' title='bbox 556 2118 687 2148; x_wconf 88' lang='lat' dir='ltr'>contra</span> <span class='ocrx_word' id='word_1_167' title='bbox 724 2111 875 2147; x_wconf 90' lang='lat' dir='ltr'>Deum:</span> <span class='ocrx_word' id='word_1_168' title='bbox 913 2121 992 2146; x_wconf 89' lang='lat' dir='ltr'>non</span> <span class='ocrx_word' id='word_1_169' title='bbox 1030 2108 1133 2145; x_wconf 90' lang='lat' dir='ltr'>enim</span> <span class='ocrx_word' id='word_1_170' title='bbox 1171 2107 1378 2156; x_wconf 91' lang='lat' dir='ltr'>opponitur</span> 
     </span>
     <span class='ocr_line' id='line_1_25' title="bbox 252 2160 1378 2214; baseline -0.005 -12"><span class='ocrx_word' id='word_1_171' title='bbox 252 2168 254 2170; x_wconf 81' lang='grc'><strong>’</strong></span> <span class='ocrx_word' id='word_1_172' title='bbox 310 2177 436 2214; x_wconf 89' lang='lat' dir='ltr'>neque</span> <span class='ocrx_word' id='word_1_173' title='bbox 465 2164 637 2213; x_wconf 84' lang='lat' dir='ltr'>religioni</span> <span class='ocrx_word' id='word_1_174' title='bbox 665 2175 790 2212; x_wconf 91' lang='lat' dir='ltr'>neque</span> <span class='ocrx_word' id='word_1_175' title='bbox 813 2163 1016 2201; x_wconf 85' lang='lat' dir='ltr'>virtutibus</span> <span class='ocrx_word' id='word_1_176' title='bbox 1044 2160 1276 2208; x_wconf 80' lang='lat' dir='ltr'>theologicis,</span> <span class='ocrx_word' id='word_1_177' title='bbox 1297 2160 1378 2209; x_wconf 90' lang='lat' dir='ltr'>qui-</span> 
     </span>
     <span class='ocr_line' id='line_1_26' title="bbox 311 2214 1405 2264; baseline -0.006 -9"><span class='ocrx_word' id='word_1_178' title='bbox 311 2219 383 2256; x_wconf 93' lang='lat' dir='ltr'>bus</span> <span class='ocrx_word' id='word_1_179' title='bbox 411 2219 532 2255; x_wconf 89' lang='lat' dir='ltr'>homo</span> <span class='ocrx_word' id='word_1_180' title='bbox 563 2217 759 2254; x_wconf 90' lang='lat' dir='ltr'>ordinatur</span> <span class='ocrx_word' id='word_1_181' title='bbox 777 2217 815 2253; x_wconf 92' lang='lat' dir='ltr'>in</span> <span class='ocrx_word' id='word_1_182' title='bbox 836 2218 977 2253; x_wconf 91' lang='lat' dir='ltr'>Deum.</span> <span class='ocrx_word' id='word_1_183' title='bbox 1011 2216 1150 2264; x_wconf 90' lang='lat' dir='ltr'>Neque</span> <span class='ocrx_word' id='word_1_184' title='bbox 1179 2214 1293 2250; x_wconf 89' lang='lat' dir='ltr'>etiam</span> <span class='ocrx_word' id='word_1_185' title='bbox 1324 2221 1379 2250; x_wconf 90' lang='lat' dir='ltr'>est</span> <span class='ocrx_word' id='word_1_186' title='bbox 1403 2234 1405 2246; x_wconf 84' lang='lat'><em>.</em></span> 
     </span>
     <span class='ocr_line' id='line_1_27' title="bbox 311 2267 1378 2321; baseline -0.005 -13"><span class='ocrx_word' id='word_1_187' title='bbox 311 2279 512 2321; x_wconf 86' lang='lat' dir='ltr'>peccatum</span> <span class='ocrx_word' id='word_1_188' title='bbox 549 2271 587 2307; x_wconf 94' lang='lat' dir='ltr'>in</span> <span class='ocrx_word' id='word_1_189' title='bbox 623 2267 814 2319; x_wconf 90' lang='lat' dir='ltr'>seipsum:</span> <span class='ocrx_word' id='word_1_190' title='bbox 852 2270 927 2306; x_wconf 91' lang='lat' dir='ltr'>hoc</span> <span class='ocrx_word' id='word_1_191' title='bbox 969 2268 1069 2305; x_wconf 91' lang='lat' dir='ltr'>enim</span> <span class='ocrx_word' id='word_1_192' title='bbox 1104 2267 1256 2316; x_wconf 91' lang='lat' dir='ltr'>proprie</span> <span class='ocrx_word' id='word_1_193' title='bbox 1293 2279 1378 2315; x_wconf 89' lang='lat' dir='ltr'>per-</span> 
     </span>
     <span class='ocr_line' id='line_1_28' title="bbox 312 2321 1377 2372; baseline -0.006 -10"><span class='ocrx_word' id='word_1_194' title='bbox 312 2324 405 2362; x_wconf 88' lang='lat' dir='ltr'>tinet</span> <span class='ocrx_word' id='word_1_195' title='bbox 433 2325 481 2361; x_wconf 88' lang='lat' dir='ltr'>ad</span> <span class='ocrx_word' id='word_1_196' title='bbox 509 2325 637 2372; x_wconf 88' lang='lat' dir='ltr'>gulam</span> <span class='ocrx_word' id='word_1_197' title='bbox 675 2332 711 2360; x_wconf 90' lang='lat' dir='ltr'>et</span> <span class='ocrx_word' id='word_1_198' title='bbox 738 2323 945 2368; x_wconf 84' lang='lat' dir='ltr'>luxuriam,</span> <span class='ocrx_word' id='word_1_199' title='bbox 977 2322 1023 2359; x_wconf 91' lang='lat' dir='ltr'>de</span> <span class='ocrx_word' id='word_1_200' title='bbox 1058 2333 1134 2370; x_wconf 90' lang='lat' dir='ltr'>qua</span> <span class='ocrx_word' id='word_1_201' title='bbox 1169 2321 1377 2369; x_wconf 89' lang='lat' dir='ltr'>Apostolus</span> 
     </span>
     <span class='ocr_line' id='line_1_29' title="bbox 313 2374 1378 2424; baseline -0.005 -10"><span class='ocrx_word' id='word_1_202' title='bbox 313 2377 413 2424; x_wconf 89' lang='lat' dir='ltr'>dicit,</span> <span class='ocrx_word' id='word_1_203' title='bbox 436 2379 449 2414; x_wconf 90' lang='lat'><em>1</em></span> <span class='ocrx_word' id='word_1_204' title='bbox 479 2378 531 2414; x_wconf 86' lang='lat' dir='ltr'>ad</span> <span class='ocrx_word' id='word_1_205' title='bbox 554 2378 640 2414; x_wconf 92' lang='lat' dir='ltr'>Cor.</span> <span class='ocrx_word' id='word_1_206' title='bbox 661 2389 697 2413; x_wconf 85' lang='lat' dir='ltr'>VI</span> <span class='ocrx_word' id='word_1_207' title='bbox 716 2376 746 2422; x_wconf 69' lang='lat'>³¹⁶,</span> <span class='ocrx_word' id='word_1_208' title='bbox 769 2376 874 2424; x_wconf 91' lang='lat' dir='ltr'>quod</span> <span class='ocrx_word' id='word_1_209' title='bbox 903 2376 969 2424; x_wconf 84' lang='lat' dir='ltr'>qui</span> <span class='ocrx_word' id='word_1_210' title='bbox 982 2375 1205 2424; x_wconf 84' lang='lat' dir='ltr'>fornicatur</span> <span class='ocrx_word' id='word_1_211' title='bbox 1228 2374 1264 2410; x_wconf 89' lang='lat' dir='ltr'>in</span> <span class='ocrx_word' id='word_1_212' title='bbox 1296 2385 1378 2410; x_wconf 90' lang='lat' dir='ltr'>cor-</span> 
     </span>
     <span class='ocr_line' id='line_1_30' title="bbox 307 2427 1379 2480; baseline -0.006 -12"><span class='ocrx_word' id='word_1_213' title='bbox 307 2443 382 2480; x_wconf 79' lang='lat' dir='ltr'>pus</span> <span class='ocrx_word' id='word_1_214' title='bbox 399 2443 509 2468; x_wconf 81' lang='lat' dir='ltr'>suum</span> <span class='ocrx_word' id='word_1_215' title='bbox 526 2436 668 2479; x_wconf 82' lang='lat' dir='ltr'>peccat.</span> <span class='ocrx_word' id='word_1_216' title='bbox 696 2429 873 2466; x_wconf 86' lang='lat' dir='ltr'>Similiter</span> <span class='ocrx_word' id='word_1_217' title='bbox 893 2429 1005 2465; x_wconf 91' lang='lat' dir='ltr'>etiam</span> <span class='ocrx_word' id='word_1_218' title='bbox 1025 2441 1102 2464; x_wconf 90' lang='lat' dir='ltr'>non</span> <span class='ocrx_word' id='word_1_219' title='bbox 1121 2427 1273 2464; x_wconf 88' lang='lat' dir='ltr'>videtur</span> <span class='ocrx_word' id='word_1_220' title='bbox 1291 2439 1379 2475; x_wconf 90' lang='lat' dir='ltr'>pec-</span> 
     </span>
     <span class='ocr_line' id='line_1_31' title="bbox 313 2480 1377 2532; baseline -0.007 -10"><span class='ocrx_word' id='word_1_221' title='bbox 313 2492 442 2522; x_wconf 79' lang='lat' dir='ltr'>catum</span> <span class='ocrx_word' id='word_1_222' title='bbox 481 2496 565 2520; x_wconf 89' lang='lat' dir='ltr'>esse</span> <span class='ocrx_word' id='word_1_223' title='bbox 601 2484 637 2520; x_wconf 91' lang='lat' dir='ltr'>in</span> <span class='ocrx_word' id='word_1_224' title='bbox 676 2482 915 2532; x_wconf 88' lang='lat' dir='ltr'>proximum:</span> <span class='ocrx_word' id='word_1_225' title='bbox 953 2481 1041 2530; x_wconf 90' lang='lat' dir='ltr'>quia</span> <span class='ocrx_word' id='word_1_226' title='bbox 1072 2493 1142 2529; x_wconf 92' lang='lat' dir='ltr'>per</span> <span class='ocrx_word' id='word_1_227' title='bbox 1169 2481 1244 2516; x_wconf 89' lang='lat' dir='ltr'>hoc</span> <span class='ocrx_word' id='word_1_228' title='bbox 1272 2480 1377 2527; x_wconf 90' lang='lat' dir='ltr'>quod</span> 
     </span>
     <span class='ocr_line' id='line_1_32' title="bbox 312 2534 1378 2584; baseline -0.006 -9"><span class='ocrx_word' id='word_1_229' title='bbox 312 2538 433 2575; x_wconf 87' lang='lat' dir='ltr'>homo</span> <span class='ocrx_word' id='word_1_230' title='bbox 462 2537 599 2574; x_wconf 90' lang='lat' dir='ltr'>retinet</span> <span class='ocrx_word' id='word_1_231' title='bbox 618 2549 698 2584; x_wconf 91' lang='lat' dir='ltr'>sua,</span> <span class='ocrx_word' id='word_1_232' title='bbox 720 2536 811 2573; x_wconf 91' lang='lat' dir='ltr'>nulli</span> <span class='ocrx_word' id='word_1_233' title='bbox 838 2535 924 2572; x_wconf 85' lang='lat' dir='ltr'>facit</span> <span class='ocrx_word' id='word_1_234' title='bbox 942 2534 1130 2571; x_wconf 89' lang='lat' dir='ltr'>iniuriam.</span> <span class='ocrx_word' id='word_1_235' title='bbox 1161 2534 1378 2581; x_wconf 84' lang='lat' dir='ltr'>Ergoava-</span> 
     </span>
     <span class='ocr_line' id='line_1_33' title="bbox 314 2591 828 2639; baseline -0.008 -10"><span class='ocrx_word' id='word_1_236' title='bbox 314 2591 396 2629; x_wconf 89' lang='lat' dir='ltr'>ritia</span> <span class='ocrx_word' id='word_1_237' title='bbox 424 2603 504 2628; x_wconf 90' lang='lat' dir='ltr'>non</span> <span class='ocrx_word' id='word_1_238' title='bbox 533 2597 588 2627; x_wconf 93' lang='lat' dir='ltr'>est</span> <span class='ocrx_word' id='word_1_239' title='bbox 615 2598 828 2639; x_wconf 90' lang='lat' dir='ltr'>peccatum.</span> 
     </span>
    </p>

    <p class='ocr_par' dir='ltr' id='par_1_10' title="bbox 313 2638 1406 2799">
     <span class='ocr_line' id='line_1_34' title="bbox 369 2638 1406 2691; baseline -0.007 -10"><span class='ocrx_word' id='word_1_240' title='bbox 369 2645 405 2681; x_wconf 87' lang='lat'>3.</span> <span class='ocrx_word' id='word_1_241' title='bbox 434 2645 675 2689; x_wconf 75' lang='lat' dir='ltr'>PRAETEREA,</span> <span class='ocrx_word' id='word_1_242' title='bbox 705 2655 751 2679; x_wconf 90' lang='lat' dir='ltr'>ea</span> <span class='ocrx_word' id='word_1_243' title='bbox 784 2654 883 2691; x_wconf 88' lang='lat' dir='ltr'>quae</span> <span class='ocrx_word' id='word_1_244' title='bbox 917 2639 1136 2678; x_wconf 87' lang='lat' dir='ltr'>naturaliter</span> <span class='ocrx_word' id='word_1_245' title='bbox 1170 2638 1380 2676; x_wconf 88' lang='lat' dir='ltr'>adveniunt</span> <span class='ocrx_word' id='word_1_246' title='bbox 1405 2674 1406 2682; x_wconf 57' lang='grc'>,</span> 
     </span>
     <span class='ocr_line' id='line_1_35' title="bbox 313 2684 1406 2745; baseline -0.006 -11"><span class='ocrx_word' id='word_1_247' title='bbox 313 2709 393 2734; x_wconf 92' lang='lat' dir='ltr'>non</span> <span class='ocrx_word' id='word_1_248' title='bbox 421 2705 509 2733; x_wconf 90' lang='lat' dir='ltr'>sunt</span> <span class='ocrx_word' id='word_1_249' title='bbox 535 2703 703 2745; x_wconf 86' lang='lat' dir='ltr'>peccata.</span> <span class='ocrx_word' id='word_1_250' title='bbox 743 2695 820 2732; x_wconf 91' lang='lat' dir='ltr'>Sed</span> <span class='ocrx_word' id='word_1_251' title='bbox 853 2694 1010 2731; x_wconf 90' lang='lat' dir='ltr'>avaritia</span> <span class='ocrx_word' id='word_1_252' title='bbox 1046 2692 1262 2730; x_wconf 86' lang='lat' dir='ltr'>naturaliter</span> <span class='ocrx_word' id='word_1_253' title='bbox 1290 2704 1379 2728; x_wconf 89' lang='lat' dir='ltr'>con·</span> <span class='ocrx_word' id='word_1_254' title='bbox 1404 2684 1406 2715; x_wconf 57' lang='lat' dir='ltr'>l</span> 
     </span>
     <span class='ocr_line' id='line_1_36' title="bbox 314 2746 1406 2799; baseline -0.005 -12"><span class='ocrx_word' id='word_1_255' title='bbox 314 2750 486 2799; x_wconf 89' lang='lat' dir='ltr'>sequitur</span> <span class='ocrx_word' id='word_1_256' title='bbox 513 2756 747 2786; x_wconf 90' lang='lat' dir='ltr'>senectutem</span> <span class='ocrx_word' id='word_1_257' title='bbox 783 2755 819 2784; x_wconf 88' lang='lat' dir='ltr'>et</span> <span class='ocrx_word' id='word_1_258' title='bbox 847 2746 1056 2795; x_wconf 89' lang='lat' dir='ltr'>quemlibet</span> <span class='ocrx_word' id='word_1_259' title='bbox 1093 2746 1303 2782; x_wconf 84' lang='lat' dir='ltr'>defectum:</span> <span class='ocrx_word' id='word_1_260' title='bbox 1338 2752 1406 2782; x_wconf 54' lang='lat' dir='ltr'>uti</span> 
     </span>
    </p>

    <p class='ocr_par' dir='ltr' id='par_1_11' title="bbox 258 2794 1406 2905">
     <span class='ocr_line' id='line_1_37' title="bbox 258 2794 1406 2854; baseline -0.007 -13"><span class='ocrx_word' id='word_1_261' title='bbox 258 2816 288 2854; x_wconf 61' lang='grc' dir='ltr'>ς·</span> <span class='ocrx_word' id='word_1_262' title='bbox 313 2803 571 2852; x_wconf 90' lang='lat' dir='ltr'>Philosophus</span> <span class='ocrx_word' id='word_1_263' title='bbox 610 2801 717 2847; x_wconf 87' lang='lat' dir='ltr'>dicit,</span> <span class='ocrx_word' id='word_1_264' title='bbox 746 2801 784 2838; x_wconf 91' lang='lat' dir='ltr'>in</span> <span class='ocrx_word' id='word_1_265' title='bbox 815 2801 866 2837; x_wconf 92' lang='lat' dir='ltr'>IV</span> <span class='ocrx_word' id='word_1_266' title='bbox 892 2800 1013 2836; x_wconf 87' lang='lat' dir='ltr'>Ethic.</span> <span class='ocrx_word' id='word_1_267' title='bbox 1039 2798 1060 2820; x_wconf 72' lang='lat'>’¹‘</span> <span class='ocrx_word' id='word_1_268' title='bbox 1087 2800 1190 2846; x_wconf 88' lang='lat' dir='ltr'>Ergo</span> <span class='ocrx_word' id='word_1_269' title='bbox 1220 2797 1379 2834; x_wconf 88' lang='lat' dir='ltr'>avaritia</span> <span class='ocrx_word' id='word_1_270' title='bbox 1404 2794 1406 2811; x_wconf 68' lang='lat'>³</span> 
     </span>
     <span class='ocr_line' id='line_1_38' title="bbox 314 2863 720 2905; baseline -0.01 -10"><span class='ocrx_word' id='word_1_271' title='bbox 314 2869 393 2895; x_wconf 91' lang='lat' dir='ltr'>non</span> <span class='ocrx_word' id='word_1_272' title='bbox 423 2864 478 2893; x_wconf 89' lang='lat' dir='ltr'>est</span> <span class='ocrx_word' id='word_1_273' title='bbox 505 2863 720 2905; x_wconf 86' lang='lat' dir='ltr'>peccatum.</span> 
     </span>
    </p>

    <p class='ocr_par' dir='ltr' id='par_1_12' title="bbox 314 2902 1381 3006">
     <span class='ocr_line' id='line_1_39' title="bbox 368 2902 1381 2955; baseline -0.009 -8"><span class='ocrx_word' id='word_1_274' title='bbox 368 2911 443 2947; x_wconf 81' lang='lat' dir='ltr'>SED</span> <span class='ocrx_word' id='word_1_275' title='bbox 464 2921 612 2947; x_wconf 77' lang='lat' dir='ltr'>CONTRA</span> <span class='ocrx_word' id='word_1_276' title='bbox 630 2920 697 2945; x_wconf 85' lang='lat' dir='ltr'>EST</span> <span class='ocrx_word' id='word_1_277' title='bbox 716 2906 823 2955; x_wconf 93' lang='lat' dir='ltr'>quod</span> <span class='ocrx_word' id='word_1_278' title='bbox 852 2905 987 2942; x_wconf 91' lang='lat' dir='ltr'>dicitur</span> <span class='ocrx_word' id='word_1_279' title='bbox 1013 2904 1114 2940; x_wconf 81' lang='lat' dir='ltr'>Heb.</span> <span class='ocrx_word' id='word_1_280' title='bbox 1144 2903 1208 2940; x_wconf 89' lang='lat' dir='ltr'>ult.</span> <span class='ocrx_word' id='word_1_281' title='bbox 1229 2902 1264 2939; x_wconf 76' lang='lat' dir='ltr'>*z</span> <span class='ocrx_word' id='word_1_282' title='bbox 1299 2903 1381 2939; x_wconf 88' lang='lat' dir='ltr'>Sint</span> 
     </span>
     <span class='ocr_line' id='line_1_40' title="bbox 314 2956 1231 3006; baseline -0.01 -5"><span class='ocrx_word' id='word_1_283' title='bbox 314 2975 439 3001; x_wconf 84' lang='lat' dir='ltr'>mores</span> <span class='ocrx_word' id='word_1_284' title='bbox 466 2963 546 2999; x_wconf 85' lang='lat' dir='ltr'>sine</span> <span class='ocrx_word' id='word_1_285' title='bbox 573 2961 748 3006; x_wconf 86' lang='lat' dir='ltr'>avaritia,</span> <span class='ocrx_word' id='word_1_286' title='bbox 778 2958 940 2996; x_wconf 83' lang='lat' dir='ltr'>contenti</span> <span class='ocrx_word' id='word_1_287' title='bbox 960 2956 1231 3006; x_wconf 83' lang='lat' dir='ltr'>praesentibus.</span> 
     </span>
    </p>

    <p class='ocr_par' dir='ltr' id='par_1_13' title="bbox 314 3009 1379 3277">
     <span class='ocr_line' id='line_1_41' title="bbox 368 3009 1378 3060; baseline -0.011 -6"><span class='ocrx_word' id='word_1_288' title='bbox 368 3018 596 3053; x_wconf 61' lang='lat' dir='ltr'>Respounsso</span> <span class='ocrx_word' id='word_1_289' title='bbox 628 3025 814 3051; x_wconf 66' lang='lat' dir='ltr'>memnon</span> <span class='ocrx_word' id='word_1_290' title='bbox 851 3010 957 3060; x_wconf 92' lang='lat' dir='ltr'>quod</span> <span class='ocrx_word' id='word_1_291' title='bbox 994 3009 1032 3046; x_wconf 92' lang='lat' dir='ltr'>in</span> <span class='ocrx_word' id='word_1_292' title='bbox 1070 3009 1378 3057; x_wconf 87' lang='lat' dir='ltr'>quibuscumque</span> 
     </span>
     <span class='ocr_line' id='line_1_42' title="bbox 314 3065 1379 3108; baseline -0.01 -1"><span class='ocrx_word' id='word_1_293' title='bbox 314 3070 463 3107; x_wconf 79' lang='lat' dir='ltr'>bonum</span> <span class='ocrx_word' id='word_1_294' title='bbox 492 3067 662 3105; x_wconf 89' lang='lat' dir='ltr'>consistit</span> <span class='ocrx_word' id='word_1_295' title='bbox 687 3067 727 3104; x_wconf 91' lang='lat' dir='ltr'>in</span> <span class='ocrx_word' id='word_1_296' title='bbox 755 3065 882 3103; x_wconf 89' lang='lat' dir='ltr'>debita</span> <span class='ocrx_word' id='word_1_297' title='bbox 910 3075 1108 3108; x_wconf 89' lang='lat' dir='ltr'>mensura,</span> <span class='ocrx_word' id='word_1_298' title='bbox 1138 3073 1294 3099; x_wconf 87' lang='lat' dir='ltr'>necesse</span> <span class='ocrx_word' id='word_1_299' title='bbox 1323 3068 1379 3097; x_wconf 89' lang='lat' dir='ltr'>est</span> 
     </span>
     <span class='ocr_line' id='line_1_43' title="bbox 316 3115 1377 3171; baseline -0.01 -11"><span class='ocrx_word' id='word_1_300' title='bbox 316 3123 420 3171; x_wconf 93' lang='lat' dir='ltr'>quod</span> <span class='ocrx_word' id='word_1_301' title='bbox 449 3134 518 3171; x_wconf 92' lang='lat' dir='ltr'>per</span> <span class='ocrx_word' id='word_1_302' title='bbox 538 3132 735 3158; x_wconf 86' lang='lat' dir='ltr'>excessum</span> <span class='ocrx_word' id='word_1_303' title='bbox 754 3119 817 3156; x_wconf 87' lang='lat' dir='ltr'>vel</span> <span class='ocrx_word' id='word_1_304' title='bbox 838 3116 1129 3156; x_wconf 87' lang='lat' dir='ltr'>diminutionem</span> <span class='ocrx_word' id='word_1_305' title='bbox 1149 3115 1244 3152; x_wconf 91' lang='lat' dir='ltr'>illius</span> <span class='ocrx_word' id='word_1_306' title='bbox 1271 3125 1377 3150; x_wconf 91' lang='lat' dir='ltr'>men-</span> 
     </span>
     <span class='ocr_line' id='line_1_44' title="bbox 315 3169 1378 3223; baseline -0.01 -10"><span class='ocrx_word' id='word_1_307' title='bbox 315 3188 427 3213; x_wconf 89' lang='lat' dir='ltr'>surae</span> <span class='ocrx_word' id='word_1_308' title='bbox 457 3175 602 3212; x_wconf 88' lang='lat' dir='ltr'>malum</span> <span class='ocrx_word' id='word_1_309' title='bbox 622 3172 834 3223; x_wconf 89' lang='lat' dir='ltr'>proveniat.</span> <span class='ocrx_word' id='word_1_310' title='bbox 866 3173 908 3207; x_wconf 91' lang='lat' dir='ltr'>In</span> <span class='ocrx_word' id='word_1_311' title='bbox 928 3169 1107 3206; x_wconf 90' lang='lat' dir='ltr'>omnibus</span> <span class='ocrx_word' id='word_1_312' title='bbox 1132 3175 1259 3205; x_wconf 90' lang='lat' dir='ltr'>autern</span> <span class='ocrx_word' id='word_1_313' title='bbox 1279 3179 1378 3215; x_wconf 89' lang='lat' dir='ltr'>quae</span> 
     </span>
     <span class='ocr_line' id='line_1_45' title="bbox 316 3220 1378 3277; baseline -0.01 -10"><span class='ocrx_word' id='word_1_314' title='bbox 316 3237 403 3266; x_wconf 89' lang='lat' dir='ltr'>sunt</span> <span class='ocrx_word' id='word_1_315' title='bbox 429 3235 586 3277; x_wconf 89' lang='lat' dir='ltr'>propter</span> <span class='ocrx_word' id='word_1_316' title='bbox 613 3227 745 3272; x_wconf 90' lang='lat' dir='ltr'>finem,</span> <span class='ocrx_word' id='word_1_317' title='bbox 771 3226 918 3262; x_wconf 90' lang='lat' dir='ltr'>bonum</span> <span class='ocrx_word' id='word_1_318' title='bbox 948 3221 1117 3260; x_wconf 90' lang='lat' dir='ltr'>consistit</span> <span class='ocrx_word' id='word_1_319' title='bbox 1143 3221 1181 3258; x_wconf 92' lang='lat' dir='ltr'>in</span> <span class='ocrx_word' id='word_1_320' title='bbox 1209 3220 1378 3269; x_wconf 85' lang='lat' dir='ltr'>quadarn</span> 
     </span>
    </p>

    <p class='ocr_par' dir='ltr' id='par_1_14' title="bbox 175 3275 1380 3379">
     <span class='ocr_line' id='line_1_46' title="bbox 175 3275 1378 3327; baseline -0.011 -5"><span class='ocrx_word' id='word_1_321' title='bbox 175 3296 194 3314; x_wconf 67' lang='grc' dir='ltr'><strong>α</strong></span> <span class='ocrx_word' id='word_1_322' title='bbox 316 3295 518 3320; x_wconf 90' lang='lat' dir='ltr'>mensura:</span> <span class='ocrx_word' id='word_1_323' title='bbox 548 3293 639 3318; x_wconf 90' lang='lat' dir='ltr'>nam</span> <span class='ocrx_word' id='word_1_324' title='bbox 661 3292 705 3316; x_wconf 91' lang='lat' dir='ltr'>ea</span> <span class='ocrx_word' id='word_1_325' title='bbox 725 3284 742 3301; x_wconf 82' lang='lat'>‘²</span> <span class='ocrx_word' id='word_1_326' title='bbox 771 3290 868 3327; x_wconf 91' lang='lat' dir='ltr'>quae</span> <span class='ocrx_word' id='word_1_327' title='bbox 897 3284 983 3314; x_wconf 91' lang='lat' dir='ltr'>sunt</span> <span class='ocrx_word' id='word_1_328' title='bbox 1002 3275 1050 3313; x_wconf 90' lang='lat' dir='ltr'>ad</span> <span class='ocrx_word' id='word_1_329' title='bbox 1078 3275 1197 3312; x_wconf 89' lang='lat' dir='ltr'>finem</span> <span class='ocrx_word' id='word_1_330' title='bbox 1222 3285 1378 3310; x_wconf 88' lang='lat' dir='ltr'>necesse</span> 
     </span>
     <span class='ocr_line' id='line_1_47' title="bbox 318 3326 1380 3379; baseline -0.011 -5"><span class='ocrx_word' id='word_1_331' title='bbox 318 3343 373 3373; x_wconf 91' lang='lat' dir='ltr'>est</span> <span class='ocrx_word' id='word_1_332' title='bbox 393 3333 695 3373; x_wconf 89' lang='lat' dir='ltr'>commensurari</span> <span class='ocrx_word' id='word_1_333' title='bbox 713 3332 791 3379; x_wconf 88' lang='lat' dir='ltr'>fini,</span> <span class='ocrx_word' id='word_1_334' title='bbox 812 3331 907 3368; x_wconf 90' lang='lat' dir='ltr'>sicut</span> <span class='ocrx_word' id='word_1_335' title='bbox 931 3328 1122 3366; x_wconf 87' lang='lat' dir='ltr'>medicina</span> <span class='ocrx_word' id='word_1_336' title='bbox 1141 3326 1309 3372; x_wconf 90' lang='lat' dir='ltr'>sanitati;</span> <span class='ocrx_word' id='word_1_337' title='bbox 1338 3333 1380 3362; x_wconf 90' lang='lat' dir='ltr'>ut</span> 
     </span>
    </p>
   </div>
   <div class='ocr_carea' id='block_1_5' title="bbox 46 2381 210 2414">
    <p class='ocr_par' dir='ltr' id='par_1_15' title="bbox 46 2381 210 2414">
     <span class='ocr_line' id='line_1_48' title="bbox 46 2381 210 2414; baseline -0.006 -7"><span class='ocrx_word' id='word_1_338' title='bbox 46 2383 48 2391; x_wconf 82' lang='lat'><em>&#39;</em></span> <span class='ocrx_word' id='word_1_339' title='bbox 72 2381 210 2414; x_wconf 49' lang='lat' dir='ltr'>{Vm-18.</span> 
     </span>
    </p>
   </div>
   <div class='ocr_carea' id='block_1_6' title="bbox 1401 1484 1410 3518">
    <p class='ocr_par' dir='ltr' id='par_1_16' title="bbox 1401 1484 1410 3518">
     <span class='ocr_line' id='line_1_49' title="bbox 1401 1484 1410 3518; baseline 0 0"><span class='ocrx_word' id='word_1_340' title='bbox 1401 1484 1410 3518; x_wconf 95' lang='lat' dir='ltr'> </span> 
     </span>
    </p>
   </div>
   <div class='ocr_carea' id='block_1_7' title="bbox 371 3464 936 3533">
    <p class='ocr_par' dir='ltr' id='par_1_17' title="bbox 371 3464 936 3533">
     <span class='ocr_line' id='line_1_50' title="bbox 371 3464 618 3497; baseline 0 -9"><span class='ocrx_word' id='word_1_341' title='bbox 371 3464 398 3497; x_wconf 87' lang='grc' dir='ltr'>α)</span> <span class='ocrx_word' id='word_1_342' title='bbox 413 3472 452 3490; x_wconf 84' lang='lat' dir='ltr'>ea.</span> <span class='ocrx_word' id='word_1_343' title='bbox 470 3478 490 3483; x_wconf 95' lang='lat'>—</span> <span class='ocrx_word' id='word_1_344' title='bbox 508 3464 570 3489; x_wconf 88' lang='lat' dir='ltr'>Om.</span> <span class='ocrx_word' id='word_1_345' title='bbox 588 3464 618 3488; x_wconf 89' lang='lat' dir='ltr'>B.</span> 
     </span>
     <span class='ocr_line' id='line_1_51' title="bbox 371 3496 936 3533; baseline -0.011 -7"><span class='ocrx_word' id='word_1_346' title='bbox 371 3498 396 3533; x_wconf 83' lang='grc' dir='ltr'>β)</span> <span class='ocrx_word' id='word_1_347' title='bbox 416 3499 574 3525; x_wconf 81' lang='lat' dir='ltr'>necessaria.</span> <span class='ocrx_word' id='word_1_348' title='bbox 592 3512 611 3517; x_wconf 90' lang='lat'>—-</span> <span class='ocrx_word' id='word_1_349' title='bbox 629 3497 793 3523; x_wconf 80' lang='lat' dir='ltr'>necessariae</span> <span class='ocrx_word' id='word_1_350' title='bbox 811 3496 936 3521; x_wconf 86' lang='lat' dir='ltr'>PDGHL.</span> 
     </span>
    </p>
   </div>
   <div class='ocr_carea' id='block_1_8' title="bbox 0 0 80 4238">
    <p class='ocr_par' dir='ltr' id='par_1_18' title="bbox 0 0 80 4238">
     <span class='ocr_line' id='line_1_52' title="bbox 0 0 80 4238; baseline 0 0"><span class='ocrx_word' id='word_1_351' title='bbox 0 0 80 4238; x_wconf 95' lang='lat' dir='ltr'> </span> 
     </span>
    </p>
   </div>
   <div class='ocr_carea' id='block_1_9' title="bbox 978 189 1819 238">
    <p class='ocr_par' dir='ltr' id='par_1_19' title="bbox 978 189 1819 238">
     <span class='ocr_line' id='line_1_53' title="bbox 978 189 1819 238; baseline 0.002 -12"><span class='ocrx_word' id='word_1_352' title='bbox 978 189 1244 235; x_wconf 89' lang='lat' dir='ltr'>QUAESTIO</span> <span class='ocrx_word' id='word_1_353' title='bbox 1275 190 1448 238; x_wconf 88' lang='lat' dir='ltr'>CXVIII,</span> <span class='ocrx_word' id='word_1_354' title='bbox 1478 190 1774 228; x_wconf 89' lang='lat' dir='ltr'>ARTICULUS</span> <span class='ocrx_word' id='word_1_355' title='bbox 1806 191 1819 227; x_wconf 94' lang='lat' dir='ltr'>I</span> 
     </span>
    </p>
   </div>
   <div class='ocr_carea' id='block_1_10' title="bbox 613 423 2185 584">
    <p class='ocr_par' dir='ltr' id='par_1_20' title="bbox 613 423 2185 584">
     <span class='ocr_line' id='line_1_54' title="bbox 613 423 2185 500; baseline 0.001 -22"><span class='ocrx_word' id='word_1_356' title='bbox 613 423 1022 500; x_wconf 80' lang='lat' dir='ltr'>QUAESTIO</span> <span class='ocrx_word' id='word_1_357' title='bbox 1062 424 2185 480; x_wconf 89' lang='lat' dir='ltr'>CENTESIMADECIMAOCTAVA</span> 
     </span>
     <span class='ocr_line' id='line_1_55' title="bbox 1120 543 1675 584; baseline 0.004 -2"><span class='ocrx_word' id='word_1_358' title='bbox 1120 543 1161 582; x_wconf 88' lang='lat' dir='ltr'>D</span> <span class='ocrx_word' id='word_1_359' title='bbox 1179 543 1216 583; x_wconf 83' lang='lat' dir='ltr'>E</span> <span class='ocrx_word' id='word_1_360' title='bbox 1275 544 1315 583; x_wconf 86' lang='lat' dir='ltr'><strong>A</strong></span> <span class='ocrx_word' id='word_1_361' title='bbox 1334 544 1374 583; x_wconf 85' lang='lat' dir='ltr'>v</span> <span class='ocrx_word' id='word_1_362' title='bbox 1393 545 1435 584; x_wconf 87' lang='lat' dir='ltr'>A</span> <span class='ocrx_word' id='word_1_363' title='bbox 1452 544 1492 583; x_wconf 88' lang='lat' dir='ltr'>R</span> <span class='ocrx_word' id='word_1_364' title='bbox 1510 545 1526 583; x_wconf 92' lang='lat'>1</span> <span class='ocrx_word' id='word_1_365' title='bbox 1545 545 1616 584; x_wconf 90' lang='lat' dir='ltr'>TI</span> <span class='ocrx_word' id='word_1_366' title='bbox 1635 545 1675 584; x_wconf 87' lang='grc' dir='ltr'>Α</span> 
     </span>
    </p>
   </div>
   <div class='ocr_carea' id='block_1_11' title="bbox 1192 657 1671 683">
    <p class='ocr_par' dir='ltr' id='par_1_21' title="bbox 1192 657 1671 683">
     <span class='ocr_line' id='line_1_56' title="bbox 1192 657 1671 683; baseline 0 -1"><span class='ocrx_word' id='word_1_367' title='bbox 1192 657 1291 682; x_wconf 90' lang='lat' dir='ltr'>OCTO</span> <span class='ocrx_word' id='word_1_368' title='bbox 1320 657 1525 683; x_wconf 85' lang='lat' dir='ltr'>ARTICULOS</span> <span class='ocrx_word' id='word_1_369' title='bbox 1553 658 1671 683; x_wconf 86' lang='lat' dir='ltr'>DIVISA</span> 
     </span>
    </p>
   </div>
   <div class='ocr_carea' id='block_1_12' title="bbox 1480 743 2456 855">
    <p class='ocr_par' dir='ltr' id='par_1_22' title="bbox 1480 743 2456 855">
     <span class='ocr_line' id='line_1_57' title="bbox 1480 743 2302 794; baseline 0.005 -16"><span class='ocrx_word' id='word_1_370' title='bbox 1480 743 1644 789; x_wconf 90' lang='lat' dir='ltr'>Quarto:</span> <span class='ocrx_word' id='word_1_371' title='bbox 1673 751 1801 781; x_wconf 89' lang='lat' dir='ltr'>utrum</span> <span class='ocrx_word' id='word_1_372' title='bbox 1829 746 1875 782; x_wconf 90' lang='lat' dir='ltr'>sit</span> <span class='ocrx_word' id='word_1_373' title='bbox 1902 755 2102 794; x_wconf 87' lang='lat' dir='ltr'>peccatum</span> <span class='ocrx_word' id='word_1_374' title='bbox 2131 746 2302 783; x_wconf 85' lang='lat' dir='ltr'>mortale.</span> 
     </span>
     <span class='ocr_line' id='line_1_58' title="bbox 1480 803 2456 855; baseline 0.004 -16"><span class='ocrx_word' id='word_1_375' title='bbox 1480 803 1645 850; x_wconf 88' lang='lat' dir='ltr'>Quinto:</span> <span class='ocrx_word' id='word_1_376' title='bbox 1675 813 1800 842; x_wconf 91' lang='lat' dir='ltr'>utrum</span> <span class='ocrx_word' id='word_1_377' title='bbox 1831 806 1877 843; x_wconf 89' lang='lat' dir='ltr'>sit</span> <span class='ocrx_word' id='word_1_378' title='bbox 1903 807 2169 854; x_wconf 90' lang='lat' dir='ltr'>gravissimum</span> <span class='ocrx_word' id='word_1_379' title='bbox 2198 813 2456 855; x_wconf 88' lang='lat' dir='ltr'>peccatorum.</span> 
     </span>
    </p>
   </div>
   <div class='ocr_carea' id='block_1_13' title="bbox 1481 868 2484 1097">
    <p class='ocr_par' dir='ltr' id='par_1_23' title="bbox 1481 868 2484 968">
     <span class='ocr_line' id='line_1_59' title="bbox 1481 868 2484 918; baseline 0.004 -15"><span class='ocrx_word' id='word_1_380' title='bbox 1481 868 1617 904; x_wconf 87' lang='lat' dir='ltr'>Sexto:</span> <span class='ocrx_word' id='word_1_381' title='bbox 1652 876 1779 905; x_wconf 91' lang='lat' dir='ltr'>utrum</span> <span class='ocrx_word' id='word_1_382' title='bbox 1808 869 1854 906; x_wconf 92' lang='lat' dir='ltr'>sit</span> <span class='ocrx_word' id='word_1_383' title='bbox 1889 878 2088 918; x_wconf 89' lang='lat' dir='ltr'>peccatum</span> <span class='ocrx_word' id='word_1_384' title='bbox 2117 871 2284 917; x_wconf 89' lang='lat' dir='ltr'>carnale,</span> <span class='ocrx_word' id='word_1_385' title='bbox 2317 871 2379 907; x_wconf 89' lang='lat' dir='ltr'>vel</span> <span class='ocrx_word' id='word_1_386' title='bbox 2411 870 2484 918; x_wconf 87' lang='lat' dir='ltr'>spi-</span> 
     </span>
     <span class='ocr_line' id='line_1_60' title="bbox 1533 932 1676 968; baseline 0.007 -1"><span class='ocrx_word' id='word_1_387' title='bbox 1533 932 1676 968; x_wconf 91' lang='lat' dir='ltr'>rituale.</span> 
     </span>
    </p>

    <p class='ocr_par' dir='ltr' id='par_1_24' title="bbox 1482 995 2264 1047">
     <span class='ocr_line' id='line_1_61' title="bbox 1482 995 2264 1047; baseline 0.005 -16"><span class='ocrx_word' id='word_1_388' title='bbox 1482 995 1675 1044; x_wconf 91' lang='lat' dir='ltr'>Septimo:</span> <span class='ocrx_word' id='word_1_389' title='bbox 1705 1004 1832 1033; x_wconf 90' lang='lat' dir='ltr'>utrum</span> <span class='ocrx_word' id='word_1_390' title='bbox 1861 997 1906 1034; x_wconf 92' lang='lat' dir='ltr'>sit</span> <span class='ocrx_word' id='word_1_391' title='bbox 1932 997 2066 1034; x_wconf 88' lang='lat' dir='ltr'>vitium</span> <span class='ocrx_word' id='word_1_392' title='bbox 2096 998 2264 1047; x_wconf 89' lang='lat' dir='ltr'>capitale.</span> 
     </span>
    </p>

    <p class='ocr_par' dir='ltr' id='par_1_25' title="bbox 1482 1058 2027 1097">
     <span class='ocr_line' id='line_1_62' title="bbox 1482 1058 2027 1097; baseline 0.006 -3"><span class='ocrx_word' id='word_1_393' title='bbox 1482 1058 1650 1095; x_wconf 89' lang='lat' dir='ltr'>Octavo:</span> <span class='ocrx_word' id='word_1_394' title='bbox 1681 1059 1727 1096; x_wconf 92' lang='lat' dir='ltr'>de</span> <span class='ocrx_word' id='word_1_395' title='bbox 1756 1060 1905 1096; x_wconf 89' lang='lat' dir='ltr'>filiabus</span> <span class='ocrx_word' id='word_1_396' title='bbox 1935 1060 2027 1097; x_wconf 81' lang='lat' dir='ltr'>eius.</span> 
     </span>
    </p>
   </div>
   <div class='ocr_carea' id='block_1_14' title="bbox 1028 1166 1769 1290">
    <p class='ocr_par' dir='ltr' id='par_1_26' title="bbox 1028 1166 1769 1290">
     <span class='ocr_line' id='line_1_63' title="bbox 1120 1166 1676 1210; baseline 0.004 -2"><span class='ocrx_word' id='word_1_397' title='bbox 1120 1166 1439 1209; x_wconf 87' lang='lat' dir='ltr'>ARTICULUS</span> <span class='ocrx_word' id='word_1_398' title='bbox 1472 1167 1676 1210; x_wconf 89' lang='lat' dir='ltr'>PRIMUS</span> 
     </span>
     <span class='ocr_line' id='line_1_64' title="bbox 1028 1258 1769 1290; baseline 0 0"><span class='ocrx_word' id='word_1_399' title='bbox 1028 1259 1184 1290; x_wconf 86' lang='lat' dir='ltr'><strong>UTRUM</strong></span> <span class='ocrx_word' id='word_1_400' title='bbox 1207 1259 1416 1290; x_wconf 86' lang='lat' dir='ltr'>AVARITIA</span> <span class='ocrx_word' id='word_1_401' title='bbox 1440 1258 1506 1289; x_wconf 81' lang='lat' dir='ltr'>SIT</span> <span class='ocrx_word' id='word_1_402' title='bbox 1530 1259 1769 1290; x_wconf 81' lang='lat' dir='ltr'>PEccATUM</span> 
     </span>
    </p>
   </div>
   <div class='ocr_carea' id='block_1_15' title="bbox 682 1337 1417 1371">
    <p class='ocr_par' dir='ltr' id='par_1_27' title="bbox 682 1337 1417 1371">
     <span class='ocr_line' id='line_1_65' title="bbox 682 1337 1417 1371; baseline -0.004 -7"><span class='ocrx_word' id='word_1_403' title='bbox 682 1339 724 1364; x_wconf 86' lang='lat' dir='ltr'>De</span> <span class='ocrx_word' id='word_1_404' title='bbox 744 1339 808 1364; x_wconf 86' lang='lat' dir='ltr'>Dec.</span> <span class='ocrx_word' id='word_1_405' title='bbox 827 1339 964 1370; x_wconf 81' lang='lat' dir='ltr'>Praecept.</span> <span class='ocrx_word' id='word_1_406' title='bbox 983 1338 1057 1371; x_wconf 75' lang='lat' dir='ltr'>Leg„</span> <span class='ocrx_word' id='word_1_407' title='bbox 1077 1345 1132 1370; x_wconf 86' lang='lat' dir='ltr'>cap.</span> <span class='ocrx_word' id='word_1_408' title='bbox 1154 1337 1187 1362; x_wconf 81' lang='lat' dir='ltr'>de</span> <span class='ocrx_word' id='word_1_409' title='bbox 1207 1337 1251 1361; x_wconf 90' lang='lat' dir='ltr'>IX</span> <span class='ocrx_word' id='word_1_410' title='bbox 1266 1337 1417 1368; x_wconf 75' lang='lat' dir='ltr'>Praecept.;</span> 
     </span>
    </p>
   </div>
   <div class='ocr_carea' id='block_1_16' title="bbox 1435 1336 2124 1370">
    <p class='ocr_par' dir='ltr' id='par_1_28' title="bbox 1435 1336 2124 1370">
     <span class='ocr_line' id='line_1_66' title="bbox 1435 1336 2124 1370; baseline 0.003 -9"><span class='ocrx_word' id='word_1_411' title='bbox 1435 1336 1480 1361; x_wconf 78' lang='lat' dir='ltr'>Ad</span> <span class='ocrx_word' id='word_1_412' title='bbox 1497 1337 1573 1366; x_wconf 71' lang='lat' dir='ltr'>Heb„</span> <span class='ocrx_word' id='word_1_413' title='bbox 1594 1345 1649 1370; x_wconf 82' lang='lat' dir='ltr'>cap.</span> <span class='ocrx_word' id='word_1_414' title='bbox 1668 1345 1721 1368; x_wconf 83' lang='lat' dir='ltr'>xm,</span> <span class='ocrx_word' id='word_1_415' title='bbox 1744 1338 1801 1362; x_wconf 88' lang='lat' dir='ltr'>lect.</span> <span class='ocrx_word' id='word_1_416' title='bbox 1821 1345 1844 1368; x_wconf 74' lang='lat'>13</span> <span class='ocrx_word' id='word_1_417' title='bbox 1863 1339 1886 1362; x_wconf 91' lang='lat' dir='ltr'>V</span> <span class='ocrx_word' id='word_1_418' title='bbox 1906 1339 2004 1367; x_wconf 69' lang='lat' dir='ltr'>Ethic„</span> <span class='ocrx_word' id='word_1_419' title='bbox 2025 1339 2081 1363; x_wconf 82' lang='lat' dir='ltr'>lect.</span> <span class='ocrx_word' id='word_1_420' title='bbox 2100 1346 2124 1363; x_wconf 80' lang='lat' dir='ltr'>v.</span> 
     </span>
    </p>
   </div>
   <div class='ocr_carea' id='block_1_17' title="bbox 1426 1417 2488 1519">
    <p class='ocr_par' dir='ltr' id='par_1_29' title="bbox 1426 1417 2488 1519">
     <span class='ocr_line' id='line_1_67' title="bbox 1426 1417 2487 1466; baseline 0.004 -15"><span class='ocrx_word' id='word_1_421' title='bbox 1426 1423 1530 1464; x_wconf 88' lang='lat' dir='ltr'>patet</span> <span class='ocrx_word' id='word_1_422' title='bbox 1556 1428 1626 1464; x_wconf 87' lang='lat' dir='ltr'>per</span> <span class='ocrx_word' id='word_1_423' title='bbox 1653 1417 1943 1466; x_wconf 87' lang='lat' dir='ltr'>Philosophum,</span> <span class='ocrx_word' id='word_1_424' title='bbox 1964 1418 2002 1455; x_wconf 93' lang='lat' dir='ltr'>in</span> <span class='ocrx_word' id='word_1_425' title='bbox 2022 1420 2035 1455; x_wconf 91' lang='lat'><em>1</em></span> <span class='ocrx_word' id='word_1_426' title='bbox 2055 1418 2162 1455; x_wconf 85' lang='lat' dir='ltr'>Polit.</span> <span class='ocrx_word' id='word_1_427' title='bbox 2182 1418 2202 1440; x_wconf 63' lang='lat'>²⁸</span> <span class='ocrx_word' id='word_1_428' title='bbox 2230 1419 2340 1455; x_wconf 89' lang='lat' dir='ltr'>Bona</span> <span class='ocrx_word' id='word_1_429' title='bbox 2359 1426 2487 1456; x_wconf 89' lang='lat' dir='ltr'>autem</span> 
     </span>
     <span class='ocr_line' id='line_1_68' title="bbox 1428 1469 2488 1519; baseline 0.003 -14"><span class='ocrx_word' id='word_1_430' title='bbox 1428 1469 1614 1506; x_wconf 88' lang='lat' dir='ltr'>exteriora</span> <span class='ocrx_word' id='word_1_431' title='bbox 1634 1469 1776 1507; x_wconf 89' lang='lat' dir='ltr'>habent</span> <span class='ocrx_word' id='word_1_432' title='bbox 1795 1471 1978 1508; x_wconf 88' lang='lat' dir='ltr'>rationem</span> <span class='ocrx_word' id='word_1_433' title='bbox 2003 1471 2148 1508; x_wconf 90' lang='lat' dir='ltr'>utilium</span> <span class='ocrx_word' id='word_1_434' title='bbox 2169 1471 2216 1508; x_wconf 87' lang='lat' dir='ltr'>ad</span> <span class='ocrx_word' id='word_1_435' title='bbox 2242 1471 2373 1519; x_wconf 90' lang='lat' dir='ltr'>finem,</span> <span class='ocrx_word' id='word_1_436' title='bbox 2395 1472 2488 1508; x_wconf 91' lang='lat' dir='ltr'>sicut</span> 
     </span>
    </p>
   </div>
   <div class='ocr_carea' id='block_1_18' title="bbox 1429 1522 2525 1574">
    <p class='ocr_par' dir='ltr' id='par_1_30' title="bbox 1429 1522 2525 1574">
     <span class='ocr_line' id='line_1_69' title="bbox 1429 1522 2525 1574; baseline 0.003 -16"><span class='ocrx_word' id='word_1_437' title='bbox 1429 1522 1572 1559; x_wconf 89' lang='lat' dir='ltr'>dictum</span> <span class='ocrx_word' id='word_1_438' title='bbox 1595 1530 1650 1559; x_wconf 90' lang='lat' dir='ltr'>est</span> <span class='ocrx_word' id='word_1_439' title='bbox 1668 1522 1699 1559; x_wconf 71' lang='lat'>²¹⁸.</span> <span class='ocrx_word' id='word_1_440' title='bbox 1738 1523 1851 1560; x_wconf 91' lang='lat' dir='ltr'>Unde</span> <span class='ocrx_word' id='word_1_441' title='bbox 1870 1537 2024 1561; x_wconf 88' lang='lat' dir='ltr'>necesse</span> <span class='ocrx_word' id='word_1_442' title='bbox 2045 1532 2100 1561; x_wconf 90' lang='lat' dir='ltr'>est</span> <span class='ocrx_word' id='word_1_443' title='bbox 2128 1525 2232 1574; x_wconf 90' lang='lat' dir='ltr'>quod</span> <span class='ocrx_word' id='word_1_444' title='bbox 2253 1526 2399 1561; x_wconf 91' lang='lat' dir='ltr'>bonum</span> <span class='ocrx_word' id='word_1_445' title='bbox 2418 1526 2488 1562; x_wconf 87' lang='lat' dir='ltr'>ho·</span> <span class='ocrx_word' id='word_1_446' title='bbox 2514 1534 2525 1544; x_wconf 78' lang='lat'>⁸</span> 
     </span>
    </p>
   </div>
   <div class='ocr_carea' id='block_1_19' title="bbox 2515 1559 2726 1588">
    <p class='ocr_par' dir='ltr' id='par_1_31' title="bbox 2515 1559 2726 1588">
     <span class='ocr_line' id='line_1_70' title="bbox 2515 1559 2726 1588; baseline -0.005 -7"><span class='ocrx_word' id='word_1_447' title='bbox 2515 1566 2540 1588; x_wconf 84' lang='lat'>3;</span> <span class='ocrx_word' id='word_1_448' title='bbox 2562 1560 2575 1573; x_wconf 73' lang='lat'>⁸</span> <span class='ocrx_word' id='word_1_449' title='bbox 2585 1559 2639 1587; x_wconf 68' lang='lat'>11⁸⁸,</span> <span class='ocrx_word' id='word_1_450' title='bbox 2651 1566 2689 1587; x_wconf 87' lang='lat' dir='ltr'>qu.</span> <span class='ocrx_word' id='word_1_451' title='bbox 2701 1565 2726 1585; x_wconf 82' lang='grc' dir='ltr'>ιι,</span> 
     </span>
    </p>
   </div>
   <div class='ocr_carea' id='block_1_20' title="bbox 2515 1427 2668 1476">
    <p class='ocr_par' dir='ltr' id='par_1_32' title="bbox 2515 1427 2727 1476">
     <span class='ocr_line' id='line_1_71' title="bbox 2515 1427 2668 1476; baseline 0 0"><span class='ocrx_word' id='word_1_452' title='bbox 2515 1427 2727 1476; x_wconf 46' lang='lat' dir='ltr'>’sessum-¹·-</span> 
     </span>
    </p>
   </div>
   <div class='ocr_carea' id='block_1_21' title="bbox 2611 1455 2726 1476">
    <p class='ocr_par' dir='ltr' id='par_1_33' title="bbox 2611 1455 2726 1476">
     <span class='ocr_line' id='line_1_72' title="bbox 2611 1455 2726 1476; baseline 0 0"><span class='ocrx_word' id='word_1_453' title='bbox 2611 1455 2663 1476; x_wconf 86' lang='lat' dir='ltr'>lect.</span> <span class='ocrx_word' id='word_1_454' title='bbox 2673 1461 2726 1476; x_wconf 83' lang='lat' dir='ltr'>vm.</span> 
     </span>
    </p>
   </div>
   <div class='ocr_carea' id='block_1_22' title="bbox 2565 1537 2726 1559">
    <p class='ocr_par' dir='ltr' id='par_1_34' title="bbox 2565 1537 2726 1559">
     <span class='ocr_line' id='line_1_73' title="bbox 2565 1537 2726 1559; baseline -0.006 -4"><span class='ocrx_word' id='word_1_455' title='bbox 2565 1539 2587 1555; x_wconf 77' lang='lat' dir='ltr'>u.</span> <span class='ocrx_word' id='word_1_456' title='bbox 2602 1539 2670 1559; x_wconf 71' lang='lat' dir='ltr'>cxvu,</span> <span class='ocrx_word' id='word_1_457' title='bbox 2684 1537 2726 1554; x_wconf 80' lang='lat' dir='ltr'>art.</span> 
     </span>
    </p>
   </div>
   <div class='ocr_carea' id='block_1_23' title="bbox 1428 1575 2588 1626">
    <p class='ocr_par' dir='ltr' id='par_1_35' title="bbox 1428 1575 2588 1626">
     <span class='ocr_line' id='line_1_74' title="bbox 1428 1575 2588 1626; baseline 0.003 -15"><span class='ocrx_word' id='word_1_458' title='bbox 1428 1575 1540 1612; x_wconf 92' lang='lat' dir='ltr'>minis</span> <span class='ocrx_word' id='word_1_459' title='bbox 1561 1575 1659 1612; x_wconf 87' lang='lat' dir='ltr'>circa</span> <span class='ocrx_word' id='word_1_460' title='bbox 1675 1588 1719 1612; x_wconf 88' lang='lat' dir='ltr'>ea</span> <span class='ocrx_word' id='word_1_461' title='bbox 1735 1577 1915 1614; x_wconf 87' lang='lat' dir='ltr'>consistat</span> <span class='ocrx_word' id='word_1_462' title='bbox 1935 1578 1973 1614; x_wconf 91' lang='lat' dir='ltr'>in</span> <span class='ocrx_word' id='word_1_463' title='bbox 1989 1580 2154 1626; x_wconf 89' lang='lat' dir='ltr'>quadam</span> <span class='ocrx_word' id='word_1_464' title='bbox 2176 1590 2374 1615; x_wconf 90' lang='lat' dir='ltr'>mensura:</span> <span class='ocrx_word' id='word_1_465' title='bbox 2395 1579 2488 1615; x_wconf 91' lang='lat' dir='ltr'>dum</span> <span class='ocrx_word' id='word_1_466' title='bbox 2515 1590 2588 1608; x_wconf 72' lang='lat' dir='ltr'>art-1·</span> 
     </span>
    </p>
   </div>
   <div class='ocr_carea' id='block_1_24' title="bbox 1427 1628 2494 3374">
    <p class='ocr_par' dir='ltr' id='par_1_36' title="bbox 1427 1628 2492 2102">
     <span class='ocr_line' id='line_1_75' title="bbox 1427 1628 2488 1679; baseline 0.004 -15"><span class='ocrx_word' id='word_1_467' title='bbox 1427 1628 1569 1665; x_wconf 87' lang='lat' dir='ltr'>scilicet</span> <span class='ocrx_word' id='word_1_468' title='bbox 1586 1629 1706 1665; x_wconf 90' lang='lat' dir='ltr'>homo</span> <span class='ocrx_word' id='word_1_469' title='bbox 1723 1630 1935 1667; x_wconf 90' lang='lat' dir='ltr'>secundum</span> <span class='ocrx_word' id='word_1_470' title='bbox 1956 1630 2122 1678; x_wconf 88' lang='lat' dir='ltr'>aliquam</span> <span class='ocrx_word' id='word_1_471' title='bbox 2138 1643 2359 1668; x_wconf 88' lang='lat' dir='ltr'>mensuram</span> <span class='ocrx_word' id='word_1_472' title='bbox 2374 1643 2488 1679; x_wconf 91' lang='lat' dir='ltr'>quae-</span> 
     </span>
     <span class='ocr_line' id='line_1_76' title="bbox 1428 1682 2490 1732; baseline 0.003 -14"><span class='ocrx_word' id='word_1_473' title='bbox 1428 1682 1474 1718; x_wconf 91' lang='lat' dir='ltr'>rit</span> <span class='ocrx_word' id='word_1_474' title='bbox 1491 1682 1634 1718; x_wconf 89' lang='lat' dir='ltr'>habere</span> <span class='ocrx_word' id='word_1_475' title='bbox 1661 1683 1863 1719; x_wconf 87' lang='lat' dir='ltr'>exteriores</span> <span class='ocrx_word' id='word_1_476' title='bbox 1891 1684 2051 1730; x_wconf 91' lang='lat' dir='ltr'>divitias,</span> <span class='ocrx_word' id='word_1_477' title='bbox 2071 1692 2185 1732; x_wconf 90' lang='lat' dir='ltr'>prout</span> <span class='ocrx_word' id='word_1_478' title='bbox 2204 1691 2291 1720; x_wconf 89' lang='lat' dir='ltr'>sunt</span> <span class='ocrx_word' id='word_1_479' title='bbox 2318 1696 2490 1721; x_wconf 87' lang='lat' dir='ltr'>necessa-</span> 
     </span>
     <span class='ocr_line' id='line_1_77' title="bbox 1429 1733 2487 1774; baseline 0.002 -3"><span class='ocrx_word' id='word_1_480' title='bbox 1429 1735 1483 1772; x_wconf 89' lang='lat' dir='ltr'>ria</span> <span class='ocrx_word' id='word_1_481' title='bbox 1501 1733 1516 1764; x_wconf 70' lang='grc' dir='ltr'><strong>β</strong></span> <span class='ocrx_word' id='word_1_482' title='bbox 1544 1735 1593 1771; x_wconf 94' lang='lat' dir='ltr'>ad</span> <span class='ocrx_word' id='word_1_483' title='bbox 1612 1735 1730 1772; x_wconf 92' lang='lat' dir='ltr'>vitam</span> <span class='ocrx_word' id='word_1_484' title='bbox 1751 1736 1831 1773; x_wconf 90' lang='lat' dir='ltr'>eius</span> <span class='ocrx_word' id='word_1_485' title='bbox 1851 1737 2063 1774; x_wconf 89' lang='lat' dir='ltr'>secundum</span> <span class='ocrx_word' id='word_1_486' title='bbox 2084 1749 2194 1774; x_wconf 89' lang='lat' dir='ltr'>suam</span> <span class='ocrx_word' id='word_1_487' title='bbox 2218 1737 2487 1774; x_wconf 91' lang='lat' dir='ltr'>conditionem.</span> 
     </span>
     <span class='ocr_line' id='line_1_78' title="bbox 1429 1787 2492 1839; baseline 0.003 -15"><span class='ocrx_word' id='word_1_488' title='bbox 1429 1789 1478 1825; x_wconf 91' lang='lat' dir='ltr'>Et</span> <span class='ocrx_word' id='word_1_489' title='bbox 1501 1787 1590 1825; x_wconf 91' lang='lat' dir='ltr'>ideo</span> <span class='ocrx_word' id='word_1_490' title='bbox 1610 1788 1647 1825; x_wconf 90' lang='lat' dir='ltr'>in</span> <span class='ocrx_word' id='word_1_491' title='bbox 1667 1801 1824 1826; x_wconf 90' lang='lat' dir='ltr'>excessu</span> <span class='ocrx_word' id='word_1_492' title='bbox 1851 1790 1964 1826; x_wconf 93' lang='lat' dir='ltr'>huius</span> <span class='ocrx_word' id='word_1_493' title='bbox 1992 1802 2194 1827; x_wconf 90' lang='lat' dir='ltr'>mensurae</span> <span class='ocrx_word' id='word_1_494' title='bbox 2220 1790 2387 1827; x_wconf 89' lang='lat' dir='ltr'>consistit</span> <span class='ocrx_word' id='word_1_495' title='bbox 2404 1802 2492 1839; x_wconf 86' lang='lat' dir='ltr'>pec-</span> 
     </span>
     <span class='ocr_line' id='line_1_79' title="bbox 1430 1841 2491 1892; baseline 0.002 -14"><span class='ocrx_word' id='word_1_496' title='bbox 1430 1848 1577 1878; x_wconf 89' lang='lat' dir='ltr'>catum:</span> <span class='ocrx_word' id='word_1_497' title='bbox 1613 1841 1704 1878; x_wconf 90' lang='lat' dir='ltr'>dum</span> <span class='ocrx_word' id='word_1_498' title='bbox 1734 1842 1871 1879; x_wconf 89' lang='lat' dir='ltr'>scilicet</span> <span class='ocrx_word' id='word_1_499' title='bbox 1899 1843 2031 1892; x_wconf 86' lang='lat' dir='ltr'>aliquis</span> <span class='ocrx_word' id='word_1_500' title='bbox 2059 1855 2174 1892; x_wconf 91' lang='lat' dir='ltr'>supra</span> <span class='ocrx_word' id='word_1_501' title='bbox 2209 1843 2379 1880; x_wconf 89' lang='lat' dir='ltr'>debitum</span> <span class='ocrx_word' id='word_1_502' title='bbox 2408 1855 2491 1880; x_wconf 89' lang='lat' dir='ltr'>mo-</span> 
     </span>
     <span class='ocr_line' id='line_1_80' title="bbox 1429 1894 2491 1944; baseline 0.002 -13"><span class='ocrx_word' id='word_1_503' title='bbox 1429 1894 1523 1931; x_wconf 91' lang='lat' dir='ltr'>dum</span> <span class='ocrx_word' id='word_1_504' title='bbox 1550 1895 1632 1931; x_wconf 91' lang='lat' dir='ltr'>vult</span> <span class='ocrx_word' id='word_1_505' title='bbox 1661 1907 1724 1931; x_wconf 89' lang='lat' dir='ltr'>eas</span> <span class='ocrx_word' id='word_1_506' title='bbox 1751 1896 1814 1932; x_wconf 89' lang='lat' dir='ltr'>vel</span> <span class='ocrx_word' id='word_1_507' title='bbox 1842 1896 2039 1944; x_wconf 89' lang='lat' dir='ltr'>acquirere</span> <span class='ocrx_word' id='word_1_508' title='bbox 2066 1897 2129 1933; x_wconf 91' lang='lat' dir='ltr'>vel</span> <span class='ocrx_word' id='word_1_509' title='bbox 2166 1896 2339 1933; x_wconf 87' lang='lat' dir='ltr'>retinere.</span> <span class='ocrx_word' id='word_1_510' title='bbox 2373 1897 2491 1943; x_wconf 88' lang='lat' dir='ltr'>Quod</span> 
     </span>
     <span class='ocr_line' id='line_1_81' title="bbox 1429 1947 2491 1998; baseline 0.003 -15"><span class='ocrx_word' id='word_1_511' title='bbox 1429 1947 1591 1996; x_wconf 88' lang='lat' dir='ltr'>pertinet</span> <span class='ocrx_word' id='word_1_512' title='bbox 1610 1947 1658 1984; x_wconf 91' lang='lat' dir='ltr'>ad</span> <span class='ocrx_word' id='word_1_513' title='bbox 1678 1948 1864 1985; x_wconf 86' lang='lat' dir='ltr'>rationem</span> <span class='ocrx_word' id='word_1_514' title='bbox 1884 1949 2076 1995; x_wconf 83' lang='lat' dir='ltr'>avaritiae,</span> <span class='ocrx_word' id='word_1_515' title='bbox 2093 1962 2191 1998; x_wconf 87' lang='lat' dir='ltr'>quae</span> <span class='ocrx_word' id='word_1_516' title='bbox 2212 1949 2389 1986; x_wconf 90' lang='lat' dir='ltr'>definitur</span> <span class='ocrx_word' id='word_1_517' title='bbox 2408 1961 2491 1986; x_wconf 89' lang='lat' dir='ltr'>esse</span> 
     </span>
     <span class='ocr_line' id='line_1_82' title="bbox 1430 2001 2491 2051; baseline 0.001 -14"><span class='ocrx_word' id='word_1_518' title='bbox 1430 2001 1699 2038; x_wconf 82' lang='lat' dir='ltr'>immoderatus</span> <span class='ocrx_word' id='word_1_519' title='bbox 1717 2013 1829 2038; x_wconf 90' lang='lat' dir='ltr'>amor</span> <span class='ocrx_word' id='word_1_520' title='bbox 1841 2003 2012 2039; x_wconf 86' lang='lat' dir='ltr'>habendi.</span> <span class='ocrx_word' id='word_1_521' title='bbox 2033 2003 2144 2040; x_wconf 89' lang='lat' dir='ltr'>Unde</span> <span class='ocrx_word' id='word_1_522' title='bbox 2163 2010 2267 2051; x_wconf 92' lang='lat' dir='ltr'>patet</span> <span class='ocrx_word' id='word_1_523' title='bbox 2282 2002 2387 2051; x_wconf 94' lang='lat' dir='ltr'>quod</span> <span class='ocrx_word' id='word_1_524' title='bbox 2403 2014 2491 2039; x_wconf 89' lang='lat' dir='ltr'>ava-</span> 
     </span>
     <span class='ocr_line' id='line_1_83' title="bbox 1431 2054 1838 2102; baseline 0.002 -12"><span class='ocrx_word' id='word_1_525' title='bbox 1431 2054 1514 2091; x_wconf 88' lang='lat' dir='ltr'>ritia</span> <span class='ocrx_word' id='word_1_526' title='bbox 1543 2061 1598 2090; x_wconf 91' lang='lat' dir='ltr'>est</span> <span class='ocrx_word' id='word_1_527' title='bbox 1624 2062 1838 2102; x_wconf 90' lang='lat' dir='ltr'>peccatum.</span> 
     </span>
    </p>

    <p class='ocr_par' dir='ltr' id='par_1_37' title="bbox 1431 2107 2493 2421">
     <span class='ocr_line' id='line_1_84' title="bbox 1483 2107 2490 2157; baseline 0.001 -14"><span class='ocrx_word' id='word_1_528' title='bbox 1483 2108 1541 2143; x_wconf 85' lang='lat' dir='ltr'>AD</span> <span class='ocrx_word' id='word_1_529' title='bbox 1557 2119 1694 2144; x_wconf 82' lang='lat' dir='ltr'><strong>PRIMUM</strong></span> <span class='ocrx_word' id='word_1_530' title='bbox 1708 2119 1807 2144; x_wconf 81' lang='lat' dir='ltr'>ERGO</span> <span class='ocrx_word' id='word_1_531' title='bbox 1826 2119 2013 2145; x_wconf 80' lang='lat' dir='ltr'><strong>DlCENDUM</strong></span> <span class='ocrx_word' id='word_1_532' title='bbox 2033 2109 2137 2157; x_wconf 90' lang='lat' dir='ltr'>quod</span> <span class='ocrx_word' id='word_1_533' title='bbox 2157 2107 2344 2157; x_wconf 83' lang='lat' dir='ltr'>appetitus</span> <span class='ocrx_word' id='word_1_534' title='bbox 2363 2119 2490 2145; x_wconf 89' lang='lat' dir='ltr'>rerum</span> 
     </span>
     <span class='ocr_line' id='line_1_85' title="bbox 1431 2160 2491 2210; baseline 0.001 -14"><span class='ocrx_word' id='word_1_535' title='bbox 1431 2160 1661 2197; x_wconf 87' lang='lat' dir='ltr'>exteriorum</span> <span class='ocrx_word' id='word_1_536' title='bbox 1696 2169 1752 2197; x_wconf 89' lang='lat' dir='ltr'>est</span> <span class='ocrx_word' id='word_1_537' title='bbox 1777 2161 1925 2198; x_wconf 91' lang='lat' dir='ltr'>homini</span> <span class='ocrx_word' id='word_1_538' title='bbox 1953 2161 2130 2198; x_wconf 90' lang='lat' dir='ltr'>naturalis</span> <span class='ocrx_word' id='word_1_539' title='bbox 2157 2169 2199 2198; x_wconf 90' lang='lat' dir='ltr'>ut</span> <span class='ocrx_word' id='word_1_540' title='bbox 2227 2173 2360 2197; x_wconf 91' lang='lat' dir='ltr'>eorum</span> <span class='ocrx_word' id='word_1_541' title='bbox 2393 2172 2491 2210; x_wconf 89' lang='lat' dir='ltr'>quae</span> 
     </span>
     <span class='ocr_line' id='line_1_86' title="bbox 1431 2214 2493 2261; baseline 0.001 -12"><span class='ocrx_word' id='word_1_542' title='bbox 1431 2221 1518 2250; x_wconf 89' lang='lat' dir='ltr'>sunt</span> <span class='ocrx_word' id='word_1_543' title='bbox 1545 2220 1702 2261; x_wconf 76' lang='lat' dir='ltr'>propter</span> <span class='ocrx_word' id='word_1_544' title='bbox 1728 2214 1859 2250; x_wconf 90' lang='lat' dir='ltr'>finem.</span> <span class='ocrx_word' id='word_1_545' title='bbox 1890 2215 1938 2250; x_wconf 93' lang='lat' dir='ltr'>Et</span> <span class='ocrx_word' id='word_1_546' title='bbox 1956 2214 2043 2251; x_wconf 90' lang='lat' dir='ltr'>ideo</span> <span class='ocrx_word' id='word_1_547' title='bbox 2063 2214 2249 2250; x_wconf 90' lang='lat' dir='ltr'>intantum</span> <span class='ocrx_word' id='word_1_548' title='bbox 2268 2214 2362 2251; x_wconf 90' lang='lat' dir='ltr'>vitio</span> <span class='ocrx_word' id='word_1_549' title='bbox 2391 2221 2493 2250; x_wconf 90' lang='lat' dir='ltr'>caret</span> 
     </span>
     <span class='ocr_line' id='line_1_87' title="bbox 1431 2266 2491 2315; baseline 0.001 -13"><span class='ocrx_word' id='word_1_550' title='bbox 1431 2266 1657 2314; x_wconf 88' lang='lat' dir='ltr'>inquantum</span> <span class='ocrx_word' id='word_1_551' title='bbox 1687 2267 1898 2303; x_wconf 89' lang='lat' dir='ltr'>continetur</span> <span class='ocrx_word' id='word_1_552' title='bbox 1925 2268 1996 2304; x_wconf 92' lang='lat' dir='ltr'>sub</span> <span class='ocrx_word' id='word_1_553' title='bbox 2025 2268 2154 2315; x_wconf 90' lang='lat' dir='ltr'>regula</span> <span class='ocrx_word' id='word_1_554' title='bbox 2181 2274 2333 2315; x_wconf 89' lang='lat' dir='ltr'>sumpta</span> <span class='ocrx_word' id='word_1_555' title='bbox 2362 2278 2406 2303; x_wconf 88' lang='lat' dir='ltr'>ex</span> <span class='ocrx_word' id='word_1_556' title='bbox 2434 2279 2491 2303; x_wconf 89' lang='lat' dir='ltr'>ra-</span> 
     </span>
     <span class='ocr_line' id='line_1_88' title="bbox 1431 2319 2491 2368; baseline 0 -12"><span class='ocrx_word' id='word_1_557' title='bbox 1431 2319 1532 2356; x_wconf 91' lang='lat' dir='ltr'>tione</span> <span class='ocrx_word' id='word_1_558' title='bbox 1553 2319 1651 2356; x_wconf 88' lang='lat' dir='ltr'>finis.</span> <span class='ocrx_word' id='word_1_559' title='bbox 1681 2320 1850 2356; x_wconf 90' lang='lat' dir='ltr'>Avaritia</span> <span class='ocrx_word' id='word_1_560' title='bbox 1869 2328 1996 2357; x_wconf 91' lang='lat' dir='ltr'>autem</span> <span class='ocrx_word' id='word_1_561' title='bbox 2026 2321 2125 2357; x_wconf 90' lang='lat' dir='ltr'>hanc</span> <span class='ocrx_word' id='word_1_562' title='bbox 2145 2321 2313 2368; x_wconf 87' lang='lat' dir='ltr'>regulam</span> <span class='ocrx_word' id='word_1_563' title='bbox 2334 2320 2491 2357; x_wconf 89' lang='lat' dir='ltr'>excedit.</span> 
     </span>
     <span class='ocr_line' id='line_1_89' title="bbox 1433 2372 1919 2421; baseline 0.002 -13"><span class='ocrx_word' id='word_1_564' title='bbox 1433 2373 1481 2409; x_wconf 88' lang='lat' dir='ltr'>Et</span> <span class='ocrx_word' id='word_1_565' title='bbox 1508 2372 1596 2409; x_wconf 92' lang='lat' dir='ltr'>ideo</span> <span class='ocrx_word' id='word_1_566' title='bbox 1626 2379 1680 2408; x_wconf 91' lang='lat' dir='ltr'>est</span> <span class='ocrx_word' id='word_1_567' title='bbox 1708 2381 1919 2421; x_wconf 89' lang='lat' dir='ltr'>peccatum.</span> 
     </span>
    </p>

    <p class='ocr_par' dir='ltr' id='par_1_38' title="bbox 1431 2425 2494 3374">
     <span class='ocr_line' id='line_1_90' title="bbox 1485 2425 2492 2474; baseline -0.001 -12"><span class='ocrx_word' id='word_1_568' title='bbox 1485 2427 1544 2462; x_wconf 84' lang='lat' dir='ltr'>AD</span> <span class='ocrx_word' id='word_1_569' title='bbox 1563 2437 1754 2462; x_wconf 79' lang='lat' dir='ltr'>SECUNDUM</span> <span class='ocrx_word' id='word_1_570' title='bbox 1773 2438 1958 2462; x_wconf 83' lang='lat' dir='ltr'>DlCENDUM</span> <span class='ocrx_word' id='word_1_571' title='bbox 1978 2426 2083 2474; x_wconf 92' lang='lat' dir='ltr'>quod</span> <span class='ocrx_word' id='word_1_572' title='bbox 2102 2425 2260 2462; x_wconf 88' lang='lat' dir='ltr'>avaritia</span> <span class='ocrx_word' id='word_1_573' title='bbox 2279 2432 2405 2473; x_wconf 89' lang='lat' dir='ltr'>potest</span> <span class='ocrx_word' id='word_1_574' title='bbox 2424 2425 2492 2461; x_wconf 88' lang='lat' dir='ltr'>im-</span> 
     </span>
     <span class='ocr_line' id='line_1_91' title="bbox 1431 2478 2493 2526; baseline 0 -12"><span class='ocrx_word' id='word_1_575' title='bbox 1431 2486 1582 2526; x_wconf 89' lang='lat' dir='ltr'>portare</span> <span class='ocrx_word' id='word_1_576' title='bbox 1611 2479 1945 2515; x_wconf 89' lang='lat' dir='ltr'>immoderantiam</span> <span class='ocrx_word' id='word_1_577' title='bbox 1975 2479 2073 2515; x_wconf 90' lang='lat' dir='ltr'>circa</span> <span class='ocrx_word' id='word_1_578' title='bbox 2103 2491 2161 2515; x_wconf 91' lang='lat' dir='ltr'>res</span> <span class='ocrx_word' id='word_1_579' title='bbox 2191 2478 2392 2515; x_wconf 89' lang='lat' dir='ltr'>exteriores</span> <span class='ocrx_word' id='word_1_580' title='bbox 2426 2479 2493 2515; x_wconf 93' lang='lat' dir='ltr'>du-</span> 
     </span>
     <span class='ocr_line' id='line_1_92' title="bbox 1431 2531 2493 2580; baseline 0 -13"><span class='ocrx_word' id='word_1_581' title='bbox 1431 2531 1588 2580; x_wconf 89' lang='lat' dir='ltr'>pliciter.</span> <span class='ocrx_word' id='word_1_582' title='bbox 1618 2531 1706 2568; x_wconf 93' lang='lat' dir='ltr'>Uno</span> <span class='ocrx_word' id='word_1_583' title='bbox 1735 2532 1867 2578; x_wconf 91' lang='lat' dir='ltr'>modo,</span> <span class='ocrx_word' id='word_1_584' title='bbox 1888 2532 2120 2579; x_wconf 89' lang='lat' dir='ltr'>immediate,</span> <span class='ocrx_word' id='word_1_585' title='bbox 2141 2539 2327 2579; x_wconf 88' lang='lat' dir='ltr'>quantum</span> <span class='ocrx_word' id='word_1_586' title='bbox 2357 2531 2404 2567; x_wconf 93' lang='lat' dir='ltr'>ad</span> <span class='ocrx_word' id='word_1_587' title='bbox 2433 2543 2493 2567; x_wconf 91' lang='lat' dir='ltr'>ac-</span> 
     </span>
     <span class='ocr_line' id='line_1_93' title="bbox 1433 2584 2492 2633; baseline 0 -13"><span class='ocrx_word' id='word_1_588' title='bbox 1433 2584 1648 2633; x_wconf 89' lang='lat' dir='ltr'>ceptionem</span> <span class='ocrx_word' id='word_1_589' title='bbox 1667 2585 1729 2621; x_wconf 84' lang='lat' dir='ltr'>vel</span> <span class='ocrx_word' id='word_1_590' title='bbox 1759 2585 2091 2622; x_wconf 88' lang='lat' dir='ltr'>conservationem</span> <span class='ocrx_word' id='word_1_591' title='bbox 2111 2585 2279 2633; x_wconf 92' lang='lat' dir='ltr'>ipsarum</span> <span class='ocrx_word' id='word_1_592' title='bbox 2299 2589 2330 2620; x_wconf 62' lang='lat' dir='ltr'>Y:</span> <span class='ocrx_word' id='word_1_593' title='bbox 2360 2591 2402 2620; x_wconf 90' lang='lat' dir='ltr'>ut</span> <span class='ocrx_word' id='word_1_594' title='bbox 2425 2584 2492 2620; x_wconf 92' lang='lat' dir='ltr'>sci-</span> 
     </span>
     <span class='ocr_line' id='line_1_94' title="bbox 1431 2637 2492 2687; baseline -0.001 -13"><span class='ocrx_word' id='word_1_595' title='bbox 1431 2637 1517 2674; x_wconf 90' lang='lat' dir='ltr'>licet</span> <span class='ocrx_word' id='word_1_596' title='bbox 1535 2638 1655 2674; x_wconf 92' lang='lat' dir='ltr'>homo</span> <span class='ocrx_word' id='word_1_597' title='bbox 1675 2638 1759 2685; x_wconf 89' lang='lat' dir='ltr'>plus</span> <span class='ocrx_word' id='word_1_598' title='bbox 1779 2637 1906 2675; x_wconf 91' lang='lat' dir='ltr'>debito</span> <span class='ocrx_word' id='word_1_599' title='bbox 1928 2651 1991 2674; x_wconf 90' lang='lat' dir='ltr'>eas</span> <span class='ocrx_word' id='word_1_600' title='bbox 2010 2637 2178 2687; x_wconf 90' lang='lat' dir='ltr'>acquirat</span> <span class='ocrx_word' id='word_1_601' title='bbox 2196 2638 2258 2674; x_wconf 91' lang='lat' dir='ltr'>vel</span> <span class='ocrx_word' id='word_1_602' title='bbox 2281 2645 2492 2674; x_wconf 87' lang='lat' dir='ltr'>conservet.</span> 
     </span>
     <span class='ocr_line' id='line_1_95' title="bbox 1433 2690 2492 2738; baseline -0.001 -11"><span class='ocrx_word' id='word_1_603' title='bbox 1433 2692 1482 2727; x_wconf 89' lang='lat' dir='ltr'>Et</span> <span class='ocrx_word' id='word_1_604' title='bbox 1509 2691 1720 2727; x_wconf 89' lang='lat' dir='ltr'>secundum</span> <span class='ocrx_word' id='word_1_605' title='bbox 1748 2691 1835 2737; x_wconf 91' lang='lat' dir='ltr'>hoc,</span> <span class='ocrx_word' id='word_1_606' title='bbox 1860 2699 1916 2727; x_wconf 90' lang='lat' dir='ltr'>est</span> <span class='ocrx_word' id='word_1_607' title='bbox 1944 2691 2083 2727; x_wconf 90' lang='lat' dir='ltr'>directe</span> <span class='ocrx_word' id='word_1_608' title='bbox 2110 2698 2310 2738; x_wconf 89' lang='lat' dir='ltr'>peccatum</span> <span class='ocrx_word' id='word_1_609' title='bbox 2339 2690 2377 2726; x_wconf 91' lang='lat' dir='ltr'>in</span> <span class='ocrx_word' id='word_1_610' title='bbox 2404 2702 2492 2738; x_wconf 91' lang='lat' dir='ltr'>pro-</span> 
     </span>
     <span class='ocr_line' id='line_1_96' title="bbox 1431 2743 2494 2791; baseline -0.001 -12"><span class='ocrx_word' id='word_1_611' title='bbox 1431 2743 1599 2779; x_wconf 90' lang='lat' dir='ltr'>ximum:</span> <span class='ocrx_word' id='word_1_612' title='bbox 1630 2743 1718 2791; x_wconf 90' lang='lat' dir='ltr'>quia</span> <span class='ocrx_word' id='word_1_613' title='bbox 1746 2743 1784 2779; x_wconf 92' lang='lat' dir='ltr'>in</span> <span class='ocrx_word' id='word_1_614' title='bbox 1820 2743 2067 2780; x_wconf 88' lang='lat' dir='ltr'>exterioribus</span> <span class='ocrx_word' id='word_1_615' title='bbox 2100 2743 2235 2780; x_wconf 89' lang='lat' dir='ltr'>divitiis</span> <span class='ocrx_word' id='word_1_616' title='bbox 2263 2755 2341 2779; x_wconf 91' lang='lat' dir='ltr'>non</span> <span class='ocrx_word' id='word_1_617' title='bbox 2368 2750 2494 2790; x_wconf 89' lang='lat' dir='ltr'>potest</span> 
     </span>
     <span class='ocr_line' id='line_1_97' title="bbox 1431 2793 2491 2844; baseline -0.001 -12"><span class='ocrx_word' id='word_1_618' title='bbox 1431 2808 1531 2832; x_wconf 92' lang='lat' dir='ltr'>unus</span> <span class='ocrx_word' id='word_1_619' title='bbox 1568 2797 1688 2833; x_wconf 89' lang='lat' dir='ltr'>homo</span> <span class='ocrx_word' id='word_1_620' title='bbox 1722 2796 2034 2844; x_wconf 89' lang='lat' dir='ltr'>superabundare</span> <span class='ocrx_word' id='word_1_621' title='bbox 2069 2796 2138 2832; x_wconf 89' lang='lat' dir='ltr'>nisi</span> <span class='ocrx_word' id='word_1_622' title='bbox 2173 2793 2296 2832; x_wconf 68' lang='lat' dir='ltr'>alter⁸</span> <span class='ocrx_word' id='word_1_623' title='bbox 2326 2795 2491 2842; x_wconf 88' lang='lat' dir='ltr'>deficiat,</span> 
     </span>
     <span class='ocr_line' id='line_1_98' title="bbox 1432 2848 2491 2898; baseline -0.001 -13"><span class='ocrx_word' id='word_1_624' title='bbox 1432 2849 1522 2897; x_wconf 90' lang='lat' dir='ltr'>quia</span> <span class='ocrx_word' id='word_1_625' title='bbox 1550 2849 1653 2885; x_wconf 89' lang='lat' dir='ltr'>bona</span> <span class='ocrx_word' id='word_1_626' title='bbox 1681 2849 1904 2898; x_wconf 91' lang='lat' dir='ltr'>temporalia</span> <span class='ocrx_word' id='word_1_627' title='bbox 1941 2862 2019 2886; x_wconf 91' lang='lat' dir='ltr'>non</span> <span class='ocrx_word' id='word_1_628' title='bbox 2046 2856 2207 2898; x_wconf 89' lang='lat' dir='ltr'>possunt</span> <span class='ocrx_word' id='word_1_629' title='bbox 2234 2848 2345 2885; x_wconf 88' lang='lat' dir='ltr'>simul</span> <span class='ocrx_word' id='word_1_630' title='bbox 2372 2849 2491 2896; x_wconf 89' lang='lat' dir='ltr'>possi-</span> 
     </span>
     <span class='ocr_line' id='line_1_99' title="bbox 1433 2901 2493 2950; baseline -0.001 -12"><span class='ocrx_word' id='word_1_631' title='bbox 1433 2901 1512 2938; x_wconf 91' lang='lat' dir='ltr'>deri</span> <span class='ocrx_word' id='word_1_632' title='bbox 1545 2914 1567 2938; x_wconf 86' lang='lat' dir='ltr'>a</span> <span class='ocrx_word' id='word_1_633' title='bbox 1600 2902 1737 2939; x_wconf 90' lang='lat' dir='ltr'>multis.</span> <span class='ocrx_word' id='word_1_634' title='bbox 1773 2923 1797 2929; x_wconf 93' lang='lat'>-</span> <span class='ocrx_word' id='word_1_635' title='bbox 1828 2903 1914 2939; x_wconf 93' lang='lat' dir='ltr'>Alio</span> <span class='ocrx_word' id='word_1_636' title='bbox 1952 2902 2093 2949; x_wconf 90' lang='lat' dir='ltr'>modo,</span> <span class='ocrx_word' id='word_1_637' title='bbox 2125 2909 2251 2950; x_wconf 92' lang='lat' dir='ltr'>potest</span> <span class='ocrx_word' id='word_1_638' title='bbox 2286 2901 2493 2950; x_wconf 90' lang='lat' dir='ltr'>importare</span> 
     </span>
     <span class='ocr_line' id='line_1_100' title="bbox 1433 2954 2493 3003; baseline -0.001 -12"><span class='ocrx_word' id='word_1_639' title='bbox 1433 2955 1764 2992; x_wconf 89' lang='lat' dir='ltr'>immoderantiam</span> <span class='ocrx_word' id='word_1_640' title='bbox 1793 2955 1890 2992; x_wconf 89' lang='lat' dir='ltr'>circa</span> <span class='ocrx_word' id='word_1_641' title='bbox 1918 2955 2114 2992; x_wconf 90' lang='lat' dir='ltr'>interiores</span> <span class='ocrx_word' id='word_1_642' title='bbox 2152 2954 2371 2992; x_wconf 89' lang='lat' dir='ltr'>affectiones</span> <span class='ocrx_word' id='word_1_643' title='bbox 2399 2967 2493 3003; x_wconf 90' lang='lat' dir='ltr'>quas</span> 
     </span>
     <span class='ocr_line' id='line_1_101' title="bbox 1433 3007 2492 3057; baseline 0.001 -14"><span class='ocrx_word' id='word_1_644' title='bbox 1433 3007 1518 3055; x_wconf 92' lang='lat' dir='ltr'>quis</span> <span class='ocrx_word' id='word_1_645' title='bbox 1547 3008 1595 3044; x_wconf 90' lang='lat' dir='ltr'>ad</span> <span class='ocrx_word' id='word_1_646' title='bbox 1631 3008 1778 3044; x_wconf 92' lang='lat' dir='ltr'>divitias</span> <span class='ocrx_word' id='word_1_647' title='bbox 1811 3009 1942 3045; x_wconf 88' lang='lat' dir='ltr'>habet:</span> <span class='ocrx_word' id='word_1_648' title='bbox 1977 3015 2068 3057; x_wconf 89' lang='lat' dir='ltr'>puta</span> <span class='ocrx_word' id='word_1_649' title='bbox 2100 3008 2206 3056; x_wconf 93' lang='lat' dir='ltr'>quod</span> <span class='ocrx_word' id='word_1_650' title='bbox 2241 3007 2492 3044; x_wconf 89' lang='lat' dir='ltr'>immoderate</span> 
     </span>
     <span class='ocr_line' id='line_1_102' title="bbox 1433 3060 2493 3108; baseline 0.001 -12"><span class='ocrx_word' id='word_1_651' title='bbox 1433 3060 1563 3108; x_wconf 90' lang='lat' dir='ltr'>aliquis</span> <span class='ocrx_word' id='word_1_652' title='bbox 1583 3060 1730 3097; x_wconf 91' lang='lat' dir='ltr'>divitias</span> <span class='ocrx_word' id='word_1_653' title='bbox 1755 3069 1856 3098; x_wconf 89' lang='lat' dir='ltr'>amet</span> <span class='ocrx_word' id='word_1_654' title='bbox 1883 3069 1948 3098; x_wconf 89' lang='lat' dir='ltr'>aut</span> <span class='ocrx_word' id='word_1_655' title='bbox 1976 3061 2175 3108; x_wconf 89' lang='lat' dir='ltr'>desideret,</span> <span class='ocrx_word' id='word_1_656' title='bbox 2196 3068 2260 3098; x_wconf 90' lang='lat' dir='ltr'>aut</span> <span class='ocrx_word' id='word_1_657' title='bbox 2288 3061 2493 3098; x_wconf 89' lang='lat' dir='ltr'>delectetur</span> 
     </span>
     <span class='ocr_line' id='line_1_103' title="bbox 1433 3113 2494 3163; baseline 0 -14"><span class='ocrx_word' id='word_1_658' title='bbox 1433 3113 1470 3150; x_wconf 91' lang='lat' dir='ltr'>in</span> <span class='ocrx_word' id='word_1_659' title='bbox 1500 3113 1564 3150; x_wconf 87' lang='lat' dir='ltr'>eis.</span> <span class='ocrx_word' id='word_1_660' title='bbox 1595 3114 1643 3150; x_wconf 92' lang='lat' dir='ltr'>Et</span> <span class='ocrx_word' id='word_1_661' title='bbox 1670 3113 1723 3150; x_wconf 90' lang='lat' dir='ltr'>sic</span> <span class='ocrx_word' id='word_1_662' title='bbox 1751 3114 1905 3151; x_wconf 89' lang='lat' dir='ltr'>avaritia</span> <span class='ocrx_word' id='word_1_663' title='bbox 1938 3122 1992 3151; x_wconf 92' lang='lat' dir='ltr'>est</span> <span class='ocrx_word' id='word_1_664' title='bbox 2025 3121 2226 3163; x_wconf 87' lang='lat' dir='ltr'>peccatum</span> <span class='ocrx_word' id='word_1_665' title='bbox 2262 3113 2427 3150; x_wconf 91' lang='lat' dir='ltr'>hominis</span> <span class='ocrx_word' id='word_1_666' title='bbox 2456 3113 2494 3149; x_wconf 92' lang='lat' dir='ltr'>in</span> 
     </span>
     <span class='ocr_line' id='line_1_104' title="bbox 1433 3165 2492 3215; baseline 0 -13"><span class='ocrx_word' id='word_1_667' title='bbox 1433 3165 1621 3214; x_wconf 91' lang='lat' dir='ltr'>seipsum:</span> <span class='ocrx_word' id='word_1_668' title='bbox 1652 3166 1740 3215; x_wconf 90' lang='lat' dir='ltr'>quia</span> <span class='ocrx_word' id='word_1_669' title='bbox 1758 3179 1828 3215; x_wconf 92' lang='lat' dir='ltr'>per</span> <span class='ocrx_word' id='word_1_670' title='bbox 1847 3167 1920 3204; x_wconf 93' lang='lat' dir='ltr'>hoc</span> <span class='ocrx_word' id='word_1_671' title='bbox 1950 3167 2195 3204; x_wconf 90' lang='lat' dir='ltr'>deordinatur</span> <span class='ocrx_word' id='word_1_672' title='bbox 2215 3166 2294 3203; x_wconf 87' lang='lat' dir='ltr'>eius</span> <span class='ocrx_word' id='word_1_673' title='bbox 2314 3166 2492 3211; x_wconf 82' lang='lat' dir='ltr'>affectus3</span> 
     </span>
     <span class='ocr_line' id='line_1_105' title="bbox 1432 3219 2494 3269; baseline 0 -14"><span class='ocrx_word' id='word_1_674' title='bbox 1432 3219 1517 3256; x_wconf 89' lang='lat' dir='ltr'>licet</span> <span class='ocrx_word' id='word_1_675' title='bbox 1545 3232 1622 3256; x_wconf 90' lang='lat' dir='ltr'>non</span> <span class='ocrx_word' id='word_1_676' title='bbox 1653 3220 1897 3257; x_wconf 90' lang='lat' dir='ltr'>deordinetur</span> <span class='ocrx_word' id='word_1_677' title='bbox 1917 3233 2067 3269; x_wconf 85' lang='lat' dir='ltr'>corpus,</span> <span class='ocrx_word' id='word_1_678' title='bbox 2088 3221 2182 3256; x_wconf 92' lang='lat' dir='ltr'>sicut</span> <span class='ocrx_word' id='word_1_679' title='bbox 2209 3232 2278 3268; x_wconf 90' lang='lat' dir='ltr'>per</span> <span class='ocrx_word' id='word_1_680' title='bbox 2296 3219 2386 3255; x_wconf 87' lang='lat' dir='ltr'>vitia</span> <span class='ocrx_word' id='word_1_681' title='bbox 2416 3231 2494 3255; x_wconf 89' lang='lat' dir='ltr'>car-</span> 
     </span>
     <span class='ocr_line' id='line_1_106' title="bbox 1433 3271 2493 3322; baseline -0.002 -13"><span class='ocrx_word' id='word_1_682' title='bbox 1433 3272 1544 3309; x_wconf 89' lang='lat' dir='ltr'>nalia.</span> <span class='ocrx_word' id='word_1_683' title='bbox 1574 3293 1598 3300; x_wconf 86' lang='lat'>-</span> <span class='ocrx_word' id='word_1_684' title='bbox 1627 3273 1684 3309; x_wconf 91' lang='lat' dir='ltr'>Ex</span> <span class='ocrx_word' id='word_1_685' title='bbox 1714 3273 1960 3322; x_wconf 91' lang='lat' dir='ltr'>consequenti</span> <span class='ocrx_word' id='word_1_686' title='bbox 1990 3281 2115 3309; x_wconf 90' lang='lat' dir='ltr'>autem</span> <span class='ocrx_word' id='word_1_687' title='bbox 2145 3280 2200 3309; x_wconf 92' lang='lat' dir='ltr'>est</span> <span class='ocrx_word' id='word_1_688' title='bbox 2226 3280 2426 3321; x_wconf 90' lang='lat' dir='ltr'>peccatum</span> <span class='ocrx_word' id='word_1_689' title='bbox 2455 3271 2493 3308; x_wconf 92' lang='lat' dir='ltr'>in</span> 
     </span>
     <span class='ocr_line' id='line_1_107' title="bbox 1432 3325 2494 3374; baseline 0 -13"><span class='ocrx_word' id='word_1_690' title='bbox 1432 3326 1573 3371; x_wconf 93' lang='lat' dir='ltr'>Deum,</span> <span class='ocrx_word' id='word_1_691' title='bbox 1595 3325 1689 3363; x_wconf 91' lang='lat' dir='ltr'>sicut</span> <span class='ocrx_word' id='word_1_692' title='bbox 1719 3334 1754 3362; x_wconf 88' lang='lat' dir='ltr'>et</span> <span class='ocrx_word' id='word_1_693' title='bbox 1782 3326 1910 3363; x_wconf 90' lang='lat' dir='ltr'>omnia</span> <span class='ocrx_word' id='word_1_694' title='bbox 1939 3334 2093 3374; x_wconf 89' lang='lat' dir='ltr'>peccata</span> <span class='ocrx_word' id='word_1_695' title='bbox 2113 3326 2306 3362; x_wconf 88' lang='lat' dir='ltr'>mortalia:</span> <span class='ocrx_word' id='word_1_696' title='bbox 2336 3325 2494 3372; x_wconf 90' lang='lat' dir='ltr'>inquan-</span> 
     </span>
    </p>
   </div>
   <div class='ocr_carea' id='block_1_25' title="bbox 1648 3414 1805 3417">
    <p class='ocr_par' dir='ltr' id='par_1_39' title="bbox 1648 3414 1805 3417">
     <span class='ocr_line' id='line_1_108' title="bbox 1648 3414 1805 3417; baseline 0 0"><span class='ocrx_word' id='word_1_697' title='bbox 1648 3414 1805 3417; x_wconf 95' lang='lat' dir='ltr'> </span> 
     </span>
    </p>
   </div>
   <div class='ocr_carea' id='block_1_26' title="bbox 1487 3456 2133 3524">
    <p class='ocr_par' dir='ltr' id='par_1_40' title="bbox 1487 3456 2133 3524">
     <span class='ocr_line' id='line_1_109' title="bbox 1487 3456 1974 3489; baseline -0.002 -8"><span class='ocrx_word' id='word_1_698' title='bbox 1487 3456 1513 3489; x_wconf 89' lang='grc' dir='ltr'>γ)</span> <span class='ocrx_word' id='word_1_699' title='bbox 1534 3456 1662 3488; x_wconf 83' lang='lat' dir='ltr'>ipsarum.</span> <span class='ocrx_word' id='word_1_700' title='bbox 1680 3471 1699 3476; x_wconf 85' lang='lat'><em>-</em></span> <span class='ocrx_word' id='word_1_701' title='bbox 1718 3457 1834 3488; x_wconf 79' lang='lat' dir='ltr'>ipsorum</span> <span class='ocrx_word' id='word_1_702' title='bbox 1855 3456 1974 3481; x_wconf 85' lang='lat' dir='ltr'>BCEFK.</span> 
     </span>
     <span class='ocr_line' id='line_1_110' title="bbox 1487 3490 2133 3524; baseline 0 -8"><span class='ocrx_word' id='word_1_703' title='bbox 1487 3490 1512 3524; x_wconf 75' lang='grc' dir='ltr'>ὃ)</span> <span class='ocrx_word' id='word_1_704' title='bbox 1532 3493 1610 3517; x_wconf 84' lang='lat' dir='ltr'>alter.</span> <span class='ocrx_word' id='word_1_705' title='bbox 1628 3506 1646 3511; x_wconf 92' lang='lat'><em>-</em></span> <span class='ocrx_word' id='word_1_706' title='bbox 1664 3493 1744 3517; x_wconf 77' lang='lat' dir='ltr'>alteri</span> <span class='ocrx_word' id='word_1_707' title='bbox 1763 3492 1832 3521; x_wconf 83' lang='lat' dir='ltr'>PDa,</span> <span class='ocrx_word' id='word_1_708' title='bbox 1852 3492 1921 3517; x_wconf 82' lang='lat' dir='ltr'>alius</span> <span class='ocrx_word' id='word_1_709' title='bbox 1939 3493 1969 3523; x_wconf 91' lang='lat' dir='ltr'>L,</span> <span class='ocrx_word' id='word_1_710' title='bbox 1988 3491 2067 3516; x_wconf 80' lang='lat' dir='ltr'>aliter</span> <span class='ocrx_word' id='word_1_711' title='bbox 2086 3492 2133 3524; x_wconf 86' lang='lat' dir='ltr'>pC.</span> 
     </span>
    </p>
   </div>
  </div>
 </body>
</html>
