2670 4186
6 2170 200 2198 ·cr·.1³rolog.‚

6 2196 137 2218 Commeat.

5 2571 92 2619 §.Cat
98 2577 166 2619 11εο11]
176 2577 216 2619 1³4?

254 207 280 242 4
921 195 1187 241 QUAEST1O
1218 195 1331 241 Lvn,
1360 196 1655 233 ARTicuLUs
1686 197 1699 232 1

254 286 351 321 quae
380 281 466 310 sunt
495 274 541 309 ad
571 274 741 309 alterum.
768 274 951 320 Importat
981 271 1082 308 enim
1111 272 1314 319 aequalita-
1339 273 1341 307 3

252 334 329 362 tem
359 326 563 374 quandam,
585 332 625 361 ut
653 326 778 374 ipsum
801 337 944 361 nomen
974 324 1230 360 demonstrat:
1261 324 1312 361 di·
1340 323 1341 376 J

252 386 386 415 cuntur
416 378 517 414 enim
545 378 748 424 vulgariter
777 390 820 413 ea
841 389 938 424 quae
968 377 1231 424 adaequantur
1258 377 1313 413 iu·
1340 388 1341 393 ¹

250 432 345 467 stari
361 436 387 468 Υ.
417 430 634 478 Aequalitas
671 438 798 466 autern
829 429 878 465 ad
915 429 1074 465 alterum
1110 437 1175 466 est.
1205 429 1311 466 Aliae

251 490 377 520 autem
404 482 560 520 virtutes
589 482 789 530 perficiunt
816 481 1014 518 hominem
1043 481 1168 518 solum
1197 481 1236 518 in
1255 482 1312 519 his

251 549 347 584 quae
378 536 410 572 ei
440 535 672 572 conveniunt
700 534 913 570 secundum
943 534 1122 582 seipsum.

305 588 366 624 Sic
394 588 503 635 igitur
540 587 629 624 illud
659 587 764 634 quod
795 595 850 623 est
886 594 1031 623 rectum
1061 586 1099 623 in
1133 587 1312 636 operibus

251 640 407 676 aliarum
427 640 622 686 virtutum,
650 640 697 676 ad
718 640 820 687 quod
850 639 968 676 tendit
988 639 1144 676 intentio
1164 640 1312 677 virtutis
1339 660 1340 665 =

250 693 356 740 quasi
385 693 422 728 in
451 692 649 740 proprium
679 692 894 739 obiectum,
925 704 1004 729 non
1034 693 1214 741 accipitur
1242 693 1311 730 nisi

249 757 316 793 per
354 745 681 792 comparationem
710 745 759 781 ad
788 752 975 792 agentem.
1017 746 1179 782 Rectum
1216 758 1311 783 vero

249 799 352 845 quod
382 805 437 833 est
464 797 502 833 in
531 809 647 846 opere
675 797 857 845 iustitiae,
887 798 1001 835 etiam
1030 807 1180 847 praeter
1208 810 1312 835 com-

246 850 486 898 parationem
515 850 564 886 ad
593 858 782 898 agentem,
805 851 1041 888 constituitur
1059 864 1129 900 per
1157 864 1312 900 compa·
1340 869 1341 904 ᾗ

247 903 432 939 rationem
458 903 506 939 ad
536 902 652 940 alium
673 901 706 939 δε
736 903 827 940 illud
849 904 1007 940 enimin
1036 917 1153 952 opere
1182 913 1311 941 nostro
1340 905 1341 908 ’

247 955 380 992 dicitur
418 968 500 992 esse
540 956 681 992 iustum
709 957 815 1004 quod
854 957 1061 1005 respondet
1099 959 1312 994 secundum

247 1008 410 1056 aliquam
439 1009 705 1057 aequalitatem
735 1009 855 1056 alteri,
886 1017 978 1058 puta
1007 1010 1311 1059 recompensatio

246 1061 434 1098 mercedis
465 1062 613 1098 debitae
641 1074 710 1110 pro
741 1062 895 1099 servitio
925 1062 1116 1111 impenso.

300 1114 362 1150 Sic
391 1114 502 1161 igitur
530 1115 671 1151 iustum
693 1114 828 1151 dicitur
857 1115 1009 1164 aliquid,
1031 1115 1140 1163 quasi
1167 1116 1313 1152 habens
1340 1127 1341 1166 J

246 1166 510 1203 rectitudinem
539 1167 720 1215 iustitiae,
751 1168 800 1204 ad
828 1168 935 1216 quod
964 1168 1187 1206 terminatur
1214 1168 1311 1205 actio
1339 1176 1341 1221 3

245 1219 418 1267 iustitiae,
436 1220 548 1256 etiam
570 1233 648 1257 non
670 1220 909 1257 considerato
927 1221 1087 1268 qualiter
1109 1221 1156 1257 ab
1177 1229 1311 1268 agente

246 1272 323 1308 fiat.
355 1272 432 1309 Sed
462 1273 499 1309 in
519 1273 598 1309 aliis
626 1273 826 1309 virtutibus
846 1286 924 1309 non
956 1273 1229 1309 determinatur
1248 1274 1312 1310 ali-

246 1325 338 1372 quid
368 1332 512 1361 rectum
542 1326 613 1361 nisi
652 1326 863 1362 secundum
894 1327 999 1373 quod
1036 1325 1243 1384 aliqualiter
1270 1327 1313 1362 fit

246 1378 293 1413 ab
315 1385 460 1424 agente.
483 1379 531 1414 Et
550 1385 705 1426 propter
723 1379 798 1414 hoc
813 1378 1025 1427 specialiter
1044 1378 1205 1415 iustitiae
1220 1391 1341 1435 prae
1339 1385 1340 1414 Ξ

246 1430 326 1466 aliis
355 1430 556 1467 virtutibus
587 1431 859 1467 determinatur
887 1431 1103 1468 secundum
1138 1444 1178 1468 se
1208 1432 1340 1476 obie-

245 1490 360 1529 ctum,
383 1483 489 1530 quod
517 1491 678 1520 vocatur
706 1484 859 1521 iustum.
881 1485 939 1521 -Et
968 1485 1043 1521 hoc
1071 1484 1228 1533 quidem
1258 1493 1314 1522 est

244 1536 311 1572 ius.
342 1536 453 1573 Unde
474 1536 719 1573 manifestum
741 1545 796 1574 est
825 1538 930 1585 quod
957 1537 1014 1574 ius
1045 1545 1100 1574 est
1119 1537 1310 1574 obiectum
1339 1548 1340 1555 ¹

245 1588 417 1626 iustitiae.

298 1644 356 1678 AD
377 1654 515 1679 PR1MUM
540 1654 638 1680 ERGO
668 1654 854 1680 DICENDUM
874 1643 980 1692 quod
1011 1650 1237 1681 consuetum
1258 1650 1314 1680 est
1339 1624 1342 1687 Ι

246 1696 350 1742 quod
367 1695 524 1731 nomina
545 1708 566 1732 a
583 1695 640 1732 sui
654 1695 779 1744 prima
799 1696 1044 1744 impositione
1061 1697 1314 1744 detorquean-

245 1754 304 1783 tur
322 1752 334 1768 ⁵
363 1748 412 1785 ad
431 1748 504 1784 alia
524 1749 795 1796 significanda:
826 1749 921 1786 sicut
943 1762 1087 1786 nomen
1107 1750 1316 1786 medicinae

244 1799 468 1848 impositum
491 1809 546 1838 est
563 1802 688 1850 primo
710 1803 757 1839 ad
779 1802 1073 1850 significandum
1100 1802 1313 1839 remedium

295 1925 321 1957 γ)
343 1924 447 1948 instari.
462 1937 480 1942 —-
499 1924 570 1948 iusta
589 1931 644 1949 esse
662 1925 694 1955 G,
714 1925 754 1949 ius
774 1925 841 1950 dare
860 1926 906 1950 sK.

296 1959 320 1992 ὂ)
340 1960 431 1984 alium.
445 1972 464 1978 —
481 1959 556 1984 aliud
575 1960 644 1988 PKa,
663 1961 778 1985 alterum
798 1960 830 1985 G.

918 2044 1255 2077 Commentario*
1278 2044 1531 2084 Car-dinatio
1553 2043 1755 2078 Caietam

274 2134 293 2153 N
324 2124 382 2153 hac
412 2123 597 2163 quaestione
629 2123 1033 2163 quinquagesimaseptima
1062 2123 1173 2163 incipit
1203 2124 1314 2164 quinta

248 2137 348 2208 lpars
370 2167 466 2198 huius
490 2167 576 2198 Libri
591 2166 624 2203 *,
649 2174 785 2198 tractans
810 2167 850 2197 de
873 2168 988 2198 virtute
1020 2167 1172 2198 iustitiae:
1205 2175 1236 2199 et
1263 2178 1312 2201 ex-

243 2211 381 2242 tenditur
399 2221 499 2251 usque
515 2212 554 2241 ad
570 2211 790 2252 quaestionem
808 2211 1311 2252 centesimamvigesimamsecun-

244 2257 317 2286 dam
341 2255 503 2286 inclusive.

300 2300 334 2330 In
365 2299 497 2330 articulo
521 2299 625 2339 primo
657 2299 850 2339 quaestionis
874 2300 1310 2341 quinquagesimaeseptimae

244 2344 380 2375 dubium
404 2343 539 2375 occurrit
562 2343 643 2373 circa
657 2342 864 2374 differentiam
886 2344 968 2375 inter
991 2351 1113 2374 rectum
1133 2345 1311 2375 secundum

244 2388 406 2424 iustitiam,
431 2394 461 2417 et
484 2388 559 2417 alias
575 2387 721 2418 virtutes:
743 2388 899 2429 quoniam
914 2389 1039 2419 videtur
1059 2388 1201 2429 undique
1222 2388 1309 2419 falsa.

243 2433 327 2462 Nam
351 2439 405 2462 aut
427 2432 611 2471 intelligitur
626 2432 664 2461 de
680 2432 755 2471 ipsis
779 2433 928 2472 operibus
950 2438 985 2463 ut
1001 2439 1075 2463 sunt
1094 2443 1111 2463 a
1130 2433 1308 2469 virtutibus,

245 2483 299 2507 aut
323 2476 475 2507 absolute.
510 2476 541 2506 Si
566 2482 601 2506 ut
625 2482 699 2506 sunt
722 2487 740 2506 a
762 2476 940 2512 virtutibus,
967 2483 1088 2507 constat
1111 2478 1200 2517 quod
1225 2487 1310 2507 com-

245 2531 342 2551 mune
362 2527 408 2551 est
428 2520 516 2550 omni
537 2520 625 2560 operi
642 2520 795 2557 virtuoso,
816 2520 1008 2561 inquantum
1028 2520 1223 2557 huiusmodi,
1245 2531 1312 2551 esse

245 2566 283 2595 ab
311 2572 461 2605 operante
490 2564 570 2594 sicut
597 2564 782 2595 describitur
801 2565 827 2594 II
844 2566 947 2596 Ethic.
968 2564 1004 2601 '³‘‚
1037 2565 1153 2596 scilicet
1177 2565 1308 2602 sciente,

245 2617 276 2639 et
299 2620 335 2639 ex
359 2609 528 2644 electione,
554 2615 584 2638 et
607 2615 737 2649 propter
759 2608 856 2639 finem
884 2610 923 2639 ad
946 2609 1110 2645 virtutem,
1141 2614 1171 2639 et
1194 2609 1310 2640 immo-

244 2653 355 2684 biliter.
380 2653 420 2683 Et
435 2653 467 2682 in
483 2652 545 2683 hoc
559 2663 626 2682 non
642 2660 689 2683 est
705 2652 875 2684 differentia
899 2653 979 2685 inter
995 2660 1116 2684 rectum
1133 2655 1309 2684 secundum

244 2697 407 2733 iustitiam,
433 2703 463 2727 et
485 2696 560 2727 alias
583 2697 723 2728 virtutes.

299 2741 332 2772 Si
354 2751 430 2771 vero
449 2741 603 2777 absolute,
629 2748 752 2772 constat
775 2748 806 2772 et
827 2743 917 2782 quod
940 2748 1152 2782 temperatum
1175 2749 1205 2772 et
1229 2742 1309 2774 forte

245 2796 328 2826 opus
351 2785 417 2816 fieri
441 2792 560 2824 potest,
587 2792 617 2816 et
640 2793 746 2816 tamen
770 2786 853 2816 male
881 2787 919 2816 ab
943 2793 1070 2826 agente:
1105 2793 1140 2818 ut
1162 2793 1248 2826 patet
1271 2787 1310 2817 de

245 2837 406 2861 exercente
439 2829 515 2860 haec
544 2836 673 2870 propter
702 2830 899 2871 hypocrisim
921 2831 971 2861 vel
994 2831 1079 2862 aliud
1108 2831 1244 2867 malum;
1276 2831 1308 2861 in

244 2875 292 2904 his
309 2873 393 2904 enirn
409 2881 455 2904 est
470 2880 590 2904 rectum
606 2884 689 2914 opus
706 2875 883 2905 secundum
899 2874 1123 2915 temperantiae
1143 2875 1308 2912 rationem,

245 2929 310 2948 non
327 2918 525 2948 considerato
542 2918 675 2958 qualiter
691 2919 728 2948 ab
748 2926 859 2958 agente
881 2918 944 2949 fiat.
961 2937 979 2942 —
993 2919 1034 2949 Et
1056 2929 1164 2950 rursus
1188 2926 1308 2950 rectum

245 2963 422 2992 secundum
436 2962 588 2992 iustitiam
610 2973 675 2992 non
693 2963 919 2993 determinatur
938 2963 970 2993 in
988 2963 1098 2994 ordine
1115 2964 1154 2993 ad
1175 2964 1309 2994 alterum

245 3015 311 3037 non
335 3006 534 3037 considerato
551 3006 685 3046 qualiter
708 3008 746 3036 ab
770 3014 882 3046 agente
905 3007 969 3038 fiat.
995 3007 1160 3044 Quoniam
1184 3015 1312 3048 oportet

245 3050 445 3081 considerare
460 3050 636 3089 potentiam
649 3051 782 3090 agentis:
800 3061 875 3081 nam
890 3061 955 3081 non
972 3059 1019 3083 est
1030 3051 1151 3082 iustum
1165 3052 1309 3083 creditori

245 3095 366 3125 solvere
379 3095 599 3135 impotentem.
617 3095 658 3124 Et
670 3095 813 3126 similiter
829 3102 956 3135 oportet
972 3095 1220 3126 circumstantias
1234 3096 1309 3126 alias

246 3149 282 3169 ex
305 3145 392 3179 parte
416 3138 534 3178 agentis
558 3138 755 3169 considerare
776 3139 815 3169 ad
838 3139 912 3170 iusti
937 3139 1108 3170 rationem:
1134 3149 1200 3170 non
1224 3139 1309 3170 enim

245 3189 369 3214 tenetur
385 3189 559 3224 occupatus
583 3182 767 3220 maioribus,
792 3189 822 3214 et
836 3183 984 3214 inventus
1006 3184 1038 3214 in
1063 3183 1116 3214 tali
1138 3184 1222 3220 loco,
1239 3191 1307 3220 etc„

246 3227 388 3258 debitum
412 3226 542 3263 solvere,
568 3234 604 3257 ut
625 3233 720 3267 patet.

303 3271 339 3302 11.
357 3272 407 3301 Ad
438 3271 499 3302 hoc
523 3271 636 3302 dicitur
658 3272 748 3312 quod
771 3271 907 3302 dubium
938 3281 975 3302 ex
997 3271 1121 3302 minore
1148 3271 1308 3303 intellectu

246 3315 366 3346 litterae
389 3316 541 3355 procedit.
577 3315 758 3353 Differentia
781 3315 939 3356 siquidem
963 3316 1066 3357 prima
1087 3316 1166 3348 inter
1188 3323 1310 3347 rectum

247 3359 423 3391 secundum
446 3360 598 3391 iustitiam
621 3366 651 3390 et
666 3360 742 3391 alias
758 3361 895 3396 morales
911 3360 1040 3392 virtutes
1061 3367 1107 3392 est
1122 3361 1211 3402 quod
1227 3371 1310 3412 opus

247 3410 368 3434 rectum
397 3404 573 3434 secundum
597 3403 671 3434 alias
695 3404 824 3435 virtutes
856 3404 1057 3436 constituitur
1079 3404 1111 3434 in
1142 3415 1207 3435 esse
1235 3405 1309 3436 recti

248 3449 558 3479 commensuratione
581 3448 620 3478 ad
643 3455 842 3488 operantem3
868 3456 989 3480 rectum
1005 3459 1080 3479 vero
1097 3459 1179 3489 opus
1198 3459 1309 3480 secun-

248 3492 326 3522 dum
348 3492 499 3522 iustitiam
526 3492 727 3523 constituitur
749 3493 781 3523 in
806 3503 872 3523 esse
894 3494 969 3524 recti
999 3494 1309 3525 commensuratione

1369 274 1475 319 quod
1508 280 1719 322 praestatur
1754 274 1907 311 infirmo
1937 274 1985 310 ad
2023 274 2258 322 sanandum,
2289 275 2426 312 deinde

1369 331 1530 361 tractum
1560 333 1614 362 est
1632 327 1681 363 ad
1710 326 2001 374 significandum
2029 334 2148 363 artem
2176 339 2251 375 qua
2277 328 2352 364 hoc
2371 328 2424 365 fit.

1370 378 1423 413 Ita
1443 377 1555 414 etiarn
1575 379 1650 415 hoc
1673 391 1815 415 nornen
1833 380 1890 415 ius
1912 379 2037 427 primo
2059 379 2280 428 impositum
2305 388 2360 417 est
2378 381 2426 418 ad

1368 429 1657 476 significandum
1676 432 1800 480 ipsam
1815 443 1896 468 rem
1915 432 2074 478 iustam;
2093 433 2342 480 postmodum
2362 444 2427 469 au-

1367 489 1444 518 tem
1467 482 1680 521 derivatum
1701 492 1756 520 est
1775 485 1822 521 ad
1842 492 1960 522 artem
1981 496 2057 532 qua
2077 485 2316 532 cognoscitur
2335 485 2427 533 quid

1368 534 1413 571 sit
1441 534 1601 582 iustum;
1632 544 1667 573 et
1694 537 1849 574 ulterius
1884 538 1932 574 ad
1970 537 2261 585 significandum
2298 539 2426 574 locum

1367 587 1404 623 in
1434 600 1511 635 quo
1540 588 1598 625 ius
1627 589 1805 636 redditur,
1827 590 1922 626 sicut
1950 590 2084 627 dicitur
2109 590 2242 638 aliquis
2272 602 2427 638 compa-

1368 652 1449 676 rere
1479 641 1515 677 in
1545 641 1649 684 iure‚·
1677 649 1713 678 et
1740 643 1894 679 ulterius
1932 643 2067 680 dicitur
2095 643 2207 680 etiam
2236 643 2293 680 ius
2321 643 2428 691 quod

1367 693 1535 729 redditur
1564 694 1611 730 ab
1641 705 1687 730 eo
1717 694 1765 730 ad
1800 695 1905 732 cuius
1933 696 2103 732 officium
2139 696 2297 744 pertinet
2325 695 2426 733 iusti-

1339 768 1340 778 2
1366 746 1457 783 tiam
1487 746 1729 793 facere,1icet
1758 747 1871 784 etiam
1900 748 1939 784 id
1967 750 2071 797 quod
2092 749 2259 786 decernit
2287 748 2332 786 sit
2360 748 2427 786 ini-

1340 842 1341 846 J
1367 811 1499 847 quum.

1420 854 1478 888 AD
1508 863 1697 888 SECUNDUM
1717 863 1901 888 DICENDUM
1930 853 2035 900 quod
2055 853 2151 890 sicut
2174 866 2308 891 eorum
2328 866 2426 902 quae

1366 917 1434 953 per
1454 912 1573 941 artem
1595 904 1755 941 exterius
1775 904 1897 941 fiunt<
1917 906 2107 953 quaedam
2127 907 2220 943 ratio
2241 907 2279 943 in
2299 914 2428 944 mente

1368 953 1519 994 artificis
1546 958 1773 1005 praeexistit,
1795 970 1893 1005 quae
1922 958 2057 995 dicitur
2084 959 2212 1006 regula
2240 959 2349 1006 artis;
2378 959 2428 996 ita

1339 1010 1481 1058 ,etiam
1518 1010 1614 1047 illius
1644 1011 1767 1059 operis
1804 1010 1889 1047 iusti
1926 1012 2031 1059 quod
2070 1011 2164 1048 ratio
2203 1011 2429 1049 determinat

1339 1059 1342 1099 1
1367 1063 1557 1112 quaedam
1587 1063 1680 1100 ratio
1709 1063 1925 1112 praeexistit
1948 1064 1985 1100 in
2014 1071 2155 1111 mente,
2176 1065 2285 1112 quasi
2314 1077 2429 1114 quae-

1368 1117 1458 1152 dam
1478 1116 1699 1164 prudentiae
1719 1118 1859 1164 regula.
1890 1118 1938 1153 Et
1957 1118 2032 1154 hoc
2055 1117 2084 1154 si
2105 1117 2142 1154 in
2171 1118 2352 1166 scriptum
2373 1130 2429 1154 re-

1367 1168 1526 1216 digatur,
1546 1177 1706 1206 vocatur
1724 1169 1803 1206 lex:
1835 1177 1891 1206 est
1909 1169 2011 1206 enim
2040 1171 2110 1217 lex,
2131 1171 2343 1208 secundum
2364 1170 2430 1207 Isi-

1368 1222 1506 1258 dorum
1525 1221 1556 1268 *,
1578 1222 1786 1258 constitutio
1814 1223 1964 1270 scripta.
1995 1223 2044 1260 Et
2071 1200 2159 1260 ideo
2179 1224 2238 1260 lex
2266 1236 2346 1261 non
2375 1231 2431 1261 est

1339 1306 1340 1317 2
1366 1273 1492 1321 ipsum
1522 1273 1590 1319 ius,
1611 1274 1765 1322 proprie
1788 1275 2008 1323 loquendo,
2039 1277 2107 1313 sed
2135 1276 2305 1324 aliqualis
2334 1276 2428 1313 ratio

1366 1326 1468 1362 iuris.

1419 1380 1479 1415 AD
1498 1390 1658 1415 TERTlUM
1682 1391 1865 1416 DICENDUM
1891 1382 1994 1428 quod
2019 1375 2136 1433 quial}
2138 1381 2268 1418 ustitia
2291 1394 2430 1430 aequa-

1367 1431 1509 1468 litatem
1539 1431 1730 1480 importat,
1752 1433 1837 1469 Deo
1867 1440 1996 1469 autem
2025 1445 2103 1470 non
2132 1446 2339 1494 possumus
2368 1446 2430 1471 ae-

1338 1479 1341 1533 j
1367 1484 1567 1532 quivalens
1595 1497 1903 1544 recompensare,
1932 1486 2020 1523 inde
2051 1494 2106 1523 est
2134 1487 2239 1535 quod
2271 1487 2429 1535 iustum,

1368 1537 1579 1574 secundum
1595 1538 1803 1586 perfectam
1819 1538 2019 1586 rationem,
2031 1551 2110 1576 non
2120 1552 2332 1588 possumus
2346 1540 2431 1578 red-

1339 1590 1458 1627 dere
1495 1591 1593 1627 Deo.
1623 1591 1672 1627 Et
1708 1599 1864 1639 propter
1891 1592 1966 1628 hoc
2000 1604 2078 1629 non
2117 1592 2250 1629 dicitur
2277 1592 2431 1642 proprie

1367 1643 1426 1680 ius
1446 1644 1506 1681 lex
1527 1642 1666 1690 divina,
1687 1644 1754 1681 sed
1767 1645 1860 1692 fas?
1883 1644 1973 1693 quia
1991 1645 2169 1683 videlicet
2188 1646 2327 1683 sufficit
2345 1646 2431 1684 Deo

1339 1693 1342 1739 l
1367 1703 1408 1732 ut
1435 1696 1666 1745 impleamus
1686 1697 1789 1745 quod
1808 1709 2028 1745 possumus.
2059 1698 2199 1735 iustitia
2227 1706 2356 1736 tamen
2381 1699 2432 1737 ad

1368 1750 1442 1786 hoc
1461 1749 1580 1787 tendit
1598 1757 1640 1785 ut
1658 1750 1790 1796 homo,
1812 1757 2000 1797 quantum
2022 1759 2157 1799 potest,
2178 1752 2263 1788 Deo
2284 1763 2432 1789 recom-

1367 1810 1512 1851 penset,
1533 1802 1695 1839 totaliter
1723 1803 1891 1839 animam
1921 1804 1955 1840 ei
1983 1804 2198 1842 subiiciens.

1335 1929 1339 1994 Ι
1417 1926 1439 1958 ε)
1459 1926 1677 1959 detorqueantur.
1691 1940 1710 1944 —
1728 1926 1943 1951 determinantur
1960 1926 1992 1958 K,
2011 1930 2219 1960 retorqueantur
2237 1928 2310 1953 PHa.

1417 1961 1442 1994 ζ)
1455 1962 1539 1994 fiunt.
1553 1975 1571 1980 —
1588 1965 1652 1987 sunt
1670 1961 1822 1994 ABCEFpK
1843 1967 1868 1987 et
1885 1970 1912 1993 x,
1925 1946 1998 1996 fiun’t
2015 1966 2079 1987 sunt
2097 1963 2130 1988 H.
2347 1987 2402 2005 Α

1364 2123 1404 2153 ad
1428 2124 1574 2155 alterum.
1599 2124 1644 2154 Ita
1666 2124 1755 2165 quod
1777 2124 1858 2155 inter
1873 2135 1970 2165 opera
1993 2124 2071 2165 ipsa,
2096 2134 2161 2161 non
2184 2131 2220 2156 ut
2235 2131 2310 2156 sunt
2333 2136 2351 2156 5
2355 2111 2432 2158 vin·

1364 2167 1502 2205 tutibus,
1528 2168 1582 2198 sed
1606 2168 1764 2204 absolute,
1797 2175 1844 2199 est
1867 2168 2039 2199 differentia
2069 2169 2162 2206 haec,
2186 2168 2289 2210 quod
2304 2170 2432 2203 nullum

1364 2222 1447 2252 opus
1476 2212 1590 2242 dicitur
1620 2219 1832 2252 temperatum
1863 2213 1923 2244 nisi
1955 2213 2031 2253 quia
2062 2220 2108 2245 est
2137 2221 2432 2257 commensus-atym

1364 2256 1518 2296 operanti,
1542 2263 1572 2286 et
1596 2256 1738 2287 similiter
1754 2257 1881 2287 nullum
1904 2257 2000 2293 forte;
2024 2257 2146 2288 iustum
2169 2265 2277 2290 autem
2291 2268 2364 2314 vere
2383 2259 2431 2291 di-

1365 2300 1444 2330 citur
1469 2301 1493 2331 si
1518 2307 1564 2330 est
1587 2307 1882 2332 commensuratum
1905 2301 2003 2332 alteri.
2347 2293 2418 2318 1’111

1419 2345 1470 2375 Ad
1499 2344 1533 2374 id
1557 2351 1664 2375 autem
1686 2346 1776 2385 quod
1806 2345 1955 2376 obiicitur
1976 2346 2015 2376 de
2039 2355 2135 2385 operte
2165 2346 2430 2389 temperato'vhy-

1363 2388 1513 2429 pocritae,
1538 2395 1569 2419 et
1591 2389 1754 2425 similium,
1780 2389 1893 2420 dicitur
1909 2390 2000 2430 quod
2021 2399 2104 2431 opus
2127 2390 2240 2423 talium
2262 2400 2321 2432 pro
2340 2397 2430 2473 ψῃξ

1363 2438 1409 2462 551
1432 2439 1644 2473 temperatum
1668 2443 1725 2473 pro
1743 2440 1863 2473 quanto
1888 2441 1934 2464 est
1957 2441 2251 2465 commensuratum
2275 2444 2395 2475 operari

1362 2476 1435 2507 licet
1450 2477 1533 2506 mala
1549 2477 1735 2508 intentione.
1751 2478 1824 2507 Non
1841 2477 1925 2508 enim
1944 2485 2062 2518 spectat
2078 2479 2117 2508 ad
2133 2478 2320 2509 huiusmodi
2343 2489 2430 2511 com-

1363 2521 1616 2552 mensurationes
1648 2521 1805 2552 ordinatio
1839 2522 1952 2552 talium
1987 2532 2123 2562 operum
2158 2523 2199 2553 ad
2228 2523 2352 2554 bonum
2380 2524 2432 2556 vel

1363 2565 1485 2595 malum
1508 2564 1620 2596 finem:
1647 2566 1701 2596 sed
1724 2566 1796 2607 quis
1819 2566 1859 2597 sit
1881 2566 2036 2597 terminus
2058 2567 2098 2596 ad
2121 2576 2219 2607 quem
2242 2567 2430 2606 referuntur,

1363 2608 1480 2640 scilicet
1504 2619 1639 2649 operans
1661 2610 1711 2640 vel
1736 2610 1822 2640 alter.

1386 2658 1390 2676 l
1419 2654 1469 2684 Ad
1493 2653 1524 2683 id
1547 2664 1622 2684 vero
1646 2654 1735 2695 quod
1759 2664 1795 2684 ex
1818 2661 1905 2694 parte
1933 2654 2007 2684 iusti
2032 2654 2196 2691 obiicitur,
2221 2656 2431 2695 respondetur

1365 2699 1454 2739 quod
1477 2698 1563 2728 aliud
1594 2704 1640 2729 est
1669 2698 1759 2738 loqui
1784 2698 1823 2728 de
1845 2698 1930 2729 iusto
1959 2698 2120 2729 absolute:
2150 2698 2238 2730 aliud
2269 2707 2317 2732 est
2336 2700 2431 2752 loqni

1363 2743 1402 2773 de
1418 2743 1603 2773 executione
1625 2752 1681 2773 seu
1698 2742 1889 2775 exhibitione
1913 2742 1995 2774 iusti.
2026 2743 2094 2774 Nos
2115 2743 2282 2794 loquimur
2297 2744 2337 2777 de
2357 2742 2430 2796 {ppo

1362 2786 1446 2817 iusto
1471 2787 1625 2823 absolute,
1642 2797 1708 2828 quo
1725 2786 1843 2818 scilicet
1865 2787 2067 2818 constituitur
2085 2787 2118 2818 in
2135 2797 2201 2818 esse
2223 2787 2316 2821 iusti:
2338 2787 2431 2822 etdi-

1363 2830 1464 2862 cimus
1479 2831 1568 2872 quod
1584 2831 1893 2862 commensuratione
1910 2832 1949 2861 ad
1964 2831 2109 2863 alterum.
2134 2830 2338 2876 obiectione
2351 2840 2430 2866 vem

2456 1233 2612 1256 ἰοαάιὶυ

1362 2875 1541 2916 loquuntur
1564 2875 1602 2905 de
1626 2875 1810 2906 executione
1833 2875 1917 2906 iusti.
1957 2874 2115 2909 Creditori
2138 2873 2289 2917 namque
2298 2871 2430 2912 tentum

1362 2929 1534 2950 aureorum
1556 2919 1678 2950 iustum
1702 2926 1748 2950 est
1769 2920 1913 2950 absolute
1935 2926 1972 2950 ut
1991 2916 2163 2951 reddantur
2174 2914 2317 2952 centuni*
2326 2916 2428 2952 &Mt

1362 2974 1403 2994 an
1427 2970 1535 2994 autem
1558 2964 1609 2995 hic
1633 2964 1772 3000 debitor,
1797 2964 1899 2995 factus
1921 2964 2098 3015 impotens,
2121 2970 2280 2996 1511551111·
2288 2961 2428 2997 :db

1363 3008 1525 3039 cutionem
1548 3008 1645 3040 huius
1668 3008 1752 3045 iusti,
1778 3015 1808 3040 et
1823 3008 1967 3040 similiter
1989 3018 2030 3040 an
2051 3008 2085 3038 in
2109 3008 2163 3039 1511
2179 3009 2429 3050 tempouedoeo

1362 3053 1412 3083 vel
1436 3062 1510 3083 casu
1535 3052 1645 3083 debeat
1668 3052 1734 3083 fieri
1758 3052 1919 3089 exhibiuo‚
1942 3052 2004 3084 alia
2026 3052 2170 3103 quaestio
2194 3060 2249 3085 est.

1418 3096 1470 3127 111.
1487 3096 1534 3126 Ex
1548 3096 1608 3127 hac
1624 3102 1732 3127 autem
1747 3096 1903 3127 essentiali
1919 3095 2091 3128 differentia
2111 3097 2192 3127 inter
2207 3095 2305 3140 opus
2305 3107 2339 3128 re

1363 3140 1539 3171 secundum
1563 3139 1715 3171 iustitiam
1737 3147 1768 3171 et
1786 3140 1862 3171 alias
1875 3140 2016 3177 virtutes,
2042 3147 2219 3181 sequuntur
2234 3134 2350 3178 dnae>¹

1334 3179 1337 3205 ¹
1361 3184 1467 3214 Prima
1490 3190 1537 3214 est
1559 3185 1648 3225 quod
1670 3185 1704 3215 in
1731 3193 1826 3224 opere
1847 3184 1933 3215 iusto
1957 3194 2024 3215 non
2051 3185 2279 3217 consideratur
2294 3163 2429 3227 5111511151.-

1362 3227 1398 3259 fit
1428 3229 1466 3259 ab
1494 3235 1619 3269 agente:
1659 3228 1692 3259 in
1722 3238 1820 3269 opere
1842 3238 1917 3259 vero
1947 3234 2124 3269 temperato
2154 3230 2227 3262 hoc
2245 3229 2427 3268 attenditur.

1362 3273 1437 3303 Non
1466 3273 1553 3303 enim
1581 3273 1614 3304 in
1637 3273 1786 3304 reddente
1813 3280 1942 3304 centum
1972 3284 2100 3305 aureos
2114 3273 2262 3313 creditori
2290 3273 2428 3311 variatur
2481 3279 2487 3297 -’
2551 3270 2613 3307 .’“’ῘΓῙ
2630 3270 2641 3301 .'

1363 3317 1470 3357 ipsum
1499 3317 1621 3348 iustum
1644 3317 1719 3358 quia
1748 3317 1850 3349 reddit
1871 3328 1909 3348 ex
1933 3318 2009 3350 odio
2032 3317 2091 3363 vel:
2102 3317 2250 3359 invidia,
2258 3324 2314 3350 aut
2340 3317 2429 3365 155ῃί

1363 3361 1479 3401 gloria:
1504 3368 1551 3392 sat
1574 3361 1660 3393 enim
1684 3369 1730 3393 est
1745 3362 1834 3403 quod
1857 3362 1959 3394 reddit
1973 3362 2063 3404 quod
2085 3354 2188 3395 'de-bet.
2206 3361 2275 3394 Sed
2296 3362 2330 3393 in
2345 3368 2427 3395 tem-

1363 3411 1472 3445 perato
1496 3415 1608 3445 opere,
1632 3413 1710 3446 puta
1732 3405 1909 3444 sobrietate,
1930 3405 2103 3438 attenditur
2116 3416 2155 3437 an
2180 3415 2217 3437 ex
2231 3396 2427 3443 555111151ἁῆ

1364 3459 1401 3480 ex
1424 3450 1537 3480 timore
1553 3450 1738 3487 videntium,
1764 3457 1832 3487 etc„
1858 3450 1960 3482 faciat.
1983 3451 2025 3481 Et
2038 3449 2118 3481 ratio
2135 3457 2182 3481 est
2196 3450 2271 3501 quia
2287 3460 2325 3482 ex
2338 3457 2426 3491 parte

1364 3494 1507 3525 eiusdem
1536 3494 1661 3525 termini
1684 3505 1782 3536 quem
1809 3495 1934 3536 respicit
1963 3495 2232 3527 commensuratio
2261 3495 2425 3536 temperati
