2814 4250
43 773 80 797 .“’
69 774 124 796 ’De
139 774 186 796 Um
199 774 278 802 Spiri-

46 800 226 850 ‘'czfffflassl'
228 806 279 852 ⁰51⁶:

45 862 47 866 ¹
69 852 147 875 Tract-
165 852 188 874 Χ
210 842 277 879 {editi

49 887 52 888 ⁷
63 878 221 928 “g-mm)

48 1015 72 1032 ‘U

41 2510 159 2547 sstven.
171 2529 192 2553 5.

68 3373 195 3404 ‘Vere-3.

1001 253 1266 299 QUAESTIO
1295 254 1379 300 LX,

304 332 478 368 iudicium,
501 331 616 362 lumini
639 331 755 363 scilicet
777 331 923 367 rationis,
947 330 1144 361 inclinationi
1167 332 1206 361 ad
1228 331 1394 372 tribum-1

304 377 384 408 dum
399 355 510 407 alteii'
502 386 552 406 1115
567 385 674 412 suum,
691 383 722 407 et
737 374 916 407 auctoritati
928 374 1162 406 iurisdictionis.
1179 375 1268 406 Stant
1283 375 1367 406 enim

304 420 382 453 haec
405 420 513 451 omnia
544 430 618 450 cum
641 426 770 460 peccato
793 419 933 450 mortali.
962 425 997 450 ut
1019 425 1119 458 patet,
1144 426 1174 450 et
1203 419 1368 459 gentilium
1391 420 1393 452 ’ἕ

305 463 486 495 18511111οηί8
501 470 695 494 attestantur.
719 462 804 500 Quia
827 469 933 493 tamen
948 461 1214 502 impedimentum
1231 464 1366 494 nonnul·
1392 464 1393 471 ¹

304 508 374 538 lum
390 515 437 538 est
452 514 617 548 peccatum
632 507 775 543 mortale,
795 515 854 546 pro
871 513 991 547 quanto
1006 506 1083 536 boni
1100 516 1269 546 personam
1289 507 1369 546 gerit

304 552 373 582 aliis
396 552 554 592 praelatus
581 551 636 591 qui
660 551 766 581 bonus
788 559 861 580 vere
884 559 950 580 non
974 556 1034 586 est;
1066 550 1091 579 si
1119 560 1186 580 non
1206 550 1368 581 humiliter
1393 557 1394 577 ς

305 602 428 627 exercet
442 594 585 626 officium
600 594 771 630 iudicandi,
787 593 908 624 veniale
924 600 1090 633 peccatum
1103 593 1260 624 incurrere
1282 594 1368 625 vide-
1393 608 1394 614 ¹
1414 612 1425 620 ο

306 646 372 670 tur:
399 639 542 679 procedit
558 647 696 678 namque
715 638 748 668 in
764 644 871 668 actum
886 637 1041 667 moralem
1057 647 1123 667 non
1147 638 1248 678 qualis
1265 638 1367 675 debet.

359 683 412 713 Ad
434 682 569 713 dubium
584 681 691 712 autem
714 681 776 711 hoc
798 681 884 711 idem
907 691 966 721 pro
988 688 1108 722 quanto
1133 688 1179 712 est
1201 681 1241 711 ad
1264 681 1369 711 homi-

306 735 390 762 nem,
407 726 520 757 dicitur
543 725 631 766 quod
654 728 775 756 Auctor
791 732 917 755 secutus
931 725 1010 755 alios
1033 725 1066 755 in
1088 724 1175 755 libris
1190 725 1367 755 Sententia-

306 779 378 800 rum
401 769 456 800 illa
479 769 573 805 dixit,
601 778 682 809 quae
708 769 919 809 postmodum
948 769 981 799 in
1004 769 1136 799 Summa
1161 768 1309 804 correxit,
1334 775 1369 798 ut

1409 253 1706 291 ARTICULUS
1736 255 1785 290 111
2429 265 2476 302 27

1419 332 1508 373 quod
1530 332 1658 372 indigne
1673 332 1720 363 uti
1736 331 1843 363 officio
1866 332 2021 372 contingit
2044 332 2222 382 dupliciter:
2248 332 2363 363 scilicet
2385 332 2485 383 priva-

1392 394 1393 415 ;
1420 376 1490 412 tive,
1508 382 1539 407 et
1553 376 1717 407 contrarie.
1741 376 1782 406 Et
1796 376 1885 427 quod
1901 375 2034 407 existens
2049 376 2082 406 in
2098 382 2226 416 peccato
2243 376 2368 407 mortali
2385 376 2483 407 utitur

1420 419 1526 450 officio
1546 419 1674 459 indigne
1697 419 1859 460 privative,
1879 429 1946 450 non
1962 427 2068 451 autem
2085 420 2253 451 contrarie:
2279 420 2354 461 quia
2369 420 2484 451 scilicet

1420 470 1467 494 est
1490 463 1629 504 privatus
1646 464 1827 494 conditione
1848 473 1946 504 quam
1961 471 2053 494 natus
2076 471 2122 494 est
2145 464 2257 494 habere
2278 471 2313 494 ut
2328 464 2483 504 condigne

1418 506 1530 537 iudicis
1547 506 1688 538 officium
1704 515 1824 547 ageret,
1845 517 1910 538 non
1925 507 2018 538 habet
2033 514 2139 538 autem
2155 507 2272 548 aliquid
2289 508 2482 538 contrarium

1418 550 1504 581 iusto
1520 551 1615 581 iudici
1640 558 1675 581 ut
1697 551 1751 582 sic.
1776 552 1817 582 Et
1839 558 2005 591 propterea
2020 561 2086 582 non
2102 557 2228 592 oportet
2251 553 2338 592 quod
2362 559 2482 592 peccet.

1473 594 1721 625 Adrsecundam
1742 605 1817 626 vero
1847 595 1960 626 dicitur
1989 596 2079 636 quod
2104 605 2220 635 magna
2243 595 2414 626 differentia
2437 603 2484 626 est

1393 635 1394 660 ἲ
1418 637 1497 668 inter
1526 647 1622 668 usum
1653 639 1816 678 potestatis
1843 639 2066 670 iurisdictionis
2097 646 2127 670 et
2158 639 2321 680 potestatis
2352 639 2481 670 ordinis.

1418 680 1583 718 Quoniam
1607 682 1646 711 ad
1669 682 1761 712 illum
1784 692 1850 712 non
1865 690 1911 714 est
1934 693 2017 723 opus
2041 684 2291 714 consecratione:
2315 683 2412 714 istum
2428 694 2483 714 au-

1393 725 1395 763 ξ
1419 731 1484 755 18111
1508 734 1604 755 1181110
1625 725 1691 755 51118
1708 727 1943 757 consecratione
1968 727 2070 757 habet.
2096 728 2136 758 Et
2154 734 2320 767 propterea
2336 727 2421 758 aliud
2437 734 2484 758 est

1420 768 1576 798 iudicium
1599 769 1638 798 de
1661 769 1806 799 ministro
1830 770 1924 800 unius
1949 776 1979 800 et
2001 771 2138 801 alterius.
2163 771 2325 809 Quoniam
2342 771 2484 802 minister

305 820 391 853 patet
413 813 464 843 hic
488 820 519 844 et
540 813 686 848 inferius,
712 813 829 843 scilicet
851 812 884 843 in
908 813 949 843 111
964 813 1063 849 Part„
1082 823 1137 853 qu.
1153 823 1234 849 wa,
1257 818 1318 850 εει.Ι
1332 813 1367 842 6:
1384 810 1482 867 ssDei
1503 819 1542 844 et
1570 812 1727 843 Ecclesiae
1755 813 1794 843 ad
1824 822 1930 844 actum
1958 821 2081 845 sanctae
2109 815 2270 854 potestatis
2299 816 2390 845 debet
2417 825 2483 845 esse

305 863 342 888 ut
364 857 508 887 diffusius
530 857 563 887 in
593 857 778 897 quaestione
797 857 924 896 speciali
948 857 986 887 de
1010 857 1072 887 1108
1089 856 1108 875 *
1130 856 1367 886 declaravimus·

358 901 409 939 111.
419 901 471 932 Ad
484 901 620 941 primam
632 908 739 932 autem
754 901 987 932 obiectionem'
979 910 1012 931 1n
1027 899 1241 940 oppositum*
1256 899 1397 937 dicitur
1395 909 1396 913 ¹

1394 879 1396 886 .
1423 862 1565 891 sanctus,
1591 863 1621 886 et
1644 856 1682 886 de
1705 856 1759 886 tali
1782 857 1925 897 loquitur
1947 858 2108 889 decretalis
2129 859 2196 889 illa:
2222 859 2363 889 minister
2377 866 2483 890 autem

1423 899 1463 929 ad
1486 906 1594 931 actum
1615 899 1752 936 iustum,
1778 900 1892 932 sufficit
1914 902 2003 942 quod
2026 902 2065 933 sit
2087 902 2188 933 iustus
2210 903 2244 933 in
2267 913 2372 942 opere.

1114 1072 1431 1114 ARTICULUS
1458 1072 1688 1114 TERTIUS

723 1157 879 1188 UTRUM
902 1155 1101 1188 mmanM
1124 1156 1181 1186 Ex
1205 1155 1454 1187 5υ5Ρ181οΝΕ
1477 1156 1733 1188 PROCEDENS
1756 1158 1822 1189 511
1848 1155 2070 1189 1LL1C1TUM

1186 1234 1282 1264 Quodl.
1300 1233 1354 1263 XII,
1374 1241 1419 1266 qu.
1438 1241 1497 1264 mr,
1516 1239 1562 1259 art.
1584 1242 1608 1260 2.

387 1465 458 1497 ¹³¹*
491 1472 647 1521 opinio
676 1472 818 1509 incerta
845 1473 898 1509 de
913 1473 1040 1531 aliquo
1061 1473 1181 1508 malo:
1210 1472 1312 1508 unde
1333 1479 1369 1508 et

301 1482 574 1573 Philosophus,
597 1525 637 1562 in
655 1525 706 1561 VI
730 1525 849 1561 Ethic.
869 1524 908 1571 *,
937 1524 1044 1573 ponit
1070 1524 1176 1572 quod
1204 1523 1368 1583 suspicio

300 1581 347 1628 58
364 1576 481 1614 habet
509 1585 546 1614 et
567 1578 616 1615 ad
634 1589 772 1614 verum
802 1585 838 1614 et
866 1577 915 1614 ad
942 1577 1092 1614 falsum.
1124 1577 1200 1613 Sed
1229 1577 1276 1613 de
1297 1576 1369 1613 sin-

300 1621 495 1689 31118111)ι15
514 1627 816 1679 contingentibus
835 1642 915 1667 non
937 1637 1063 1678 potest
1086 1629 1218 1666 haberi
1238 1629 1367 1688 opinio

300 1680 376 1742 uisi
402 1682 558 1721 incerta.
594 1683 694 1720 Cum
726 1681 838 1730 igitur
868 1682 1050 1720 iudicium
1081 1684 1296 1719 humanum
1325 1682 1370 1719 sit

303 1734 404 1773 circa
429 1735 623 1772 humanos
652 1743 768 1782 actus,
797 1735 864 1783 qui
893 1743 979 1772 sunt
1005 1735 1043 1772 in
1065 1734 1313 1783 singularibus
1334 1742 1370 1771 et

293 1787 619 1836 ,888118380111π15,
639 1788 791 1825 videtur
814 1787 920 1837 quod
947 1789 1094 1824 nullum
1114 1787 1294 1825 iudicium
1314 1799 1370 1824 es-

301 1838 361 1901 581
387 1839 544 1888 licitum,
566 1840 596 1877 si
620 1852 665 1877 ex
685 1838 899 1890 suspicione
929 1840 1094 1878 iudicare
1123 1852 1202 1877 non
1229 1840 1367 1876 liceret.

327 1886 395 1931 .’2.
424 1893 658 1940 PRAETEREA,
686 1905 755 1942 per
777 1893 960 1933 iudicium
982 1893 1150 1931 illicitum
1178 1893 1222 1930 fit
1245 1893 1369 1952 aliqua

302 1944 440 1990 iniuria
465 1946 656 1995 proximo.
685 1947 763 1983 Sed
786 1946 956 2006 suspicio
985 1947 1086 1984 mala
1114 1946 1153 1983 in
1180 1946 1262 1983 sola
1289 1946 1370 2005 opi-

304 1998 419 2037 niune
446 1999 613 2037 hominis
641 1999 825 2046 consistit,
847 2007 884 2036 et
910 2000 963 2036 sic
983 2011 1062 2036 non
1080 1999 1230 2036 videtur
1248 1999 1324 2036 ad
1316 2011 1369 2035 m-

302 2051 441 2089 itmam
469 2052 620 2089 alterius
651 2052 850 2101 pertinere.
885 2051 988 2100 Ergo
1022 2051 1247 2099 suspicionis
1275 2051 1368 2088 iudi-

302 2103 514 2151 ¹(tium-non
544 2112 600 2142 est
627 2104 808 2141 illicitum.

304 2198 309 2203 ‚
332 2195 333 2198 ,
354 2157 395 2195 ’3.
415 2155 652 2204 Palmam,
681 2157 712 2194 si
735 2157 782 2195 sit
808 2154 988 2204 illicitum,
1009 2163 1160 2206 oportet
1186 2156 1291 2205 quod
1320 2156 1368 2194 ad

303 2208 520 2247 iniustitiam
542 2215 558 2231 ‘²
587 2210 803 2247 reducatur:
840 2210 929 2258 quia
962 2209 1144 2248 iudicium
1177 2217 1233 2246 est
1264 2216 1368 2246 actus

303 2262 484 2310 iustitiae,
514 2269 556 2299 ut
587 2262 729 2300 dictum
760 2270 815 2299 est
832 2262 863 2299 *.
892 2263 980 2304 fSed
1010 2262 1187 2299 iniustitia
1221 2274 1266 2298 ex
1297 2274 1367 2299 suo

269 2334 276 2341 ·
303 2322 442 2364 genere
469 2327 622 2377 semper
649 2322 703 2351 est
730 2322 930 2363 peccatum
960 2315 1132 2361 mortale,
1152 2322 1194 2351 ut
1222 2315 1369 2363 supra*

302 2365 476 2412 habitum
507 2375 592 2405 851.
611 2366 714 2416 Ergo
748 2368 974 2417 suspicionis
1001 2367 1183 2404 iudicium
1217 2379 1369 2416 semper

273 2438 275 2441 ·
303 2423 403 2474 ’85581
419 2424 623 2470 peccatum
641 2421 816 2480 mortale,
831 2421 863 2458 51
882 2428 979 2458 85581
996 2420 1177 2457 illicitum.
1199 2420 1275 2457 Sed
1294 2420 1369 2457 hoc

304 2481 360 2515 est
387 2474 542 2513 falsum·
570 2473 660 2522 quia
677 2474 904 2521 suspiciones
921 2474 1043 2510 vitare
1061 2485 1135 2510 non
1155 2484 1368 2520 possumus,

302 2533 346 2563 ut
365 2526 454 2563 dicit
476 2527 614 2563 Glossa
627 2526 826 2574 Augustini
852 2538 967 2574 super
988 2526 1079 2563 illud
1095 2527 1108 2562 1
1124 2526 1176 2562 ad
1193 2526 1279 2562 Cor.
1293 2526 1367 2571 1v*,

303 2575 433 2617 Nolite
449 2584 536 2616 ante
555 2584 698 2627 tempus
716 2579 893 2616 iudicare.
924 2579 1026 2627 Ergo
1046 2578 1228 2615 iudicium
1249 2579 1368 2627 suspi-

296 2629 453 2669 “ciosum
481 2629 560 2668 non
586 2631 738 2669 videtur
766 2643 848 2669 esse
876 2631 1057 2668 illicitum.

359 2684 434 2723 SED
463 2696 609 2722 CONTRA
636 2697 702 2722 EST
731 2684 850 2733 quod.
860 2685 1170 2733 chrysostomus,
1191 2696 1306 2732 super
1330 2684 1370 2721 il-

303 2737 370 2775 lud
389 2738 523 2774 Matth.
544 2749 592 2774 vu
606 2737 638 2783 ¹⁸,
657 2737 787 2774 Nolite
809 2738 977 2774 iudicare
996 2745 1079 2782 etc„
1101 2737 1188 2774 dicit
1206 2736 1267 2772 *²¹²2
1291 2738 1369 2774 Do-

304 2789 430 2826 minus
455 2791 527 2826 hoc
553 2790 731 2836 mandato
760 2802 835 2826 non
857 2790 1033 2838 prohibet
1063 2789 1292 2826 Christianos
1320 2802 1368 2826 ex

305 2841 558 2878 benevolentia
591 2842 685 2878 alios
715 2843 924 2890 corripere.-
959 2843 1026 2878 sed
1055 2854 1102 2878 ne
1126 2853 1200 2890 per
1227 2842 1368 2879 iactan-

304 2895 396 2932 tiam
431 2894 591 2931 iustitiae
621 2905 714 2931 suae
745 2894 948 2931 Christiani
984 2894 1214 2931 Christianos
1250 2894 1367 2942 despi-

304 2947 416 2992 ciant,
446 2945 525 2984 exss
550 2946 638 2983 solis
658 2945 885 2995 plerumque
910 2947 1179 2995 suspicionibus
1207 2946 1368 2984 odientes

305 3005 447 3037 ceteros
473 3005 511 3036 et
535 2999 836 3036 condemnantes.

359 3053 585 3089 Responnzo
617 3064 801 3089 DmENDUM
829 3052 947 3099 quod,
973 3051 1069 3088 sicut
1087 3050 1236 3089 Tullius
1262 3051 1366 3099 dicit,

305 3105 470 3156 suspicio
489 3105 668 3154 importat
686 3105 907 3154 opinionem
928 3104 1016 3142 mali
1036 3105 1190 3153 quando
1212 3116 1257 3141 ex
1275 3105 1366 3141 levi-

267 3169 278 3174 ·
305 3159 377 3196 bus
393 3157 537 3195 indiciis
556 3157 729 3206 procedit
745 3157 776 3194 ²⁸⁸.
802 3158 852 3194 Et
870 3156 1051 3205 contingit
1069 3169 1113 3194 ex
1129 3157 1259 3194 tribus.
1279 3157 1366 3195 Uno

272 3227 278 3232 ·
305 3211 462 3261 quidem
482 3211 613 3257 modo,
635 3223 679 3247 ex
703 3211 778 3248 hoc
806 3210 910 3259 quod
934 3210 1066 3259 aliquis
1084 3210 1122 3247 in
1141 3210 1267 3259 seipso
1287 3223 1367 3247 ma-

304 3263 363 3301 lus
392 3271 458 3311 est,
481 3271 516 3300 et
544 3275 589 3300 ex
616 3263 692 3300 hoc
719 3263 815 3312 ipso,
835 3263 943 3311 quasi
971 3263 1144 3300 conscius
1171 3275 1264 3300 suae
1286 3275 1367 3300 ma-

305 3316 416 3364 litiae,
436 3316 591 3353 faciliter
610 3315 657 3352 de
677 3315 756 3353 aliis
775 3316 922 3353 malum
941 3315 1134 3364 opinatur:
1155 3316 1367 3353 secundum

306 3369 397 3408 illud
418 3369 540 3406 Eccle.
557 3381 580 3405 x
595 3368 632 3406 *z
659 3369 706 3405 In
726 3369 789 3405 via
807 3368 938 3405 stultus
955 3368 1164 3414 ambulans,
1185 3381 1271 3406 cum
1291 3369 1368 3417 ipse

314 3491 317 3493 ’
363 3509 390 3542 α)
408 3509 576 3535 intumum.
589 3522 608 3528 -
626 3508 754 3534 iustitiam
773 3507 914 3540 PHLpCG.
1394 3508 1396 3533 l

362 3543 389 3579 β)
407 3543 453 3570 ex.
465 3558 485 3564 -
502 3547 529 3569 et
547 3543 829 3569 PABCDEFHIKan.
1394 3542 1395 3571 i

1420 1315 1466 1350 sit
1492 1315 1678 1364 insipiens,
1700 1328 1829 1352 omnes
1854 1316 1982 1353 stultos
2009 1316 2190 1352 aestimat.
2207 1336 2231 1343 —
2250 1315 2336 1352 Alio
2366 1316 2484 1353 modo

1420 1368 1597 1416 provenit
1630 1381 1674 1405 ex
1702 1369 1777 1405 hoc
1811 1369 1916 1416 quod
1949 1368 2083 1418 aliquis
2119 1369 2219 1406 male
2248 1369 2410 1406 afficitur
2437 1369 2484 1406 ad

1420 1421 1593 1458 alterum.
1631 1422 1730 1458 Cum
1765 1421 1867 1458 enim
1900 1421 2034 1470 aliquis
2067 1422 2277 1458 contemnit
2307 1422 2371 1458 vel
2406 1421 2486 1458 odit

1421 1473 1608 1520 aliquem,
1637 1482 1702 1510 aut
1729 1474 1900 1511 irascitur
1926 1475 1989 1511 vel
2015 1474 2160 1511 invidet
2189 1474 2234 1521 ei,
2265 1486 2309 1510 ex
2337 1474 2485 1511 levibus

1421 1525 1534 1572 signis
1563 1526 1740 1574 opinatur
1767 1527 1867 1563 mala
1896 1528 1942 1563 de
1970 1527 2073 1575 ipso:
2108 1527 2196 1574 quia
2222 1527 2484 1576 unusquisque

1420 1577 1576 1615 faciliter
1604 1578 1723 1615 credit
1750 1579 1855 1626 quod
1884 1579 2036 1627 appetit.
2058 1600 2081 1606 -
2102 1579 2234 1616 Tertio
2255 1581 2373 1616 modo
2398 1591 2485 1628 pro-

1420 1630 1525 1667 venit
1554 1642 1599 1668 ex
1621 1632 1735 1679 longa
1754 1631 2004 1680 experientia:
2034 1631 2136 1668 unde
2157 1631 2411 1680 Philosophus
2431 1631 2484 1669 di-

1423 1683 1481 1729 cit,
1511 1682 1550 1720 in
1571 1684 1602 1720 II
1623 1685 1731 1721 Rhet.
1747 1684 1779 1730 ²⁸,
1809 1685 1913 1732 quod
1940 1696 2045 1720 senes
2066 1690 2154 1721 sunt
2179 1685 2347 1720 maxime
2369 1685 2484 1732 suspi-

1421 1736 1523 1781 ciosi,
1548 1737 1636 1784 quia
1655 1737 1840 1773 multoties
1858 1737 2004 1784 experti
2019 1743 2107 1773 sunt
2122 1737 2285 1774 aliorum
2309 1738 2483 1785 desectus.

1474 1788 1627 1825 Primae
1654 1796 1782 1826 autem
1816 1790 1914 1826 duae
1942 1789 2166 1837 suspicionis
2194 1801 2331 1826 causae
2366 1790 2485 1826 mani-

1421 1840 1512 1878 feste
1541 1841 1730 1890 pertinent
1757 1842 1806 1879 ad
1833 1841 2120 1891 perversitatem
2149 1841 2318 1879 affectus.
2355 1842 2484 1879 Tertia

1420 1906 1514 1931 vero
1535 1907 1650 1931 causa
1670 1894 1845 1932 diminuit
1863 1895 2050 1932 rationem
2065 1894 2306 1943 suspicionis:
2327 1895 2485 1942 inquan-

1420 1954 1502 1983 tum
1521 1947 1751 1995 experientia
1769 1947 1820 1984 ad
1839 1947 2103 1985 certitudinem
2128 1947 2289 1996 proficit,
2310 1959 2409 1996 quae
2429 1955 2483 1984 est

1422 2007 1553 2037 contra
1581 2000 1765 2036 rationem
1794 2000 2027 2048 suspicionis.
2058 2001 2106 2037 Et
2132 2001 2219 2037 ideo
2246 2000 2410 2048 suspicio
2430 2000 2484 2037 vi-

1421 2053 1515 2089 tium
1545 2053 1742 2100 quoddam
1771 2053 1969 2101 importat:
2009 2060 2046 2089 et
2073 2060 2214 2101 quanto
2244 2052 2363 2100 magis
2398 2065 2484 2101 pro-

1423 2105 1521 2142 cedit
1548 2105 1725 2154 suspicio,
1754 2113 1858 2142 tanto
1878 2105 1997 2152 magis
2027 2112 2082 2142 est
2099 2105 2292 2142 vitiosum.

1475 2159 1544 2194 Est
1569 2166 1697 2194 autem
1730 2157 1862 2206 triplex
1889 2157 2028 2206 gradus
2061 2157 2296 2206 suspicionis.
2333 2157 2483 2194 Primus

1422 2211 1579 2259 quidem
1599 2211 1737 2258 gradus
1757 2218 1812 2247 est
1829 2218 1871 2247 ut
1897 2211 2016 2247 homo
2041 2222 2086 2247 ex
2104 2211 2252 2257 levibus
2271 2210 2417 2246 indiciis
2436 2210 2483 2246 de

1421 2263 1588 2301 bonitate
1617 2263 1774 2300 alicuius
1792 2262 1963 2299 dubitare
1982 2260 2145 2311 incipiat.
2175 2264 2224 2299 Et
2250 2263 2325 2299 hoc
2345 2270 2400 2299 est
2418 2275 2483 2299 ve-

1422 2316 1519 2352 niale
1539 2323 1576 2352 et
1595 2316 1679 2352 leve
1699 2323 1918 2364 peccatum:
1942 2316 2103 2364 pertinet
2121 2315 2222 2352 enim
2246 2316 2297 2352 ad
2318 2316 2483 2352 tentatio-

1422 2381 1506 2406 nem
1525 2370 1745 2414 humanam,
1764 2370 1843 2405 sine
1868 2379 1942 2416 qua
1969 2369 2046 2405 vita
2065 2369 2134 2405 ista
2163 2380 2236 2404 non
2256 2368 2415 2413 ducitur,
2444 2375 2484 2404 ut

1421 2418 1582 2459 habetur
1596 2421 1634 2458 in
1653 2420 1788 2458 Glossa
1802 2421 1823 2443 ’¹‘
1842 2433 1956 2470 super
1974 2421 2062 2458 illud
2078 2422 2092 2458 1
2108 2421 2160 2458 ad
2177 2422 2263 2458 Cor.
2280 2433 2314 2457 1v
2330 2421 2382 2468 *ἢ
2402 2421 2483 2458 Νο-

1422 2474 1483 2510 lite
1509 2480 1596 2511 ante
1623 2479 1766 2521 tempus
1792 2474 1970 2511 iudicare.
1990 2494 2014 2501 -
2035 2474 2234 2510 Secundus
2262 2474 2401 2521 gradus
2429 2482 2485 2510 est

1422 2539 1511 2563 cum
1535 2526 1667 2574 aliquis
1691 2538 1761 2574 pro
1796 2534 1898 2563 certo
1923 2526 2104 2563 malitiam
2134 2526 2284 2563 alterius
2312 2526 2484 2563 aestimat

1424 2592 1467 2616 ex
1487 2579 1631 2625 levibus
1659 2578 1815 2616 indiciis.
1846 2579 1894 2615 Et
1913 2579 1999 2626 hoc,
2021 2579 2051 2615 si
2078 2579 2124 2615 sit
2144 2579 2190 2616 de
2219 2579 2345 2627 aliquo
2365 2578 2480 2626 gravi,

1423 2639 1480 2669 est
1514 2639 1715 2680 peccatum
1747 2633 1925 2678 mortale,
1953 2631 2177 2680 inquantum
2206 2644 2284 2668 non
2314 2639 2369 2668 est
2402 2631 2482 2668 sine

1424 2691 1644 2733 contemptu
1671 2684 1848 2732 proximi:
1879 2683 1981 2721 unde
2011 2685 2147 2721 Glossa
2165 2684 2308 2721 ibidem
2337 2684 2480 2721 subdit:

1421 2738 1504 2774 Etsi
1520 2743 1535 2766 Υ
1563 2749 1656 2786 ergo
1675 2738 1900 2785 suspiciones
1918 2737 2038 2773 vitare
2063 2750 2137 2774 non
2162 2749 2372 2785 possumus,
2392 2737 2480 2785 quia

1422 2791 1591 2827 homines
1622 2801 1770 2834 sumus,
1805 2790 1940 2826 iudicia
1974 2795 2117 2835 tamen,
2151 2790 2242 2826 idest
2275 2790 2482 2835 definitivas

1410 2844 1627 2890 firmasque
1646 2842 1854 2887 sententias,
1876 2842 2064 2878 continere
2086 2843 2270 2878 debemus.
2291 2862 2314 2869 -
2331 2841 2480 2878 Tertius

1421 2895 1559 2943 gradus
1589 2902 1644 2930 est
1672 2906 1759 2930 curn
1788 2894 1920 2941 aliquis
1947 2894 2059 2930 iudex
2088 2906 2133 2930 ex
2152 2893 2366 2942 suspicione
2392 2907 2480 2942 pro-

1422 2947 1520 2984 cedit
1556 2946 1605 2984 ad
1638 2946 1804 2994 aliquem
1838 2946 2185 2983 condemnandum.
2225 2947 2273 2983 Et
2311 2947 2386 2983 hoc
2427 2947 2480 2983 di-

1421 3007 1521 3036 recte
1549 2999 1598 3036 ad
1617 2999 1835 3036 iniustitiam
1862 2999 2033 3084 pertinet.
2062 2999 2173 3036 Unde
2201 3007 2255 3036 est
2281 3006 2478 3048 peccatum

1422 3053 1594 3090 mortale.

1474 3107 1532 3141 Α1)
1567 3116 1704 3142 PRIMUM
1738 3116 1836 3141 ERGO
1871 3116 2054 3142 DICENDUM
2090 3104 2195 3153 quod
2232 3104 2269 3140 in
2304 3105 2479 3141 humanis

1422 3158 1566 3195 actibus
1599 3157 1790 3194 invenitur
1822 3156 1946 3205 aliqua
1978 3157 2182 3203 certitudo,
2212 3170 2289 3194 non
2323 3157 2476 3205 quidem

1422 3211 1517 3248 sicut
1538 3210 1576 3247 in
1601 3210 1919 3257 demonstrativis,
1940 3210 2007 3247 sed
2027 3210 2236 3247 secundum
2257 3210 2360 3258 quod
2390 3221 2479 3251 con-

1420 3263 1525 3301 venit
1543 3263 1606 3299 tali
1625 3262 1822 3300 materiae:
1852 3270 1943 3311 puta
1963 3275 2051 3300 cum
2071 3262 2210 3310 aliquid
2231 3274 2300 3311 per
2318 3261 2478 3300 idoneos

1420 3324 1533 3354 testes
1561 3316 1755 3364 probatur.

1473 3370 1531 3405 Α1)
1551 3371 1741 3405 SECUNDUM
1760 3379 1942 3405 11181351)οΜ
1970 3368 2075 3416 quod
2103 3379 2146 3403 ex
2169 3368 2243 3404 hoc
2262 3366 2345 3416 ipso
2373 3367 2476 3416 quod

1475 3508 1502 3542 γ)
1522 3508 1590 3532 Etsi.
1604 3521 1621 3526 -
1641 3507 1671 3532 Si
1689 3507 1718 3532 P.
1729 3521 1748 3526 -
1766 3507 1815 3531 Pro
1833 3506 2001 3539 suspiciones,
2019 3506 2209 3538 suspicationes
2226 3505 2322 3530 ΒΗΚ-Ἰ..

2511 1694 2522 1704 ·
2532 1694 2587 1722 Cap.
2600 1701 2652 1720 xm,
2667 1701 2690 1716 n.
2700 1702 2722 1723 3.

2510 2431 2591 2453 ⁸.Ord
2606 2433 2667 2459 Aug.

2510 2458 2531 2469 '⁸
2545 2457 2611 2479 Vers.
2626 2464 2646 2485 5.
