2860 4238
175 906 185 915 ⁸
201 904 252 932 Qua
271 910 290 930 2,
312 903 339 924 ad
354 909 375 924 2.

175 1002 184 1010 '⁶
199 1000 278 1021 Bedae.

411 215 488 260 480

412 291 499 320 Tum
515 289 588 330 quia
605 299 670 319 non
686 287 821 328 proprie,
839 287 892 317 sed
905 284 1116 325 metaphorice
1132 283 1240 313 servile
1258 293 1340 322 opus
1356 282 1468 312 dicitur

413 334 450 364 de
474 340 616 373 peccato:
641 332 721 362 sicut
744 341 809 361 esse
832 340 958 361 servum
977 329 1102 368 peccati
1124 326 1339 367 metaphorice
1356 326 1468 356 dicitur

413 378 450 407 de
466 377 596 408 faciente
612 383 784 416 peccatum.
809 375 890 404 Nam
907 373 1012 403 nullus
1030 379 1074 402 est
1090 381 1196 401 servus
1212 371 1260 401 sui
1275 370 1389 410 ipsius:
1415 369 1469 399 sed

412 421 492 451 sicut
514 420 630 451 iustitia
654 418 865 458 metaphorice
896 417 928 447 in
952 416 1082 446 homine
1108 415 1221 445 dicitur
1252 421 1395 454 respectu
1420 413 1468 443 sui

412 465 531 495 ratione
555 464 746 494 diversarum
769 462 906 502 partium
930 460 1078 496 hominis,
1095 466 1172 499 puta
1195 458 1323 489 rationis
1347 464 1378 488 et
1399 467 1468 487 sen-

412 508 571 543 sualitatis,
589 508 631 538 ita
647 506 778 537 servitus
795 513 824 536 et
847 505 906 535 alia
922 504 1117 535 huiusmodi.
1142 503 1258 533 Sensus
1278 509 1385 532 autem
1402 511 1467 531 me-

412 553 600 592 taphoricus‚
622 550 674 581 ubi
698 550 855 580 invenitur
870 559 979 579 sensus
999 547 1146 588 proprius
1168 556 1328 577 consonus
1349 546 1469 577 litterae
1495 560 1497 569 ι

412 596 478 626 sine
502 595 694 635 metaphora,
720 604 785 624 non
809 593 942 633 pertinet
965 593 1004 622 ad
1028 601 1156 622 sensum
1179 590 1360 621 litteralem:
1393 590 1469 620 alio-

412 640 489 680 quin
506 649 614 669 sensus
629 637 862 678 metaphoricus
879 646 1003 676 semper
1027 643 1106 666 esset
1120 635 1270 665 litteralis.
1296 634 1347 665 Sic
1362 641 1470 664 autem

412 691 458 714 est
479 683 511 713 in
531 682 705 723 proposito.
738 681 821 718 Quia
845 690 941 722 opera
962 680 1098 715 servilia,
1123 679 1161 709 ad
1186 679 1334 715 litteram,
1360 688 1469 708 secun—

412 729 489 758 dum
512 726 672 767 propriam
696 725 860 761 rationem,
885 731 959 754 sunt
981 724 1034 754 illa
1056 724 1088 753 in
1112 723 1227 763 quibus
1251 722 1331 753 servi
1360 722 1468 752 distin-

410 778 551 812 guuntur
573 780 590 800 a
612 769 725 806 liberis,
750 770 789 799 ad
812 779 893 809 quae
916 768 1032 798 scilicet
1055 777 1161 798 servos
1185 767 1352 807 deputatos
1376 767 1470 797 habe-

411 824 500 850 mus:
525 813 629 855 qualia
652 820 726 844 sunt
741 823 837 853 opera
852 812 1106 843 mechanicarum
1121 811 1236 842 artium
1252 811 1470 842 distinctarum

412 866 519 891 contra
542 865 620 888 artes
649 858 808 888 liberales.
832 874 852 880 -
877 857 964 887 Tum
988 856 1063 897 quia
1086 859 1207 886 Auctor
1234 855 1267 885 in
1298 856 1338 886 111
1370 855 1468 891 Sem„

411 904 480 933 dist.
505 912 622 937 xxxvn,
653 909 707 932 art.
734 903 749 932 5
766 901 797 937 *‚
823 911 964 941 expresse
993 900 1067 931 dicit
1097 900 1184 941 quod
1213 909 1310 939 opera
1339 900 1469 930 servilia

410 946 717 988 mysticerdz'cuntur
734 951 877 985 peccata.
902 945 942 975 Et
964 944 1032 981 hic,
1056 945 1089 974 in
1112 943 1318 983 responsione
1348 944 1387 974 ad
1411 944 1471 984 pri·
1495 946 1497 955 ²

410 1001 510 1027 mum,
543 990 767 1030 respondendo¹
794 990 833 1019 ad
862 990 994 1019 eandem
1018 988 1178 1019 Ambrosii
1194 988 1212 1006 *
1235 988 1468 1024 auctoritatem,

410 1035 498 1076 quod
520 1035 569 1064 lex
592 1034 738 1074 prohibet
767 1033 932 1064 hominem
954 1033 987 1063 in
1011 1033 1141 1063 sabbato
1171 1033 1292 1072 gravari
1320 1032 1470 1072 peccatis,

410 1079 482 1110 dicit
505 1078 594 1119 quod
618 1088 736 1108 cessare
751 1088 769 1108 a
785 1084 912 1118 peccato
936 1077 1070 1117 pertinet
1089 1078 1128 1107 ad
1147 1086 1276 1107 sensum
1299 1076 1469 1117 mysticum

409 1123 564 1153 moralem
579 1122 674 1152 huius
691 1119 901 1162 praecepti.‘—
922 1122 1014 1152 Unde
1037 1122 1124 1162 quod
1141 1121 1173 1151 in
1197 1120 1338 1161 quodam
1355 1120 1393 1151 de
1412 1120 1470 1150 hac

408 1177 440 1197 re
471 1166 579 1207 scripsi
608 1166 799 1204 Quolibeto,
830 1166 1021 1196 firmioribus
1052 1164 1226 1195 rationibus
1257 1171 1388 1204 apparet
1419 1163 1470 1194 hic

409 1210 598 1242 confirmari.

463 1255 514 1286 Ad
537 1254 748 1285 obiectionem
772 1260 877 1284 autem
900 1253 932 1283 in
951 1253 1137 1293 oppositum
1161 1251 1274 1281 dicitur
1290 1251 1468 1290 dupliciter.

408 1300 530 1335 Primo,
556 1299 644 1339 quod
667 1301 788 1328 Auctor
810 1297 953 1338 loquitur
977 1298 1014 1327 de
1038 1296 1099 1327 hoc
1132 1302 1299 1336 praecepto
1323 1295 1469 1335 spiritua-

408 1344 478 1375 liter
501 1343 669 1373 intellecto.
693 1360 713 1364 —
738 1342 805 1378 Vel,
831 1349 860 1372 et
884 1341 1007 1377 melius,
1024 1340 1136 1371 dicitur
1160 1341 1247 1380 quod
1271 1340 1415 1381 loquitur
1431 1340 1470 1370 de

409 1388 470 1418 hoc
493 1393 660 1427 praecepto
692 1392 848 1427 quantum
872 1386 911 1415 ad
935 1395 1031 1416 suum
1060 1384 1174 1420 finem,
1199 1383 1255 1425 qui
1278 1394 1345 1415 non
1369 1391 1414 1414 est
1437 1384 1470 1414 in

409 1439 590 1473 praecepto:
616 1438 650 1461 ut
673 1437 758 1470 patet
781 1440 817 1460 ex
833 1429 900 1460 eius
915 1430 1047 1465 ratione,
1067 1429 1142 1470 quia
1158 1428 1274 1459 scilicet
1289 1428 1388 1468 magis
1411 1428 1470 1458 im-

408 1476 542 1517 pediunt
569 1482 695 1515 peccata
727 1474 970 1514 applicationem
1001 1473 1140 1504 hominis
1172 1473 1211 1502 ad
1245 1472 1350 1503 divina
1373 1482 1471 1513 quam

409 1519 584 1560 corporalia
607 1529 703 1559 opera
727 1519 819 1549 licita.

464 1564 549 1595 Cum
572 1570 679 1594 autem
702 1563 801 1599 audis,
819 1570 849 1594 et
871 1562 948 1602 legis
972 1562 1004 1592 in
1025 1561 1126 1592 littera
1149 1560 1331 1592 interiorem
1347 1561 1470 1592 cultum

409 1608 586 1639 devotionis
610 1615 641 1638 et
664 1607 814 1638 orationis
838 1617 904 1637 non
928 1606 1027 1637 iuberi
1047 1606 1108 1636 hoc
1127 1612 1307 1646 praecepto,
1332 1605 1471 1646 intellige

409 1654 447 1683 de
464 1653 550 1684 cultu
567 1652 706 1683 interiori
726 1653 902 1682 secundum
927 1660 972 1681 se:
998 1650 1066 1681 talis
1083 1650 1168 1681 enim
1184 1648 1234 1679 hic
1251 1659 1317 1680 non
1333 1650 1469 1686 iubetur,

409 1698 463 1727 sed
486 1704 532 1727 est
555 1696 624 1726 finis
648 1696 814 1736 praecepti.
840 1695 925 1726 Cum
949 1705 1014 1736 quo
1039 1701 1145 1725 tamen
1169 1700 1229 1724 stat
1252 1695 1340 1735 quod
1367 1695 1471 1725 cultus

408 1741 538 1772 interior
554 1748 589 1771 ut
612 1740 690 1771 ratio
716 1751 769 1771 seu
795 1740 934 1770 conditio
959 1739 1062 1770 cultus
1087 1737 1256 1774 exterioris,
1274 1738 1360 1769 sitin
1383 1749 1471 1778 prae-
1497 1773 1498 1776 Ἰ

410 1792 510 1826 cept0.
536 1786 677 1815 Tenetur
692 1785 777 1815 enim
800 1785 930 1815 audiens
947 1784 1076 1814 missam
1100 1783 1132 1812 in
1155 1782 1325 1813 Dominica
1343 1783 1471 1814 interio-

409 1840 475 1860 rem
499 1836 529 1860 et
553 1829 736 1860 exteriorem
759 1829 923 1859 hominem
948 1827 1046 1858 cultui
1071 1827 1184 1857 missae
1208 1826 1368 1864 exhibere,
1392 1828 1473 1858 sicut

409 1875 554 1904 sacerdos
584 1880 707 1904 tenetur
730 1873 769 1903 ad
800 1880 915 1904 attente
944 1872 1133 1902 solvendum
1163 1871 1257 1901 horas
1287 1872 1468 1903 canonicas:

409 1919 470 1948 hoc
494 1925 548 1954 est,
574 1925 609 1948 ut
633 1928 668 1947 ex
692 1918 869 1957 proposito,
895 1927 950 1947 seu
974 1916 1179 1952 advertenter,
1204 1925 1271 1945 non
1295 1916 1475 1947 notabiliter

409 1970 549 1992 mentem
569 1968 694 1992 avertat.

464 2006 516 2036 ΙΙΙ.
541 2007 574 2035 In
600 2007 712 2036 eodem
733 2005 875 2040 articulo,
900 2005 931 2034 in
957 2003 1162 2043 responsione
1187 2004 1226 2033 ad
1250 2003 1387 2040 tertium,
1414 2005 1470 2035 du-

408 2050 498 2080 bium
522 2050 656 2080 occurrit
680 2050 759 2080 circa
776 2050 862 2079 illam
887 2049 1149 2088 comparativam,
1173 2047 1335 2078 videlicet:
1360 2049 1473 2089 Magis

408 2095 478 2134 agit
500 2100 626 2126 contra.
643 2095 701 2124 hoc
722 2098 930 2134 praeceptum
962 2094 1016 2133 qui
1041 2097 1155 2132 peccat
1184 2102 1279 2132 quam
1306 2094 1362 2132 qui
1392 2103 1472 2133 opus
1498 2099 1499 2107 ¹

409 2139 575 2178 corporale
598 2139 681 2168 alias
704 2139 823 2168 licitum
831 2137 936 2178 facit:
958 2138 1033 2177 quia
1052 2141 1222 2178 peccatum
1248 2138 1354 2177 magis
1376 2147 1472 2177 tmpe-

408 2183 454 2212 dit
477 2192 571 2222 quam
595 2183 762 2222 corporale
785 2192 874 2222 opus.
899 2182 1031 2212 Videtur
1053 2181 1115 2212 hoc
1139 2191 1205 2211 esse
1229 2180 1355 2212 falsum.
1387 2182 1471 2218 Quia

409 2236 551 2256 exercens
575 2226 606 2256 in
632 2226 711 2257 festo
742 2226 791 2256 die
823 2237 904 2266 opus
938 2226 1100 2265 corporale
1128 2225 1203 2255 alias
1232 2225 1369 2261 licitum,
1394 2233 1471 2266 puta

408 2270 532 2301 fodiens
555 2277 670 2301 terram
689 2271 739 2301 vel
753 2270 918 2301 aedificans
936 2271 1079 2306 domum,
1097 2269 1195 2309 magis
1218 2270 1351 2309 impedit
1373 2269 1470 2300 finem

408 2315 503 2345 huius
527 2315 699 2355 praecepti:
731 2315 806 2355 quia
829 2315 961 2354 impedit
984 2322 1014 2344 et
1037 2324 1074 2344 ex
1103 2323 1215 2354 genere
1243 2314 1363 2353 operis,
1396 2315 1470 2355 quia

409 2359 483 2389 facit
506 2368 587 2398 opus
611 2359 736 2395 servile;
762 2366 791 2389 et
815 2369 850 2389 ex
878 2359 1076 2389 deformitate
1101 2358 1237 2398 peccati,
1263 2359 1338 2398 quia
1361 2366 1471 2399 peccat
1496 2361 1497 2368 ¹

409 2403 590 2433 mortaliter.
623 2403 686 2440 Qui
712 2409 816 2433 autem
841 2403 1010 2433 committit
1033 2402 1163 2442 aliquod
1187 2409 1353 2442 peccatum
1384 2413 1468 2433 mor-

409 2447 470 2477 tale
493 2447 610 2486 absque
635 2447 778 2477 exercitio
810 2447 1010 2483 mechanico,
1036 2446 1141 2476 solum
1170 2453 1306 2486 praestat
1335 2447 1469 2487 impedi-

410 2497 555 2521 mentum
577 2489 632 2520 fini
656 2491 812 2531 praecepti
835 2491 929 2521 huius
954 2501 990 2521 ex
1014 2497 1099 2530 parte
1123 2490 1253 2530 peccati.
1286 2491 1369 2521 Male
1393 2501 1469 2531 ergo

410 2535 523 2565 dicitur
546 2535 634 2575 quod
658 2535 757 2574 magis
781 2535 853 2565 facit
877 2543 983 2565 contra
1006 2535 1068 2565 hoc
1092 2542 1295 2574 praeceptum
1319 2535 1374 2575 qui
1397 2545 1470 2575 pec·
1495 2561 1496 2574 2

410 2586 458 2610 cat
481 2589 578 2619 quam
601 2578 656 2619 qui
679 2579 809 2609 laborat.

408 2763 572 2795 peccatum
597 2763 626 2786 et
650 2766 731 2795 opus
756 2756 991 2786 mechanicum:
1016 2756 1170 2796 quoniam
1193 2756 1254 2786 hoc
1279 2761 1359 2786 esset
1382 2765 1469 2786 com-

409 2810 516 2839 parare
540 2806 705 2840 peccatum
722 2800 779 2830 sibi
795 2800 855 2839 ipsi
876 2800 1045 2830 coniuncto
1070 2810 1143 2831 cum
1167 2800 1240 2831 alio.
1271 2800 1332 2830 Sed
1353 2809 1390 2830 ex
1407 2810 1470 2830 una
1495 2817 1496 2842 ᾗ

409 2850 495 2883 parte
518 2844 654 2874 sumitur
676 2851 841 2884 peccatum
865 2845 1016 2875 mortale:
1042 2851 1072 2874 et
1095 2854 1131 2874 ex
1154 2844 1213 2874 alia
1238 2854 1320 2884 opus
1344 2844 1469 2874 mecha·
1495 2849 1496 2875 ζ

409 2888 516 2918 nicum
540 2888 715 2919 secundum
738 2899 833 2918 suurn
856 2898 965 2928 genus.
991 2889 1078 2919 Haec
1101 2888 1186 2918 enim
1202 2889 1267 2919 duo
1291 2889 1469 2919 communi·
1495 2895 1496 2899 ¹

409 2939 478 2962 cant
504 2932 535 2961 in
564 2932 626 2962 hoc
654 2933 740 2972 quod
772 2939 943 2973 utrumque
972 2940 1017 2963 est
1046 2940 1154 2964 contra
1185 2933 1282 2963 finem
1311 2933 1468 2973 praecepti

408 2976 518 3006 huius:
544 2976 618 3016 quia
641 2983 812 3017 utrumque
831 2977 962 3016 impedit
979 2977 1118 3018 quietem
1137 2977 1250 3007 mentis
1274 2977 1306 3007 in
1323 2977 1403 3007 Deo.
1428 2977 1470 3007 Et

408 3020 480 3050 ideo
505 3026 676 3060 utrumque
706 3027 751 3050 est
774 3028 880 3051 contra
905 3021 965 3051 hoc
989 3029 1192 3061 praeceptum
1216 3022 1323 3062 quoad
1353 3020 1467 3058 finem,

410 3074 474 3094 non
499 3064 573 3103 quia
597 3064 808 3103 prohibitum:
833 3066 885 3095 sed
911 3076 927 3095 e
945 3072 1062 3101 contra,
1078 3066 1150 3096 ideo
1174 3066 1371 3106 prohibitum
1394 3065 1469 3106 quia

409 3108 629 3147 impeditivum
652 3107 732 3139 finis.
757 3109 818 3139 Sed
841 3110 915 3149 quia
940 3117 1026 3140 actus
1050 3110 1324 3149 peccatimortalis
1349 3119 1385 3140 ex
1409 3120 1468 3140 suo

411 3247 547 3279 ceptum,
564 3241 670 3281 quoad
693 3240 789 3271 finem
814 3242 890 3278 eius,
908 3242 963 3282 qui
987 3249 1095 3282 peccat
1111 3243 1284 3273 mortaliter
1299 3243 1396 3282 quam
1412 3242 1468 3283 qui

410 3284 571 3323 corporale
595 3295 677 3324 opus
701 3292 830 3316 exercet.

465 3328 514 3357 Ad
539 3329 749 3359 obiectionem
773 3339 846 3368 ergo
870 3330 901 3359 in
926 3330 1112 3370 oppositum
1136 3330 1249 3361 dicitur
1271 3331 1359 3370 quod
1386 3330 1467 3360 male

1066 207 1331 253 QUAESTlO
1361 206 1521 252 CXXII,
1551 205 1848 242 AR'l‘lCULUS
1879 205 1927 240 lV

1494 285 1496 297 ¹
1522 282 1690 321 gressionis
1719 282 1789 314 festi
1812 283 1845 312 in
1875 291 1970 323 opere
1994 281 2114 318 servili,
2140 288 2175 312 ut
2197 288 2421 321 argumentum
2444 279 2588 314 assumit-¹

1524 325 1690 365 Contingit
1713 336 1852 368 namque
1868 333 2033 366 peccatum
2057 326 2266 356 commissum
2281 325 2314 355 in
2330 325 2410 357 festo
2428 336 2495 357 esse
2517 337 2586 367 gra-

1522 369 1607 405 vius,
1633 377 1709 410 puta
1733 370 1962 411 blasphemiam
1984 370 2033 400 vel
2057 369 2169 400 odium
2192 369 2268 409 Dei:
2294 369 2448 410 contingit
2467 378 2497 401 et
2520 381 2587 401 esse

1522 413 1622 443 levius
1647 423 1683 444 ex
1706 424 1765 444 suo
1791 424 1918 454 genere,
1944 421 2021 454 puta
2047 414 2166 453 gulam.
2196 414 2418 453 Transgressio
2446 424 2586 455 namque

1524 457 1593 488 festi
1609 458 1785 498 opponitur
1801 459 1955 498 religioni,
1972 468 2053 498 quae
2077 465 2123 489 est
2138 458 2218 488 inter
2241 458 2425 498 praecipuas
2440 459 2585 489 virtutes:

1523 511 1560 532 ac
1583 511 1639 541 per
1653 502 1724 538 hoc,
1741 502 1821 533 inter
1836 502 1941 543 gravia
1957 509 2161 542 computatur
2183 509 2311 542 peccata
2329 512 2366 533 ex
2388 512 2448 533 suo
2462 512 2586 543 genere.

1523 546 1616 576 Unde
1640 553 1670 576 et
1700 556 1804 586 poena
1834 547 1944 577 mortis
1974 546 2096 587 primus
2123 547 2260 577 violator
2289 546 2418 578 affectus
2441 554 2504 583 est,
2528 548 2587 578 Le-

1525 590 1578 620 vit.
1602 600 1674 619 xxxv
1688 590 1714 621 *.

1579 634 1631 664 IV.
1658 634 1692 664 In
1708 634 1820 664 eodem
1837 635 1970 665 articulo
1987 641 2099 675 quarto
2116 634 2149 671 *,›
2161 635 2273 675 collige
2292 645 2389 676 opera
2412 634 2588 675 corporalia

1524 677 1607 708 licita
1622 677 1653 708 in
1670 677 1751 708 festo
1771 688 1852 719 quae
1868 678 1900 708 in
1915 678 2017 709 littera
2033 686 2208 719 ponuntur.
2225 679 2266 710 Et
2284 679 2424 710 invenies
2434 680 2543 720 primo
2557 678 2586 716 ⁴¹⁸,

1524 731 1620 761 opera
1644 722 1818 762 corporalia
1842 723 1880 752 ad
1904 723 2027 753 cultum
2049 723 2109 753 Dei
2131 723 2333 763 pertinentia:
2365 724 2511 764 exemplo
2534 733 2588 763 ge-

1524 766 1675 796 stantium
1699 776 1802 797 arcam
1825 766 1968 803 Domini,
1986 773 2016 797 et
2039 767 2228 798 violantium
2246 769 2411 799 sabbatum
2435 769 2505 799 sine
2527 768 2589 798 cri-

1524 820 1618 841 mme.

1579 855 1726 886 Secundo
1741 855 1768 892 *,
1790 855 1954 895 corporale
1970 854 2152 885 exercitium
2173 855 2402 896 cuiuscumque
2418 855 2588 896 spiritualis

1524 904 1629 930 actus:
1651 900 1796 940 exemplo
1821 899 1959 929 doctoris
1982 899 2080 929 verbo
2103 899 2154 929 vel
2177 898 2305 938 scripto.

1588 945 1694 975 Tertio
1709 943 1740 980 *,
1765 951 1852 974 actus
1877 943 2057 984 corporales
2081 943 2273 974 necessarios
2298 943 2336 973 ad
2361 944 2496 974 salutem
2521 953 2588 974 cor-

1524 989 1610 1030 poris
1633 988 1768 1029 proprii:
1794 988 1940 1028 exemplo
1964 988 2066 1023 Eliae,
2090 987 2374 1024 Machabaeorum,
2399 993 2429 1019 et
2451 987 2589 1028 discipu·

1524 1035 1630 1065 lorum
1655 1033 1782 1064 Christi.
2499 1030 2510 1037 ²

1583 1078 1708 1115 Quarto
1723 1077 1757 1113 *,
1782 1083 1869 1107 actus
1899 1076 2091 1107 necessarios
2119 1076 2159 1106 ad
2182 1076 2316 1107 salutem
2347 1076 2488 1116 corporis
2516 1085 2590 1116 pro-

1523 1122 1615 1152 ximi:
1648 1122 1792 1162 exemplo
1825 1120 1955 1156 Christi,
1991 1121 2046 1161 qui
2080 1126 2179 1151 totum
2209 1121 2367 1151 hominem
2402 1121 2529 1152 curavit
2555 1121 2588 1151 in

1523 1165 1663 1197 sabbato.
1971 1169 1973 1172 '

1583 1210 1702 1246 Quinto
1725 1208 1758 1245 *,
1789 1215 1876 1239 actus
1906 1209 2085 1248 corporales
2115 1216 2316 1249 opportunos
2346 1209 2385 1239 ad
2417 1208 2589 1239 imminens

1524 1255 1679 1284 damnum
1707 1253 1867 1284 exterioris
1894 1252 1938 1282 rei
1964 1252 2143 1283 vitandum:
2178 1254 2324 1294 exemplo
2352 1253 2526 1284 levantium
2555 1252 2590 1283 in

1523 1299 1653 1329 sabbato
1678 1307 1772 1327 ovem
1795 1307 1877 1338 quae
1901 1297 2021 1328 cecidit.

1579 1343 1677 1373 Sexto
1692 1341 1718 1377 *,
1739 1351 1875 1382 coquere
1896 1341 1993 1377 cibos,
2006 1341 2150 1371 itinerare
2175 1348 2205 1372 et
2227 1341 2431 1372 huiusmodi:
2455 1351 2492 1372 ex
2513 1351 2590 1372 con-

1523 1386 1691 1417 suetudine
1715 1385 1828 1426 populi
1852 1385 2032 1416 Christiani.
2452 1413 2454 1415 ,

1579 1431 1717 1471 Septimo
1736 1430 1762 1467 *,
1787 1430 1915 1471 piscari:
1941 1440 1977 1460 ex
2000 1429 2197 1469 indulgentia
2220 1429 2378 1460 Ecclesiae
2394 1429 2590 1471 quandoque

1525 1474 1743 1516 dispensantis.

1580 1519 1672 1550 Ratio
1697 1518 1790 1558 primi
1815 1525 1862 1548 est
1884 1518 1960 1558 quia
1982 1524 2188 1558 praeceptum
2211 1518 2251 1548 de
2274 1518 2404 1548 sabbato
2428 1527 2495 1548 non
2513 1517 2590 1549 con'-

1524 1564 1668 1595 trariatur
1691 1563 1774 1594 actui
1802 1562 1973 1602 religionis.
1997 1580 2018 1585 -
2042 1563 2134 1593 Ratio
2166 1562 2296 1593 secundi
2326 1569 2372 1593 est
2400 1562 2476 1603 quia
2502 1569 2591 1594 actus

1525 1608 1701 1649 spirituales
1729 1614 1802 1638 sunt
1823 1606 1900 1637 liciti
1923 1606 1956 1636 in
1986 1606 2078 1637 festo.
2103 1624 2124 1630 -
2147 1607 2241 1637 Ratio
2272 1606 2355 1638 tertii
2379 1613 2410 1638 et
2433 1607 2537 1648 quarti
2560 1613 2592 1639 et

1525 1653 1627 1694 quinti
1652 1658 1697 1682 est
1716 1652 1791 1693 quia
1815 1658 1902 1681 actus
1926 1651 2002 1681 tales
2026 1661 2092 1681 non
2113 1658 2187 1682 sunt
2206 1651 2342 1687 serviles,
2367 1651 2422 1681 sed
2445 1661 2591 1683 commu-

1525 1708 1580 1728 nes
1604 1696 1707 1727 liberis
1724 1703 1755 1726 et
1770 1695 1875 1731 servis,
1890 1695 2044 1735 quoniam
2061 1695 2194 1736 quilibet
2210 1696 2302 1726 debet
2321 1695 2393 1725 illos
2408 1705 2558 1726 exercere.
2570 1713 2590 1718 ——

1526 1741 1619 1772 Ratio
1643 1740 1719 1771 sexti
1737 1747 1767 1771 et
1785 1739 1910 1780 septimi
1933 1746 1979 1770 est
1998 1739 2073 1780 quia
2092 1749 2158 1770 non
2182 1747 2229 1770 est
2246 1740 2290 1771 ita
2310 1746 2393 1770 arcta
2410 1739 2590 1771 observatio

1525 1786 1679 1816 festorum
1704 1785 1736 1815 in
1759 1785 1827 1824 lege
1851 1784 1967 1823 gratiae
1992 1784 2073 1815 sieut
2095 1791 2160 1814 erat
2182 1784 2215 1814 in
2238 1784 2307 1824 lege
2330 1784 2455 1824 scripta.

1580 1830 1617 1861 V.
1648 1830 1688 1859 Et
1718 1828 1874 1870 quoniam
1904 1828 2126 1868 ambiguitates
2157 1828 2237 1858 circa
2267 1828 2504 1859 observationes
2533 1837 2590 1859 seu

1524 1874 1712 1904 violationes
1742 1873 1897 1903 festorum
1921 1882 2110 1903 communes
2134 1882 2170 1903 ac
2194 1872 2373 1913 frequentes
2397 1878 2487 1908 sunt,
2516 1872 2590 1903 ideo

1524 1918 1618 1949 latius
1643 1918 1765 1958 singula
1782 1917 1977 1948 discutienda
2001 1924 2075 1947 sunt
2090 1916 2116 1950 *.
2142 1918 2226 1948 Ante
2242 1916 2352 1948 omnia
2375 1923 2492 1954 autem,
2513 1916 2591 1948 scire

1525 1969 1652 2003 oportet
1679 1962 1782 2003 quod,
1807 1962 1888 1991 ultra
1921 1968 2125 2001 praeceptum
2156 1961 2195 1991 de
2227 1961 2401 1992 cessatione
2431 1961 2470 1992 ab
2501 1959 2591 1992 omni

1525 2017 1621 2048 opere
1645 2006 1758 2042 servili,
1785 2016 1820 2036 ex
1843 2005 1939 2036 veteri
1970 2006 2038 2046 lege
2069 2012 2234 2045 acceptum
2259 2013 2289 2037 et
2319 2006 2357 2036 ab
2381 2004 2522 2036 Ecclesia
2544 2015 2591 2036 re-

1525 2057 1689 2087 novatum,
1714 2058 1749 2080 ut
1773 2057 1858 2090 patet
1880 2049 1912 2079 in
1933 2060 2001 2090 cap.
2025 2051 2131 2087 Licet,
2156 2050 2266 2086 Extra,
2291 2050 2331 2080 de
2353 2050 2477 2088 Feriis‚·
2506 2049 2591 2080 inve-

1525 2096 1631 2126 nimus
1655 2095 1828 2126 Ecclesiam
1862 2095 1963 2125 multa
1987 2094 2047 2124 alia
2077 2104 2174 2134 opera
2197 2094 2228 2124 in
2260 2094 2346 2124 festis
2369 2094 2530 2130 inhibere,
2554 2100 2591 2130 ut

1524 2147 1610 2180 patet
1633 2139 1750 2170 ibidem
1773 2139 1806 2169 in
1830 2149 1897 2178 cap.
1926 2138 2055 2176 Omnes,
2073 2146 2103 2169 et
2126 2139 2159 2169 in
2183 2149 2250 2178 cap.
2275 2138 2485 2179 conquestus.
2506 2138 2591 2171 Nam

1524 2184 1566 2215 ibi
1591 2184 1733 2225 quinque
1757 2183 1981 2223 prohibentur:
2008 2183 2124 2214 scilicet
2147 2189 2333 2219 mercatum,
2353 2182 2518 2223 placitum,
2541 2182 2591 2215 iu-

1525 2229 1643 2259 dicium
1659 2228 1770 2263 mortis
1786 2228 1836 2258 vel
1855 2237 1986 2267 poenae,
2005 2235 2035 2258 et
2057 2227 2272 2258 iuramentum
2289 2228 2350 2258 nisi
2359 2237 2424 2267 pro
2433 2236 2518 2267 pace
2541 2227 2592 2259 rel

1496 2303 1498 2308 ,
1523 2274 1589 2303 αΙία
1614 2273 1817 2303 necessitate:
1840 2279 1870 2302 et
1892 2272 2047 2302 iudicialis
2071 2272 2219 2311 strepitus
2242 2271 2402 2302 intantum
2430 2271 2591 2312 quiescere

1523 2318 1649 2348 iubetur
1682 2324 1717 2347 ut
1747 2316 1927 2347 annulletur
1956 2323 2022 2347 tam
2050 2326 2216 2356 processus
2241 2316 2366 2346 habitus
2390 2325 2490 2356 quam
2518 2325 2589 2347 sen-

1523 2362 1620 2392 tentia
1648 2361 1849 2400 promulgata
1872 2360 1903 2390 in
1936 2360 2032 2396 festo,
2058 2361 2151 2391 etiam
2180 2361 2219 2391 de
2243 2370 2400 2391 consensu
2433 2359 2588 2400 partium,

1524 2407 1586 2436 nisi
1603 2406 1773 2436 necessitas
1789 2410 1907 2445 urgeat
1922 2410 1980 2435 aut
1989 2405 2096 2444 pietas
2110 2405 2255 2436 suadeat.
2281 2404 2367 2436 Cum
2382 2404 2478 2444 igitur
2500 2413 2588 2444 prae·

1524 2457 1652 2490 ceptum
1676 2450 1714 2479 de
1740 2449 1959 2479 observatione
1989 2448 2160 2485 festorum,
2186 2455 2344 2489 quantum
2367 2448 2407 2478 ad
2435 2448 2590 2488 temporis

1522 2501 1552 2524 et
1576 2504 1711 2533 operum
1735 2493 2040 2528 determinationem,
2065 2492 2104 2523 sit
2128 2503 2193 2523 non
2218 2493 2257 2523 de
2275 2493 2344 2523 iure
2368 2492 2476 2522 divino
2500 2490 2591 2535 (quia

1522 2538 1565 2568 sic
1585 2544 1650 2568 erat
1669 2537 1905 2572 caeremoniale,
1930 2543 1961 2567 et
1983 2535 2138 2578 cessavit),
2162 2537 2216 2567 sed
2232 2547 2273 2567 ex
2287 2537 2452 2567 Ecclesiae
2475 2537 2601 2568 consti—x

1495 2580 1497 2623 ξ
1523 2583 1644 2612 tutione
1658 2587 1688 2612 et
1702 2581 1930 2612 consuetudine
1943 2581 1979 2611 *z
2005 2588 2112 2621 posset
2135 2581 2221 2611 enirn
2235 2581 2375 2612 Ecclesia
2399 2581 2487 2613 aliter
2509 2588 2589 2612 tem-

464 2623 514 2653 Ad
538 2623 598 2653 hoc
622 2623 734 2653 dicitur
757 2623 845 2663 quod
878 2633 952 2653 cum
976 2622 1170 2663 comparatio
1199 2622 1304 2652 omnis
1327 2622 1367 2653 sit
1389 2622 1470 2653 inter
1495 2630 1496 2633 ¹

410 2667 566 2703 distincta,
592 2674 622 2698 et
645 2677 710 2698 non
736 2667 815 2698 inter
846 2667 930 2697 idem
956 2674 985 2697 et
1009 2667 1166 2707 seipsum,
1192 2677 1257 2696 non
1281 2673 1327 2697 est
1355 2667 1388 2697 in
1411 2667 1470 2698 hac
1495 2660 1497 2683 Ξ

409 2711 644 2751 comparatione
668 2712 860 2742 sumendum
881 2722 917 2742 ex
934 2721 996 2741 una
1013 2718 1100 2751 parte
1116 2718 1290 2751 peccatum,
1312 2718 1342 2741 et
1358 2721 1394 2741 ex
1410 2711 1470 2741 alia
1495 2709 1496 2732 ἲ

1523 2636 1583 2666 pus
1607 2626 1757 2656 festivum
1787 2625 1968 2661 decernere,
1994 2632 2071 2665 puta
2099 2625 2188 2665 quod
2221 2635 2323 2665 usque
2352 2625 2392 2655 ad
2422 2624 2589 2656 meridiem

1522 2677 1648 2701 tantum
1671 2677 1752 2700 esset
1774 2669 1905 2705 festum;
1935 2676 1965 2699 et
1988 2669 2131 2700 similiter
2154 2676 2312 2710 quantum
2336 2669 2376 2700 ad
2399 2679 2506 2709 opera,
2523 2676 2588 2701 tam

1522 2714 1674 2755 positiva,
1699 2721 1776 2753 puta
1806 2720 1929 2744 mutare
1958 2720 2163 2753 praeceptum
2193 2714 2232 2744 de
2262 2713 2426 2744 auditione
2457 2713 2588 2751 missae,

1523 2769 1621 2799 quam
1644 2758 1802 2798 negativa,
1828 2764 1905 2797 puta
1938 2758 2109 2788 concedere
2140 2758 2246 2799 aliqua
2276 2758 2349 2789 talia
2379 2767 2476 2798 opera
2506 2766 2589 2798 quae

1523 2813 1607 2834 nunc
1631 2809 1705 2833 sunt
1729 2802 1901 2842 prohibita:
1926 2819 1946 2824 —-
1971 2809 2002 2832 et
2023 2802 2096 2833 licet
2119 2803 2227 2843 quoad
2255 2812 2352 2842 opera
2382 2802 2471 2832 nulla
2492 2811 2588 2842 appa-

1522 2854 1586 2878 reat
1610 2847 1782 2877 necessaria
1805 2846 1958 2882 mutatio,
1982 2847 2090 2886 quoad
2114 2853 2242 2887 tempus
2265 2853 2390 2883 tamen,
2411 2846 2521 2877 multis
2543 2846 2590 2878 vi·-

1523 2892 1614 2922 detur
1639 2891 1727 2932 quod
1758 2898 1919 2931 oporteret
1948 2890 2065 2921 festum
2094 2900 2161 2922 esse
2189 2891 2295 2922 solum
2326 2899 2433 2922 mane:
2465 2897 2496 2922 et
2525 2890 2588 2923 hoc

1522 2943 1651 2976 propter
1674 2935 1887 2966 communiter
1910 2935 2091 2971 accidentia,
2109 2935 2183 2976 quia
2207 2942 2280 2975 post
2302 2935 2471 2975 prandium
2491 2934 2524 2965 in
2544 2934 2588 2966 fe·-

1522 2980 1575 3010 stis
1600 2979 1813 3010 communiter
1836 2979 2081 3010 committuntur
2103 2979 2225 3010 infinita
2251 2987 2388 3020 peccata,
2412 2989 2494 3020 quae
2518 2978 2588 3010 aliis

1522 3024 1632 3054 diebus
1657 3034 1721 3055 non
1746 3023 1842 3059 fiunt,
1868 3033 1926 3055 nec
1955 3023 2066 3055 fierent
2089 3023 2114 3054 si
2138 3024 2245 3055 liceret
2267 3024 2424 3054 laborare:
2449 3040 2471 3047 -
2489 3023 2585 3064 quia,

1493 3084 1495 3108 3
1521 3068 1668 3109 inquam,
1693 3074 1897 3108 praeceptum
1921 3068 1983 3099 hoc
2010 3068 2196 3099 huiusmodi
2224 3074 2284 3105 est,
2313 3077 2512 3108 consequens
2539 3073 2588 3098 est

1493 3114 1495 3147 ἕ
1521 3120 1557 3144 ut
1580 3113 1645 3143 duo
1669 3122 1783 3152 genera
1806 3122 1943 3152 operum
1966 3112 2164 3143 inveniamus
2180 3112 2213 3143 in
2229 3112 2310 3143 festo
2334 3111 2504 3152 prohibita:
2529 3111 2588 3142 sci-

409 3161 520 3191 genere
544 3152 615 3192 plus
640 3153 844 3183 contrariatur
868 3153 965 3193 quieti
982 3154 1095 3184 mentis
1119 3154 1150 3184 in
1174 3155 1243 3185 Deo
1267 3163 1364 3194 quarn
1381 3161 1468 3184 actus
1493 3164 1494 3175 ¹

410 3195 636 3226 exercitationis
653 3197 862 3233 mechanicae,
880 3197 952 3227 ideo
977 3198 1075 3237 magis
1099 3198 1162 3238 agit
1178 3205 1285 3229 contra
1305 3198 1366 3229 hoc
1381 3208 1468 3238 prae-
1493 3196 1494 3229 ζ

411 3372 506 3401 sumit
530 3379 665 3403 extrema
693 3374 945 3412 comparationis.
976 3375 1140 3411 Quoniam
1165 3375 1215 3405 hic
1245 3382 1468 3414 comparantur
1493 3373 1494 3378 ¹

410 3415 485 3444 haec
509 3416 573 3445 duo
597 3426 710 3455 genera
739 3417 1040 3456 impedimentorum
1068 3418 1138 3448 finis
1167 3419 1323 3459 praecepti
1354 3419 1465 3454 huius,
1492 3433 1493 3438 ¹

410 3466 445 3488 ut
468 3466 552 3498 patet
576 3470 610 3489 ex
635 3461 753 3490 ratione
774 3471 853 3501 quae
877 3461 908 3491 in
932 3462 1032 3492 littera
1055 3463 1204 3499 redditur,
1222 3462 1338 3494 scilicet
1363 3473 1399 3492 ex
1422 3473 1467 3492 ra·
1492 3467 1493 3471 ¹

410 3502 494 3532 tione
518 3504 634 3542 peccati
658 3511 687 3534 et
711 3515 746 3534 ex
771 3505 888 3535 ratione
906 3506 1076 3545 corporalis
1101 3507 1218 3546 operis:
1245 3514 1274 3538 et
1298 3517 1362 3537 non
1380 3517 1465 3537 com-

410 3553 558 3585 parantur
573 3555 735 3587 peccatum
754 3549 959 3579 commissum
979 3550 1010 3579 in
1031 3550 1109 3580 festo
1127 3558 1157 3581 et
1179 3559 1344 3591 peccatum
1368 3557 1464 3581 trans-

1519 3157 1593 3188 licet
1616 3167 1713 3197 opera
1735 3156 1870 3193 servilia;
1903 3164 1933 3187 et
1961 3157 2119 3197 quaedam
2143 3166 2209 3187 non
2232 3156 2374 3192 servilia,
2398 3166 2480 3196 quae
2509 3165 2586 3186 enu-

1521 3201 1713 3231 meravimus
1737 3211 1774 3231 ex
1797 3207 1882 3231 textu
1902 3201 2126 3232 Decretalium.

1538 3250 1541 3253 ’
1575 3245 1628 3276 VI.
1653 3245 1773 3276 Verum
1805 3245 1880 3285 quia
1910 3245 1943 3275 in
1972 3245 2100 3276 duobus
2129 3245 2278 3285 operibus
2309 3254 2375 3275 non
2405 3243 2585 3280 servilibus,

1521 3289 1637 3319 scilicet
1652 3289 1831 3320 iuramento
1856 3295 1886 3319 et
1909 3289 2047 3319 iudiciali
2064 3299 2214 3329 processu
2239 3299 2294 3319 seu
2315 3288 2478 3324 sententia,
2500 3297 2586 3319 exce-

1521 3333 1588 3373 ptio
1610 3332 1644 3363 fit
1664 3344 1795 3364 casuum
1813 3333 2003 3364 necessitatis
2027 3340 2057 3364 et
2076 3334 2217 3374 pietatis;
2241 3333 2313 3364 ideo
2330 3332 2436 3364 statim
2451 3331 2585 3363 dubium

1522 3378 1695 3416 consurgit,
1728 3388 1767 3407 an
1798 3377 1907 3407 similis
1939 3377 2080 3417 exceptio
2111 3377 2314 3418 intelligenda
2342 3377 2382 3407 sit
2412 3377 2446 3406 in
2476 3375 2586 3406 ceteris

1520 3421 1696 3461 prohibitis,
1721 3429 1787 3452 tarn
1811 3421 1974 3452 servilibus
1991 3432 2088 3462 quam
2109 3432 2175 3452 non
2199 3421 2373 3452 servilibus.
2397 3420 2438 3450 Et
2454 3426 2501 3450 est
2522 3420 2585 3450 hoc

1521 3476 1679 3506 quaerere,
1703 3476 1743 3496 an
1767 3473 1896 3505 propter
1920 3466 2137 3496 necessitatem
2160 3466 2210 3496 vel
2234 3465 2384 3506 pietatem
2399 3463 2522 3494 licitum
2546 3464 2586 3494 sit

1520 3509 1552 3539 in
1569 3510 1653 3540 festis
1670 3510 1769 3540 facere
1785 3510 2014 3550 quodcumque
2031 3509 2207 3550 oportuerit
2222 3509 2272 3540 vel
2287 3508 2458 3549 expedierit
2473 3507 2584 3539 facere.

1575 3554 1615 3584 Et
1635 3561 1680 3584 est
1708 3554 1785 3584 ratio
1811 3554 1912 3590 dubii,
1937 3560 2006 3584 tum
2030 3554 2105 3594 quia
2129 3553 2270 3594 exceptio
2303 3552 2336 3582 in
2364 3552 2585 3583 numeratione

2614 584 2625 595 ⁸
2638 584 2706 606 Num.
2722 591 2772 613 cap.
2787 592 2826 613 xv,

2614 617 2674 633 vei-ez
2689 617 2715 640 3²
2729 618 2782 640 sqq.

2614 641 2657 663 *In
2668 648 2730 670 resp.
2738 644 2766 664 ad
2773 649 2794 672 3,
2802 650 2826 670 4.

2615 677 2626 688 ⁸
2640 676 2677 699 Cf.
2692 683 2756 700 num.
2776 684 2826 700 vui.

2615 862 2626 873 ⁹
2639 862 2675 884 cf.
2690 868 2757 886 num.
2770 868 2794 884 x.

2614 947 2626 959 ⁸
2641 946 2677 970 Cf.
2692 953 2757 970 num.
2766 954 2819 971 xm.

2615 1081 2625 1090 '
2640 1079 2678 1102 Cs-
2691 1079 2750 1103 ibid.

2617 1213 2626 1222 ”
2639 1210 2676 1235 Cf.
2690 1211 2748 1235 ibid.

2615 1345 2627 1356 ⁸
2641 1344 2678 1367 Cf.
2692 1350 2757 1366 num.
2771 1351 2819 1366 xrv.

2617 1433 2626 1442 ·
2641 1431 2678 1454 Cf.
2692 1430 2757 1454 num.
2771 1437 2820 1453 xvi.

2618 1928 2627 1938 '
2642 1926 2679 1950 Cf.
2699 1933 2763 1949 num.
2780 1933 2830 1949 vin.

2617 2586 2627 2595 ¹
2640 2583 2710 2612 Reop.
2724 2583 2753 2606 ad
2766 2590 2789 2610 4.
