2860 4244
173 1750 185 1761 ¹⁸
200 1750 267 1772 Vers.
282 1757 305 1777 4.

176 2015 185 2023 ⁸
206 2014 262 2036 Can.
283 2014 312 2035 Si
332 2014 385 2041 quis

174 2040 276 2062 abscidit
298 2046 350 2067 sqq.

175 2068 195 2078 '¹
207 2068 238 2089 Ca
257 2083 262 2088 .
271 2057 308 2088 Ex
313 2068 387 2094 parte

174 2094 234 2115 Bart
250 2094 290 2121 ol„
302 2099 353 2121 sqq.

178 2514 246 2536 ¹Vid.
256 2515 389 2537 Comment-

178 2541 249 2563 Caiet.
256 2544 310 2569 post
318 2545 359 2563 art.
368 2547 388 2569 3.

178 2675 187 2685 ⁸
202 2674 269 2695 Vers.
283 2681 307 2701 4.

179 2785 188 2794 ⁴
204 2784 271 2805 Vei-s.
286 2789 308 2811 9.

179 3044 391 3092 *gapffiximmflm

180 3083 190 3087 -
217 3085 223 3091 .
270 3073 391 3096 ,ect.11v,

179 3104 208 3118 XV

278 3123 292 3157 β

182 3424 190 3431 ·
197 3424 244 3450 Qu.
250 3426 392 3449 xxxn‚art.2.

425 229 473 265 80

1105 228 1371 275 QUAESTIO
1401 229 1520 275 LXV,
1551 230 1846 268 ARTICULUS
1877 233 1907 268 ΙΙ

423 308 490 344 sed
519 308 566 344 ad
596 308 718 356 ipsam
738 306 750 328 θ
778 307 901 355 potius
931 306 1060 343 omnia
1080 318 1178 354 quae
1207 313 1293 342 sunt
1314 306 1481 342 hominis
1507 307 1510 347 Ι
1535 307 1621 344 licet
1648 310 1867 346 membrum
1896 310 2114 359 praecidere
2143 318 2299 359 propter
2325 311 2597 362 quodcumque

423 360 655 397 ordinantur.
687 361 735 397 Et
753 360 839 397 ideo
868 359 1017 407 privare
1038 359 1203 407 aliquem
1221 358 1297 395 vita
1319 358 1357 394 in
1378 359 1480 395 nullo

424 425 513 449 casu
540 413 701 461 pertinet
734 413 780 449 ad
810 412 974 459 aliquem
1004 411 1074 447 nisi
1108 411 1156 448 ad
1185 411 1378 459 publicam
1413 423 1481 460 po-

422 465 703 512 testatem,·cui
733 464 978 501 committitur
1004 464 1222 512 procuratio
1257 463 1348 501 boni
1378 476 1482 501 com-

422 518 557 555 munis.
589 519 666 554 Sed
690 516 874 566 praecisio
904 516 1068 553 membri
1095 524 1220 565 potest
1249 517 1414 554 ordinari
1434 517 1482 554 ad

420 571 615 619 propriam
631 571 792 608 salutem
807 569 917 605 unius
930 569 1109 606 hominis.
1137 570 1186 606 Et
1200 569 1287 607 ideo
1303 570 1340 606 in
1356 570 1481 618 aliquo

422 636 511 660 casu
538 630 662 671 potest
691 623 739 659 ad
767 622 892 670 ipsum
921 622 1121 670 pertinere.

473 678 531 712 AD
551 687 709 711 TERTIUM
737 687 922 711 DICENDUM
943 675 1047 723 quod
1076 675 1298 712 membrum
1320 688 1399 712 non
1428 683 1483 712 est

419 728 716 777 praecidendum
746 734 901 775 propter
921 728 1159 776 corporalem
1188 729 1347 765 salutem
1370 729 1483 765 totius

419 781 488 817 nisi
516 780 669 828 quando
700 780 803 816 aliter
823 780 890 817 toti
919 780 1114 817 subveniri
1142 793 1221 818 non
1249 789 1385 830 potest.
1416 782 1483 818 Sa-

419 833 484 870 luti
513 841 641 869 autem
670 833 850 882 spirituali
879 845 1032 882 semper
1059 841 1185 882 potest
1213 835 1318 871 aliter
1346 835 1484 871 subve-

418 886 489 922 niri
518 898 635 935 quam
664 898 733 935 per
760 886 924 923 membri
951 886 1250 935 praecisionem:
1282 887 1370 935 quia
1397 900 1485 936 pec-

419 946 545 976 catum
574 939 744 976 subiacet
771 939 969 976 voluntati.
1000 941 1050 976 Et
1077 940 1164 977 ideo
1194 940 1232 976 in
1261 941 1365 977 nullo
1396 953 1485 977 casu

471 1077 494 1112 θ)
516 1080 640 1111 ipsam.-
659 1080 717 1111 ipsa
735 1080 941 1112 ABCEFHKpK.
969 1081 1053 1112 ipsum
1074 1081 1108 1112 L3
1138 1089 1185 1113 pro
1204 1081 1308 1110 omnia,
1332 1080 1483 1105 communia

418 1115 493 1145 HsC;
514 1123 560 1147 pro
579 1115 701 1144 hominis,
716 1115 778 1140 boni
791 1116 839 1147 pA,
859 1116 927 1140 bona
942 1116 971 1146 Β,
991 1116 1065 1140 bonis
1084 1116 1174 1148 Fpr,
1195 1116 1256 1141 boni
1271 1115 1418 1141 communis
1433 1117 1482 1146 sA;

418 1158 465 1182 pro
485 1150 655 1180 ordinantur,
676 1150 820 1175 ordinatur
839 1151 1036 1183 ABEFIKstx
1055 1155 1080 1175 et
1098 1159 1124 1176 a.

1535 368 1736 408 peccatum
1764 362 1975 399 vitandum.
2011 363 2121 400 Unde
2152 364 2462 412 Chrysostomus,
2483 377 2599 414 expo-

1537 425 1631 449 nens
1660 413 1751 451 illud
1779 415 1912 452 Matth.
1933 427 1994 452 X1x
2011 415 2043 461 ²⁸,
2074 416 2169 452 Sunt
2195 417 2357 453 eunuchi
2373 418 2440 465 qui
2461 419 2600 467 seipsos

1535 471 1797 504 castraverunt
1824 474 1983 516 propter
2018 480 2182 518 regnum
2210 469 2424 515 caelorum,
2455 471 2543 508 dicit
2560 471 2599 508 *ε

1536 518 1627 554 Non
1647 521 1904 557 membrorum
1924 527 1931 542 ⁸
1960 521 2216 566 abscisionem,
2238 522 2304 558 sed
2325 522 2516 560 malarum
2541 535 2602 560 co-

1535 571 1760 620 gitationum
1780 573 2111 621 interemptionem.
2140 574 2403 612 Maledictioni
2428 576 2527 612 enim
2551 582 2605 612 est

1537 624 1722 660 obnoxius
1742 626 1808 672 qui
1825 627 2036 663 membrum
2056 627 2232 664 abscidit:
2260 628 2395 665 etenim
2415 639 2512 676 quae
2538 629 2603 665 ho-

1537 677 1762 713 micidarum
1789 684 1877 714 sunt
1903 679 1986 715 talis
2009 681 2219 729 praesumit
2232 685 2258 717 ².
2290 681 2339 717 Et
2361 689 2495 730 postea
2516 682 2604 718 sub-

1538 729 1610 766 dit:
1640 730 1776 777 Neque
1803 732 2100 779 concupiscentia
2124 734 2356 770 mansuetior
2380 735 2431 771 ita
2448 735 2510 782 fit,
2540 734 2606 771 sed

1537 782 1736 819 molestior.
1766 783 1930 820 Aliunde
1948 785 2047 821 enim
2066 786 2316 833 habetfontes
2332 799 2484 835 sperma
2503 788 2605 835 quod

1538 835 1574 872 in
1605 836 1709 872 nobis
1737 841 1801 881 est,
1831 841 1868 872 et
1877 837 2083 885 praecipue
2106 850 2130 874 a
2144 840 2340 886 proposito
2362 840 2607 877 incontinenti

1538 894 1574 924 et
1591 894 1712 925 mente
1731 888 1961 938 negligente:
1988 901 2056 926 nec
2075 890 2126 927 ita
2145 891 2303 928 abscisio
2322 893 2485 930 membri
2502 905 2606 930 com-

1534 942 1668 988 primit
1695 942 1923 987 tentationes,
1945 947 1986 978 ut
2011 943 2248 992 cogitationis
2268 946 2444 992 frenum.

1590 1081 1608 1113 ι)
1628 1082 1816 1107 membrorum.
1830 1096 1849 1101 -
1860 1090 1914 1114 per
1933 1083 2111 1108 membrorum
2131 1084 2177 1114 Pa,
2198 1085 2376 1110 membrorum
2397 1085 2463 1111 dicit
2481 1086 2526 1111 sC.

1589 1116 1615 1148 κ)
1633 1124 1729 1148 quae...
1750 1118 1910 1148 praesumit.
1926 1131 1946 1137 —
1965 1119 2010 1150 qui
2028 1119 2177 1144 homicidae
2201 1123 2263 1144 sunt
2287 1120 2354 1145 talia
2373 1121 2443 1151 (tale
2461 1121 2501 1153 G)
2523 1128 2606 1153 prae-

1534 1156 1644 1177 sumunt
1662 1152 1792 1183 ABFGIa,
1811 1153 1961 1178 homicidae
1979 1157 2043 1178 sunt
2061 1155 2107 1186 qui
2126 1155 2193 1179 talia
2209 1159 2389 1187 praesumunt
2407 1156 2480 1182 PKa.

1094 1229 1430 1262 Commentaria.
1453 1228 1707 1261 Cardinalis
1730 1229 1932 1263 Caietam
1971 1262 1973 1265 ,

446 1320 466 1340 N
488 1309 619 1340 articulo
643 1309 746 1349 primo
771 1309 964 1349 quaestionis
982 1309 1322 1349 sexagesimaequintae
1346 1309 1480 1340 dubium

420 1322 584 1384 Ioccurrit
617 1353 694 1393 quid
725 1353 856 1383 nomine
887 1353 1020 1383 membri
1049 1353 1082 1383 in
1113 1353 1243 1383 materia
1273 1353 1483 1384 mutilationis

414 1397 616 1437 intelligatur.
646 1395 688 1426 Et
711 1403 756 1427 est
779 1397 859 1427 ratio
883 1396 972 1427 dubii
995 1397 1071 1437 quia
1094 1397 1226 1438 quidam
1249 1397 1363 1428 volunt
1392 1398 1482 1438 quod

415 1442 595 1472 membrum
624 1440 751 1481 proprie
782 1441 821 1471 sit
848 1441 1029 1471 membrum
1056 1441 1229 1482 principale
1262 1442 1351 1482 quod
1388 1441 1483 1472 habet

414 1485 565 1521 officium,
591 1491 627 1515 ut
649 1494 704 1524 pes
728 1485 768 1515 ad
791 1485 1032 1522 ambulandum,
1050 1492 1107 1516 etc.
1134 1485 1174 1516 Et
1198 1496 1235 1516 ex
1258 1485 1320 1516 hoc
1342 1485 1483 1516 inferunt

413 1529 502 1571 quod
526 1528 641 1569 digitus
671 1538 737 1559 non
761 1535 808 1559 est
829 1530 1021 1560 membrum.
1052 1547 1073 1553 -
1104 1530 1139 1560 In
1163 1530 1350 1570 oppositum
1374 1536 1481 1561 autem

414 1580 460 1605 est
483 1574 558 1614 quia
581 1573 723 1603 membra
738 1579 813 1604 sunt
837 1583 873 1604 ex
896 1574 1012 1614 quibus
1035 1574 1195 1614 integritas
1220 1574 1361 1614 corporis
1384 1574 1483 1606 totius

415 1617 586 1657 consurgit.
618 1617 754 1648 Constat
780 1624 886 1649 autem
918 1628 984 1648 non
1009 1628 1075 1648 esse
1097 1618 1256 1659 integrum
1284 1628 1401 1659 corpus
1432 1619 1483 1649 cui

415 1663 502 1693 deest
524 1672 608 1692 unus
633 1661 759 1701 digitus.

469 1706 520 1736 Ad
544 1706 605 1736 hoc
629 1705 743 1736 dicitur
765 1705 864 1746 quod,
890 1716 964 1736 cum
979 1706 1161 1736 membrum
1184 1706 1224 1737 sit
1245 1706 1359 1746 procul
1383 1706 1482 1737 dubio

414 1760 485 1790 pars
507 1750 625 1780 habens
641 1755 757 1786 actum,
774 1749 860 1780 iuxta
874 1749 953 1780 illud
968 1750 1012 1780 ad
1026 1750 1118 1781 Rom.
1135 1761 1178 1780 xn
1193 1750 1219 1787 *,
1240 1750 1358 1781 Omnia
1373 1756 1481 1781 autem

414 1793 556 1825 membra
580 1803 643 1824 non
668 1793 801 1824 eundem
825 1799 931 1824 actum
957 1794 1091 1831 habent;
1121 1801 1152 1825 et
1179 1794 1212 1824 in
1235 1794 1303 1825 iure
1327 1795 1483 1826 canonico

413 1839 495 1870 inter
518 1839 661 1868 membra
691 1844 919 1878 computentur
941 1847 1007 1868 non
1031 1838 1139 1869 solum
1166 1839 1310 1869 membra
1336 1839 1483 1870 habentia

413 1890 502 1914 actus
525 1882 702 1922 separatim,
728 1883 783 1912 sed
806 1882 1013 1918 coniunctim,
1033 1888 1069 1913 ut
1087 1890 1174 1923 patet
1190 1883 1228 1913 de
1244 1882 1387 1920 testibus,
1403 1893 1484 1924 quo-

413 1937 486 1958 rum
510 1926 652 1957 officium
675 1936 741 1957 non
758 1926 819 1956 nisi
841 1926 1030 1966 genitalibus
1047 1934 1206 1958 exercetur
1229 1926 1382 1970 (eunuchi
1398 1938 1483 1958 nam-

414 1981 476 2012 que
500 1970 581 2001 inter
604 1970 768 2001 mutilatos
792 1977 1034 2010 computantur:
1059 1977 1095 2002 ut
1117 1978 1204 2011 patet
1227 1979 1257 2002 et
1278 1971 1311 2001 in
1327 1972 1483 2010 Decretis,

413 2015 483 2045 dist.
505 2015 562 2046 LV
576 2013 602 2050 *‚
621 2021 651 2044 et
666 2015 769 2049 Extra,
786 2015 826 2045 de
843 2015 937 2055 Corp.
956 2015 1060 2046 Vitiat.
1077 2013 1141 2057 **):
1168 2025 1366 2056 consequens
1387 2023 1434 2048 est
1449 2023 1485 2047 ut

412 2059 544 2090 nomine
559 2058 704 2094 membri,
720 2059 752 2088 in
773 2059 901 2089 materia
922 2059 1141 2096 mutilationis,
1158 2059 1335 2100 appelletur
1350 2070 1416 2090 non
1433 2070 1483 2091 so-

412 2148 508 2178 etiam
538 2148 719 2178 membrum
749 2147 961 2178 accessorium
985 2154 1016 2178 et
1043 2148 1225 2179 consodale.
1257 2149 1298 2179 Et
1328 2149 1483 2189 quoniam

413 2192 529 2232 digitus
549 2198 596 2222 est
619 2192 801 2222 membrum
823 2191 942 2222 habens
958 2192 1054 2222 etiam
1078 2192 1246 2233 proprium
1262 2192 1406 2224 officium
1422 2193 1485 2223 evi-

410 2104 480 2134 lum
503 2103 685 2133 membrum
708 2103 881 2143 principale
904 2102 1023 2134 habens
1046 2111 1228 2144 separatum
1252 2103 1404 2141 officium,
1428 2105 1483 2135 sed
1536 2106 1608 2145 quis
1618 2104 1646 2136 *.
1663 2105 1872 2146 Culpabiliter
1888 2112 2006 2142 autem,
2018 2116 2074 2137 seu
2091 2114 2221 2148 propter
2233 2108 2397 2145 iustitiam,
2414 2119 2448 2140 se
2459 2109 2509 2140 vel
2525 2109 2605 2141 aiios

1534 1309 1659 1340 dentius
1683 1320 1781 1350 quam
1800 1310 1882 1341 dicta
1897 1310 2007 1347 virilia,
2025 1318 2061 1342 ut
2083 1318 2170 1352 patet
2187 1313 2220 1342 in
2236 1313 2382 1345 exercitio
2398 1315 2534 1352 musico,
2551 1317 2608 1347 ubi

1535 1353 1623 1393 digiti
1646 1353 1748 1394 magis
1775 1364 1874 1394 quam
1898 1364 2012 1385 manus
2035 1363 2233 1394 exercentur;
2263 1357 2336 1388 ideo
2360 1358 2442 1390 inter
2462 1361 2607 1392 membra

1534 1398 1744 1438 computandi
1760 1405 1844 1429 sunt.
1869 1398 1966 1429 Secus
1986 1406 2094 1430 autem
2110 1400 2149 1430 de
2173 1407 2260 1440 parte
2284 1401 2386 1442 digiti,
2402 1412 2485 1445 quae
2500 1403 2544 1437 ita
2559 1409 2608 1436 eet

1534 1452 1606 1482 pars
1637 1449 1673 1472 ut
1703 1442 1821 1473 nullius
1850 1442 1984 1473 membri
2017 1443 2264 1484 appellationem
2295 1444 2425 1477 habeat:
2455 1454 2493 1478 ut
2520 1448 2608 1490 putet

1534 1486 1639 1522 Extra,
1656 1486 1696 1516 de
1721 1486 1816 1527 Corp.
1840 1486 1956 1525 Vitiat„
1974 1497 2041 1527 cap.
2057 1488 2109 1518 De
2131 1489 2334 1530 Presbytero.
2539 1488 2541 1490 ’
2596 1526 2604 1530 .

1590 1530 1724 1561 Videtur
1753 1538 1861 1562 autem
1890 1531 1968 1561 mihi
2000 1531 2261 1572 distinguendum
2292 1534 2331 1564 de
2362 1533 2532 1566 mutilante
2555 1535 2608 1567 vu

1535 1574 1695 1613 mutilato,
1711 1575 1820 1615 quoad
1841 1575 2112 1615 irregularitatem.
2145 1577 2230 1614 Quia
2252 1578 2292 1608 ad
2315 1578 2517 1610 mutilantem
2538 1579 2607 1611 suf-

1535 1618 1600 1650 ficit
1627 1619 1810 1650 abscindere
1832 1619 1967 1660 digitum
1989 1620 2048 1650 sibi
2070 1620 2121 1651 vel
2144 1621 2233 1652 alteri
2256 1622 2295 1652 ad
2318 1622 2380 1654 hoc
2410 1630 2446 1654 ut
2469 1623 2510 1656 sit
2530 1624 2607 1662 ineg-

1535 1663 1667 1703 gularis:
1692 1664 1731 1694 ad
1747 1663 1930 1695 mutilatum
1945 1674 2020 1695 vero
2039 1675 2116 1701 non,
2141 1665 2218 1706 quia
2240 1673 2367 1706 oportet
2391 1668 2482 1708 quod
2505 1678 2607 1702 mem·-

1535 1708 1630 1738 brum
1660 1707 1818 1738 abscisum
1847 1708 1976 1739 inducat
2007 1709 2057 1739 vel
2085 1709 2327 1750 impotentiam,
2359 1711 2410 1742 vel
2440 1721 2607 1749 enormem

1536 1751 1696 1782 defectum
1718 1751 1768 1782 vel
1793 1751 2042 1789 deformitatem,
2067 1763 2123 1784 seu
2147 1754 2342 1792 scandalum,
2363 1762 2437 1792 etc„
2462 1762 2499 1787 ut
2520 1762 2608 1797 patet

1535 1795 1569 1826 in
1592 1795 1660 1826 iure
1675 1795 1701 1827 *.
1726 1796 1767 1826 Et
1790 1795 1852 1826 hoc
1874 1795 2013 1837 intellige
2036 1803 2194 1837 quantum
2217 1805 2265 1829 est
2286 1809 2324 1830 ex
2346 1806 2435 1840 parte
2452 1801 2604 1832 membri:

1536 1846 1572 1870 ut
1595 1846 1681 1880 patet
1703 1839 1808 1875 Extra,
1824 1840 1864 1870 de
1881 1840 2015 1871 Clericis
2027 1842 2191 1882 Pugnant.
2207 1844 2239 1874 in
2254 1843 2386 1882 Duello,
2400 1854 2468 1885 cap.
2487 1845 2605 1877 Porro.

1535 1884 1619 1914 Nam
1649 1894 1686 1914 ex
1709 1891 1796 1924 parte
1821 1894 1951 1920 causae,
1977 1895 2016 1915 an
2039 1885 2157 1917 scilicet
2185 1897 2222 1918 ex
2249 1897 2344 1919 causa
2369 1888 2550 1921 rationabili
2575 1896 2607 1921 et

1536 1928 1724 1964 necessaria,
1749 1935 1827 1969 puta
1853 1935 1983 1969 propter
2010 1930 2194 1967 sanitatem
2225 1937 2281 1962 aut
2307 1932 2520 1973 culpabilium
2551 1940 2607 1965 aut

1535 1978 1666 2013 propter
1688 1972 1850 2009 iustitiam,
1868 1980 1904 2003 ut
1925 1973 2036 2010 iudex;
2061 1974 2122 2005 alia
2145 1982 2192 2006 est
2214 1975 2434 2007 consideratio.
2461 1975 2608 2011 consen,-

1535 2016 1647 2048 tientes
1671 2016 1756 2047 enim
1780 2017 1926 2057 propriae
1945 2017 2139 2050 mutilationi
2162 2026 2292 2060 propter
2307 2020 2525 2052 necessitatem
2539 2027 2606 2052 me-

1537 2060 1672 2097 dicinae,
1697 2070 1763 2091 non
1794 2067 1868 2092 sunt
1890 2061 2091 2101 irregulares:
2121 2069 2157 2094 ut
2179 2070 2265 2103 patet
2288 2063 2360 2095 dist.
2385 2065 2452 2102 LV,
2477 2066 2546 2106 cap.
2569 2065 2607 2097 Si

1536 2149 1721 2180 mutilantes
1753 2156 1828 2180 sunt
1850 2149 2050 2190 irregulares:
2075 2158 2111 2182 ut
2133 2159 2240 2192 patere
2262 2159 2369 2193 potest
2398 2163 2436 2185 ex
2464 2153 2605 2194 allegatis

1536 2193 1588 2224 hic
1611 2199 1642 2224 et
1664 2193 1697 2224 in
1721 2194 1853 2224 materia
1876 2194 2042 2226 homicidii
2057 2194 2083 2226 *.

1185 2327 1502 2370 ARTICULUS
1533 2327 1834 2370 SECUNDUS

748 2420 904 2451 UTRUM
928 2420 1088 2451 LICEAT
1111 2421 1322 2452 PATRfflus
1346 2421 1604 2452 VERBERARE
1627 2421 1775 2458 F1L1os,
1792 2421 1884 2452 AUT
1907 2422 2086 2454 DOMINJS
2109 2423 2274 2456 SERvos

596 2530 602 2540 ι
627 2520 651 2545 ι)
685 2520 876 2546 SECUNDUM
911 2520 964 2545 stc
997 2520 1228 2546 paoeamrua
1247 2510 1279 2545 ²¹⁴.
1321 2508 1481 2546 Videtur

449 2536 501 2567 zris

476 2568 497 2591 l

439 2552 487 2621 εξ]
550 2571 567 2611 ,ἵ
628 2562 734 2609 quod
763 2574 842 2599 non
870 2561 980 2598 liceat
1008 2561 1178 2610 patribus
1205 2562 1409 2599 verberare
1436 2561 1481 2598 fi-

431 2611 481 2673 ’,Υ
510 2598 718 2664 bahem,
748 2622 812 2651 aut
844 2614 1010 2652 dominis
1047 2627 1194 2652 servos.
1243 2614 1344 2652 Dicit
1379 2614 1481 2652 enim

469 2686 482 2693 ’κ
505 2668 564 2701 stes
583 2657 852 2716 &Apostolum
881 2667 933 2704 ad
954 2668 1089 2715 Ephes.
1110 2680 1146 2704 VI
1165 2667 1203 2704 *z
1231 2668 1316 2714 Vos,
1339 2673 1480 2715 patres,

417 2719 529 2756 nolite
556 2719 608 2755 ad
634 2721 870 2757 iracundiam
892 2732 1108 2769 provocare
1121 2721 1228 2768 filios
1251 2726 1403 2758 vestros.
1433 2721 1482 2757 Et

416 2772 512 2809 infra
530 2771 550 2793 ’¹‘
568 2773 710 2810 subdit:
731 2775 782 2810 Et
798 2785 876 2820 vos,
897 2774 1052 2820 domini,
1072 2774 1204 2810 eadem
1212 2774 1335 2821 facite
1351 2774 1480 2820 servis,

416 2825 639 2863 remittentes
658 2827 791 2863 minas.
823 2827 900 2864 Sed
919 2834 1076 2875 propter
1099 2828 1262 2864 verbera
1290 2827 1404 2876 aliqui
1433 2827 1482 2864 ad

416 2878 651 2917 iracundiam
670 2887 941 2928 provocantur.
973 2881 1070 2917 Sunt
1089 2880 1203 2917 etiam
1224 2885 1241 2901 α
1269 2880 1380 2918 minis
1399 2892 1482 2928 gra-

416 2931 537 2969 viora.
585 2933 687 2980 Ergo
716 2945 841 2981 neque
877 2940 1003 2982 patres
1031 2932 1152 2982 filios,
1181 2945 1306 2982 neque
1336 2933 1482 2971 domini

418 2996 549 3022 servos
578 2985 719 3023 debent
746 2986 960 3023 verberare.

473 3049 508 3075 2.
528 3039 761 3086 PRAETEREA‚
791 3039 1048 3088 Philosophus
1068 3039 1167 3087 dicit,
1196 3039 1236 3076 in
1259 3040 1294 3076 X
1312 3040 1433 3076 Ethic.
1450 3039 1480 3086 ²¹³,

419 3091 524 3138 quod
550 3103 676 3128 sermo
699 3098 880 3139 paternus
903 3093 1014 3130 habet
1039 3093 1160 3129 solum
1188 3092 1430 3129 monitionem
1454 3090 1480 3139 β,

420 3156 494 3180 non
523 3150 647 3181 autem
676 3147 917 3182 coactionem.
949 3145 1025 3182 Sed
1047 3145 1239 3193 quaedam
1260 3145 1406 3182 coactio
1428 3153 1483 3181 est

418 3209 487 3246 per
504 3198 678 3235 verbera.
699 3199 802 3246 Ergo
830 3198 1050 3246 parentibus
1069 3210 1148 3235 non
1175 3198 1260 3235 licet
1279 3198 1379 3235 filios
1397 3210 1482 3235 ver-

420 3251 564 3287 berare.

476 3304 509 3339 3.
532 3305 763 3350 PRAETEREA,
784 3303 988 3353 unicuique
1008 3303 1093 3340 licet
1120 3303 1223 3340 alteri
1247 3303 1481 3352 disciplinam

420 3355 664 3405 impendere:
706 3357 781 3394 hoc
810 3356 912 3394 enim
947 3357 1108 3406 pertinet
1136 3357 1184 3394 ad
1218 3357 1482 3405 eleemosynas

420 3409 642 3457 spirituales,
663 3417 704 3447 ut
723 3422 837 3459 supra
858 3410 878 3431 *
907 3409 1049 3447 dictum
1075 3417 1141 3446 est.
1173 3409 1212 3446 Si
1234 3421 1322 3457 ergo
1347 3422 1482 3458 paren-

475 3521 501 3554 α)
522 3522 591 3547 Sunt
609 3522 697 3547 etiam.
710 3536 730 3542 -
748 3526 810 3548 sunt
828 3523 897 3548 enim
918 3523 1024 3549 GKsCD
1044 3528 1068 3549 et
1087 3531 1131 3552 ixa,
1151 3523 1187 3548 Et
1205 3527 1268 3548 sunt
1286 3523 1365 3549 etiam
1387 3524 1415 3548 P.

1533 2508 1634 2546 tibus
1670 2508 1756 2545 licet
1792 2516 1948 2557 propter
1976 2509 2214 2559 disciplinam
2251 2512 2352 2550 filios
2380 2514 2601 2562 verberare,

1533 2561 1614 2610 pari
1643 2561 1788 2598 ratione
1818 2562 1970 2599 cuilibet
1997 2562 2122 2600 licebit
2150 2566 2360 2613 quemlibet
2383 2568 2601 2606 verberare.

1535 2614 1653 2661 Quod
1681 2621 1783 2662 patet
1813 2627 1894 2651 esse
1923 2616 2071 2653 falsum.
2102 2618 2204 2665 Ergo
2235 2627 2270 2655 et
2297 2619 2479 2668 primum.

1589 2667 1664 2704 SED
1694 2679 1840 2704 CONTRA
1867 2680 1935 2705 EST
1953 2670 2058 2718 quod
2078 2670 2214 2708 dicitur
2240 2673 2354 2710 Prov.
2374 2673 2494 2710 xi11*:
2528 2673 2604 2716 Qui
2629 2688 2638 2698 ·

1530 2721 1658 2769 parcit
1682 2721 1828 2770 virgae,
1850 2722 1927 2758 odit
1941 2722 2072 2769 filium
2099 2735 2232 2769 suum;
2262 2733 2299 2762 et
2325 2725 2431 2773 infra,
2452 2738 2539 2764 xxm
2560 2727 2600 2765 *ι

1534 2773 1629 2811 Noli
1645 2774 1865 2811 subtrahere
1883 2787 1907 2811 a
1921 2786 2043 2823 puero
2063 2776 2309 2825 disciplinam.
2339 2779 2381 2815 Si
2398 2779 2499 2816 enim
2511 2790 2602 2828 per-

1536 2826 1694 2880 cusseris
1722 2839 1808 2863 eum
1832 2828 1958 2877 virga,
1987 2841 2062 2866 non
2091 2830 2291 2868 morietur.-
2319 2836 2358 2868 tu
2385 2832 2499 2882 virga
2512 2843 2602 2880 per—

1535 2879 1649 2916 cuties
1677 2891 1775 2926 eum,
1805 2886 1841 2917 et
1865 2881 2036 2918 animam
2064 2883 2142 2919 eius
2170 2884 2216 2920 de
2243 2884 2392 2932 inferno
2412 2884 2599 2924 liberabis.

1536 2933 1585 2970 Et
1611 2933 1727 2969 Eccli.
1748 2945 1856 2970 xxxm
1876 2933 1896 2955 *
1924 2934 2079 2972 dicitur:
2109 2937 2227 2974 Servo
2248 2937 2433 2975 malevolo
2455 2943 2601 2976 tortura
2628 2953 2639 2964 ⁸

1536 2992 1573 3022 et
1597 2986 1804 3035 compedes.

1590 3040 1816 3076 Responneo
1846 3051 2030 3078 mensuum
2058 3042 2164 3089 quod
2194 3054 2264 3090 per
2291 3043 2601 3082 verberationem

1536 3099 1812 3129 nocumentum
1841 3093 2037 3140 quoddam
2066 3094 2222 3132 infertur
2249 3096 2400 3145 corpori
2429 3096 2510 3134 eius
2535 3097 2601 3146 qui

1535 3145 1775 3192 verberatur,
1806 3145 1912 3182 aliter
1947 3153 2078 3184 tamen
2116 3160 2233 3196 quam
2268 3148 2307 3186 in
2343 3149 2599 3187 mutilatione:

1536 3209 1626 3234 nam
1654 3197 1839 3235 mutilatio
1859 3198 1952 3235 tollit
1980 3199 2150 3248 corporis
2178 3201 2441 3250 integritatem,
2462 3202 2600 3240 verbe-

1537 3250 1631 3287 ratio
1667 3262 1761 3287 vero
1800 3252 2068 3289 tantummodo
2107 3254 2222 3291 afficit
2258 3267 2414 3293 sensum
2452 3254 2598 3293 dolore.

1535 3303 1647 3341 Unde
1666 3304 1786 3340 multo
1807 3303 1932 3355 minus
1957 3314 2235 3344 nocumentum
2261 3315 2315 3345 est
2334 3320 2451 3356 quam
2477 3319 2599 3345 mem-

1537 3355 1595 3393 bri
1622 3356 1820 3393 mutilatio.
1850 3355 2140 3396 Nocumentum
2169 3367 2297 3398 autem
2326 3361 2462 3398 inferre
2487 3360 2598 3398 alicui

1537 3421 1616 3446 non
1643 3409 1728 3446 licet
1755 3409 1826 3446 nisi
1853 3422 1922 3458 per
1950 3412 2111 3449 modurn
2137 3425 2288 3462 poenae
2316 3420 2471 3463 propter
2498 3413 2599 3451 iusti-

1589 3522 1613 3556 β)
1634 3523 1812 3549 mom'tionem.
1825 3538 1845 3544 —
1863 3524 2071 3550 admonitionem
2090 3524 2120 3550 P.

2629 426 2638 436 ⁸
2652 425 2719 447 Vera.
2735 431 2764 447 12.

2628 476 2638 486 ⁸
2652 475 2741 497 Homil.
2763 475 2839 503 Lxu,

2734 564 2741 580 t

2729 694 2744 710 χ

2631 1813 2743 1869 ΞᾺἫ
2758 1820 2844 1862 ‘iffi’

2635 1866 2720 1889 Orda.

2631 2115 2643 2127 ⁴
2651 2106 2709 2138 Can.
2717 2108 2761 2143 ⁷vn,
2775 2122 2806 2144 ix,
2818 2123 2842 2140 x.

2632 2143 2643 2155 ⁸
2648 2142 2698 2171 Qu.
2703 2148 2766 2170 mv,
2772 2147 2813 2166 ιη.
2820 2149 2844 2171 7,

2630 2169 2843 2225 &aaziae
