2860 4244
169 1115 177 1124 ³
186 1114 233 1141 Qu.
239 1118 330 1140 Lxxxvr,
337 1116 379 1134 art.

171 1373 180 1382 ⁸
195 1371 260 1393 Vers.
274 1378 312 1399 30,
327 1377 360 1400 32.

172 2280 181 2288 ⁸
198 2278 263 2299 Vei-s.
278 2284 312 2300 22.

171 2706 180 2715 ⁸
195 2705 261 2726 Vers.
277 2711 303 2727 ιι.

404 244 478 280 230

1029 249 1294 296 QUAESTIO
1324 249 1558 296 Lxxxvit,
1587 250 1886 294 ART1CULus,
1914 251 1944 286 11

1171 397 1489 439 ARTICULUS
1519 397 1816 441 SECUNDUS

840 489 993 519 UTRUM
1017 489 1074 518 DE
1098 488 1288 520 OMNIBUS
1311 489 1578 521 TENEANTUR
1601 490 1793 522 HOMINES
1812 491 2000 523 DEC1MAs
2023 491 2138 522 DARE

461 594 499 610 ’,ἓ

423 685 426 691 “
440 662 534 729 *dxl*
554 666 587 726 '¹6
600 678 606 684 ἢ

423 712 447 741 ω
462 710 559 774 ἑ“
574 725 768 772 videtur
797 747 878 771 esse
909 747 953 771 ex
981 735 1100 772 veteri
1127 737 1208 784 lege
1239 736 1464 774 introducta.

409 790 484 826 Sed
514 788 551 824 in
577 788 697 824 veteri
724 788 806 835 lege
835 788 982 824 nullum
1013 797 1259 837 praeceptum
1291 789 1399 826 datur
1419 788 1465 826 de

407 841 670 891 personalibus
700 841 868 887 decimis,
898 853 996 889 quae
1026 841 1165 879 scilicet
1192 843 1392 879 solvuntur
1419 842 1467 879 de

406 895 463 932 his
492 906 591 942 quae
619 893 752 942 aliquis
781 894 940 942 acquirit
960 900 977 915 α
1006 906 1051 931 ex
1079 895 1234 944 proprio
1258 903 1355 942 actu,
1375 902 1466 943 puta

408 948 455 985 de
480 947 775 983 mercationibus
793 948 856 984 vel
881 947 929 984 de
952 947 1095 984 militia.
1132 949 1233 996 Ergo
1260 948 1306 985 de
1331 948 1466 985 talibus

408 1000 576 1038 decimas
604 1001 753 1037 solvere
782 1001 906 1037 nullus
934 1008 1093 1038 tenetur.

462 1065 497 1090 2.
527 1054 774 1100 ΡΒΑΕΤΕΕΕΑ,
804 1054 851 1090 de
880 1055 980 1090 male
1017 1054 1206 1102 acquisitis
1243 1067 1323 1091 non
1355 1054 1468 1091 debet
1493 1051 1495 1071 ²

407 1106 489 1143 fieri
518 1106 671 1152 oblatio,
701 1114 741 1143 ut
769 1118 884 1155 supra
902 1107 922 1128 *
949 1106 1093 1152 dictum
1114 1115 1179 1144 est.
1210 1107 1287 1144 Sed
1309 1107 1467 1144 oblatio·
1493 1107 1494 1112 ’

408 1171 496 1206 nes,
527 1171 626 1207 quae
663 1159 882 1196 immediate
911 1161 997 1196 Deo
1026 1159 1261 1206 exhibentur,
1290 1160 1469 1197 videntur

408 1211 529 1260 magis
557 1212 746 1261 pertinere
775 1213 822 1249 ad
852 1212 1024 1250 divinum
1055 1213 1196 1249 cultum
1226 1225 1341 1260 quam
1369 1212 1467 1249 deci-

408 1278 506 1312 mae,
536 1277 632 1314 quae
661 1265 886 1302 exhibentur
912 1265 1101 1302 ministris.
1132 1266 1233 1312 Ergo
1263 1265 1376 1303 etiam
1397 1277 1468 1301 nec

410 1318 581 1355 decimae
611 1318 658 1355 de
687 1318 786 1355 male
815 1318 1004 1366 acquisitis
1033 1326 1119 1354 sunt
1147 1318 1368 1355 solvendae.

464 1373 497 1408 3.
519 1372 752 1417 PRAETEREA,
772 1371 890 1407 Levit.
911 1372 976 1408 ult.
992 1370 1012 1392 ’¹‘
1037 1383 1116 1407 non
1143 1371 1346 1407 mandatur
1370 1370 1466 1407 solvi

410 1423 558 1460 decima
578 1424 648 1460 nisi
667 1424 712 1460 de
721 1424 906 1473 frugibus
929 1429 964 1460 et
975 1424 1102 1472 pomis
1120 1425 1314 1470 arborum,
1334 1429 1371 1460 et
1386 1425 1466 1460 ani-

408 1477 568 1514 malibus
595 1488 692 1525 quae
719 1482 914 1513 transeunt
944 1478 1013 1514 suh
1040 1477 1153 1526 virga
1174 1478 1350 1525 pastoris.
1390 1477 1467 1515 Sed

408 1537 556 1578 praeter
589 1530 684 1567 haec
717 1537 803 1566 sunt
831 1531 1022 1578 quaedam
1061 1530 1131 1566 alia
1160 1531 1306 1567 minuta
1325 1528 1340 1559 β
1368 1528 1467 1578 qUae

408 1583 555 1620 homini
583 1583 826 1632 proveniunt,
856 1583 950 1620 sicut
976 1583 1118 1620 herbae
1139 1595 1237 1631 quae
1264 1591 1468 1620 nascuntur

408 1636 447 1673 in
474 1637 608 1684 horto,
638 1644 674 1673 et
701 1636 773 1673 alia
801 1636 1032 1673 huiusmodi.
1077 1637 1179 1684 Ergo
1217 1649 1288 1674 nec
1316 1636 1363 1673 de
1398 1637 1468 1674 illis

409 1690 528 1726 homo
559 1689 727 1726 decimas
756 1689 846 1726 dare
874 1697 1032 1726 tenetur.

460 1754 498 1789 4.
521 1744 751 1789 PRAETEREA,
781 1742 901 1779 homo
930 1755 1008 1779 non
1027 1750 1152 1791 potest
1171 1743 1320 1779 solvere
1339 1742 1410 1779 nisi
1430 1743 1468 1780 id

410 1795 516 1843 quod
537 1803 591 1832 est
618 1795 655 1832 in
678 1796 756 1832 eius
785 1803 981 1844 potestate.
1013 1794 1089 1831 Sed
1118 1807 1195 1832 non
1220 1795 1351 1832 omnia
1371 1808 1468 1844 quae

409 1849 641 1897 proveniunt
668 1848 812 1885 homini
832 1849 878 1885 de
907 1848 1089 1885 fructibus
1110 1861 1289 1896 agrorum
1310 1856 1374 1885 aut
1391 1849 1469 1887 ani-

410 1903 567 1938 malium
597 1909 796 1938 remanent
823 1902 862 1938 in
891 1902 972 1938 eius
999 1908 1202 1950 potestate:
1234 1901 1323 1949 quia
1353 1915 1468 1951 quae·
1495 1895 1496 1923 ἶ

411 1955 500 1992 dam
519 1955 723 2003 aliquando
744 1955 1016 1991 subtrahuntur
1033 1967 1102 2003 per
1120 1955 1263 1992 furtum
1283 1956 1344 1991 vel
1370 1956 1468 2004 rapi-

409 2020 519 2054 nam;
550 2010 739 2056 quaedam
759 2019 853 2044 vero
884 2008 1114 2056 quandoque
1143 2008 1181 2044 in
1210 2008 1326 2045 alium
1354 2016 1470 2046 trans-

409 2062 578 2099 feruntur
606 2074 674 2110 per
701 2061 984 2106 venditionem;
1023 2061 1213 2110 quaedam
1248 2061 1361 2098 etiam
1390 2062 1470 2099 aliis

411 2114 613 2161 debentur,
643 2114 738 2150 sicut
773 2113 1006 2163 principibus
1036 2115 1222 2152 debentur
1259 2114 1396 2152 tributa
1434 2124 1470 2153 et

410 2167 591 2216 operariis
620 2168 807 2204 debentur
835 2167 1042 2204 mercedes.
1082 2168 1184 2215 Ergo
1214 2167 1260 2204 de
1297 2168 1355 2205 his
1390 2181 1469 2206 non

409 2228 558 2258 tenetur
585 2221 719 2269 aliquis
748 2220 915 2258 decimas
945 2220 1045 2257 dare.

465 2275 539 2311 SED
577 2285 723 2311 CONTRA
760 2285 826 2311 EST
859 2273 963 2322 quod
1001 2273 1136 2310 dicitur
1168 2273 1260 2311 Gen.
1287 2286 1397 2311 xxvni
1425 2274 1467 2312 *ε

416 2328 645 2364 Cunctorum
680 2338 777 2376 quae
803 2327 947 2364 dederis
979 2326 1072 2363 mihi
1107 2326 1270 2364 decimas
1307 2327 1469 2380 offeram

410 2381 485 2417 tihi.
522 2380 598 2417 Sed
627 2380 755 2417 omnia
784 2392 882 2427 quae
911 2381 1030 2416 homo
1059 2379 1174 2416 habet
1201 2387 1288 2416 sunt
1318 2381 1351 2416 ei
1382 2380 1469 2418 data

412 2432 602 2470 divinitus.
633 2434 735 2480 Ergo
761 2434 807 2470 de
832 2433 1011 2469 omnibus
1036 2432 1149 2469 debet
1177 2432 1344 2470 decimas
1365 2435 1466 2471 dare.

464 2487 688 2523 RESPONDEO
725 2497 908 2523 monimum
942 2485 1046 2534 quod
1085 2485 1132 2521 de
1160 2497 1391 2535 unaquaque
1429 2499 1468 2523 re

409 2539 613 2588 praecipue
630 2546 685 2575 est
703 2539 948 2576 iudicandum
966 2539 1177 2575 secundum
1194 2538 1273 2575 eius
1289 2539 1466 2576 radicem.

411 2592 534 2629 Radix
563 2600 690 2630 autem
720 2591 915 2629 solutionis
945 2591 1181 2628 decimarum
1215 2599 1269 2628 est
1297 2591 1468 2630 debitum

411 2657 487 2694 quo
528 2645 800 2682 seminantibus
837 2643 1041 2693 spiritualia
1075 2644 1259 2681 debentur
1294 2645 1466 2688 carnalia,

410 2698 623 2735 seeundum
649 2698 740 2735 illud
768 2697 989 2746 Apostoli,l
1017 2697 1069 2733 ad
1091 2698 1177 2734 Cor.
1206 2709 1241 2734 lx
1263 2697 1304 2733 *ε
1334 2698 1375 2734 Si
1401 2711 1469 2735 nos

409 2751 513 2788 vobis
548 2751 757 2799 spiritualia
785 2751 1069 2796 seminavimus,
1104 2761 1288 2799 magnum
1315 2755 1331 2778 Υ
1359 2757 1413 2788 est
1437 2752 1470 2788 si

409 2804 580 2841 carnalia
608 2810 731 2841 vestra
751 2803 967 2840 metamus?
996 2815 1110 2851 super
1137 2803 1212 2840 hoc
1233 2803 1333 2840 enim
1364 2804 1468 2841 debi-

408 2865 489 2894 tum
510 2857 682 2895 fundavit
702 2856 872 2894 Ecclesia
893 2855 1250 2893 determinationem
1270 2857 1467 2894 solutionis

409 2910 654 2947 decimarum.
698 2910 840 2947 Omnia
877 2917 1005 2946 autern
1048 2921 1313 2958 quaecumque
1346 2910 1466 2947 homo

407 2963 577 3011 possidet
603 2963 673 2999 sub
703 2963 916 3000 carnalibus
946 2962 1196 2999 continentur.
1227 2963 1276 2999 Et
1302 2962 1389 2999 ideo
1419 2963 1467 3001 de

408 3016 588 3052 omnibus
626 3016 809 3064 possessis
847 3016 1019 3052 decimae
1057 3022 1143 3052 sunt
1180 3016 1399 3053 solvendae.

461 3070 519 3105 An
543 3080 680 3106 PRIMUM
704 3080 801 3105 ERGO
827 3080 1011 3105 DmENDUM
1038 3068 1143 3116 quod
1171 3068 1342 3117 specialis
1372 3069 1466 3106 ratio

407 3121 476 3158 fuit
503 3133 621 3169 quare
657 3121 695 3157 in
723 3121 840 3157 veteri
868 3122 950 3168 lege
986 3133 1063 3157 non
1092 3121 1160 3157 fuit
1189 3121 1319 3158 datum
1358 3134 1467 3171 prae-

409 3182 561 3223 ceptum
587 3174 634 3211 de
662 3173 925 3222 personalibus
947 3173 1115 3220 decimis,
1145 3174 1356 3211 secundum
1376 3187 1465 3211 con-

409 3227 591 3264 ditionem
615 3226 745 3276 populi
774 3226 890 3263 illius:
921 3225 1009 3274 quia
1028 3223 1041 3247 ὅ
1070 3238 1206 3263 omnes
1226 3226 1319 3263 aliae
1348 3227 1465 3264 tribus

409 3288 527 3317 certas
551 3279 812 3329 possessiones
838 3279 1041 3326 habebant,
1063 3279 1110 3315 de
1131 3279 1267 3327 quibus
1291 3286 1466 3328 poterant

408 3333 638 3370 sufficienter
665 3331 867 3381 providere
897 3331 1050 3379 Levitis,
1081 3331 1147 3380 qui
1174 3333 1351 3369 carebant
1378 3344 1465 3381 pos-

461 3445 488 3477 α)
508 3445 631 3478 acquirit.
644 3458 663 3465 -
681 3446 815 3478 conquirit
832 3446 1022 3479 ABCEFGIpK
1041 3451 1066 3471 et
1084 3454 1110 3476 rr,
1129 3447 1251 3472 convenit
1269 3448 1299 3473 L.

462 3479 486 3512 β)
507 3481 617 3505 minuta.
630 3493 650 3500 ·-
668 3481 779 3506 minima
798 3481 920 3511 ABCEH.
941 3482 1024 3506 multa
1043 3482 1073 3507 L.

460 3515 486 3547 γ)
507 3523 642 3548 magnum.
654 3529 674 3534 —
693 3523 744 3540 non
765 3523 890 3549 magnum
910 3517 1073 3543 PBEFHKa.

461 3549 485 3583 δ)
505 3551 606 3583 quia.—
624 3551 723 3576 scilicet
742 3552 837 3576 addunt
857 3551 948 3577 PDsK.

454 604 461 607 ⁴
520 594 593 639 ⁹1³«
617 591 639 615 D
654 588 842 614 SECUNDUM
857 588 910 613 sm
925 587 1164 613 PROCEDtTUR.
1186 577 1345 614 Videtur
1360 578 1464 625 quod
1491 602 1492 628 ᾖ

535 618 594 670 ³³53:
617 642 695 666 non
715 630 762 666 de
783 629 962 665 omnibus
986 636 1186 666 teneantur
1203 630 1380 667 homines
1401 630 1464 667 de·
1491 658 1492 664 ,

618 683 735 719 cimas
764 682 865 718 dare.
908 681 1056 718 Solutio
1090 682 1193 719 enirn
1228 683 1464 720 decimarum
1491 677 1493 738 ξ

1519 578 1788 625 εθεείοῑιίὲ>ιιε;Ἴ
1813 592 1890 617 non
1919 587 2047 616 autem
2084 578 2379 616 interdicebatur
2407 579 2460 616 eis
2488 579 2579 628 quin

1520 631 1566 667 de
1596 631 1676 668 aliis
1714 633 1892 680 operibus
1930 631 2100 669 honestis
2137 632 2390 679 lucrarentur,
2420 632 2515 669 sicut
2543 640 2580 669 et

1520 684 1580 720 alii
1610 685 1749 721 Iudaei.
1781 686 1857 722 Sed
1885 686 2052 734 populus
2081 697 2206 722 novae
2235 684 2326 732 legis
2355 692 2411 722 est
2437 681 2579 734 ubique

1519 749 1588 786 per
1616 738 1805 774 mundum
1836 737 2016 784 diffusus,
2045 749 2211 789 quorum
2239 737 2392 786 plurimi
2427 750 2578 787 posses-

1520 790 1648 827 siones
1676 803 1754 827 non
1782 791 1936 838 habent,
1966 790 2034 827 sed
2063 790 2109 827 de
2134 790 2322 839 aliquibus
2346 791 2506 838 negotiis
2524 791 2580 828 vi-

1519 851 1632 880 vunt:
1662 845 1725 892 qui
1748 844 1838 880 nihil
1858 843 2073 880 conferrent
2092 843 2141 880 ad
2161 843 2370 881 subsidium
2393 844 2580 881 ministro—

1522 909 1606 933 rum
1643 897 1734 944 Dei,
1774 897 1804 933 si
1842 896 1888 933 de
1927 907 2062 932 eorum
2100 895 2259 943 negotiis
2297 896 2464 933 decimas
2501 909 2578 934 non

1521 951 1723 987 solverent.
1753 948 1935 987 Ministris
1955 948 2069 985 etiam
2095 959 2221 985 novae
2249 948 2340 996 legis
2368 949 2506 986 arctius
2526 950 2580 987 in'-

1521 1003 1710 1040 terdicitur
1737 1015 1786 1040 ne
1815 1015 1855 1040 se
1883 1002 2056 1050 ingerant
2090 1000 2248 1049 negotiis
2276 1001 2486 1039 lucrativis:
2525 1015 2581 1039 se-

1522 1057 1690 1094 cundum
1711 1056 1802 1094 illud
1822 1057 1854 1092 II
1874 1055 1926 1092 ad
1946 1055 2041 1092 Tim.
2063 1066 2086 1091 11
2105 1054 2141 1091 *z
2171 1054 2298 1091 Nemo
2317 1054 2480 1092 militans
2498 1055 2581 1092 Deo

1521 1109 1689 1158 implicat
1708 1121 1748 1146 se
1765 1108 2021 1146 saecularibus
2047 1107 2216 1157 negotiis.
2246 1108 2296 1144 Et
2313 1106 2401 1144 ideo
2420 1107 2460 1145 in
2477 1120 2582 1146 nova

1493 1200 1494 1207 ἵ
1521 1163 1602 1209 lege
1640 1170 1815 1199 tenentur
1848 1161 2023 1200 homines
2062 1161 2110 1198 ad
2144 1159 2312 1197 decimas
2348 1162 2580 1210 personales,

1493 1210 1495 1255 ἶ
1522 1215 1734 1252 secundum
1764 1215 2080 1252 consuetudinem
2109 1213 2252 1262 patriae
2281 1220 2319 1250 et
2336 1213 2581 1262 indigentiam

1521 1267 1793 1304 ministrorum.
1832 1267 1943 1305 Unde
1971 1266 2205 1314 Augustinus
2235 1265 2324 1303 dicit
2340 1265 2371 1313 ²¹²,
2402 1275 2439 1304 et
2465 1268 2582 1305 habe-

1521 1327 1581 1357 tur
1606 1321 1693 1358 XVI
1723 1333 1786 1368 qu.
1813 1332 1835 1367 1,
1857 1332 1939 1368 cap.
1960 1319 2158 1356 Decimae:
2185 1320 2246 1356 De
2273 1319 2416 1366 militia,
2445 1320 2491 1358 de
2518 1333 2581 1358 ne-

1520 1374 1623 1423 gotio
1652 1379 1689 1410 et
1713 1374 1758 1410 de
1785 1373 1944 1421 artificio
1973 1373 2086 1409 redde
2113 1373 2288 1409 decimas.

1575 1428 1633 1463 An
1662 1437 1855 1463 SECUNDUM
1883 1437 2069 1462 mcaNDUM
2097 1425 2202 1474 quod
2235 1424 2360 1473 aliqua
2387 1426 2487 1462 male
2521 1437 2583 1463 ac-

1522 1480 1722 1529 quiruntur
1741 1479 1950 1528 dupliciter.
1980 1479 2067 1516 Uno
2088 1479 2220 1524 modo,
2242 1477 2331 1526 quia
2355 1477 2438 1527 ipsa
2457 1479 2584 1529 acqui-

1522 1532 1604 1571 sitio
1635 1541 1690 1570 est
1716 1532 1864 1580 iniusta,
1885 1539 1976 1581 puta
2005 1543 2104 1580 quae
2123 1535 2135 1552 ⁸
2163 1529 2409 1578 acquiruntur
2431 1542 2501 1580 per
2528 1535 2584 1573 rja-

1521 1586 1651 1634 pinam
1672 1594 1737 1623 aut
1755 1597 1926 1622 usuram:
1949 1597 2048 1633 quae
2068 1585 2188 1621 homo
2208 1591 2357 1620 tenetur
2377 1584 2582 1633 restituere,
2624 1616 2642 1622 ,,
2681 1624 2683 1628 Α

1494 1643 1496 1684 ζ
1523 1652 1602 1676 non
1629 1647 1758 1676 autem
1785 1640 1834 1676 de
1863 1638 1915 1675 eis
1943 1638 2111 1675 decimas
2131 1637 2234 1674 dare.
2263 1637 2417 1674 Tamen
2446 1637 2476 1674 si
2495 1649 2586 1687 ager

1494 1725 1496 1737 ὖ
1522 1690 1672 1741 aliquis'
1692 1692 1738 1729 sit
1766 1699 1916 1740 emptus
1945 1693 1992 1729 de
2019 1702 2153 1737 usura,
2184 1689 2232 1726 de
2260 1690 2381 1726 fructu
2418 1690 2496 1727 eius
2528 1698 2583 1729 te-

1494 1770 1496 1784 .
1523 1754 1633 1782 netur
1659 1745 1852 1782 usurarius
1882 1744 2051 1782 decimas
2088 1744 2198 1780 dare:
2238 1742 2327 1792 quia
2363 1743 2506 1781 fructus
2532 1744 2584 1783 illi

1523 1811 1602 1835 non
1631 1806 1718 1835 sunt
1737 1810 1782 1835 ex
1803 1810 1929 1843 usura,
1960 1798 2027 1834 sed
2052 1807 2098 1833 ex
2117 1795 2189 1833 Dei
2217 1807 2388 1833 munere.
2409 1818 2433 1825 -
2454 1797 2582 1844 Quae-

1524 1852 1614 1889 dam
1650 1863 1743 1887 vero
1774 1850 1950 1888 dicuntur
1981 1850 2081 1887 male
2119 1848 2301 1896 acquisita
2333 1849 2423 1897 quia
2456 1850 2584 1900 acqui—

1525 1912 1656 1941 runtur
1684 1916 1730 1940 ex
1757 1903 1855 1952 turpi
1895 1915 2030 1949 causa,
2060 1902 2156 1939 sicut
2193 1901 2240 1939 de
2270 1902 2507 1951 meretricio,
2535 1905 2584 1942 de

1522 1957 1759 2004 histrionatu,
1789 1965 1826 1993 et
1853 1956 1933 1993 aliis
1954 1954 2186 2001 huiusmodi,
2215 1966 2316 2002 quae
2345 1965 2424 1992 non
2452 1963 2584 1994 tenen‘-

1523 2019 1582 2048 tur
1602 2010 1808 2047 restituere.
1847 2009 1958 2047 Unde
1983 2010 2030 2046 de
2055 2009 2191 2045 talibus
2212 2014 2389 2044 tenentur
2418 2008 2584 2048 decimas

1525 2065 1616 2102 dare
1635 2063 1847 2101 secundum
1876 2063 2038 2100 modum
2058 2061 2215 2098 aliarum
2233 2061 2491 2110 personalium
2521 2060 2586 2102 de-

1524 2117 1711 2154 cimarum
1736 2115 1768 2152 ²¹⁸.
1798 2116 1950 2153 Tamen
1983 2114 2156 2152 Ecclesia
2185 2126 2264 2151 non
2292 2113 2407 2152 debet
2435 2127 2498 2153 eas
2528 2129 2585 2155 re-
2610 2126 2625 2162 ·,
2657 2141 2664 2149 .
2720 2141 2728 2149 .

1525 2170 1649 2219 cipere
1676 2169 1846 2218 quandiu
1875 2175 1962 2206 sunt
1989 2169 2026 2206 in
2051 2174 2222 2217 peccato,
2251 2179 2300 2204 ne
2319 2167 2495 2206 videatur
2520 2182 2585 2208 eo-

1524 2235 1610 2260 rum
1638 2222 1802 2272 peccatis
1826 2221 2132 2259 communicare:
2163 2219 2231 2258 sed
2258 2227 2464 2269 postquam
2493 2233 2585 2272 poe·-

1524 2275 1719 2322 nituerint,
1749 2283 1909 2324 possunt
1937 2275 1985 2312 ab
2017 2274 2069 2311 eis
2093 2275 2140 2311 de
2165 2273 2223 2310 his
2253 2273 2368 2323 recipi
2397 2274 2582 2315 decimae.

1576 2331 1635 2366 Αι)
1654 2340 1814 2366 TER‘HUM
1838 2340 2023 2365 DtCENDUM
2047 2326 2153 2375 quod
2177 2338 2222 2363 ea
2241 2338 2340 2374 quae
2361 2328 2584 2371 ordInantur

1524 2383 1561 2420 in
1598 2377 1717 2419 finem
1746 2389 1832 2419 sunt
1865 2380 2067 2419 iudicanda
2103 2379 2316 2417 secundum
2345 2381 2450 2428 quod
2479 2395 2584 2421 com-

1523 2443 1657 2484 petunt
1674 2435 1752 2472 fini.
1783 2434 2031 2471 Decimarum
2060 2440 2187 2470 autem
2216 2432 2355 2470 solutio
2382 2441 2437 2471 est
2457 2435 2582 2476 debita

1524 2500 1601 2525 non
1629 2496 1785 2537 propter
1813 2499 1869 2534 se,
1898 2487 1966 2524 sed
1993 2493 2149 2535 propter
2176 2485 2388 2533 ministros,
2417 2498 2584 2536 quorum

1523 2541 1711 2578 honestati
1738 2552 1816 2577 non
1846 2539 2024 2577 convenit
2051 2546 2093 2576 ut
2120 2538 2232 2575 etiarn
2263 2538 2422 2576 minima
2451 2551 2583 2582 exacta

1524 2593 1712 2642 diligentia
1748 2593 1958 2642 requirant:
1996 2593 2070 2629 hoc
2099 2591 2201 2628 enim
2239 2591 2278 2628 in
2305 2591 2440 2630 vitium
2479 2608 2583 2635 com-

1522 2654 1686 2695 putatur,
1710 2654 1752 2683 ut
1770 2654 1872 2695 patet
1890 2658 1959 2695 per
1986 2645 2276 2694 Philosophum,
2297 2644 2336 2681 in
2356 2645 2408 2682 IV
2425 2648 2545 2687 Ethic.
2561 2650 2582 2674 ⁸

1523 2701 1572 2736 Et
1605 2700 1692 2737 ideo
1721 2700 1778 2736 lex
1806 2707 1917 2736 vetus
1954 2711 2033 2736 non
2062 2697 2327 2735 determinavit
2363 2706 2404 2735 ut
2437 2701 2484 2738 de
2512 2703 2582 2741 hu.

1522 2752 1687 2790 iusmodi
1716 2752 1870 2789 minutis
1902 2753 2014 2788 rebus
2044 2751 2215 2788 decimae
2244 2749 2398 2798 dentur,
2429 2755 2495 2792 sed
2525 2768 2582 2794 re-

1521 2805 1686 2854 linquit‘
1714 2805 1789 2842 hoc
1821 2805 1972 2842 arbitrio
2003 2805 2092 2842 dare
2125 2803 2359 2840 volentium:
2398 2807 2486 2855 quia
2513 2809 2583 2848 mi.

1522 2859 1627 2896 nima
1655 2858 1763 2907 quasi
1791 2858 1882 2895 nihil
1910 2865 2190 2908 computantur,
2229 2856 2339 2894 Unde
2376 2858 2580 2911 Pharisaei,

1494 2953 1495 2958 ¹
1521 2911 1628 2960 quasi
1656 2912 1862 2961 perfectam
1891 2911 1980 2959 legis
2008 2910 2184 2948 iustitiam
2213 2909 2283 2947 sibi
2311 2910 2580 2964 adscribentes,

1522 2965 1636 3002 etiam
1656 2964 1702 3002 de
1722 2964 1780 3001 his
1807 2964 1960 3001 minutis
1979 2963 2148 3002 decimas
2176 2963 2376 3001 solvebant
2398 2965 2429 3002 ⁸⁸.
2458 2968 2544 3006 Nec
2560 2974 2580 2997 ’ἢ

1521 3018 1569 3055 de
1606 3018 1680 3054 hoc
1709 3017 2038 3066 reprehenduntur
2064 3030 2086 3054 a
2118 3021 2313 3058 Domino:
2350 3019 2417 3056 sed
2454 3022 2579 3060 solum

1520 3071 1567 3108 de
1596 3071 1671 3107 hoc
1690 3071 1794 3120 quod
1823 3070 1981 3117 maiora,
2011 3071 2109 3109 idest
2132 3073 2337 3122 spiritualia
2364 3081 2579 3124 praecepta,

1521 3123 1827 3160 contemnebant.
1865 3124 1984 3172 Magis
2013 3133 2141 3162 autem
2171 3126 2218 3164 de
2245 3127 2321 3164 hoc
2350 3138 2417 3164 eos
2444 3139 2580 3167 secun,-

1521 3176 1614 3213 dum
1648 3188 1688 3212 se
1725 3177 2050 3214 commendabiles
2086 3190 2168 3215 esse
2209 3180 2392 3226 ostendit,
2430 3180 2578 3218 dicens:

1517 3229 1630 3265 Haec
1667 3229 1830 3277 oportuit
1847 3230 2006 3277 facere.-
2033 3231 2173 3268 scilicet
2199 3239 2371 3282 tempore
2400 3233 2512 3281 legis,
2534 3241 2580 3271 ut

1520 3281 1818 3329 chrysostomus
1838 3282 1992 3331 exponit
2004 3282 2035 3320 ’¹‘.
2061 3284 2178 3331 Quod
2197 3285 2310 3323 etiam
2329 3286 2480 3324 videtur
2497 3298 2578 3324 ma·
2605 3273 2682 3322 213&

1518 3333 1573 3381 gis
1600 3333 1639 3370 in
1668 3335 1863 3382 quandam
1893 3335 2105 3374 decentiam
2134 3350 2269 3376 sonare
2303 3351 2418 3387 quam
2445 3339 2483 3376 in
2511 3339 2578 3376 ob-

1573 3448 1596 3479 ε)
1615 3455 1721 3480 quae.·-
1739 3449 1802 3481 quia
1825 3449 1988 3475 PCEGHLa.
2002 3464 2020 3469 -
2039 3451 2102 3476 Post
2126 3451 2250 3484 rapinam
2270 3451 2289 3476 Ρ
2308 3452 2377 3477 addit
2400 3455 2449 3477 aut
2460 3452 2578 3486 furtum.

1572 3482 1597 3514 ζ)
1617 3483 1752 3516 relinquit.
1764 3498 1782 3503 —
1801 3485 1907 3517 reliquit
1926 3485 2059 3518 CFGIKL,
2079 3486 2240 3519 relinquitur
2259 3487 2291 3512 H.

1572 3518 1599 3550 η)
1618 3519 1682 3544 Nec.
1694 3532 1713 3539 —-
1731 3522 1818 3545 tamen
1839 3520 1908 3545 addit
1928 3520 1958 3546 Ρ.

2608 1067 2618 1077 ·
2631 1066 2699 1088 Vera.
2714 1073 2738 1092 4.

2608 1278 2648 1299 Ἀ
2681 1276 2819 1299 end.Serm.

2608 1302 2820 1352 Senti-Cgl'lkss

2610 1357 2687 1385 Temp.
2723 1367 2734 1373 -
2760 1356 2821 1378 Inter

2609 1383 2672 1411 Opp.
2685 1383 2747 1410 Aug.

2609 2649 2620 2660 ⁸
2629 2648 2662 2671 Cn
2680 2664 2686 2670 .
2701 2654 2725 2674 u,
2739 2655 2762 2671 n.
2773 2649 2795 2671 8.
2809 2660 2820 2665 -

2609 2675 2634 2698 S.
2679 2690 2685 2697 .
2695 2675 2748 2698 leet.
2761 2681 2793 2697 vr.

2607 2972 2819 2999 'Mam-enpxxnr,

2607 2999 2818 3027 vm.23;Luc.oep.

2606 3031 2637 3053 n,
2648 3031 2752 3052 νειμ.

2689 3273 2817 3322 ’Ὓὶξῖῖ

2605 3326 2747 3349 xum-lut.
2752 3326 2815 3354 Opp-

2605 3352 2688 3381 chrys.
