2860 4244
202 691 212 699 ⁴
239 690 274 710 De
304 688 410 710 Diversis

224 718 305 742 uuest„
311 714 344 736 ad
348 715 409 736 Sim-

199 749 216 770 p
226 743 263 768 ic„
273 742 312 763 lib.
322 741 351 767 11,
359 747 409 768 cap.

203 775 238 790 111.

203 1249 213 1259 ⁸
228 1247 298 1269 Num.
318 1253 334 1268 ιι
355 1246 409 1272 fin.,

204 1280 266 1296 num.
282 1279 315 1295 ιιι.

437 241 510 278 318

437 332 518 357 rere
538 319 549 345 ῑ
569 318 709 368 aliquid
729 331 750 355 a
769 317 957 355 daemone
978 322 1111 364 sponte
1132 319 1362 358 occurrente,
1383 311 1487 360 quod

437 372 667 422 quandoque
696 371 780 407 licet
806 376 961 418 propter
987 368 1181 404 utilitatem
1211 365 1383 410 aliorum,
1402 375 1488 422 'ma-

437 426 536 462 xime
566 424 718 472 quando
746 423 881 459 virtute
918 420 1047 457 divina
1081 426 1204 467 potest
1237 417 1411 465 compelli
1439 415 1487 452 ad

437 490 527 514 vera
565 475 786 513 dicendum:
817 482 852 510 et
889 473 989 509 aliud
1027 478 1081 508 est
1119 471 1347 507 daemonem
1380 469 1515 510 invo-3

439 542 523 566 care
565 529 612 565 ad
650 527 902 575 cognitionem
944 525 1180 561 occultorum
1214 522 1487 570 acquirendum

439 584 486 619 ab
515 582 609 630 ipso.

490 636 549 670 An
577 643 764 669 SECUNDUM
794 641 974 667 mesanum
999 628 1115 676 quod,
1136 628 1231 664 sicut
1257 626 1488 674 Augustinus

440 686 537 732 dicit,
553 686 603 722 ad
616 683 896 731 Simplicianum
908 682 940 728 ²³²,
956 694 1029 719 non
1050 686 1103 718 est
1119 680 1323 718 absurdum
1339 680 1489 716 credere

437 739 562 786 aliqua
582 736 851 785 dispensatione
872 735 1098 783 permissum
1106 735 1231 781 fuisse
1259 738 1308 778 ut,
1330 744 1403 769 non
1423 731 1486 768 do-

437 792 602 828 minante
628 795 708 826 arte
736 788 886 837 magica
918 787 978 824 vel
999 787 1186 835 potentia,
1209 785 1275 822 sed
1301 785 1487 833 dispensa-

437 844 535 880 tione
561 842 721 887 occulta,
750 852 847 888 quae
867 840 1129 888 pythonissam
1157 844 1192 875 et
1219 838 1368 874 Saulem
1400 837 1486 873 Iate-
1513 869 1515 885 ἰ

1106 234 1371 281 ρυΑΕεΤιο
1400 233 1520 279 xcv,
1550 233 1844 270 ARTICULUS
1875 232 1926 268 iv

1543 312 1616 356 bat,
1636 322 1675 347 se
1703 311 1909 347 ostenderet
1942 310 2092 358 spiritus
2125 310 2212 358 iusti
2244 310 2449 357 aspectibus
2477 311 2598 360 regis,

1543 363 1669 399 divina
1697 375 1782 400 eum
1810 363 1988 399 sententia
2010 373 2270 411 percussurus.
2306 362 2382 408 Vel,
2411 375 2485 400 non
2512 374 2602 400 vere

1542 415 1691 463 spiritus
1719 416 1903 453 Samuelis
1931 427 1954 452 a
1983 415 2111 464 requie
2137 427 2206 452 sua
2234 415 2416 452 excitatus
2443 420 2512 461 est,
2537 416 2603 453 sed

1540 467 1693 515 aliquod
1712 469 1939 516 phantasma
1968 474 2004 504 et
2029 468 2149 504 illusio
2178 467 2430 516 imaginaria,
2459 467 2600 505 diaboli

1542 521 1877 557 machinationibus
1883 522 2016 568 facta.-
2040 532 2154 568 quam
2174 521 2368 568 Scriptura
2389 520 2601 557 Samuelem

1541 572 1713 620 appellat,
1733 574 1827 610 sicut
1843 573 1962 610 solent
1989 574 2174 623 imagines
2195 585 2324 610 rerum
2351 585 2509 610 suarum
2537 585 2602 610 no-

1543 625 1704 662 minibus
1732 626 1925 674 appellari.
2105 638 2107 640 ·

1596 679 1653 714 Αι)
1673 689 1832 715 TERTIUM
1852 690 2036 716 DICENDUM
2055 678 2161 726 quod
2180 679 2282 716 nulla
2299 678 2436 716 utilitas
2455 685 2603 726 tempo-

1543 729 1628 766 ralis
1656 737 1780 778 potest
1809 732 2022 779 comparari
2056 731 2281 768 detrimento
2318 731 2519 780 spiritualis
2547 743 2604 768 sa-

1513 794 1515 820 3
1541 782 1647 829 lutis,
1677 783 1782 830 quod
1808 783 1982 820 imminet
2010 796 2055 820 ex
2091 784 2331 831 inquisitione
2367 785 2604 822 occultorum

1542 847 1612 883 per
1639 835 1875 872 daemonum
1903 836 2200 873 invocationem.

489 972 514 1005 ζ)
533 979 669 1004 quaerere.
682 986 703 991 -
721 971 855 1003 inquirere
874 971 926 995 ΡΙ).

1115 1066 1445 1098 Commentaria
1468 1063 1716 1096 Garamans
1740 1062 1939 1095 Caietani

467 1165 487 1185 n
511 1155 642 1185 articulo
666 1160 779 1195 quarto
803 1154 944 1184 eiusdem
968 1152 1319 1193 nonagesimaequintae
1335 1150 1492 1192 quaestio-

441 1167 526 1235 Inis,
550 1198 654 1239 primo
678 1198 854 1228 declarandi
877 1204 951 1228 sunt
974 1197 1114 1233 termini;
1142 1196 1253 1226 deinde
1279 1195 1493 1226 discutiendae

438 1250 512 1274 sunt
534 1243 670 1273 rationes
694 1242 905 1272 conclusionis
921 1241 947 1271 *.
973 1242 1006 1271 In
1030 1240 1139 1281 primis
1161 1240 1250 1283 scito,
1271 1239 1385 1279 primo,
1405 1238 1494 1278 quod
1519 1248 1521 1266 z

437 1287 470 1328 ly
493 1287 614 1324 illicita,
632 1293 696 1316 tam
712 1286 744 1316 in
761 1286 853 1316 titulo
869 1285 964 1315 huius
981 1284 1101 1314 articuli
1125 1293 1222 1324 quam
1245 1283 1277 1313 in
1301 1283 1394 1313 titulo
1414 1292 1493 1323 qua-

438 1338 511 1361 tuor
533 1330 734 1371 sequentium
753 1330 967 1364 articulorum,
990 1328 1062 1358 licet
1085 1328 1228 1358 absolute
1248 1326 1496 1367 comprehendat

437 1375 581 1405 illicitum
604 1374 717 1415 quovis
739 1374 848 1409 modo,
869 1372 984 1403 scilicet
1006 1372 1167 1402 venialiter
1189 1371 1239 1402 vel
1262 1371 1444 1407 mortaliter,
1466 1377 1496 1401 et

438 1428 504 1449 non
526 1418 626 1449 valeat
648 1424 880 1457 argumentum,
905 1417 978 1447 Hoc
993 1421 1040 1447 est
1054 1416 1211 1453 illicitum,
1235 1415 1327 1456 Ergo
1342 1415 1496 1445 mortale:

438 1463 492 1492 ubi
516 1469 620 1492 tamen
644 1461 804 1502 quaeritur
827 1461 866 1491 de
883 1460 968 1491 licito
983 1460 1033 1491 vel
1048 1460 1158 1491 illicito
1182 1469 1218 1489 ex
1240 1469 1299 1490 suo
1323 1468 1446 1499 genere,
1467 1465 1497 1489 et

438 1513 484 1536 est
505 1516 609 1536 sermo
634 1506 672 1536 de
694 1515 806 1544 genere
830 1504 986 1535 contrario
1008 1504 1114 1534 virtuti
1139 1503 1329 1534 necessariae
1353 1503 1391 1532 ad
1416 1502 1497 1533 salu—

438 1558 511 1586 tem,
533 1550 667 1580 dubium
682 1560 748 1580 non
764 1556 811 1580 est
833 1549 921 1589 quod
944 1555 1110 1589 peccatum
1130 1548 1262 1578 mortale
1285 1546 1498 1587 principaliter

438 1595 613 1635 quaeritur;
643 1594 797 1635 quoniam
821 1603 916 1623 omne
940 1592 983 1623 sic
1006 1592 1149 1622 illicitum
1174 1599 1340 1631 peccatum
1365 1591 1497 1621 mortale

439 1646 493 1674 est,
518 1638 578 1668 nisi
601 1645 730 1678 propter
752 1636 1023 1677 imperfectionem
1044 1644 1131 1667 actus
1151 1636 1190 1666 sit
1203 1636 1334 1666 veniale.
1360 1635 1400 1665 Et
1423 1635 1498 1675 quia

439 1683 481 1713 sic
505 1691 551 1713 est
573 1682 606 1712 in
629 1682 809 1722 proposito,
834 1681 988 1722 quoniam
1011 1681 1049 1710 de
1072 1680 1265 1710 divinatione
1288 1687 1318 1710 et
1341 1679 1498 1710 universa-

439 1727 508 1757 liter
531 1727 569 1756 de
585 1726 748 1766 speciebus
765 1725 994 1765 superstitionis
1018 1731 1064 1755 est
1087 1724 1239 1765 quaestio,
1264 1730 1295 1754 et
1318 1723 1498 1763 superstitio

438 1771 550 1801 vitium
575 1777 620 1800 est
642 1770 823 1810 genericum
847 1769 1039 1800 contrarium
1062 1768 1221 1808 religioni,
1247 1767 1436 1798 necessariae
1460 1768 1500 1798 ad

440 1815 573 1845 salutem
597 1820 770 1850 aeternam;
794 1814 866 1843 ideo
891 1820 921 1843 et
945 1823 1018 1843 cum
1034 1812 1212 1852 inquiritur,
1233 1818 1263 1842 et
1286 1822 1358 1842 cum
1375 1811 1407 1841 in
1425 1822 1499 1842 con-

440 1859 581 1889 clusione
605 1858 769 1898 principali
789 1857 971 1897 responsiva
995 1856 1107 1886 dicitur
1130 1856 1220 1897 quod
1243 1863 1289 1886 est
1312 1855 1429 1892 illicita,
1452 1856 1500 1885 in-

439 1903 588 1942 telligitur
611 1903 649 1932 de
672 1902 781 1932 illicito
805 1912 842 1932 ex
865 1911 923 1931 suo
947 1910 1069 1941 genere,
1094 1910 1129 1930 ac
1152 1909 1208 1940 per
1230 1900 1292 1930 hoc
1316 1900 1354 1930 de
1374 1899 1499 1930 mortali

439 1953 579 1987 peccato,
609 1947 667 1977 Est
689 1955 764 1985 ergo
793 1946 912 1976 litterae
935 1954 1045 1976 sensus
1075 1945 1165 1985 quod
1187 1943 1347 1974 invocatio
1371 1945 1500 1974 daemo-

440 2001 518 2021 num
542 1997 588 2020 est
611 1990 744 2020 mortale
766 1996 930 2029 peccatum
954 1999 991 2019 ex
1014 1998 1074 2019 suo
1095 1997 1219 2028 genere.

495 2035 532 2064 Il.
557 2034 642 2065 Scito
656 2034 809 2069 secundo,
827 2034 915 2074 quod
933 2034 966 2074 ly
979 2037 1111 2073 pactum
1129 2042 1200 2063 cum
1215 2031 1370 2063 daemone
1385 2033 1498 2062 initum

440 2085 545 2118 potest
564 2078 730 2118 dupliciter
745 2077 853 2118 accipi.
877 2077 951 2108 Uno
969 2077 1078 2113 modo,
1095 2086 1153 2116 pro
1171 2075 1380 2106 conventione
1396 2075 1501 2117 aliqua

441 2131 514 2153 cum
537 2122 690 2152 daemone
710 2121 804 2152 facta:
829 2128 915 2161 puta,
945 2121 991 2151 Tu
1005 2120 1119 2161 facias
1135 2125 1192 2150 aut
1207 2120 1295 2150 dicas
1310 2120 1378 2156 hoc,
1395 2125 1425 2150 et
1441 2128 1500 2160 ego

440 2167 507 2197 hoc.
532 2166 604 2196 Alio
628 2166 738 2202 modo,
762 2175 821 2206 pro
845 2165 952 2195 sociali
976 2171 1046 2195 actu
1071 2174 1145 2195 cum
1169 2164 1335 2194 daemone.
1367 2163 1408 2194 Et
1430 2163 1502 2194 licet

440 2210 517 2241 haec
539 2210 694 2241 vocabula
710 2215 842 2250 pactum
866 2216 897 2240 et
910 2209 1033 2249 foedus
1057 2215 1171 2240 sonent
1193 2207 1448 2244 conventionem,
1466 2218 1501 2238 ac

441 2264 497 2295 per
519 2254 596 2291 hoc,
621 2253 816 2291 cumtoties
844 2253 1033 2294 replicantur
1059 2253 1137 2283 haec
1155 2253 1265 2288 verba,
1289 2252 1435 2282 videntur
1458 2252 1502 2282 sic

442 2298 637 2338 accipienda:
662 2298 688 2328 si
711 2298 782 2338 quis
803 2304 909 2329 tamen
924 2297 1087 2337 diligenter
1103 2296 1278 2327 consideret
1292 2295 1502 2327 intentionem

442 2349 473 2373 et
495 2343 589 2372 verba
611 2342 767 2378 Auctoris,
791 2341 872 2372 hanc
895 2341 1030 2381 primam
1049 2340 1339 2380 interpretationem
1355 2350 1421 2370 non
1440 2341 1501 2371 exi-

442 2393 503 2426 get,
527 2385 581 2416 sed
604 2386 635 2415 in
660 2386 795 2416 secunda
819 2385 1023 2425 permanebit,
1049 2385 1165 2415 scilicet
1188 2385 1226 2414 de
1243 2390 1312 2414 actu
1330 2383 1446 2415 sociali.

499 2430 539 2459 Et
565 2429 697 2459 intentio
725 2429 855 2470 quidem
882 2429 1030 2459 Auctoris
1058 2428 1223 2459 manifesta
1251 2435 1305 2458 est.
1338 2429 1500 2466 Quoniam
1526 2423 1527 2429 ¹

442 2473 577 2504 intendit
599 2473 687 2513 quod
709 2472 868 2503 invocatio
892 2473 1087 2503 daemonum
1109 2472 1149 2502 sit
1170 2471 1292 2502 illicita:
1318 2478 1353 2502 ut
1375 2481 1431 2512 per
1453 2479 1501 2502 to-

443 2525 523 2553 tum,
549 2524 578 2547 et
601 2517 773 2557 specialiter
796 2517 829 2546 in
852 2516 1058 2556 responsione
1081 2517 1121 2546 ad
1144 2516 1299 2556 primum,
1324 2522 1422 2555 patet,
1446 2516 1501 2547 ubi

444 2560 607 2601 distinguit
634 2561 874 2601 inquisitionem
895 2560 1107 2591 invocativam
1134 2559 1297 2590 daemonis
1325 2567 1434 2590 contra
1456 2560 1503 2590 in—

443 2605 650 2646 quisitionem
672 2615 728 2645 per
751 2614 919 2635 occursum
943 2604 1117 2634 daemonis.

499 2649 602 2679 Verba
624 2656 731 2679 autem
753 2648 901 2679 Auctoris
925 2649 963 2678 ad
986 2648 1047 2678 hoc
1069 2647 1102 2678 in
1125 2646 1183 2676 hac
1204 2646 1305 2677 littera
1329 2647 1409 2677 clara
1428 2655 1502 2678 sunt

442 2693 476 2723 in
499 2693 600 2733 prima
624 2693 754 2728 ratione,
777 2702 851 2723 cum
866 2692 954 2722 dicit:
978 2692 1062 2732 quod
1083 2691 1202 2722 scilicet
1225 2696 1271 2721 est
1287 2696 1419 2730 pactum
1444 2701 1499 2722 ex-

438 2747 550 2777 presse
572 2747 642 2767 cum
666 2737 820 2768 daemone
843 2738 956 2767 initum
975 2746 1038 2776 per
1061 2737 1162 2775 ipsam
1185 2735 1349 2765 daemonis
1371 2736 1498 2766 invoca-

443 2783 569 2811 tionem.
589 2781 635 2811 Ex
650 2781 697 2811 his
712 2790 851 2820 namque
865 2780 1039 2811 subiunctis
1055 2779 1166 2815 verbis,
1183 2778 1309 2814 scilicet,
1320 2783 1390 2819 per·
1397 2780 1498 2819 ipsam

442 2825 606 2855 daemonis
629 2825 868 2862 invocationem,
893 2823 1069 2864 explanavit
1090 2823 1123 2853 in
1147 2833 1213 2864 quo
1238 2822 1421 2853 consisteret
1442 2834 1498 2864 pa-

443 2875 538 2905 ctum,
563 2868 679 2899 scilicet
701 2869 734 2898 in
756 2868 824 2909 ipsa
847 2868 1066 2898 invocatione:
1090 2867 1134 2898 ita
1156 2867 1245 2907 quod
1268 2866 1425 2898 invocatio
1450 2878 1499 2898 ex-

443 2923 548 2952 pressa
571 2919 618 2943 est
646 2919 774 2952 pactum
798 2922 998 2952 expressum,
1023 2918 1053 2942 et
1075 2910 1234 2941 invocatio
1259 2910 1351 2941 tacita
1374 2918 1421 2942 est
1449 2921 1501 2952 pa-

443 2963 530 2987 ctum
552 2956 692 2987 tacitum.
717 2956 850 2987 Constat
869 2963 975 2986 autem
996 2955 1086 2996 quod
1108 2955 1268 2985 invocatio
1283 2961 1330 2985 est
1345 2962 1432 2986 actus
1449 2966 1499 2986 so—

444 3000 540 3030 cialis.
566 3000 660 3039 Ergo.
678 3017 699 3023 ·-
722 3001 879 3039 Amplius
899 3000 932 3030 in
955 2999 1140 3040 quaestione
1163 2999 1317 3039 sequenti,
1338 2999 1372 3029 in
1394 3006 1450 3030 art.
1473 3010 1498 3036 1,

444 3044 483 3074 ad
502 3045 529 3079 3,
545 3043 692 3074 Auctoris
707 3044 800 3074 verba
823 3050 898 3074 sunt
917 3044 990 3074 ista:
1015 3044 1197 3084 Exquirere
1219 3044 1429 3084 cognitionem
1436 3044 1499 3085 su-

444 3093 591 3118 turorum
614 3097 635 3117 a
658 3087 863 3117 daemonibus
890 3097 952 3117 non
982 3088 1084 3118 solum
1115 3093 1162 3118 est
1178 3093 1347 3128 peccatum
1364 3093 1500 3128 propter

444 3132 502 3161 hoc
519 3130 603 3171 quod
620 3131 681 3171 ipsi
694 3129 814 3172 futura
831 3141 893 3161 non
910 3136 1121 3171 cognoscunt:
1143 3132 1200 3161 sed
1216 3129 1350 3171 propter
1367 3133 1498 3162 societa—

445 3181 505 3206 tem
530 3184 601 3205 cum
622 3176 667 3205 eis
685 3175 808 3211 initam,
825 3184 907 3215 quae
929 3176 1023 3204 etiam
1047 3176 1079 3204 in
1098 3176 1262 3214 proposito
1277 3175 1369 3206 habet
1385 3176 1498 3206 locum.

444 3219 506 3250 Ubi
525 3219 605 3249 clare
626 3218 805 3249 manifestat
827 3218 916 3258 quod
939 3217 1148 3258 appellatione
1171 3218 1253 3258 pacti
1276 3218 1420 3258 intelligit
1449 3229 1499 3249 so-

444 3263 597 3294 cietatem.
631 3263 677 3293 Ita
713 3263 818 3303 quod,
849 3262 979 3302 quando
1015 3262 1124 3302 legeris
1152 3269 1280 3302 pactum
1307 3262 1358 3292 vel
1386 3262 1500 3293 foedus

443 3305 575 3344 initum,
599 3307 737 3346 intellige
767 3306 948 3337 societatem
977 3306 1105 3343 initam,
1129 3315 1272 3345 expresse
1294 3315 1351 3346 per
1373 3305 1500 3337 invoca-

443 3351 579 3386 tionem,
603 3350 694 3381 tacite
717 3360 772 3390 per
795 3360 877 3390 opus
901 3350 951 3380 cui
975 3349 1088 3380 merito
1118 3350 1253 3386 daemon
1278 3359 1310 3379 se
1333 3349 1499 3381 immiscet.

499 3395 539 3424 Et
555 3395 633 3424 bene
649 3395 724 3424 haec
738 3400 857 3430 notato,
873 3395 961 3434 quod
980 3402 1067 3425 actus
1085 3393 1303 3429 invocationis,
1320 3403 1375 3424 seu
1395 3394 1499 3424 cuius-

445 3447 582 3478 cumque
605 3448 748 3469 recursus
771 3439 811 3468 ad
834 3439 1033 3474 daemonem,
1058 3445 1104 3468 est
1126 3438 1238 3468 saltem
1259 3437 1390 3468 societas
1406 3438 1498 3469 inita:

445 3481 519 3521 quia
543 3488 588 3512 est
609 3481 735 3512 initium
758 3482 912 3512 societatis
936 3492 1009 3513 cum
1033 3482 1197 3519 daemone.
1229 3481 1270 3512 Et
1292 3488 1422 3513 vocatur
1445 3493 1499 3523 pa-

445 3532 531 3556 ctum
554 3525 677 3562 initum,
702 3525 780 3556 sicut
804 3526 897 3557 etiam
921 3527 1053 3557 societas
1075 3526 1168 3557 inita:
1193 3525 1346 3566 quoniam
1369 3526 1499 3557 societas

1546 1150 1663 1180 claudit
1685 1150 1717 1180 in
1741 1160 1774 1180 se
1797 1157 1936 1190 pactum,
1962 1150 2075 1180 foedus
2099 1159 2154 1180 seu
2178 1150 2438 1187 conventionem,
2462 1150 2520 1182 etsi
2543 1160 2610 1182 non

1545 1195 1658 1230 verbo,
1690 1194 1802 1224 saltem
1830 1194 1914 1225 facto
1945 1195 2045 1235 ipsius
2078 1194 2252 1230 societatis,
2283 1195 2322 1224 de
2350 1194 2419 1235 ipsa
2450 1195 2608 1229 societate.

1546 1238 1589 1269 Ut
1619 1238 1662 1268 sic
1693 1238 1788 1269 etiam
1817 1238 1938 1278 primae
1966 1238 2217 1279 interpretationi
2239 1238 2331 1269 locus
2359 1237 2399 1270 sit
2419 1249 2495 1270 sane
2518 1238 2610 1271 intel-

1546 1282 1652 1313 lectae.

1602 1326 1695 1357 Unde
1718 1326 1758 1356 ad
1781 1325 1911 1356 rationis
1938 1325 2058 1366 primae
2081 1326 2311 1357 discussionem
2334 1326 2522 1358 descendere
2545 1337 2612 1358 am-

1547 1370 1630 1410 plius
1654 1380 1719 1400 non
1744 1377 1882 1410 oportet.
1905 1370 2071 1407 Quoniam
2090 1380 2127 1400 ex
2141 1380 2180 1401 eo
2196 1370 2286 1411 quod
2298 1370 2612 1402 societatem'inita‘m

1547 1424 1622 1445 curn
1645 1415 1810 1451 daemone,
1835 1424 1872 1444 ex
1895 1414 1957 1445 hoc
1980 1413 2052 1455 ipso
2076 1415 2164 1455 quod
2187 1413 2354 1451 invocatur
2375 1414 2523 1452 daemon,
2538 1412 2611 1446 Tna-

1548 1458 1659 1494 nifeste
1679 1459 1811 1489 mortale
1835 1465 2001 1498 peccatum
2018 1469 2083 1489 esse
2099 1465 2313 1489 monstratum
2328 1464 2383 1495 est,
2406 1458 2486 1490 ratio
2510 1457 2613 1500 prima

1548 1503 1628 1533 clare
1652 1503 1821 1533 concludit.
2502 1515 2506 1519 ·

1605 1547 1655 1577 111.
1681 1547 1742 1577 Sed
1766 1547 1904 1577 secunda
1927 1547 2017 1583 ratio,
2043 1556 2124 1587 quae
2148 1556 2184 1577 ex
2203 1553 2291 1586 parte
2307 1553 2439 1577 eventus
2461 1557 2494 1577 se
2516 1546 2612 1584 tenet,

1550 1601 1616 1621 non
1633 1597 1716 1621 caret
1731 1590 1949 1630 ambiguitate:
1966 1591 2121 1631 quoniam
2133 1591 2256 1621 videtur
2270 1591 2377 1621 minus
2389 1590 2508 1622 efficax.
2525 1591 2615 1629 Quo-

1549 1635 1635 1665 niam
1652 1642 1791 1671 eventus,
1815 1635 1888 1665 licet
1910 1635 2004 1665 addat
2026 1636 2066 1665 ad
2082 1635 2265 1675 gravitatem
2279 1635 2408 1674 peccati,
2426 1645 2491 1665 non
2507 1642 2614 1666 tamen
2660 1657 2662 1659 -

1550 1679 1713 1710 constituit
1743 1685 1917 1719 peccatum.
1952 1679 1993 1709 Et
2022 1686 2189 1719 propterea
2213 1689 2250 1709 ex
2273 1686 2388 1709 eventu
2418 1689 2484 1710 non
2508 1686 2615 1720 potest

1550 1723 1675 1763 probari
1690 1723 1926 1754 invocationem
1943 1733 2009 1753 esse
2025 1721 2378 1754 illicitaijraesertim
2394 1723 2469 1763 quia
2483 1730 2614 1755 eventus

1549 1768 1617 1804 iste,
1642 1767 1758 1798 scilicet
1782 1767 1986 1807 deceptionis,
2002 1777 2067 1798 non
2083 1774 2129 1798 est
2151 1768 2291 1799 intentus
2309 1768 2349 1797 ab
2365 1767 2542 1804 invocante,
2559 1767 2615 1799 sed

1550 1811 1724 1851 praevisus;
1750 1818 1779 1841 et
1802 1810 1834 1841 in
1858 1818 2014 1851 potestate
2033 1822 2090 1841 sua
2106 1818 2247 1841 remanet
2269 1812 2359 1851 quod
2382 1821 2414 1842 se
2438 1815 2615 1852 praesen-vet

1551 1866 1569 1886 a
1592 1855 1645 1886 tali
1670 1862 1783 1886 eventu
1806 1855 1839 1885 in
1862 1855 1910 1885 his
1934 1865 2015 1895 quae
2039 1861 2113 1886 sunt
2137 1855 2308 1886 necessaria
2331 1855 2371 1885 ad
2394 1856 2540 1887 salutem.

1607 1900 1657 1929 Ad
1681 1899 1742 1930 hoc
1766 1899 1880 1930 dicitur
1902 1900 1992 1940 quod
2013 1898 2087 1930 licet
2102 1904 2232 1930 eventus
2249 1905 2284 1929 ut
2303 1906 2349 1930 est
2371 1899 2403 1929 in
2420 1899 2614 1936 executione,

1551 1954 1617 1974 non
1633 1942 1804 1974 constituat
1826 1946 1932 1974 actum
1949 1943 2070 1973 malurn
2093 1950 2148 1974 aut
2170 1944 2304 1979 bonum,
2329 1943 2384 1973 sed
2407 1943 2617 1987 pelomtffffel

1526 2025 1527 2028 Ἴ
1553 1988 1734 2024 meliorem;
1767 1994 1803 2018 ut
1826 1995 1932 2018 tamen
1955 1994 2002 2018 est
2024 1987 2057 2018 in
2080 1997 2137 2018 sua
2160 1997 2271 2023 causa,
2294 1987 2486 2021 constituere
2499 1982 2616 2037 ρᾷῥτ

1525 2034 1527 2073 ξ
1551 2039 1658 2062 actum
1681 2032 1813 2068 malum,
1839 2032 1914 2072 quia
1937 2031 1980 2062 sic
2003 2031 2158 2063 redundat
2181 2031 2213 2062 in
2237 2031 2399 2071 obiectum
2416 2036 2482 2071 seu>
2527 2032 2529 2036 '
2562 2030 2566 2034 ’
2606 2039 2614 2047 ⁴

1553 2084 1588 2107 ut
1616 2082 1703 2116 patet
1730 2076 1768 2106 de
1792 2076 1874 2106 bove
1899 2083 2072 2115 cornupeta
2102 2085 2168 2106 non
2192 2075 2316 2107 incluso
2345 2086 2363 2106 a
2385 2075 2541 2109 dotuinff*

1553 2119 1769 2160 cognitionem
1792 2118 1891 2150 eius*
1900 2128 1907 2155 ;
1941 2119 2061 2150 certut‘n
2090 2126 2136 2150 est
2163 2120 2249 2150 enim
2272 2119 2363 2161 quod
2393 2129 2430 2157 ex
2443 2115 2533 2161 '‘hoc'‘
2601 2154 2605 2160 .
2641 2127 2653 2139 ⁸

1551 2164 1640 2205 quod
1670 2164 1728 2194 bos
1752 2170 1799 2194 est
1821 2163 1954 2194 nocivus
1978 2163 2180 2200 hominibus,
2205 2163 2273 2204 ipsa
2304 2159 2522 2195 non-inclusio

1551 2209 1637 2238 mala
1659 2215 1715 2244 est,
1739 2208 1805 2238 sive
1828 2214 1958 2238 eventus
1981 2208 2130 2238 laesionis
2153 2213 2303 2249 sequatur
2321 2207 2391 2238 sive
2414 2207 2616 2240 nonfl'Ufl&

1551 2252 1585 2284 in
1609 2252 1794 2292 proposito,
1817 2252 1893 2292 quia
1915 2252 2075 2283 invocatio
2106 2251 2270 2283 daemonis
2292 2259 2349 2283 est·
2365 2261 2409 2283 er
2426 2251 2618 2284 naturam
2646 2250 2649 2252 ’

1553 2296 1667 2327 nociva
1688 2297 1847 2328 humanae
1871 2296 1973 2333 saluti,
1996 2296 2062 2327 sive
2079 2302 2230 2337 sequatur
2251 2295 2350 2337 laesio
2368 2296 2406 2331 in
2425 2296 2616 2337 hominekifl-

1552 2347 1685 2371 vocante
1708 2341 1772 2371 sive
1797 2350 1872 2376 non,
1898 2347 1985 2371 actus
2007 2340 2075 2381 ipse
2099 2347 2145 2371 est
2167 2340 2305 2372 illicitus.
2539 2371 2542 2375 ,
2564 2354 2591 2380 rl

1607 2384 1826 2415 Manifestatur
1848 2390 1954 2415 autem
1977 2391 2084 2415 actum
2100 2384 2197 2415 istum
2214 2394 2280 2425 quo
2292 2379 2462 2414 'invocatur
2477 2380 2615 2416 daemon

1553 2429 1593 2458 ad
1616 2428 1839 2464 divinandum,
1864 2437 1931 2458 esse
1954 2438 1991 2458 ex
2014 2434 2125 2458 natura
2155 2437 2212 2458 sua
2236 2428 2386 2458 nocivum
2410 2422 2552 2465 homini,
2576 2438 2615 2464 ex

1551 2479 1639 2512 parte
1659 2479 1724 2503 tam
1740 2472 1904 2502 daemonis
1923 2481 2022 2512 quam
2037 2471 2186 2502 hominis.
2210 2472 2291 2502 Nam
2313 2471 2450 2502 daemon
2469 2471 2614 2510 intendit,

1553 2523 1663 2556 utpote
1687 2516 1795 2552 hostis,
1821 2515 2030 2556 perditionem
2054 2523 2194 2547 nostram
2217 2525 2273 2556 per
2295 2515 2405 2548 omnia
2427 2525 2526 2556 opera
2547 2516 2615 2549 sua.

1552 2561 1664 2590 Homo
1687 2570 1836 2601 quoque,
1862 2570 1899 2590 ex
1921 2560 1983 2590 hoc
2005 2560 2076 2600 ipso
2105 2561 2195 2601 quod
2218 2559 2434 2599 cognitionem
2458 2560 2618 2600 mendicat

1553 2614 1571 2634 a
1595 2604 1767 2640 daemone,
1792 2613 1824 2633 se
1848 2603 1938 2634 offert
1967 2603 2007 2633 ad
2033 2603 2160 2635 initium
2188 2604 2300 2635 saltem
2327 2604 2474 2636 credendi
2492 2604 2617 2641 'iubet

1554 2647 1683 2678 cavendi
1711 2647 1761 2678 vel
1791 2647 1942 2687 operandi
1972 2648 2149 2678 secundum
2176 2646 2269 2678 verba
2300 2647 2402 2684 illius,
2426 2648 2476 2678 vel
2504 2648 2616 2688 saltem

1553 2692 1729 2721 secundum
1759 2691 1926 2731 proprium
1950 2689 2107 2722 iudicium
2135 2691 2256 2722 collatis
2280 2690 2395 2722 auditis
2418 2694 2435 2723 a'
2459 2686 2616 2741 daemone

1553 2745 1627 2765 cum
1655 2736 1902 2765 occurrentibus.
1933 2736 2020 2766 Haec
2052 2743 2157 2766 autem
2188 2742 2263 2766 cum
2292 2745 2348 2776 per
2374 2745 2408 2767 se
2438 2745 2479 2766 ex
2500 2738 2618 2767 {saffiro

1552 2779 1622 2810 talis
1648 2779 1857 2810 invocationis
1879 2787 2130 2819 consequantur,
2155 2787 2186 2811 et
2212 2780 2386 2820 importent
2411 2780 2616 2812 assuefactio-

1552 2833 1628 2854 nem
1650 2823 1788 2854 hominis
1812 2824 1852 2854 ad
1879 2824 2072 2854 credendum
2099 2824 2249 2854 daemoni
2275 2824 2471 2856 astutissimo
2501 2831 2533 2857 et
2560 2831 2617 2866 get·

1552 2867 1652 2898 multa
1666 2877 1739 2898 vera
1755 2867 1865 2898 scienti
1888 2867 2042 2898 deducere
2066 2868 2232 2899 hominem
2247 2868 2280 2898 in
2299 2868 2522 2910 perditionem,
2537 2878 2615 2907 cou-

1551 2921 1686 2952 sequens
1702 2918 1749 2942 est
1768 2918 1803 2942 ut
1824 2918 1931 2942 actum
1946 2911 2093 2942 illicitum
2109 2913 2249 2943 reddant.
2273 2912 2314 2943 Et
2336 2913 2398 2943 hoc
2422 2919 2469 2943 est
2491 2908 2615 2945 malum

1551 2955 1640 2996 quod
1662 2956 1695 2986 in
1717 2955 1819 2986 littera
1841 2955 1980 2996 ponitur,
2006 2955 2123 2987 scilicet
2146 2955 2334 2987 assuefactio
2358 2957 2398 2987 ad
2421 2950 2615 2988 credendum

1551 2999 1708 3031 daemoni.
1732 3000 1799 3031 Nec
1815 3006 1862 3030 est
1882 3000 1916 3030 in
1939 3006 2096 3040 potestate
2119 3000 2259 3031 hominis
2278 3000 2394 3031 assueti
2418 3003 2614 3042 praeservare

1551 3054 1583 3074 se
1607 3054 1625 3074 a
1648 3043 1778 3075 fallacia.
1803 3044 1835 3075 Si
1859 3044 1944 3074 enim
1966 3044 2113 3076 homines
2129 3055 2148 3075 a
2164 3045 2359 3077 daemonum
2373 3045 2614 3078 conver-mione

1551 3088 1671 3119 alienos
1695 3095 1822 3128 oportet
1845 3094 1910 3118 tam
1933 3095 2071 3119 armatos
2095 3099 2172 3126 esse,
2195 3090 2347 3131 quoniam
2371 3099 2435 3121 non
2454 3089 2615 3131 estflobis

1551 3132 1733 3163 colluctatio
1756 3132 1912 3171 adversus
1934 3142 2064 3163 carnem
2088 3138 2119 3163 et
2144 3134 2356 3175 sanguinem,
2380 3133 2437 3165 sed
2458 3132 2614 3177 adversm

1546 3177 1710 3215 principes
1733 3181 1763 3206 et
1786 3181 1960 3216 potestates
1987 3177 2191 3207 tenebrarum
2215 3177 2351 3215 harum,
2376 3184 2412 3208 ut
2434 3171 2612 3219 Apostolus

1552 3219 1635 3255 dicit,
1659 3220 1773 3259 Ephes.
1794 3230 1824 3249 v1
1842 3219 1875 3256 *;
1904 3221 2072 3260 quomodo
2096 3221 2246 3257 inermes,
2270 3221 2374 3251 immo
2396 3216 2513 3252 subditi
2529 3215 2613 3252 flie-

1552 3263 1642 3293 moni
1666 3272 1702 3293 ex
1724 3263 1786 3294 hoc
1809 3263 1880 3304 ipso
1904 3264 1993 3304 quod
2016 3265 2055 3294 ad
2079 3274 2154 3296 eum
2177 3265 2383 3305 confugiunt,
2407 3264 2558 3306 poterunt
2580 3274 2612 3295 se

1551 3305 1765 3346 praeservare?
1780 3307 1894 3338 Divina
1911 3318 2050 3350 namque
2065 3308 2184 3340 iustitia
2200 3309 2363 3341 deserendi
2379 3315 2453 3343 sunt
2463 3310 2497 3343 it
2507 3309 2611 3343 maht

1551 3351 1668 3388 hostili,
1689 3351 1728 3381 ad
1752 3361 1850 3391 quam
1874 3359 2046 3383 recurrunt.

1608 3395 1659 3426 IV.
1685 3394 1775 3425 Circa
1805 3395 2050 3434 divinationem,
2075 3403 2105 3427 et
2136 3397 2350 3428 universaliter
2377 3396 2614 3429 invocationem

1552 3439 1756 3475 daemonum,
1780 3439 1914 3470 dubium
1937 3439 2039 3471 adhuc
2063 3450 2166 3472 unum
2189 3439 2335 3481 occurrit,
2359 3450 2400 3472 an
2423 3439 2524 3481 possit
2545 3439 2621 3471 fieri‘

1551 3483 1669 3523 absque
1689 3482 1775 3514 cultu
1801 3483 1974 3514 daemonis.
1999 3484 2040 3515 Et
2055 3492 2101 3515 est
2117 3484 2196 3516 ratio
2213 3484 2301 3515 dubii
2319 3484 2396 3525 quia
2411 3494 2450 3515 ex
2465 3493 2503 3515 eo
2523 3484 2613 3525 quod

1551 3534 1597 3557 est
1615 3527 1733 3567 species
1749 3527 1989 3567 superstitionis,
2007 3528 2148 3569 sequitur
2166 3528 2256 3569 quod
2278 3534 2397 3568 spectet
2414 3529 2455 3559 ad
2478 3529 2611 3560 cultum.

2639 3229 2648 3238 '
2663 3228 2731 3252 Ven.
2746 3235 2778 3252 ιι.

2852 3685 2860 3847 Α..-.-...>..Λ--.
2851 3583 2860 3664 ‘aza-..—
2848 3475 2860 3575 Δια-,Λιμι
2855 3436 2860 3464 μ.
2859 3415 2860 3419 Α
2855 3382 2860 3404 .-
