2814 4250
976 263 1241 309 QUAESTIO
1272 265 1374 313 LIX,
1404 265 1699 303 ARTICULUS
1729 266 1776 302 111

289 343 369 374 inter
391 349 562 384 utrumque
586 342 800 374 materialiter:
825 352 863 373 eo
889 342 978 382 quod
1002 341 1034 382 ly
1057 343 1267 372 materialiter
1293 343 1344 372 de-

288 386 436 418 terminat
458 387 491 428 ly
505 386 644 427 facere;
666 396 732 423 seu,
756 393 787 417 et
806 386 840 416 in
854 386 940 416 idem
956 385 1044 421 redit,
1067 385 1100 426 ly
1124 386 1275 416 iniustum
1299 386 1348 416 vel

288 431 531 471 intemperatum
554 430 588 461 in
609 430 720 462 ordine
743 431 783 461 ad
806 429 916 461 facere.
940 429 982 459 Et
1004 436 1050 459 est
1073 438 1182 459 sensus
1207 429 1347 460 differen-

287 474 347 504 tiae
375 474 464 515 quod
491 473 592 506 facere
618 481 723 515 potest
748 484 803 515 per
826 473 968 504 accidens
993 471 1106 502 habere
1131 482 1190 512 pro
1218 472 1347 503 materia

286 516 457 557 iniustum,
482 527 547 548 non
567 524 671 558 potest
687 524 793 548 autem
809 517 903 548 etiam
919 526 976 557 per
989 515 1133 546 accidens
1152 516 1264 547 habere
1288 526 1346 556 pro

286 562 416 592 materia
442 561 696 602 intemperatum.
722 561 767 592 lta
793 561 882 601 quod
903 560 1058 590 iniustum
1081 560 1255 590 formaliter
1277 566 1348 600 pot-

286 612 332 636 est
355 614 541 637 concurrere
560 604 760 636 materialiter
782 605 822 635 ad
845 604 944 635 facere
961 603 1125 640 ini-ustum,
1150 611 1186 634 ut
1207 611 1293 644 patet
1314 604 1347 634 in

286 659 324 680 eo
348 649 465 690 quiex
487 648 664 688 ignorantia
686 648 760 679 facit
782 648 954 679 iniustum:
978 647 1225 688 intemperatum
1241 654 1347 679 autem

285 693 459 724 formaliter
481 702 546 722 non
570 698 675 732 potest
698 701 881 722 concurrere
901 691 1099 723 materialiter
1122 692 1162 722 ad
1185 691 1347 723 15051515-

285 743 505 776 temperatum,
526 736 580 766 sed
603 736 653 766 vel
677 736 835 766 concurrit
858 735 1031 766 formaliter
1045 735 1094 765 vel
1110 745 1175 765 non
1192 735 1348 766 concurrit

2406 267 2453 303 23

1455 343 1506 375 111.
1531 345 1580 374 Ad
1604 344 1736 375 dubium
1760 353 1835 384 ergo
1863 344 1975 375 dicitur
2001 346 2089 385 quod
2110 344 2244 376 intentio
2267 344 2387 375 litterae
2410 352 2456 375 est

1399 387 1488 427 loqui
1511 388 1550 418 de
1572 388 1710 418 secunda
1733 388 1976 428 comparatione.
2009 389 2050 419 Et
2071 389 2159 429 quod
2180 389 2268 425 Noe,
2293 388 2358 419 sive
2387 389 2456 428 qui—

1401 440 1536 471 cumque
1560 441 1596 461 ex
1619 431 1793 471 ignorantia
1816 431 1888 462 facti
1911 439 2076 464 excusante
2099 433 2260 464 incurrens
2276 433 2455 463 ebrietatem

1400 474 1448 504 vel
1471 474 1590 515 aliquid
1613 475 1808 511 huiusmodi,
1833 485 1898 506 non
1920 475 1994 507 facit
2015 477 2110 507 etiarn
2133 476 2332 506 materialiter
2347 476 2456 506 intem-

1401 524 1543 556 peratum
1565 518 1751 549 formaliter:
1783 519 1844 550 hoc
1867 526 1930 557 est,
1954 529 2019 550 non
2043 520 2117 551 facit
2139 526 2243 551 actum
2271 520 2325 561 qui
2347 520 2454 550 termi-

1401 567 1491 591 netur
1504 562 1543 591 ad
1559 562 1802 602 intemperatum
1826 569 1977 604 tanquam
2001 564 2040 594 ad
2065 564 2228 594 materiam
2248 564 2332 594 illius
2353 571 2454 600 acrus;

1399 604 1473 644 quia
1497 605 1627 636 ebrietas
1651 614 1680 637 et
1704 617 1846 637 excessus
1868 607 1937 638 talis
1952 614 1999 638 est
2020 614 2108 639 actus
2131 615 2214 638 extra
2232 617 2331 647 genus
2347 607 2453 638 moris.

1400 648 1487 679 11051
1513 659 1623 679 verum
1647 650 1686 680 sit
1715 651 1802 691 quod
1833 651 2017 682 terminatur
2045 653 2085 682 ad
2113 652 2275 682 materiam
2302 651 2454 692 intempe-

1399 692 1536 722 rantiae:
1567 693 1641 733 quia
1673 694 1856 724 terminatur
1885 695 1924 725 ad
1958 695 2054 725 talem
2086 702 2200 736 potum
2230 695 2285 736 qui
2312 702 2454 735 respectu

1399 735 1492 765 huius
1516 743 1595 766 esset
1618 737 1747 767 materia
1765 738 2031 777 intemperantiae,
2049 739 2072 769 si
2098 740 2224 770 moralis
2247 739 2368 779 generis
2392 738 2454 769 for-

285 780 428 811 omnino.
453 780 494 810 Et
517 779 596 810 ratio
616 779 805 822 differentiae
830 780 1004 819 assignatur
1026 779 1059 809 in
1082 779 1194 817 littera,
1210 789 1366 819 qm
1392 780 1714 820 mmparticiparet.
1740 782 1813 811 Non
1837 782 1880 812 sic
1903 789 2010 812 autem
2034 793 2099 813 esse
2115 784 2153 813 de
2182 783 2281 813 facere
2305 793 2341 813 ex
2363 783 2454 822 igno·-

284 824 405 855 iustum
428 823 565 854 sumitur
587 820 643 864 Ρ51·
666 823 936 864 comparationem
960 823 999 854 ad
1023 823 1170 860 alterum,
1194 822 1347 862 intempe-

284 874 388 898 ratum
403 874 510 898 autem
529 867 635 897 solum
655 877 710 907 per
727 868 996 908 comparationem
1020 868 1060 897 ad
1083 873 1276 907 operantem.
1300 866 1347 897 Ex

284 911 346 942 hoc
369 911 455 942 enim
478 911 620 951 sequitur
641 912 740 951 quod,
766 912 886 942 seclusa
908 911 1083 942 intentione
1106 910 1275 951 operantis,
1299 909 1347 940 in-

283 955 359 986 iusti
381 955 485 986 forma
508 955 684 986 secundum
706 965 739 986 se
762 962 911 991 remanet,
935 954 1011 995 quia
1033 964 1130 994 penes
1145 953 1279 984 alterum
1302 960 1347 984 at-

283 998 438 1030 tenditur:
462 999 661 1040 intemperati
676 1009 752 1030 vero
776 999 880 1030 forma
902 999 1079 1029 secundum
1102 1007 1135 1028 se
1158 1007 1223 1028 non
1246 1007 1346 1028 rema—

284 1049 346 1079 net,
371 1042 448 1084 quia
469 1053 566 1083 penes
585 1043 930 1083 commensurationem
946 1043 986 1072 ad
1005 1041 1163 1082 operantis
1178 1041 1345 1078 rationem,

176 1100 236 1118 -m-
284 1096 366 1127 quae
389 1087 510 1119 seclusa
533 1094 591 1124 est,
615 1087 733 1118 attendi
756 1087 856 1118 debet.

1399 823 1498 854 rantia
1529 823 1599 854 facti
1633 824 1805 861 iniustum,
1838 832 1933 864 patet.
1966 826 2128 862 Quoniam
2159 833 2453 867 quantumcumque

1398 867 1544 898 occidens
1568 877 1641 898 casu
1665 868 1846 907 proximum
1870 869 1958 898 omni
1981 871 2158 909 praeposita
2181 871 2339 910 diligentia
2363 880 2454 900 excu-

1399 917 1498 947 setur,
1523 911 1651 942 materia
1675 918 1780 942 tamen
1804 912 1874 942 talis
1904 912 2070 943 occisionis
2097 914 2249 944 iniustum
2279 914 2454 944 secundum

1400 964 1432 984 se
1462 954 1635 986 formaliter
1663 962 1722 991 est,
1753 956 1841 996 quod
1864 955 1940 987 alter
1970 957 2100 996 patitur,
2125 958 2175 988 cui
2199 958 2336 988 aufertur
2366 958 2453 998 quod

1400 1008 1495 1028 suum
1519 1006 1575 1029 est.

1086 1227 1403 1270 ARTICULUS
1431 1227 1659 1270 TERTIUS

835 1318 990 1350 UTRUM
1013 1318 1184 1356 ALtQuls
1207 1318 1353 1350 possrr
1377 1319 1475 1350 PATI
1500 1319 1708 1350 1N1USTUM
1731 1319 1899 1351 VOLENS

1226 1397 1249 1421 V
1269 1397 1364 1427 Ethic„
1384 1397 1442 1422 lect.
1460 1404 1511 1422 nv-

504 1359 594 1377 0-1·”””’

338 1501 342 1514 2
370 1487 374 1507 .·
399 1489 459 1524 K
482 1474 519 1507 'n
548 1479 710 1506 Tannum
729 1479 782 1505 510
801 1479 1041 1505 1510055555.
1061 1467 1220 1504 Videtur
1238 1467 1345 1516 quod

309 1504 434 1582 5⁸23>
414 1511 628 1582 &aliquis
656 1521 775 1570 possit
801 1520 878 1570 pati
901 1520 1081 1557 iniustum
1108 1520 1254 1557 volens.
1285 1521 1344 1556 In-

397 1578 402 1581 '
458 1580 463 1589 ¹
494 1573 636 1611 iustum
665 1573 767 1611 enim
803 1580 859 1610 est
886 1573 1102 1621 inaequale,
1133 1579 1174 1608 ut
1201 1572 1344 1609 dictum

495 1616 602 1664 5153.
632 1626 708 1664 Sed
729 1626 861 1674 aliquis
880 1626 1066 1663 laedendo
1096 1625 1263 1674 seipsum
1287 1637 1346 1661 re-

235 1644 447 1726 emit-dh*
465 1679 703 1738 aequalitate,
717 1679 813 1715 sicut
832 1686 869 1715 et
882 1678 1071 1716 laedendo
1091 1677 1219 1715 alium.
1240 1678 1343 1726 Ergo

158 1677 429 1782 ω’ἢοὶἱῆὶὼ
439 1734 570 1780 potest
595 1732 667 1783 'sibi
694 1731 764 1780 ipsi
801 1732 925 1768 facere
954 1731 1156 1777 iniustum,
1187 1730 1282 1768 sicut
1309 1737 1346 1767 et

283 1782 400 1831 511ἓᾶ.
423 1785 509 1822 Sed
527 1785 760 1834 quic'umque
779 1784 866 1821 facit
885 1789 903 1806 ⁸
930 1784 1111 1821 iniustum
1134 1784 1269 1820 volens
1293 1784 1345 1820 fa-

251 1888 257 1895 ·
284 1836 350 1875 esti}
373 1828 476 1885 Etgo
493 1837 629 1897 'aliquis
647 1837 783 1875 volens
802 1844 927 1903 potest
953 1837 1031 1886 pati
1053 1837 1243 1882 iniustum,
1264 1848 1345 1873 ma-

282 1887 385 1930 xime
414 1901 437 1927 a
465 1891 602 1939 seipso.

231 1950 234 1955 '
287 1931 384 1980 ffl'fffffi
394 1934 628 1991 Pam-nm,
649 1943 772 1980 nullus
800 1942 1013 1979 secundum
1040 1942 1163 1990 legem
1193 1941 1344 1978 civilem

282 1995 437 2045 panim:-
463 1995 534 2033 nisi
561 2003 718 2045 propter
743 1996 819 2032 hoc
847 1994 952 2044 quod
980 1995 1066 2032 facit
1098 1994 1263 2043 aliquam
1291 1994 1344 2030 in-

281 2047 471 2086 iustitiam.
503 2049 580 2086 Sed
598 2048 647 2086 illi
676 2048 740 2097 qui
763 2048 984 2085 interimunt
1011 2047 1155 2096 seipsos
1182 2047 1344 2095 puniun-

281 2090 362 2148 ffl
370 2101 581 2146 seeundum
598 2102 700 2149 leges
712 2099 735 2131 3
763 2101 977 2147 civitatum,
992 2100 1029 2137 111
1050 2101 1124 2137 1100
1149 2100 1253 2148 quod
1272 2100 1346 2148 pri-

281 2152 471 2191 rebantur
498 2154 702 2203 'antiquitus
734 2154 882 2200 honore
912 2154 1147 2203 sepulturae3
1177 2160 1217 2189 ut
1242 2160 1347 2201 patet

181 2257 189 2265 ⁶
230 2226 256 2264 ’'.
282 2197 359 2256 pest*
367 2206 683 2256 Philosophum,
674 2219 712 2244 111
726 2207 762 2243 V
775 2207 895 2244 Ethic.
910 2206 932 2229 *
949 2206 1052 2254 Ergo
1073 2205 1206 2253 aliqms
1220 2210 1346 2258 potest

282 2257 370 2297 sibl
374 2259 466 2308 ipsi
462 2259 603 2296 faeere
638 2259 832 2296 1515515111.
862 2260 912 2295 Et
938 2259 988 2295 ita
1027 2258 1208 2320 contingit
1237 2256 1344 2306 quod

282 2310 435 2379 aliquis
443 2311 623 2350 iniustum
652 2312 815 2361 patiatur
840 2312 989 2355 walens.

306 2365 374 2402 '³3‘-
384 2364 626 2412 PRAETEREA,
657 2365 781 2402 nullus
810 2365 896 2401 facit
923 2364 1102 2401 iniustum
1131 2363 1201 2400 nisi
1236 2363 1345 2400 alicui

279 2407 437 2466 patienti
458 2417 657 2464 iniustum.
688 2418 763 2455 Sed
793 2416 974 2464 contingit
996 2417 1100 2465 quod
1130 2416 1264 2464 aliquis
1292 2417 1345 2452 fa-

282 2468 361 2507 fiat'
380 2468 560 2507 iniustum
591 2470 700 2507 alicui
728 2471 803 2507 hoc
830 2469 995 2507 volenti:
1025 2477 1116 2517 puta
1144 2469 1175 2505 s'i
1201 2469 1346 2506 vendat

281 2522 316 2559 ei
336 2527 352 2551 Υ
380 2534 461 2560 rem
492 2523 613 2560 carius
642 2535 758 2571 quam
787 2523 922 2559 valeat.
953 2523 1054 2570 Ergo
1082 2521 1262 2569 contingit
1280 2522 1343 2558 ali-

281 2586 396 2626 quem
423 2575 618 2612 volentem
648 2576 828 2612 iniustum
858 2575 946 2623 pati.

334 2628 410 2665 SED
439 2639 585 2666 CONTRA
604 2640 670 2666 sss‘r
697 2629 801 2677 quod
822 2628 1001 2665 iniustum
1021 2627 1098 2676 pati
1123 2627 1342 2675 oppositum

282 2688 338 2718 est
366 2681 400 2717 ei
428 2681 531 2729 quod
552 2689 607 2718 est
633 2681 815 2718 iniustum
836 2681 970 2717 facere.
1003 2680 1080 2717 Sed
1108 2681 1232 2716 nullus
1257 2680 1344 2716 facit

280 2733 460 2770 iniustum
479 2734 549 2771 nisi
569 2735 731 2771 volens.‘
747 2735 861 2781 Ergo,
881 2746 950 2782 per
966 2733 1198 2783 oppositum,
1219 2733 1343 2770 nullus

280 2785 418 2835 patitur
444 2786 626 2823 iniustum
654 2786 725 2823 nisi
753 2787 899 2823 nolens.

329 2835 560 2876 Responmzo
580 2850 765 2885 0105115511
785 2839 890 2886 quod
911 2838 1020 2884 actio,
1037 2837 1084 2874 de
1099 2837 1162 2874 ·sui
1183 2838 1341 2884 ratione,

281 2890 455 2941 procedit
473 2891 524 2927 ab
541 2898 697 2938 agente;
717 2891 844 2939 passio
865 2898 1006 2936 autem,
1022 2890 1234 2926 secundum
1254 2902 1340 2938 pro—

281 2942 404 2992 priam
442 2943 651 2990 rationem,
678 2951 734 2982 est
767 2944 815 2980 ab
844 2943 939 2980 alio:
975 2942 1079 2979 unde
1107 2954 1185 2979 non
1218 2949 1343 2990 potest

283 3007 366 3032 esse
393 2995 509 3043 idem,
530 2996 742 3034 secundum
771 2996 887 3042 idem,
914 3006 1030 3043 agens
1059 3002 1095 3031 et
1121 2994 1280 3042 patiens,
1301 3001 1343 3031 ut

243 3064 254 3070 ·
282 3048 417 3086 dicitur
435 3049 473 3086 in
489 3050 538 3086 III
553 3049 574 3071 *
589 3057 625 3086 et
638 3050 724 3100 VIII
739 3049 780 3070 *¹*
793 3048 940 3097 thsic.
962 3047 1193 3096 Principium
1214 3055 1344 3084 autem·

201 3103 205 3107 '
243 3117 255 3122 ·
280 3101 479 3151 proprium
506 3101 643 3149 agendi
669 3102 708 3139 in
743 3101 1046 3138 hominibusvest
1075 3101 1264 3136 voluntas.
1293 3101 1343 3136 Et

281 3152 368 3192 ideo
398 3154 489 3191 illud
507 3154 661 3204 proprie
686 3162 723 3191 et
748 3167 818 3203 per
837 3166 876 3190 se
904 3154 1024 3191 homo
1044 3153 1131 3189 facit
1151 3153 1255 3201 quod
1273 3165 1342 3189 vo-

281 3207 362 3244 lens
390 3207 493 3244 facit:
524 3215 560 3244 et
588 3219 608 3244 e
629 3207 816 3244 contrario
845 3207 936 3244 illud
960 3205 1113 3254 proprie
1137 3206 1256 3242 homo
1276 3218 1341 3254 pa-

262 3260 367 3297 ,titur
386 3260 492 3308 quod
511 3267 662 3309 praeter
679 3260 914 3297 voluntatem
934 3271 1042 3296 suam
1066 3258 1225 3307 patitur;
1256 3258 1342 3306 quia

334 3407 362 3440 α)
373 3408 454 3441 facit.
465 3421 485 3427 -
501 3408 552 3433 sibi
570 3408 666 3432 addunt
684 3408 748 3432 ΑΒΙ.

334 3441 360 3475 β)
379 3443 457 3476 leges.
469 3457 487 3462 -
504 3444 589 3476 Iegem
609 3443 647 3467 Pa
653 3450 661 3471 ;
680 3450 727 3476 pro
745 3442 892 3471 civitatum,
911 3443 1000 3468 civiles
1018 3443 1061 3474 sC,
1079 3443 1196 3468 civitatis
1219 3443 1251 3467 K.

333 3478 361 3511 γ)
379 3478 411 3503 ei.
424 3492 444 3497 -
462 3478 523 3503 Om.
542 3478 572 3503 P.
584 3491 603 3496 -
622 3478 672 3502 Pro
690 3477 804 3510 aliquem
825 3478 962 3507 volentem,
982 3478 1111 3503 volentem
1133 3478 1236 3510 aliquid
1254 3478 1295 3503 ed.
1313 3485 1338 3507 a,

280 3512 394 3546 aliquem
413 3513 542 3539 volentem
561 3513 663 3546 aliquid
683 3513 710 3538 Ρ.

1399 1467 1623 1516 inquantum
1651 1475 1708 1504 est
1733 1469 1879 1516 volens,
1908 1468 2134 1517 principium
2165 1477 2220 1506 est
2248 1481 2293 1506 ex
2320 1470 2404 1519 ipso
2422 1469 2453 1518 ὃ,

1400 1526 1436 1556 51
1449 1519 1550 1566 ideo,
1567 1520 1790 1567 inquantum
1812 1528 1867 1557 est
1885 1521 2114 1568 huiusmodi,
2131 1522 2251 1570 magis
2266 1531 2322 1559 est
2339 1535 2455 1571 agens

1399 1584 1516 1619 quam
1537 1581 1695 1620 pauens.

1451 1624 1667 1662 Dicendum
1698 1631 1753 1661 est
1780 1637 1871 1674 ergo
1898 1626 2003 1674 quod
2031 1625 2227 1673 iniustum,
2255 1638 2333 1686 per·
2352 1639 2392 1664 se
2420 1636 2456 1664 et

1399 1677 1604 1714 formaliter
1630 1678 1835 1738 loquendo,
1856 1678 1979 1715 nullus
2006 1686 2130 1727 potest
2157 1679 2279 1715 facere
2299 1680 2369 1716 nisi
2386 1693 2455 1717 vo-

1398 1731 1490 1777 lens,
1511 1742 1582 1767 nec
1609 1730 1693 1779 pati
1713 1730 1783 1767 nisi
1804 1732 1948 1767 nolens.
1979 1732 2051 1767 Per
2070 1731 2244 1768 accidens
2272 1739 2400 1769 autem
2421 1741 2456 1770 et

1399 1783 1506 1832 quasi
1521 1782 1761 1820 materialiter
1776 1783 1984 1832 loquendo,
2000 1790 2124 1832 potest
2143 1784 2275 1833 aliquis
2294 1785 2332 1821 id
2348 1786 2456 1834 quod

1399 1843 1456 1872 est
1483 1836 1532 1872 de
1558 1848 1600 1872 se
1628 1836 1807 1873 iniustum
1836 1837 1897 1873 vel
1925 1837 2049 1873 facere
2077 1837 2221 1883 nolens,
2247 1837 2340 1874 sicut
2367 1850 2455 1875 cum

1399 1889 1480 1937 quis
1508 1897 1656 1937 Ρ155101·
1687 1889 1934 1926 intentionem
1971 1897 2166 1938 operatum
2195 1891 2255 1926 vel
2283 1890 2360 1938 pati
2386 1903 2455 1927 vo-

1398 1942 1498 1988 lens,
1529 1941 1624 1978 sicut
1651 1953 1740 1978 cum
1769 1942 1853 1990 quis
1881 1943 1966 1991 plus
1994 1942 2097 1978 alteri
2134 1943 2198 2004 dat
2225 1954 2293 1979 sua
2319 1943 2455 1980 volun-

1398 1999 1472 2031 tate
1500 2006 1616 2043 quam
1645 1994 1792 2031 debeat.

1451 2049 1510 2083 Ao
1538 2058 1675 2084 PRIMUM
1709 2058 1808 2084 51100
1845 2058 2028 2084 DICENDUM
2065 2047 2169 2095 quod
2199 2059 2287 2084 cum
2324 2048 2454 2096 aliquis

1399 2111 1467 2136 sua
1494 2101 1691 2136 voluntate
1720 2101 1784 2137 dat
1811 2100 1921 2136 alicui
1954 2099 1992 2136 id
2020 2100 2124 2148 quod
2152 2100 2186 2136 ei
2214 2111 2292 2136 non
2321 2101 2453 2148 debet,

1399 2162 1476 2189 non
1491 2153 1577 2189 facit
1592 2164 1663 2189 nec
1677 2152 1895 2189 iniustitiam
1910 2164 1981 2189 nec
1994 2152 2309 2200 inaequalitatem.
2323 2154 2454 2190 Homo

1400 2205 1500 2241 enim
1530 2217 1598 2253 per
1625 2217 1734 2242 suam
1762 2206 1998 2242 voluntatem
2035 2201 2311 2254 possidet.res:
2342 2212 2378 2242 et
2405 2206 2455 2242 ita

1399 2269 1476 2294 non
1501 2265 1558 2294 est
1585 2265 1733 2307 praeter
1759 2257 2046 2307 proportionem
2065 2263 2078 2280 ⁸
2098 2258 2127 2294 si
2149 2258 2288 2306 aliquid
2312 2258 2348 2294 ei
2367 2259 2454 2295 sub-

1398 2311 1566 2347 trahatur
1597 2311 1810 2347 secundum
1838 2312 2033 2360 propriam
2060 2311 2315 2358 voluntatem,
2337 2312 2406 2347 ‘vel
2433 2323 2456 2348 5

1399 2364 1533 2411 seipso‘
1551 2364 1614 2400 vel
1642 2363 1690 2400 ab
1719 2363 1805 2400 alio.

1451 2417 1510 2452 Αι)
1543 2427 1733 2454 SECUNDUM
1769 2427 1953 2453 memnon
1991 2415 2095 2463 quod
2133 2415 2256 2463 aliqua
2291 2427 2455 2464 persona

1398 2468 1594 2516 singularis
1610 2468 1806 2517 dupliciter
1820 2475 1944 2516 potest
1959 2467 2199 2505 considerari.
2219 2468 2308 2505 Uno
2322 2468 2453 2514 modo,

1398 2521 1609 2558 secundum
1629 2533 1681 2558 se.
1712 2522 1760 2558 Et
1780 2521 1844 2568 sic,
1865 2521 1894 2557 si
1915 2521 1985 2557 sibi
2004 2520 2157 2569 aliquod
2181 2528 2454 2557 nocumentum

1398 2573 1543 2620 inferat,
1569 2581 1694 2622 potest
1721 2574 1877 2621 quidem
1912 2574 2054 2619 habere
2083 2573 2267 2610 rationem
2305 2574 2455 2610 alterius

1398 2627 1561 2674 peccati,
1589 2634 1682 2675 puta
1718 2626 2029 2675 intemperantiae
2056 2627 2118 2663 vel
2157 2626 2451 2674 Imprudentiae,

1398 2692 1476 2716 non
1504 2687 1632 2716 tamen
1661 2679 1845 2716 rationem
1866 2679 2084 2715 iniustitiae:
2115 2679 2203 2725 quia
2232 2679 2327 2715 sicut
2353 2679 2454 2715 iusti-

1395 2732 1446 2782 tia
1465 2744 1618 2780 semper
1637 2739 1692 2769 est
1720 2732 1767 2769 ad
1793 2733 1966 2778 alterum,
1986 2731 2036 2768 ita
2061 2739 2097 2767 et
2115 2731 2302 2767 iniustitia.
2322 2751 2346 2758 -
2366 2731 2452 2767 Alio

1397 2783 1515 2822 t‘nodo
1535 2792 1660 2833 potest
1679 2784 1909 2822 considerari
1929 2783 2062 2832 aliquis
2089 2783 2209 2820 homo
2229 2783 2454 2830 inquantum

1397 2844 1454 2874 est
1480 2837 1621 2886 aliquid
1651 2837 1820 2883 civitatis,
1842 2835 1983 2873 scilicet
2004 2847 2112 2884 pars3
2140 2837 2203 2872 vel
2233 2836 2453 2884 inquantum

1397 2897 1452 2926 est
1474 2889 1615 2937 aliquid
1641 2889 1724 2936 Dei,
1745 2889 1885 2926 scilicet
1911 2895 2082 2925 creatura
2102 2894 2138 2924 et
2165 2888 2301 2936 imago.
2332 2889 2381 2924 Et
2399 2888 2452 2924 sic

1396 2942 1460 2990 qui
1498 2941 1634 2979 occidit
1662 2941 1829 2990 seipsum
1867 2940 2040 2978 iniuriam
2077 2940 2232 2988 quidem
2262 2940 2347 2976 facit
2375 2953 2452 2979 non

1396 2993 1476 3040 sibi,
1495 2995 1563 3031 sed
1584 2993 1720 3031 civitati
1741 3002 1777 3031 et
1803 2995 1901 3030 Deo.
1922 2994 1971 3030 Et
1998 2993 2084 3030 ideo
2113 2992 2266 3041 punitur
2289 3000 2366 3030 tam
2395 3005 2451 3029 se·

1396 3047 1564 3084 cundum
1593 3047 1716 3094 legem
1746 3046 1912 3083 divinam
1941 3058 2056 3095 quam
2090 3045 2301 3082 secundum
2329 3046 2451 3092 legem

1395 3101 1622 3136 humanam:
1651 3099 1746 3136 sicut
1764 3107 1803 3136 et
1818 3099 1866 3136 de
1886 3099 2111 3135 fornicatore
2131 3097 2143 3124 t
2170 3099 2376 3146 Apostolus
2401 3098 2452 3135 di-

1397 3152 1444 3189 cit
1461 3152 1498 3188 ²¹⁸:
1528 3152 1571 3188 Si
1595 3153 1676 3200 quis
1713 3152 1888 3201 templum
1923 3152 1998 3188 Dei
2028 3151 2243 3197 violaverit,
2272 3151 2453 3199 disperdet

1396 3206 1516 3254 ipsum
1544 3206 1659 3242 Deus.

1448 3260 1507 3294 AD
1535 3269 1694 3294 Tannum
1723 3268 1906 3294 mcENDuM
1934 3257 2039 3304 quod
2057 3255 2183 3304 passio
2213 3262 2268 3291 est
2297 3255 2452 3292 effectus

1445 3405 1470 3438 ὃ)
1490 3406 1556 3438 ipso.
1573 3419 1592 3424 —
1610 3406 1695 3437 seipso
1721 3406 1823 3431 PGa.-
1841 3406 1891 3430 Pro
1911 3405 2066 3437 inquantum
2091 3407 2138 3435 est,
2157 3407 2284 3436 quantum
2309 3407 2348 3429 est
2371 3404 2413 3429 ed.
2426 3411 2451 3433 a,

1393 3442 1549 3474 inquantum
1569 3441 1598 3466 P.

1445 3477 1468 3508 ε)
1482 3476 1727 3508 proportionem-
1708 3476 1781 3500 -vel
1799 3475 1966 3507 propositum
1989 3474 2065 3499 addit.
2082 3474 2111 3499 P.
2128 3487 2146 3494 -
2161 3474 2212 3498 Pro
2230 3474 2388 3503 secundum,
2406 3473 2452 3498 sed

1393 3511 1535 3537 secundum
1556 3511 1600 3536 Ρα,

1446 3546 1470 3578 ζ)
1491 3549 1516 3571 et
1535 3546 1568 3571 de
1584 3545 1760 3579 fornicatore.
1773 3558 1792 3564 —
1815 3548 1841 3570 et
1859 3545 1922 3577 (om.
1937 3544 1967 3577 P)
1992 3544 2024 3569 de
2047 3544 2224 3571 fornicatione
2247 3543 2314 3568 PDH
2339 3549 2363 3568 et
2386 3551 2410 3568 a.

2575 3103 2589 3131 ζ

2478 3143 2489 3152 ·
2502 3141 2554 3163 lad
2563 3142 2626 3168 Corn,
2637 3147 2687 3169 cap.

2479 3174 2511 3195 ιιι,
2526 3174 2586 3190 vers.
2602 3174 2630 3195 ¹7·
