2860 4244
181 1630 189 1639 ·
204 1629 270 1650 Vers.
285 1635 318 1650 10.

181 1899 190 1908 ⁸
197 1898 231 1918 Ad
237 1897 294 1918 Heb.
306 1902 356 1923 cap.
369 1902 391 1922 x,

180 1930 240 1945 vers.
256 1930 291 1951 30.

182 2009 191 2017 ⁹
200 2006 287 2027 Homil.
297 2005 361 2027 xxn
369 2005 393 2025 in

182 2033 258 2061 Epist.
269 2032 301 2053 ad
316 2031 379 2053 Rom.

182 2219 236 2240 ⁸Ps.
243 2223 328 2244 xxxvii,
335 2223 394 2238 vers.

183 2252 212 2274 ¹3·
229 2251 260 2271 ¹4-

288 2645 304 2660 α

191 2700 199 2707 ·
208 2697 258 2718 Lib.
265 2697 282 2722 1,
291 2701 342 2723 cap.
351 2701 398 2716 xix.

190 2746 199 2753 ·
214 2743 293 2764 Manli.
308 2748 358 2769 cap.
374 2748 400 2767 v,

191 2776 250 2791 vers.
266 2775 301 2797 39.

290 2894 303 2926 β

193 3009 200 3016 ·
220 3006 285 3027 Vers.
300 3011 333 3033 23.

423 233 494 268 130

415 309 491 346 tale,
516 315 645 348 propter
668 307 939 348 imperfectionem
967 313 1071 336 tamen
1097 311 1184 335 actus
1212 304 1407 344 quandoque
1430 311 1476 334 est
1502 311 1504 341 Q

414 352 556 383 venialis:
591 352 720 393 quando
745 351 861 381 scilicet
883 351 932 380 .vel
957 356 1002 379 est
1025 347 1222 388 imperfectio
1248 357 1284 378 ex
1307 354 1394 387 parte
1418 346 1477 378 ho-

415 397 508 432 noris,
533 403 610 436 puta
626 406 699 426 cum
715 395 848 425 intendit
864 404 929 423 non
946 393 1006 422 nisi
1022 401 1136 432 parum
1154 391 1350 421 dehonorare
1373 389 1476 433 (quod

414 443 535 470 Auctor
557 446 666 475 vocat,
691 439 723 468 in
753 437 958 477 responsione
981 436 1022 466 ad
1050 435 1197 470 tertium,
1221 435 1332 466 leviter
1359 436 1472 465 contri-
1502 441 1503 453 ³

1077 227 1343 273 QUAESTIO
1373 227 1531 272 LXXII,
1561 226 1856 263 ARTICULUS
1886 227 1934 262 111

1532 314 1597 334 non
1622 310 1668 334 est
1690 304 1808 335 mirum
1831 304 1857 334 si
1880 304 2058 334 iudicamus
2082 312 2118 333 ex
2141 301 2292 332 materiali
2316 309 2346 332 et
2368 312 2424 341 per
2447 302 2589 332 accidens

1531 347 1659 379 damno.
1684 347 1725 381 Et
1747 355 1914 388 propterea
1936 348 1969 377 in
1992 347 2093 377 littera
2117 346 2230 376 dicitur
2252 346 2350 386 quod,
2369 355 2432 385 per
2450 347 2590 376 incaute-

1531 392 1595 421 lam
1613 392 1791 431 prolatum,
1816 392 1963 433 auferret
1985 391 2135 421 honorem
2160 391 2229 420 eius
2244 396 2300 420 etc.

1585 435 1626 464 Et
1650 435 1774 466 adverte
1797 435 1848 466 hic
1875 435 1963 476 quod
1988 433 2196 465 contumelias
2221 443 2302 473 quas
2331 432 2460 472 praelati
2484 432 2588 463 obiur-

413 483 524 526 stare),
545 483 708 513 modicum
732 482 816 511 enim
840 490 897 520 pro
918 479 1017 509 nihilo
1035 485 1210 519 reputatur;
1234 479 1284 509 vel
1301 486 1346 509 est
1362 479 1476 519 imper·
1502 489 1503 492 ¹
1529 478 1634 518 gando
1650 478 1789 518 proferre
1805 485 1950 519 possunt,
1966 478 2038 508 licet
2054 485 2089 508 ut
2105 477 2269 508 materiam
2280 476 2403 507 virtutis
2418 482 2589 512 assumant,

415 528 508 558 fectio
532 537 568 557 ex
584 533 669 566 parte
685 524 877 559 intentionis,
903 530 980 563 puta
996 533 1070 554 cum
1092 533 1128 553 ex
1149 522 1210 552 levi
1233 523 1278 553 ira
1297 522 1477 563 prorumpit

414 572 446 601 in
470 572 602 601 verbum
619 568 897 603 contumeliosum,
915 577 981 597 non
1005 577 1041 597 ex
1065 576 1222 597 consensu
1246 566 1475 598 dehonorandi.

469 614 637 645 Materialis
664 619 771 643 autem
799 611 992 642 contumelia
1023 620 1089 641 non
1118 617 1164 641 est
1194 620 1230 640 ex
1253 620 1286 640 se
1313 611 1475 646 mortalis;
1502 616 1504 631 ¹

414 659 468 689 sed
487 665 594 698 posset
616 666 682 687 esse
701 655 843 687 mortalis
860 665 897 686 ex
912 655 1030 685 damno
1055 655 1144 695 quod
1167 654 1296 685 inferret
1318 654 1476 695 proximo.
1502 651 1504 682 Ι,

415 703 506 733 Unde
522 708 818 742 quantumcumque
834 699 1024 730 excessivam
1044 698 1272 730 contumeliam
1288 699 1320 729 in
1337 698 1476 739 aliquem
1503 689 1504 739 l

414 746 550 776 dicerem
573 755 639 775 non
663 743 770 775 animo
794 743 978 779 iniuriandi,
1002 742 1028 773 si
1051 749 1219 783 propterea
1242 752 1308 773 non
1332 742 1476 773 damnifi-
1503 759 1505 787 7

414 796 500 820 catur
522 789 574 819 ille
598 789 630 818 in
653 788 786 825 honore,
811 797 876 817 non
899 796 996 827 pecco
1021 786 1195 817 mortaliter
1217 793 1348 826 peccato
1365 793 1476 817 contu·
1503 790 1505 816 ἶ

415 832 595 867 ωεῙίεε.,Ιῃ
618 831 685 863 istis
708 831 794 862 enim
818 830 952 871 peccatis
976 829 1177 861 materialiter
1200 837 1231 861 et
1254 839 1310 871 per
1333 830 1477 861 accidens
1503 824 1505 835 ‘

1530 528 1561 552 et
1579 522 1611 551 in
1627 521 1728 552 littera
1742 522 1760 542 *
1776 523 1896 554 dicatur
1913 522 2002 563 quod
2022 531 2091 552 raro
2109 528 2139 552 et
2158 531 2194 551 ex
2213 530 2327 560 magna
2346 519 2527 550 necessitate
2546 519 2591 549 di-

1502 579 1503 597 :
1531 575 1598 596 cere
1623 566 1770 602 debeant;
1801 567 1899 597 tutius
1922 574 2029 597 tamen
2052 565 2130 596 mihi
2153 565 2277 595 videtur
2299 564 2388 605 quod
2412 573 2589 604 nunquam,

1530 609 1590 640 nisi
1613 609 1730 649 Spiritu
1746 610 1861 641 Sancto
1886 608 2081 651 suggerente,
2099 609 2249 640 dicantur.
2279 607 2444 645 Quoniam
2460 610 2590 650 reprae-

1531 660 1670 684 sentatur
1697 654 1829 685 subditis
1859 654 1949 694 quod
1971 664 2037 684 non
2065 663 2102 684 ex
2125 653 2267 688 caritate,
2297 652 2351 682 sed
2382 661 2419 682 ex
2444 649 2591 692 passiojfe

1530 698 1720 738 procedant:
1749 697 1895 738 fiuntque
1922 698 2107 734 deteriores,
2132 707 2194 728 non
2222 697 2428 736 suscipientes
2453 694 2591 736 discipli-

1532 749 1627 778 nam,·
1655 741 1819 782 leviusque
1842 742 1971 772 verbera
2001 751 2098 782 quam
2122 740 2352 772 contumeliosa
2374 738 2468 771 verba
2495 738 2593 778 susei-

1532 785 1634 826 piunt.
1659 785 1751 816 Unde
1775 785 1912 821 Tullius,
1935 785 1969 815 in
1992 785 2073 816 libro
2092 785 2131 816 de
2149 784 2287 826 offic-*²
2315 783 2427 814 Omnis
2445 782 2591 814 animad-

1503 837 1506 867 ἶ
1532 831 1634 860 versio
1658 834 1688 860 et
1711 829 1880 870 castigatio
1904 828 2095 859 contumelia
2119 838 2236 859 vacare
2257 827 2356 859 debet.

1131 966 1431 1008 ARTICUL
1451 966 1531 1008 US
1577 963 1858 1007 TERTIUS

780 1058 937 1090 UTRUM
959 1058 1130 1096 ALIQUIS
1154 1058 1327 1089 DEBEAT
1351 1057 1661 1090 CONTUMEmAs
1684 1057 1760 1088 SIBI
1785 1055 1966 1087 ILLATAS
1990 1053 2227 1086 susriNERE

451 1289 455 1302 ‚
477 1293 480 1298 Δ
610 1251 721 1289 latas
750 1252 946 1289 sustinere.
978 1251 1055 1299 Qui
1085 1251 1188 1288 enim
1213 1251 1370 1287 sustinet
1390 1262 1479 1287 con—

444 1304 446 1307 ’
473 1300 560 1341 (Ἴτ’
583 1297 822 1343 Χωῑῃεὶίωῐι
851 1303 922 1341 sibi
949 1304 1104 1352 illatam,
1135 1303 1334 1340 audaciam
1363 1302 1479 1340 nutrit
1505 1310 1507 1328 ⁸

418 1357 678 1395 conviciantis.
709 1357 787 1394 Sed
814 1358 890 1394 hoc
918 1368 996 1394 non
1025 1364 1081 1393 est
1108 1355 1338 1393 faciendum.
1378 1356 1479 1403 Ergo

417 1411 536 1447 horno
566 1422 644 1447 non
673 1410 786 1447 debet
822 1409 1006 1446 sustinere
1035 1408 1309 1446 contumeliam
1342 1407 1412 1445 sibi
1440 1408 1481 1444 il-

417 1465 544 1509 latam,
574 1464 642 1500 sed
670 1463 791 1511 magis
821 1461 1049 1499 convicianti
1078 1461 1323 1510 respondere.

471 1528 506 1552 2.
523 1517 758 1563 PRAETEREA,
775 1516 895 1552 homo
912 1515 1025 1552 debet
1037 1515 1123 1564 plus
1139 1525 1179 1551 se
1195 1514 1347 1562 diligere
1363 1524 1480 1563 quam

419 1569 545 1606 alium.
577 1569 654 1607 Sed
674 1568 807 1619 aliquis
827 1581 906 1605 non
921 1568 1036 1605 debet
1054 1567 1237 1604 sustinere
1254 1566 1358 1616 quod
1377 1566 1482 1603 alteri
1507 1585 1508 1588 =

419 1621 639 1659 convicium
673 1621 871 1659 inferatur:
909 1621 1012 1658 unde
1042 1620 1178 1657 dicitur
1203 1621 1317 1656 Prov.
1337 1631 1421 1656 xxvi
1439 1618 1480 1655 *ε
1507 1614 1509 1619 ’

422 1676 496 1717 Qui
523 1674 682 1724 imponit
706 1675 815 1711 stulto
843 1673 1042 1719 silentium,
1072 1674 1149 1710 iras
1177 1673 1336 1722 mitigat.
1379 1673 1481 1720 Ergo

419 1728 534 1765 etiam
562 1727 695 1778 aliquis
719 1740 798 1765 non
827 1727 939 1764 debet
965 1725 1150 1763 sustinere
1171 1724 1419 1762 contumelias
1443 1724 1483 1760 il-

420 1782 513 1818 latas
542 1781 621 1818 sibi.
1508 1823 1510 1827 ,

474 1835 509 1871 3.
540 1835 784 1880 PRAETEREA,
814 1843 893 1869 non
929 1830 1014 1868 licet
1051 1829 1160 1868 alicui
1196 1829 1389 1867 vindicare
1427 1839 1510 1866 se-=

419 1888 561 1936 ipsum:
591 1887 800 1924 seeundum
826 1885 916 1922 illud
930 1884 966 1920 *τ
994 1884 1098 1920 Mihi
1114 1882 1329 1929 vindictam,
1349 1888 1386 1919 et
1410 1893 1483 1932 ego
1509 1897 1510 1909 π

421 1940 639 1977 retribuam.
679 1938 756 1976 Sed
784 1937 918 1986 aliquis
949 1948 1028 1974 non
1051 1935 1261 1973 resistendo
1287 1943 1484 1972 contume-

421 1994 492 2031 liae
519 2005 559 2030 se
583 1992 771 2030 vindicat:
802 1990 1015 2028 secundum
1041 1989 1132 2026 illud
1157 1987 1425 2037 chrysostomi
1439 1987 1479 2024 *z

421 2047 464 2084 Si
488 2046 682 2083 vindicare
704 2045 771 2090 vis,
800 2044 887 2080 sile:
915 2048 951 2080 et
962 2044 1160 2092 funestam
1189 2042 1226 2078 ei
1250 2041 1381 2078 dedisti
1400 2041 1484 2090 pla-

420 2111 525 2151 gam.
556 2099 658 2147 Ergo
687 2097 819 2147 aliquis
848 2106 926 2133 non
956 2096 1084 2142 debet,
1114 2094 1271 2142 silendo,
1302 2094 1484 2132 sustinere

421 2153 543 2191 verba-
570 2150 859 2197 contumeliosa,
888 2149 956 2186 sed
984 2148 1104 2196 magis
1133 2147 1377 2197 respondere.

478 2207 552 2243 SED
581 2216 727 2243 CONTRA
745 2214 812 2240 es’r
832 2202 937 2252 quod
957 2201 1091 2238 dicitur
1118 2201 1156 2238 in
1184 2201 1325 2238 Psalm.
1341 2200 1380 2236 *z
1413 2199 1488 2242 Qui

423 2258 664 2308 inquirebant
688 2257 791 2294 mala
819 2255 929 2301 mihi,
960 2254 1074 2292 locuti
1099 2259 1187 2291 sunt
1211 2254 1413 2297 vanitates;
1449 2260 1486 2289 et

423 2319 558 2362 postea
586 2308 731 2347 subdit:
760 2311 846 2359 Ego
876 2314 1000 2346 autem
1030 2313 1210 2356 tanquam
1246 2306 1383 2343 surdus
1411 2316 1485 2342 non

425 2363 637 2409 audiebam,
658 2369 694 2399 et
718 2363 814 2400 sicut
840 2367 964 2398 mutus
992 2373 1066 2398 non
1095 2360 1267 2409 aperiens
1294 2370 1335 2397 os
1363 2369 1485 2396 suum,

478 2419 704 2454 Resroum-:o
733 2425 918 2453 mcENnuM
947 2413 1052 2462 quod
1090 2413 1185 2450 sicut
1210 2411 1389 2462 patientia
1423 2422 1488 2448 ne-

426 2470 587 2508 cessaria
608 2477 664 2506 est
681 2468 719 2505 in
739 2467 796 2505 his
816 2479 914 2516 quae
935 2473 1066 2503 contra
1085 2477 1156 2502 nos
1175 2465 1283 2511 fiunt,
1304 2465 1354 2501 ita
1375 2463 1486 2501 etiam

426 2525 464 2561 in
483 2524 540 2560 his
560 2532 658 2571 quae
675 2529 807 2559 contra
825 2532 896 2557 nos
917 2519 1102 2556 dicuntur.
1131 2519 1340 2566 Praecepta
1359 2524 1488 2554 autem

426 2576 627 2626 patientiae
655 2575 693 2611 in
720 2574 778 2611 his
807 2585 905 2622 quae
936 2579 1066 2609 contra
1094 2584 1165 2608 nos
1193 2571 1306 2618 fiunt,
1337 2576 1423 2607 sunt
1449 2569 1489 2607 in
1515 2579 1517 2585 ·

427 2627 718 2679 praeparatione
745 2625 897 2664 animae
917 2630 935 2646 ²
961 2624 1160 2671 habenda,
1191 2623 1287 2660 sicut
1313 2623 1490 2671 Augusti-

428 2695 511 2729 nus,
541 2682 580 2718 in
599 2681 695 2718 libro
724 2680 770 2717 de
788 2680 908 2716 Serm.
931 2679 1044 2715 Dom.
1066 2677 1103 2715 in
1123 2677 1258 2714 Monte
1275 2676 1306 2724 ⁹¹⁸,
1337 2676 1491 2724 exponit

427 2735 518 2773 illud
546 2741 792 2784 praeceptum
822 2731 979 2769 Domini
996 2730 1028 2776 ²²,
1058 2731 1101 2767 Si
1117 2729 1198 2779 quis
1211 2729 1441 2778 percusserit
1458 2734 1491 2766 te
1516 2737 1518 2751 ⁴

429 2790 465 2825 in
501 2799 576 2824 una
613 2785 791 2832 maxilla,
815 2785 959 2834 praebe
992 2784 1028 2820 ei
1058 2789 1094 2820 et
1119 2783 1257 2820 aliam.-
1282 2790 1326 2820 ut
1353 2781 1492 2820 scilicet

429 2842 548 2878 homo
579 2840 624 2876 sit
642 2847 795 2889 paratus
817 2839 893 2875 hoc
920 2838 1056 2883 facere,
1078 2836 1108 2874 si
1132 2846 1230 2885 opus
1255 2834 1384 2883 fuerin
1413 2846 1492 2872 non
1518 2854 1519 2880 1

430 2903 559 2931 tamen
577 2893 651 2930 hoc
670 2891 686 2921 β
710 2903 862 2941 semper
881 2898 1029 2928 tenetur
1047 2890 1171 2927 facere
1197 2895 1295 2936 actu,
1316 2888 1403 2938 quia
1422 2896 1492 2925 n‘ec
1518 2881 1520 2893 ¹

431 2947 509 2995 ipse
530 2945 721 2983 Dominus
740 2946 815 2981 hoc
840 2944 936 2990 fecit,
959 2944 1038 2990 sed,
1061 2954 1148 2980 curn
1174 2941 1402 2992 suscepisset
1419 2941 1494 2979 ala·
1519 2951 1521 2990 '3

432 3011 534 3048 pam,
552 2998 652 3045 dixit,
678 2998 779 3040 Quid
790 3009 851 3034 me
865 2995 1016 3034 caedis?
1027 3003 1070 3033 ut
1085 2996 1246 3032 habetur
1256 2996 1361 3031 Ioan.
1371 2993 1493 3031 xvm‘.

486 3122 513 3154 α)
533 3121 648 3145 animae.
662 3133 682 3140 —
698 3119 783 3144 animi
802 3118 877 3143 PCH.

487 3156 512 3189 β)
533 3157 590 3181 hoc.
603 3169 622 3175 -
640 3155 701 3180 Om.
721 3154 769 3179 Pa.

486 3193 512 3225 γ)
532 3195 566 3216 et.
579 3204 597 3210 -
614 3193 641 3215 et
660 3190 697 3215 ita
717 3189 763 3215 Pa.
783 3199 786 3203 ·

1518 2896 1520 2905 ¹
1546 2886 1748 2924 laudabile.
1782 2885 1894 2923 Unde
1924 2884 2058 2922 dicitur
2084 2883 2200 2922 Eccli.
2221 2883 2338 2921 V111*:
2366 2882 2459 2922 Νοη
2488 2880 2609 2944 litiges

1534 1146 1583 1182 Et
1602 1144 1689 1182 ideo
1709 1144 1823 1180 etiam
1845 1143 1943 1180 circa
1955 1143 2076 1179 verba
2095 1141 2372 1179 contumeliosa
2385 1153 2484 1191 quae
2505 1153 2594 1179 con-

1533 1204 1590 1234 tra
1618 1209 1688 1234 nos
1711 1196 1895 1244 dicuntur,
1926 1202 1982 1232 est
2008 1195 2112 1232 idem
2140 1194 2437 1242 intelligendum.
2467 1194 2594 1233 Tene-

1533 1261 1620 1286 mur
1656 1249 1758 1286 enirn
1796 1249 1938 1285 habere
1967 1247 2139 1284 anImum
2174 1255 2350 1297 paratum
2386 1245 2434 1285 ad
2463 1245 2594 1289 contu—¹

1534 1301 1666 1339 melias
1685 1301 1900 1339 tolerandas
1924 1299 1954 1336 si
1975 1298 2180 1348 expediens
2197 1299 2318 1341 fuerit.
2349 1296 2594 1348 Quandoque

1534 1362 1663 1391 tamen
1686 1360 1836 1402 oportet
1849 1360 1891 1390 ut
1907 1351 2177 1389 contumeliam
2192 1352 2332 1389 illatam
2347 1352 2594 1402 repellamus:

1534 1405 1700 1444 maxime
1718 1413 1875 1455 propter
1894 1405 1985 1442 duo.
2015 1404 2145 1442 Primo
2165 1404 2335 1454 quidem,
2354 1412 2509 1454 propter
2527 1405 2595 1443 bo-

1534 1471 1629 1497 num
1668 1459 1747 1496 eius
1775 1458 1840 1508 qui
1877 1457 2149 1495 contumeliam
2186 1457 2316 1494 infert:
2353 1465 2395 1494 ut
2421 1454 2598 1497 videlicet

1536 1513 1615 1551 eius
1644 1512 1803 1550 audacia
1831 1510 2076 1560 reprimatur,
2108 1517 2143 1547 et
2172 1510 2219 1547 de
2249 1518 2373 1547 cetero
2402 1508 2489 1547 talia
2516 1512 2598 1552 non

1535 1572 1705 1611 attentet3
1733 1564 1944 1602 secundum
1969 1563 2060 1601 illud
2087 1564 2201 1600 Prov.
2227 1575 2311 1600 xxvi
2331 1564 2369 1600 *z
2399 1553 2598 1623 Responde
2621 1574 2633 1584 ·

1533 1619 1643 1656 stulto
1672 1618 1778 1655 iuxta
1805 1617 1996 1654 stultitiam
2023 1628 2154 1662 suam,
2190 1628 2238 1652 ne
2263 1616 2335 1653 sibi
2366 1627 2515 1665 sapiens
2530 1611 2597 1659 >vt-s

1535 1673 1679 1708 deatur.
1721 1671 1809 1707 Alio
1838 1669 1978 1716 modo,
2006 1677 2163 1719 propter
2190 1669 2353 1714 bonurn⁴
2374 1658 2597 1717 multoruffi,

1536 1735 1702 1774 quorum
1729 1722 1920 1772 profectus
1944 1721 2149 1771 impeditur
2173 1734 2244 1770 per
2263 1720 2510 1760 ‘contumelias
2529 1715 2598 1765 nso]3

1536 1777 1594 1814 bis
1629 1775 1759 1813 illatas.
1799 1775 1912 1812 Unde
1941 1774 2146 1823 Gregorius
2175 1774 2281 1821 dicit,
2309 1786 2422 1823 super
2447 1768 2597 1829 Erech„

1536 1828 1667 1867 homil.
1698 1829 1772 1865 1X:
1807 1826 1867 1864 Hi
1892 1839 2053 1877 quorum
2086 1827 2162 1864 vita
2196 1827 2233 1864 in
2269 1826 2441 1877 exemplo
2477 1823 2599 1878 imita-f

1537 1883 1646 1919 tionis
1673 1887 1727 1918 est
1746 1881 1882 1929 posita,
1912 1881 2054 1926 debent,
2082 1880 2117 1917 si
2130 1884 2296 1928 possunt,
2325 1873 2599 1927 detrahentium

1535 1936 1607 1973 sihi
1630 1935 1747 1972 verba
1767 1945 2020 1982 compescere:
2049 1945 2095 1969 ne
2121 1932 2254 1969 eorum
2277 1924 2599 1982 praedicationem

1538 1995 1613 2026 non
1641 1987 1798 2025 *audiant
1824 1986 1891 2036 qui
1920 1986 2054 2023 audire
2075 1990 2272 2034 poterant,
2301 1991 2337 2022 et
2361 1990 2378 2014 Υ
2406 1985 2443 2023 in
2467 1982 2601 2045 pravi?

1538 2041 1706 2079 moribus
1733 2045 1988 2086 remanentes,
2019 2038 2111 2076 bene
2137 2038 2265 2076 vivere
2295 2029 2573 2097 εοηίεήιζήαἠ’ῥῗῖ]ᾗΔ
2593 2031 2598 2043 ’

1591 2096 1651 2131 Ar>
1671 2098 1808 2130 tamum
1827 2103 1926 2130 ERoo
1945 2103 2130 2130 mer-:unum
2157 2090 2263 2141 quod
2289 2085 2602 2139 audaciam‘conss

1537 2145 1708 2184 viciantis
1729 2145 1993 2183 contumeliosi
2006 2142 2021 2166 ὃ
2039 2145 2153 2182 debet
2171 2138 2307 2195 aliquis
2326 2141 2524 2192 moderate
2540 2128 2601 2193 igi

1539 2196 1724 2249 primere:
1764 2196 1903 2235 scilicet
1930 2204 2085 2247 propter
2113 2196 2285 2236 officium
2314 2196 2479 2234 caritatis
2523 2187 2603 2246 xio'n‘

1539 2260 1696 2303 propter
1715 2251 1959 2301 cupiditatem
1983 2249 2119 2300 privati
2138 2250 2307 2288 honoris.
2336 2250 2448 2289 Unde
2495 2240 2603 2289 ’ἆῆἅὲ

1539 2306 1653 2343 Prou.
1666 2314 1753 2342 'xxw
1768 2302 1804 2341 *z
1831 2303 1896 2341 Ne
1915 2303 2140 2354 respondeas
2157 2303 2266 2340 stulto
2286 2290 2603 2361 iuxta'stultit‘z’bm
2627 2313 2637 2322 '

1540 2367 1670 2405 suam,
1700 2368 1748 2394 ne
1774 2357 1810 2394 ei
1835 2356 1965 2394 similis
1992 2355 2182 2406 efficiaris.
2583 2395 2586 2399 ¹

1595 2405 1653 2448 An
1681 2420 1871 2447 SECUNDUM
1900 2418 2084 2446 montinum
2113 2406 2286 2457 quod‘in
2306 2408 2382 2445 hoc
2400 2406 2513 2458 'quod
2531 2398 2603 2452 '311ss

1542 2464 1628 2513 quis
1647 2463 1788 2500 alienas
1809 2462 2058 2499 contumelias
2076 2460 2266 2510 reprimit,
2283 2462 2362 2498 non
2380 2461 2432 2498 ita
2449 2454 2605 2509 t'ime‘tiii·

1543 2516 1725 2567 cupiditas
1744 2514 1880 2564 privati
1906 2515 2063 2552 honoris
2082 2514 2177 2551 sicut
2196 2525 2284 2550 curn
2304 2513 2442 2562 aliquis
2460 2508 2606 2565 'repellit

1543 2568 1794 2607 contumelias
1821 2567 2015 2617 proprias:
2045 2567 2165 2615 magis
2193 2574 2321 2604 autem
2348 2562 2605 2627 videtur'lio'p

1543 2621 1747 2672 provenire
1776 2633 1821 2657 ex
1851 2619 2013 2657 caritatis
2040 2619 2192 2657 affectu.
2598 2623 2602 2626 “

1597 2677 1656 2712 Αι)
1671 2685 1830 2711 mnrium
1850 2684 2034 2711 morannum
2053 2671 2165 2722 quod
2177 2671 2208 2709 si
2227 2668 2361 2722 aliquis
2380 2672 2456 2708 hoc
2475 2665 2605 2724 animo

1544 2735 1685 2766 taceret
1703 2733 1745 2764 ut
1763 2726 1925 2764 tacendo
1946 2723 2281 2767 conmmeliantem
2299 2724 2349 2762 ad
2369 2715 2606 2777 iracundiam

1545 2787 1785 2831 provocaret,
1805 2778 2010 2829 pertineret
2027 2779 2103 2816 hoc
2118 2782 2134 2800 ¹
2153 2778 2201 2815 ad
2229 2777 2450 2815 vindictam.
2481 2764 2605 2823 de‘fsssf

1546 2833 1681 2883 aliquis
1708 2840 1831 2870 taceat
1857 2832 1992 2870 volens
2019 2831 2112 2869 dare
2139 2830 2263 2868 locum
2290 2830 2373 2868 irae
2392 2831 2423 2877 *,
2449 2789 2609 2876 hoc'esl

1548 2951 1634 2977 cum
1670 2939 1822 2976 homine
1858 2938 2048 2989 linguato,
2078 2943 2113 2974 et
2139 2942 2215 2975 non
2250 2941 2373 2973 struas
2409 2937 2447 2973 in
2481 2936 2607 2994 ign'egn,

1520 3030 1522 3038 ‚
1549 2990 1646 3030 illius
1675 2993 1793 3042 ligna.

1601 3114 1626 3147 ὃ)
1645 3114 1836 3140 contumeliosi.
1849 3127 1868 3132 -
1886 3117 1912 3138 et
1929 3112 2113 3138 contumeliosi
2131 3119 2172 3137 sx-

1601 3150 1623 3182 ε)
1639 3149 1789 3181 pertineret
1810 3149 1867 3174 hoc.
1881 3162 1899 3167 -
1919 3148 2038 3180 pertinet
2062 3147 2111 3172 hoe
2135 3146 2273 3179 ABFKpC,
2292 3147 2341 3172 hoc
2360 3146 2511 3179 pertineret
2533 3145 2609 3179 PGJ„

1548 3185 1596 3210 hoc
1611 3185 1731 3218 pertinet
1749 3185 1790 3209 ed.
1809 3191 1836 3209 a.
2572 3182 2587 3186 '⁴

1109 3265 1440 3298 Commentaria
1462 3263 1712 3296 cardinalis
1734 3261 1934 3295 Caietam

467 3350 485 3370 N
515 3339 645 3370 articulo
675 3338 766 3369 tertio
795 3338 937 3368 eiusdem
966 3335 1372 3377 septuagesimaesecundae
1400 3344 1496 3375 quae-

440 3353 588 3419 lsfionis,
614 3393 719 3413 exerce
744 3382 881 3421 teipsum
906 3382 948 3412 sic
973 3381 1005 3411 in
1030 3380 1163 3411 caritatis
1187 3389 1222 3409 ac
1246 3378 1497 3409 mansuetudinis

438 3428 609 3468 praeceptis
634 3434 668 3457 ut
684 3427 761 3458 scias
785 3427 914 3466 quando
932 3432 962 3456 et
982 3425 1035 3456 ubi
1051 3431 1178 3465 oportet
1194 3424 1240 3455 uti
1257 3431 1392 3464 utroque
1409 3433 1496 3463 prae·
1521 3416 1522 3428 ¹

439 3479 529 3512 cepto
554 3471 686 3511 Spiritus
710 3471 814 3502 Sancti
838 3471 869 3500 in
894 3479 959 3500 uno
984 3470 1162 3510 eodemque
1190 3468 1340 3508 capitulo,
1364 3467 1497 3498 scilicet:

438 3516 604 3556 Responde
625 3516 721 3546 stulto
745 3516 835 3545 iuxta
858 3515 1025 3546 stultitiam
1049 3523 1153 3550 suam,
1179 3522 1219 3544 ne
1233 3513 1292 3543 sibi
1312 3513 1439 3552 sapiens
1454 3512 1497 3542 ui-

1548 3334 1683 3370 deatur,·
1705 3339 1752 3370 et,
1776 3333 1827 3364 Ne
1850 3332 2043 3372 respondeas
2065 3331 2162 3362 stulto
2193 3332 2283 3361 iuxta
2306 3331 2472 3361 stultitiam
2496 3339 2608 3366 suam,

1550 3387 1590 3408 ne
1612 3378 1643 3407 ei
1663 3376 1777 3408 similis
1799 3375 1962 3418 efficiaris.
1988 3375 2051 3413 Qui
2076 3376 2180 3415 primo
2203 3375 2271 3406 vult
2294 3374 2340 3405 uti
2364 3380 2541 3414 praecepte,
2567 3380 2610 3404 at-

1550 3422 1658 3452 tendat
1679 3421 1760 3452 intra
1779 3430 1812 3451 se
1835 3420 1860 3451 si
1884 3421 1924 3450 ad
1946 3420 2008 3450 hoc
2031 3426 2179 3450 movetur
2195 3429 2232 3450 ex
2246 3418 2372 3449 caritate
2387 3417 2530 3453 fraterna,
2547 3426 2612 3457 qua

1551 3465 1674 3496 malum
1697 3465 1832 3505 proximi
1855 3465 1989 3495 tolerare
2012 3474 2077 3494 non
2101 3469 2215 3504 potest,
2239 3469 2275 3493 ut
2296 3462 2413 3492 scilicet
2436 3471 2469 3491 se
2492 3461 2613 3501 sapien-

1551 3516 1616 3541 tem
1632 3516 1768 3549 reputet:
1793 3519 1832 3539 an
1856 3516 2003 3539 movetur
2024 3508 2130 3549 potius
2147 3514 2183 3538 ut
2196 3507 2264 3547 ipse
2278 3506 2472 3546 respondens
2489 3505 2612 3545 sapiens

2616 524 2627 535 ⁸
2636 523 2703 551 Resp.
2715 523 2753 544 ad.
2763 529 2782 544 ι.

2615 784 2766 811 ⁸Lib.l,eap.
2773 790 2828 806 xxv.

2653 1552 2723 1595 frma
2729 1574 2756 1600 ς.

2652 2311 2720 2334 Ven.
2734 2317 2759 2338 4.

2734 2784 2745 2800 ε

2634 2837 2643 2845 ”
2657 2835 2694 2857 Ad
2713 2834 2778 2856 Rom.
2792 2840 2844 2862 cap.

2632 2865 2793 2914 susae
