2860 4238
420 219 499 256 444

1108 203 1373 250 QUAESTIO
1404 202 1523 248 CXV,
1554 201 1849 239 ARTICULUS
1880 202 1891 236 l

723 392 1134 472 QUAESTIO
1190 371 2295 466 CENTESIMADECIMAQUINTA

1210 511 1301 550 DE
1345 508 1804 550 ADULATIONE

1247 626 1281 650 IN

502 728 611 753 EtNDE
641 713 959 784 considerandum
994 719 1048 748 est
1083 711 1130 748 de
1159 710 1257 747 vitiis
1295 709 1479 758 oppositis
1505 726 1506 756 3

420 728 714 818 Dpraedictae
740 766 901 803 virtuti*
906 766 989 802 Et
1009 764 1145 813 primo,
1172 763 1219 800 de
1246 762 1477 807 adulatione3
1504 764 1507 790 ⁸

419 823 600 869 secundo,
631 822 677 857 de
706 820 819 867 litigio
839 819 870 856 ²⁸.

1311 625 1405 650 DUOS
1432 624 1636 649 ARTICULOS
1663 624 1779 649 DIVISA

1535 708 1644 745 Circa
1674 708 1931 745 adulationem
1960 717 2194 756 quaeruntur
2222 709 2311 746 duo.

1586 761 1737 798 Primo:
1766 769 1895 798 utrum
1925 762 2089 798 adulatio
2119 762 2164 798 sit
2191 770 2404 810 peccatum.

1588 815 1789 852 Secundo:
1819 823 1948 852 utrum
1978 814 2023 851 sit
2050 823 2251 863 peccatum
2281 816 2453 852 mortale.

1230 913 1548 958 ARTICULUS
1579 912 1784 957 PRIMUS

1126 1009 1282 1040 UTRUM
1306 1007 1531 1039 ADULATIO
1557 1006 1623 1037 SIT
1646 1005 1886 1038 PECCATUM

1358 1089 1391 1112 IV
1412 1087 1507 1116 Ethtc„
1527 1087 1586 1112 lect.
1605 1094 1655 1112 xiv.

550 1202 572 1214 s
629 1186 651 1210 D
680 1184 817 1210 PRIMUM
843 1183 896 1208 sm
920 1181 1160 1207 PROCEDITUR.
1189 1168 1348 1204 Videtur
1375 1166 1479 1215 quod
1505 1168 1507 1211 ξ

478 1210 597 1281 ¹,
569 1232 604 1268 ⁴¹0³
630 1225 793 1263 adulatio
836 1236 914 1261 non
957 1224 1002 1260 sit
1042 1229 1256 1271 peccatum.
1299 1218 1479 1256 Adulatio

609 1277 616 1281 ’
631 1280 731 1316 enim
762 1276 928 1314 consistit
947 1277 984 1313 in
1005 1276 1174 1335 quodam
1194 1285 1371 1311 sermone
1401 1273 1479 1309 lau-

551 1337 569 1361 ’ὲ
603 1332 685 1369 dis
713 1331 817 1368 alteri
847 1329 1014 1366 exhibito
1043 1327 1251 1365 intentione
1289 1325 1478 1375 placendi.
1506 1340 1507 1349 ³

420 1346 496 1421 Sed
523 1354 681 1421 laudare
701 1385 868 1431 aliquem
889 1394 966 1419 non
997 1389 1053 1418 est
1072 1382 1235 1418 malum:
1266 1379 1479 1417 secundum
1506 1423 1508 1435 ι

418 1437 509 1474 illud
527 1438 639 1474 Prov.
660 1438 724 1474 ult.
745 1437 784 1473 *ε
819 1437 1077 1472 Surrexerunt
1093 1434 1169 1482 filii
1186 1435 1264 1470 eius
1294 1439 1328 1469 et
1350 1433 1480 1469 beatis·
1506 1464 1508 1483 a

417 1491 551 1527 simam
575 1491 911 1539 praedicaverunt:
937 1489 998 1525 vir
1020 1489 1110 1533 eius,
1131 1493 1167 1524 et
1189 1487 1358 1524 laudavit
1382 1498 1478 1522 eam.

420 1543 596 1581 Similiter
616 1544 728 1580 etiam
748 1544 845 1580 velle
866 1543 1016 1590 placere
1046 1541 1125 1577 aliis
1146 1553 1224 1577 non
1244 1548 1300 1576 est
1318 1540 1479 1575 malum:

419 1597 631 1634 secundum
652 1597 744 1633 illud
765 1598 777 1632 I
794 1597 845 1633 ad
867 1598 954 1634 Cor.
974 1607 997 1631 x
1011 1594 1047 1631 *z
1068 1595 1142 1630 Per
1160 1594 1288 1630 omnia
1308 1593 1481 1629 omnihus

412 1650 558 1698 placeo.
589 1651 691 1698 Ergo
720 1650 886 1686 adulatio
916 1661 992 1685 non
1024 1655 1078 1684 est
1106 1654 1319 1695 peccatum.

474 1715 508 1740 2.
530 1705 766 1748 PRAETEREA,
797 1704 900 1740 bono
931 1702 1073 1738 malum
1096 1708 1150 1736 est
1179 1699 1424 1744 contrarium,
1447 1706 1482 1734 et

420 1756 588 1793 similiter
605 1756 835 1805 vituperium
858 1756 971 1793 laudi.
1004 1754 1079 1791 Sed
1098 1753 1316 1801 vituperare
1336 1752 1482 1788 malum
1507 1762 1509 1788 ':

420 1822 497 1845 non
527 1818 583 1846 est
610 1818 822 1858 peccatum.
853 1811 953 1857 Ergo
983 1819 1107 1855 neque
1137 1806 1292 1843 laudare
1316 1806 1479 1852 bonum,

420 1863 525 1910 quod
540 1863 690 1900 videtur
705 1863 753 1899 ad
775 1862 1032 1900 adulationem
1051 1860 1251 1909 pertinere.
1273 1860 1376 1906 Ergo
1393 1858 1483 1895 adu·
1508 1869 1509 1886 ³

420 1916 509 1952 latio
538 1929 615 1952 non
646 1924 700 1952 est
728 1924 941 1964 peccatum.

476 1971 509 2006 3.
545 1971 785 2015 PRAETEREA,
817 1967 1023 2006 adulationi
1061 1966 1240 2003 detractio
1278 1964 1510 2001 contraria-²

419 2030 495 2058 tur:
523 2023 626 2059 unde
647 2022 853 2070 Gregorius
874 2021 960 2059 dicit
979 2022 999 2043 *
1028 2020 1134 2068 quod
1155 2018 1367 2056 remedium
1393 2029 1484 2054 con-

419 2083 476 2112 tra
504 2076 760 2121 adulationem
792 2083 846 2112 est
875 2074 1067 2112 detractio.
1098 2073 1297 2110 Sciendum
1326 2076 1398 2116 est,
1428 2070 1483 2107 in-

421 2128 518 2177 quit,
557 2130 657 2177 quod
693 2141 738 2165 ne
779 2128 1033 2165 immoderatis
1070 2127 1241 2163 laudibus
1282 2125 1481 2170 elevemur,

414 2182 638 2230 plerumque
666 2182 784 2218 nostri
811 2182 979 2218 Rectoris
1008 2180 1266 2217 moderamine
1288 2178 1483 2215 detractio-

284 2245 300 2260 α
423 2235 529 2272 nibus
557 2236 722 2272 lacerari
751 2235 1006 2282 permittimur
1034 2239 1066 2269 ας
1104 2239 1144 2269 ut
1170 2245 1261 2281 quos
1298 2243 1376 2268 vox
1404 2231 1484 2268 lau-

422 2289 542 2325 dantis
570 2290 699 2334 elevat,
721 2288 852 2337 lingua
873 2287 1096 2324 detrahentis
1114 2286 1290 2323 humiliet.
1323 2285 1399 2321 Sed
1421 2285 1484 2322 de-

422 2342 554 2378 tractio
584 2349 639 2378 est
667 2343 825 2385 malurn,
846 2349 887 2377 ut
906 2353 1020 2389 supra
1039 2341 1059 2361 *
1086 2340 1259 2376 habitum
1285 2346 1350 2375 est.
1381 2338 1483 2385 Ergo

424 2394 588 2431 adulatio
619 2402 673 2430 est
701 2395 859 2430 bonum.

479 2448 551 2485 SED
582 2459 726 2484 CONTRA
753 2459 818 2483 EST
844 2445 949 2495 quod
969 2457 1082 2493 super
1103 2445 1192 2481 illud
1211 2444 1351 2481 Ezech.
1371 2455 1431 2480 xm
1451 2443 1483 2490 ³¹⁸,

431 2502 519 2546 Vae
545 2502 609 2549 qui
635 2505 820 2537 consuunt
842 2498 1016 2547 pulvillos
1035 2499 1102 2535 sub
1123 2498 1226 2534 omni
1241 2491 1375 2533 cubito
1404 2508 1485 2533 ma-

425 2566 515 2598 nus,
545 2554 633 2590 dicit
669 2552 861 2590 Glossa*:
892 2552 998 2596 idest,
1026 2562 1180 2587 suavem
1218 2550 1483 2586 adulationem

425 2608 526 2654 Ergo
557 2606 721 2643 adulatio
752 2613 806 2642 est
833 2613 1044 2654 peccatum.

477 2661 702 2696 REsPONDEo
723 2670 906 2695 DICENDUM
926 2658 1042 2706 quod,
1064 2655 1158 2692 sicut
1177 2646 1321 2703 supra*
1341 2654 1490 2692 dictum·
1511 2668 1513 2672 ⁴

425 2720 491 2759 est,
513 2713 673 2749 amicitia
701 2711 903 2760 praedicta,
929 2711 990 2747 vel
1020 2709 1231 2755 affabilitas,
1254 2707 1321 2744 etsi
1349 2708 1485 2756 princi-

424 2766 555 2815 paliter
592 2766 777 2803 delectare
819 2765 987 2801 intendat
1025 2775 1091 2799 eos
1120 2762 1258 2810 quibus
1297 2761 1483 2809 convivit,
1511 2794 1512 2803 ἶ

424 2828 572 2865 tamen,
602 2819 666 2855 ubi
694 2831 848 2855 necesse
879 2826 934 2854 est
961 2823 1116 2866 propter
1144 2814 1299 2862 aliquod
1337 2815 1484 2851 bonum
1511 2819 1512 2847 l

427 2872 694 2931 exequendum
723 2872 784 2908 vel
813 2871 955 2908 malum
984 2869 1196 2914 vitandum,
1227 2880 1304 2904 non
1332 2876 1485 2904 veretur

427 2925 656 2974 contristare.
688 2925 726 2961 Si
758 2937 846 2972 ergo
876 2923 1008 2971 aliquis
1037 2922 1074 2959 in
1103 2921 1282 2958 omnibus
1311 2921 1402 2958 velit
1436 2921 1484 2958 ad

427 2978 715 3015 delectationem
745 2977 846 3014 alteri
865 2976 981 3024 loqui,
1004 2974 1149 3012 excedit
1177 2974 1337 3011 modum
1358 2975 1395 3010 in
1421 2974 1484 3011 de-

426 3031 622 3067 lectando:
657 3038 693 3067 et
729 3030 814 3066 ideo
848 3037 979 3077 peccat
1016 3041 1084 3077 per
1122 3040 1329 3064 excessum.
1369 3028 1416 3064 Et
1454 3027 1511 3063 si*

428 3083 582 3132 quidem
601 3084 675 3120 hoc
695 3082 806 3119 faciat
829 3083 908 3118 sola
938 3081 1145 3118 intentione
1175 3080 1395 3126 delectandi,
1415 3092 1484 3116 vo-

429 3144 531 3173 catur
553 3136 735 3184 placidus,
765 3135 976 3172 secundum
1001 3133 1278 3181 Philosophum
1298 3133 1338 3169 *t
1369 3133 1399 3170 si
1419 3146 1483 3170 au·
1509 3132 1511 3162 ῗ

428 3198 504 3226 tem
537 3190 610 3225 hoc
648 3188 757 3225 faciat
790 3187 998 3224 intentione
1032 3186 1187 3223 alicuius
1225 3186 1316 3222 lucri
1354 3198 1484 3222 conse—

429 3242 589 3291 quendi,
618 3249 778 3278 vocatur
815 3240 1000 3277 blanditor
1032 3239 1111 3275 sive
1145 3239 1329 3275 adulator.
1370 3239 1484 3275 Com-
1510 3254 1511 3258 ¹

429 3295 590 3332 munitet
617 3302 744 3331 tamen
774 3305 913 3330 nornen
949 3291 1173 3329 adulationis
1209 3292 1302 3327 solet
1335 3291 1484 3327 attribui

183 1603 189 1610 ¹
206 1601 271 1622 Vei-s.
287 1606 318 1628 33.

184 2026 193 2033 ⁸
213 2024 338 2045 Moralium
352 2023 392 2044 lib.

183 2050 254 2073 xxu.
277 2056 326 2077 cap.
347 2056 392 2077 vu,

183 2078 211 2098 al.
227 2084 247 2099 v.
263 2077 286 2098 in
302 2080 345 2099 vet.
361 2082 392 2098 rx.

184 2347 193 2355 ⁸
203 2346 250 2372 Qu.
261 2350 342 2370 cxxiii,
353 2348 395 2366 art.

186 2378 206 2395 2-

186 2457 193 2464 ·
210 2454 276 2475 Vers.
290 2453 322 2475 18.

188 2562 196 2569 ⁸
212 2560 312 2581 Interlin.

189 2665 196 2672 ⁸
207 2663 253 2690 Qu.
262 2669 322 2689 cxiv,
331 2667 371 2685 art.
381 2669 396 2687 Ι

189 2689 216 2710 ad
232 2696 252 2717 3.

191 3145 289 3166 ’LEthc
306 3145 344 3167 li.b
359 3145 399 3170 lV,

192 3177 400 3220 es.p'Th¹'1‘¹2't9=v.

1534 1165 1715 1202 omnibus
1736 1166 1799 1214 qui
1828 1177 1943 1215 supra
1969 1166 2144 1203 'debitum
2174 1167 2335 1203 modurn
2354 1166 2503 1203 virtutis
2530 1176 2599 1202 vo·

1505 1214 1507 1219 '
1532 1219 1614 1255 lunt
1642 1218 1736 1255 alios
1764 1219 1892 1256 verbis
1911 1220 1973 1256 vel
1993 1219 2099 1256 factis
2120 1218 2306 1257 delectare
2334 1219 2373 1257 in
2402 1217 2600 1256 communi

1535 1271 1838 1309 conversatione.

1586 1327 1645 1362 An
1661 1336 1799 1363 patmum
1813 1336 1912 1362 ERGO
1927 1336 2112 1362 DicENDUM
2132 1325 2237 1373 quod
2257 1325 2411 1362 laudare
2432 1327 2598 1374 aliquem

1534 1379 1715 1427 contingit
1743 1386 1778 1415 et
1806 1379 1906 1415 bene
1933 1386 1968 1415 et
1997 1379 2118 1415 male:
2146 1386 2259 1427 prout
2283 1378 2422 1415 scilicet
2448 1378 2599 1416 debitae

1534 1432 1838 1469 circumstantiae
1857 1432 1919 1468 vel
1940 1440 2140 1469 servantur
2156 1433 2219 1468 vel
2238 1431 2598 1480 praetermittuntur.

1507 1486 1508 1513 l
1536 1486 1576 1522 Si
1605 1485 1707 1522 enirn
1737 1485 1871 1533 aliquis
1891 1485 2059 1533 aliquem
2078 1485 2169 1521 velit
2189 1486 2376 1522 delectare
2405 1485 2599 1522 laudando

1534 1547 1576 1575 ut
1610 1551 1654 1575 ex
1682 1540 1757 1576 hoc
1787 1551 1875 1575 eum
1905 1539 2121 1575 consoletur
2149 1550 2196 1574 ne
2225 1538 2263 1575 in
2296 1538 2600 1576 tribulationibus

1536 1592 1698 1636 deficiat,
1726 1593 1788 1629 vel
1818 1592 1931 1628 etiam
1960 1599 2000 1628 ut
2027 1591 2065 1628 in
2090 1592 2194 1637 bono
2222 1591 2410 1640 proficere
2438 1593 2598 1639 studeat,

1535 1645 1615 1682 aliis
1645 1645 1779 1682 debitis
1816 1645 2101 1682 circumstantiis
2137 1645 2370 1691 observatis,
2398 1645 2603 1694 pertinebit

1535 1699 1610 1735 hoc
1638 1699 1687 1735 ad
1715 1698 1947 1747 praedictam
1981 1698 2159 1735 virtutem
2199 1698 2398 1734 amicitiae.
2434 1698 2601 1735 Pertinet

1536 1759 1665 1788 autem
1701 1752 1750 1788 ad
1788 1751 2045 1788 adulationem
2074 1751 2103 1788 si
2133 1750 2267 1799 aliquis
2303 1751 2394 1788 velit
2432 1751 2600 1800 aliquem

1507 1837 1509 1844 ,
1536 1806 1692 1842 laudare
1721 1805 1759 1841 in
1788 1804 1924 1853 quibus
1945 1817 2023 1841 non
2044 1813 2099 1841 est
2126 1803 2359 1841 laudandus:
2390 1804 2480 1852 quia
2505 1806 2600 1842 forte

1537 1860 1638 1895 mala
1666 1866 1764 1904 sunt,
1795 1858 2006 1895 secundum
2035 1857 2126 1894 illud
2147 1855 2161 1886 β
2179 1857 2215 1894 *ε
2243 1858 2443 1894 Laudatur
2463 1869 2599 1906 pecca—

1508 1935 1510 1945 ι
1537 1918 1596 1948 tor
1623 1912 1659 1948 in
1689 1911 1879 1948 desideriis
1897 1911 2050 1948 animae
2075 1922 2184 1955 suae;
2211 1910 2274 1947 vel
2294 1910 2383 1958 quia
2406 1923 2485 1947 non
2513 1919 2601 1948 sunt

1538 1973 1650 2011 certa,
1672 1965 1885 2002 secundum
1910 1964 2001 2000 illud
2019 1964 2134 2000 Eccli.
2155 1975 2252 2000 XXVII
2273 1964 2309 2000 *z
2338 1964 2436 2001 Ante
2458 1976 2600 2002 sermo—

1538 2031 1622 2055 nem
1643 2030 1690 2055 ne
1717 2018 1846 2054 laudes
1865 2018 2001 2063 virum,
2024 2025 2059 2054 et
2077 2017 2213 2053 iterum
2242 2016 2359 2053 Eccli.
2383 2029 2419 2054 XI
2437 2016 2478 2054 *ε
2506 2017 2598 2055 Νοη

1537 2072 1666 2108 laudes
1692 2072 1817 2108 virum
1847 2071 1882 2107 in
1911 2070 2032 2119 specie
2058 2082 2150 2114 sua;
2177 2070 2239 2107 vel
2260 2069 2373 2107 etiam
2393 2070 2423 2107 si
2442 2070 2564 2107 timeri
2582 2075 2599 2099 Υ

1536 2125 1657 2174 possit
1684 2137 1731 2161 ne
1751 2125 1921 2161 humana
1939 2124 2050 2160 laude
2079 2123 2126 2161 ad
2155 2122 2307 2160 inanem
2325 2123 2484 2171 gloriam
2512 2135 2601 2173 pro-

1537 2186 1717 2223 vocetur,
1747 2178 1849 2214 unde
1886 2177 2020 2213 dicitur
2047 2177 2162 2213 Eccli.
2188 2188 2222 2213 xi
2248 2177 2286 2212 *ι
2315 2177 2413 2213 Ante
2439 2182 2600 2214 mortem

1538 2244 1584 2268 ne
1612 2231 1739 2268 laudes
1767 2231 1968 2267 hominem.

1593 2284 1770 2322 Similiter
1799 2283 1912 2320 etiam
1940 2283 2038 2320 velle
2075 2283 2224 2331 placere
2257 2282 2478 2319 hominibus
2513 2294 2601 2331 pro-

1537 2345 1621 2387 pter
1650 2337 1840 2374 caritatem
1877 2335 2135 2381 nutriendam,
2166 2343 2202 2371 et
2230 2343 2270 2371 ut
2298 2336 2334 2372 in
2365 2335 2417 2372 eis
2439 2333 2452 2356 δ
2480 2335 2601 2372 homo

1539 2391 1776 2439 spiritualiter
1804 2390 1990 2438 proficere
2015 2388 2145 2437 possit,
2167 2388 2355 2425 laudabile
2385 2396 2450 2424 est.
2482 2389 2602 2436 Quod

1539 2451 1666 2481 autem
1687 2442 1822 2491 aliquis
1841 2442 1932 2479 velit
1946 2443 2095 2490 placere
2113 2441 2334 2478 horninibus
2349 2449 2506 2489 propter
2524 2441 2602 2478 ina-

1539 2509 1627 2534 nem
1649 2496 1808 2544 gloriam
1824 2496 1885 2531 vel
1907 2502 2060 2543 propter
2080 2495 2239 2542 lucrum,
2257 2496 2318 2530 vel
2339 2494 2452 2530 etiam
2468 2494 2505 2531 in
2521 2507 2601 2531 ma—

1538 2551 1583 2587 lis
1594 2555 1618 2595 ²,
1634 2550 1707 2586 hoc
1724 2556 1822 2585 esset
1836 2556 2054 2597 peccatum:
2075 2547 2287 2583 secundum
2304 2547 2393 2584 illud
2409 2548 2549 2584 Psalm.
2560 2547 2601 2584 *z

1511 2647 1513 2652 1
1538 2605 1642 2640 Deus
1661 2602 1851 2650 dissipavit
1874 2613 1957 2638 ossa
1977 2613 2108 2637 eorum
2132 2600 2197 2649 qui
2213 2601 2425 2637 hominihus
2437 2601 2600 2649 placent.

1539 2657 1588 2693 Et
1608 2655 1815 2704 Apostolus
1845 2654 1944 2699 dicit,
1964 2654 2015 2690 ad
2037 2653 2158 2690 Galat.
2181 2665 2190 2690 1
2209 2652 2244 2690 *z
2275 2654 2317 2690 Si
2343 2653 2466 2690 adhuc
2483 2654 2602 2691 homi·
2627 2666 2639 2678 ·

1511 2709 1513 2730 ³
1541 2710 1648 2746 nibus
1670 2709 1874 2756 placerem,
1901 2707 2038 2744 Christi
2063 2718 2193 2743 servus
2222 2719 2296 2743 non
2324 2718 2453 2743 essem.

1593 2764 1651 2798 An
1679 2772 1870 2798 SECUNDUM
1893 2772 2078 2797 morannum
2107 2759 2211 2808 quod
2241 2759 2353 2796 etiam
2381 2759 2600 2808 vituperare

1540 2816 1695 2860 malum,
1726 2814 1756 2850 si
1786 2826 1863 2850 non
1892 2813 2141 2850 adhibeantur
2171 2812 2318 2849 debitae
2356 2812 2600 2850 circumstan-

1539 2869 1621 2914 tiae,
1644 2875 1699 2904 est
1717 2866 1911 2904 vitiosum.
1943 2867 1990 2903 Et
2010 2866 2179 2902 similiter
2207 2865 2361 2903 laudare
2386 2866 2545 2902 bonum.

1592 2923 1650 2958 An
1679 2932 1839 2957 TERTmM
1867 2931 2052 2956 DtCENDUM
2072 2919 2176 2967 quod
2205 2919 2295 2957 nihil
2318 2919 2495 2968 prohibet
2523 2919 2600 2956 duo

1510 2980 1511 3018 ξ
1538 2974 1629 3011 vitia
1658 2986 1740 3010 esse
1771 2972 1968 3009 contraria.
2006 2973 2054 3009 Et
2086 2971 2172 3009 ideo
2202 2972 2298 3009 sicut
2330 2971 2511 3009 detractio
2547 2979 2602 3009 est

1539 3029 1696 3073 malum,
1714 3026 1764 3063 ita
1784 3034 1819 3063 et
1838 3025 2014 3063 adulatio,
2037 3025 2146 3071 Quae
2168 3025 2200 3062 ei
2217 3025 2465 3062 contrariatur
2483 3037 2601 3073 quan-

1509 3084 1511 3119 Ϊ
1538 3089 1619 3117 tum
1650 3080 1697 3117 ad
1727 3092 1772 3116 ea
1808 3091 1906 3128 quae
1941 3078 2133 3122 dicuntur,
2163 3077 2268 3115 nont
2297 3085 2426 3116 autem
2461 3078 2600 3115 directe

1539 3141 1725 3182 quantum
1755 3133 1804 3169 ad
1837 3132 1975 3169 finem:
2006 3131 2094 3180 quia
2122 3131 2296 3168 adulator
2324 3131 2468 3180 quaerit
2501 3131 2600 3168 dele-

1540 3186 1742 3222 ctationem
1765 3185 1844 3221 eius
1865 3184 1925 3221 cui
1945 3184 2136 3230 adulatur;
2167 3184 2355 3222 detractor
2374 3191 2502 3221 autem
2521 3195 2600 3220 non

1539 3238 1684 3287 quaerit
1712 3238 1791 3274 eius
1821 3237 2153 3283 contristationem,
2184 3250 2271 3274 cum
2305 3237 2508 3286 aliquando
2537 3248 2600 3272 oc·

1539 3292 1635 3328 culte
1665 3291 1846 3337 detrahat,
1869 3290 1935 3327 sed
1964 3290 2083 3338 magis
2112 3290 2257 3340 quaerit
2287 3290 2365 3326 eius
2391 3288 2597 3326 infamiam.

481 3407 507 3438 α)
523 3407 714 3438 permittimur.
733 3421 751 3425 -
765 3406 957 3438 permittentur
983 3405 1131 3437 ABEHpK,
1146 3404 1342 3436 permittuntur
1359 3405 1405 3436 IL,
1421 3412 1482 3437 per-

429 3442 545 3467 mittitur
563 3442 594 3469 G.
615 3442 704 3466 abrasa
723 3442 769 3472 pC.

483 3475 507 3508 β)
527 3477 601 3502 illud.
619 3491 637 3495 -
656 3477 755 3501 Psalmi
772 3476 867 3501 addunt
886 3475 1019 3500 PACLsD.

482 3512 507 3544 γ)
529 3512 624 3536 timeri.
642 3525 661 3531 ·-
679 3512 771 3536 timere
790 3512 834 3535 Pa.

1590 3404 1614 3437 ὃ)
1634 3408 1661 3429 et
1679 3408 1709 3429 ut
1725 3405 1750 3429 in
1766 3405 1812 3429 eis.
1830 3418 1849 3423 -
1868 3407 1897 3428 ut
1916 3404 1941 3429 in
1961 3404 1999 3429 eis
2017 3404 2136 3436 ADGpC,
2156 3407 2186 3429 ut
2204 3403 2231 3428 in
2250 3410 2281 3428 ea
2300 3403 2328 3428 P.

1591 3440 1613 3471 ε)
1634 3441 1718 3464 malis.
1736 3454 1755 3459 —-
1773 3441 1843 3464 malo
1863 3439 1908 3468 Pa,
1927 3439 2078 3464 huiusmodi
2098 3439 2128 3464 D.

1590 3475 1615 3507 ζ)
1635 3482 1696 3499 non.
1715 3489 1733 3493 -
1752 3475 1830 3499 modo
1848 3475 2055 3507 ABDEFLpCK.

2723 1869 2738 1902 β

2627 1903 2839 1953 ζὲἳὶέἓὶξᾞῶῗ

2626 1963 2767 2006 aare
2776 1963 2797 1985 ³·

2628 2027 2721 2050 ’.νεα
2733 2033 2755 2050 3.

2723 2077 2741 2104 γ
2771 2095 2774 2097 .

2626 2192 2638 2203 ·
2650 2190 2718 2214 Vera.
2731 2197 2770 2221 ³⁰·

2730 2555 2742 2572 ε

2628 2582 2640 2593 ·
2648 2582 2686 2604 Po.
2696 2587 2738 2609 ιιι,
2746 2586 2807 2603 ven.
2816 2581 2840 2603 6.

2653 2665 2719 2689 νει-ι.
2735 2672 2768 2688 ιο.
