2860 4244
941 250 1208 297 QUAESTIO
1238 251 1321 298 CV,
1352 251 1646 289 ARTICULUS
1676 252 1708 300 Il

2335 254 2406 301 395

919 390 1252 423 Commentaria
1274 390 1526 423 Cardjnalis
1548 391 1749 423 Caietam

275 497 295 517 N
319 487 451 518 articulo
474 488 614 518 secundo
638 487 781 518 eiusdem
804 486 1120 527 centesimaequintae
1144 487 1303 527 quaestio·
1327 491 1330 509 ¹

249 499 334 568 lnis,
351 538 427 562 nota
451 531 565 571 primo,
581 531 670 572 quod
693 531 726 561 in
748 531 850 561 littera
864 529 1078 561 inobedientia
1097 530 1194 560 divini
1213 540 1303 571 prae-

245 575 327 616 cepti
349 575 474 614 gravius
497 575 610 605 dicitur
638 582 803 615 peccatum
825 584 923 615 quam
953 574 1143 605 adulterium
1171 584 1212 605 ex
1235 576 1303 615 ipsa

245 620 371 650 ratione
400 619 648 650 inobedientiae:
678 618 752 658 quia
784 618 901 649 scilicet
929 625 976 648 est
1005 624 1171 659 peccatum
1195 625 1304 649 contra

245 663 361 700 Deum,
384 662 465 693 illud
486 672 562 693 vero
586 669 632 693 est
653 668 819 702 peccatum
842 662 875 692 in
898 661 1074 693 hominem.
1097 662 1138 693 Et
1161 672 1197 692 ex
1220 662 1304 702 prin—

246 707 330 747 cipio
353 706 494 748 corporis
517 705 638 737 articuli
661 705 879 737 manifestatur
901 716 1012 736 sensus
1035 706 1190 737 intentus:
1216 706 1305 747 quod
1330 713 1331 717 ’

246 750 361 782 scilicet
382 749 517 781 intendit
535 749 574 779 de
595 749 650 780 illa
665 749 896 781 inobedientiae
919 750 1040 781 ratione
1063 760 1146 791 quae
1169 760 1202 780 se
1221 756 1306 781 tenet

246 799 392 835 exparte
415 793 634 834 praecipientis
657 793 727 824 Dei.
753 794 837 824 Nam
860 804 935 824 cum
958 795 998 825 ad
1020 801 1225 835 praeceptum
1247 794 1306 825 tria

245 844 443 874 concurrant,
467 837 584 868 scilicet
606 838 825 878 praecipientis
852 838 1042 875 excellentia,
1066 845 1154 869 actus
1181 847 1305 878 praece·
1331 842 1333 846 ’

245 889 337 924 ptus,
361 889 392 914 et
414 880 522 922 ipsum
545 888 764 923 praeceptum;
787 885 909 914 Auctor
939 882 973 913 in
996 882 1097 913 littera
1122 882 1307 922 gravitatem

245 925 476 957 inobedientiae
499 925 631 965 graduat
646 935 682 956 ex
698 926 825 957 duobus
848 926 967 966 primis,
992 926 1108 957 scilicet
1131 925 1306 957 diversitate
1332 943 1333 947 =

245 969 507 1010 praecipientium
529 976 560 1000 et
575 979 607 1000 re
623 977 805 1011 praecepta;
830 977 861 1001 et
883 980 920 1001 ex
943 970 1124 1001 excellentia
1139 969 1197 1000 Dei
1218 979 1306 1009 prae-

246 1013 401 1054 cipientis,
424 1012 673 1044 inobedientiam
693 1013 790 1044 divini
813 1014 970 1054 praecepti
992 1013 1160 1054 praeponit
1178 1020 1307 1053 peccato

245 1058 280 1089 in
302 1058 483 1094 hominem,
507 1064 544 1088 ut
566 1064 652 1098 patet
673 1058 706 1088 in
728 1058 840 1089 littera.
869 1058 946 1095 Quo
972 1057 1008 1089 fit
1031 1065 1067 1088 ut
1088 1067 1235 1097 praesens
1257 1057 1307 1088 lit-

246 1110 312 1134 tera
335 1108 391 1133 aut
413 1101 606 1142 intelligatur
628 1102 666 1132 de
689 1101 811 1132 ratione
843 1101 959 1132 causali
989 1101 1237 1132 inobedientiae:
1262 1108 1308 1132 est
1333 1099 1335 1109 ³

247 1145 333 1184 enim
357 1145 538 1176 excellentia
559 1145 779 1186 praecipientis
801 1145 880 1176 ratio
905 1145 1036 1176 causalis
1058 1145 1308 1182 inobedientiae,

247 1196 284 1221 ut
301 1189 334 1220 in
357 1199 413 1231 qu.
429 1198 543 1230 praec„
561 1195 618 1220 art.
636 1198 664 1225 2,
684 1189 723 1219 ad
739 1198 770 1229 4,
791 1188 867 1220 dixit
883 1191 1015 1220 Auctor.
1035 1192 1102 1220 Aut
1117 1189 1310 1229 intelligatur

248 1234 287 1264 de
308 1234 431 1265 ratione
452 1233 580 1269 formali
605 1233 838 1263 inobedientiae
868 1243 932 1274 qua
961 1233 1162 1264 constituitur
1191 1233 1224 1264 in
1247 1233 1308 1264 hoc

246 1321 340 1353 nobis
363 1321 535 1361 explanata
559 1321 601 1351 Et
621 1321 694 1352 licet
716 1327 850 1362 uterque
874 1331 984 1352 sensus
1000 1322 1033 1352 in
1055 1321 1141 1352 idem
1165 1321 1308 1358 deducat,
1335 1317 1336 1324 ¹

247 1375 358 1397 sensus
380 1373 486 1397 tamen
509 1365 651 1396 formalis
675 1371 730 1401 est,
755 1372 813 1396 etc.

247 1502 292 1529 tet
312 1497 487 1529 secundum
510 1497 653 1528 diversos
672 1497 900 1528 inobedientiae
916 1497 1053 1538 gradus,
1077 1496 1188 1537 incipit
1211 1496 1337 1537 appli-

248 1543 326 1574 ἁτε
347 1542 387 1572 ad
416 1541 636 1592 propositum,
661 1548 692 1572 et
714 1548 775 1572 tres
805 1547 860 1572 aut
888 1547 1027 1581 quatuor
1058 1540 1310 1580 comparationes
1336 1557 1337 1560 =

248 1585 360 1618 faeere.
389 1585 497 1616 Prima
526 1591 573 1616 est
599 1585 680 1616 inter
709 1584 959 1615 inobedientiam
987 1584 1063 1620 Dei,
1088 1591 1119 1615 et
1145 1591 1337 1626 peccatum
1336 1597 1338 1608 ι

249 1635 359 1669 contra
380 1629 546 1661 hominem
568 1629 691 1660 seclusa
704 1629 764 1660 Dei
785 1628 1019 1660 inobedientia:
1042 1628 1129 1659 verbi
1143 1628 1252 1668 gratia,
1264 1628 1311 1659 in-

248 1681 297 1722 ter
310 1678 477 1714 peccatum
499 1683 565 1714 quo
588 1673 660 1715 quis
677 1673 851 1704 contemnit
873 1679 1078 1713 praeceptum
1099 1672 1169 1709 Dei,
1186 1679 1217 1703 et
1239 1682 1310 1712 pec·
1336 1677 1337 1706 }

249 1711 358 1750 ea‘tum
388 1727 455 1759 quo
481 1717 554 1758 quis
577 1716 708 1748 offendit
734 1716 918 1757 proximum
940 1717 1106 1753 adulterio,
1123 1716 1309 1753 homicidio,

248 1756 347 1798 furto,
370 1767 429 1792 etc.
452 1761 516 1792 Et·
506 1771 540 1792 ιιι
555 1761 615 1792 hac
631 1761 869 1802 comparatione
885 1761 999 1792 dicitur
1014 1761 1104 1802 quod
1126 1757 1338 1804 inobedien-1

248 1805 298 1839 tia
307 1805 374 1841 Dei
398 1812 445 1836 est
465 1804 591 1846 gravius
614 1811 790 1846 peccatum.
1336 1807 1338 1848 ’ἵ

266 1871 282 1883 ¹·
305 1849 451 1882 secunda
468 1856 516 1881 est
529 1850 610 1881 inter
624 1849 872 1880 inobedientiam
890 1849 960 1886 Dei,
977 1856 1007 1881 et
1021 1855 1187 1890 peccatum
1203 1855 1312 1879 contra
1337 1856 1338 1886 1

249 1893 434 1936 proximum
455 1893 577 1926 inclusa
603 1893 818 1925 inobedientia
839 1893 910 1924 Dei.
941 1893 982 1924 Et
1003 1893 1038 1924 in
1059 1893 1118 1924 hac
1148 1902 1311 1933 compara-

249 1937 338 1985 tione
361 1937 475 1971 dicitur
496 1938 586 1979 quod
607 1938 712 1969 adhuc
743 1937 957 1968 inobedientia
979 1944 1060 1968 esset
1092 1937 1217 1977 gravius
1239 1946 1312 1977 pec-

251 1976 371 2014 earum:
395 1983 424 2013 si
445 1987 551 2013 tamen
575 1983 608 2012 in
635 1982 744 2022 aliquo
766 1983 888 2023 potiori
917 1991 1016 2022 quam
1045 1981 1086 2013 sit
1108 1981 1228 2012 offensa
1259 1980 1312 2012 illa
1337 1987 1339 2027 1

251 2026 398 2067 proximi,
415 2031 624 2067 praeceptum
647 2027 712 2057 Dei
732 2030 958 2057 contemneret.

1411 487 1519 517 Tertia
1543 493 1589 517 est
1610 486 1691 517 inter
1705 494 1871 526 peccatum
1894 497 1959 528 quo
1977 487 2190 518 contemnitur
2208 488 2411 528 praecipiens,

1357 536 1388 560 et
1410 537 1575 570 peccatum
1599 540 1664 571 quo
1689 531 1901 561 contemnitur
1926 538 2139 571 praeceptum.
2172 531 2212 562 Et
2234 532 2310 562 haec
2339 532 2414 572 quia

1357 580 1504 604 tractatur
1527 574 1607 605 inter
1629 574 1794 605 hominem
1818 582 1848 605 et
1871 585 1964 605 suum
1988 582 2200 615 praeceptum,
2222 583 2252 606 et
2275 575 2415 606 similiter

1330 657 1331 660 Ἰ
1358 618 1437 648 inter
1460 618 1566 648 Deum
1589 624 1619 648 et
1642 628 1738 648 suurn
1760 626 1974 659 praeceptum,
1998 619 2070 649 ideo
2098 626 2236 660 quatuor
2258 619 2318 650 dici
2340 630 2415 660 pos-

1358 668 1432 692 sunt
1455 661 1716 701 comparationes.
1741 663 1812 693 Una
1834 667 1938 693 tatnen
1963 670 2008 693 est
2024 663 2196 693 formaliter
2214 663 2290 694 haec
2314 663 2413 695 tertia.

1358 705 1399 736 Et
1413 705 1446 735 in
1462 714 1498 735 ea
1514 705 1627 735 dicitur
1638 706 1726 746 quod
1741 706 1866 746 gravius
1881 714 1928 737 est
1942 714 2107 747 peccatum
2119 717 2185 747 quo
2202 707 2415 739 contemnitur

1358 749 1458 779 homo
1481 749 1684 789 praecipiens,
1701 756 1778 789 puta
1801 751 1966 790 despectus
1990 751 2169 791 superioris,
2186 761 2283 791 quam
2306 751 2414 782 inobe-

1358 793 1484 824 dientia.
1509 793 1550 823 Et
1573 793 1716 824 similiter
1738 794 1863 833 gravior
1879 801 1925 825 est
1939 795 2143 834 blasphemia,
2160 805 2224 835 qua
2239 796 2414 826 contemni-

1359 843 1411 867 tur
1432 837 1535 872 DeuS‚
1560 846 1657 877 quam
1681 837 1893 869 inobedientia
1919 845 2142 879 preceptorum
2171 839 2252 869 eius:
2284 846 2315 870 et
2336 839 2413 876 hoc,

1360 882 1454 911 etiam
1477 881 1602 911 seclusa
1625 891 1645 911 a
1662 887 1795 921 peccato
1814 882 2027 922 blasphemiae
2042 882 2263 920 inobedientia,
2279 883 2341 913 hoc
2359 891 2414 920 est,

1360 930 1547 964 contemptu
1571 925 1738 964 praecepti.

1415 968 1476 998 Hic
1500 974 1546 998 est
1569 977 1678 998 sensus
1701 968 1829 999 litterae.
1854 969 1896 999 Et
1910 969 1954 999 sic
1974 969 2086 1000 diversi
2101 970 2215 1010 gradus
2233 970 2416 1001 inobedien-

1360 1012 1421 1043 tiae
1440 1012 1568 1042 diversis
1592 1011 1727 1042 aliorum
1750 1019 1951 1052 peccatorum
1974 1014 2121 1052 gradibus
2138 1021 2211 1044 sunt
2229 1015 2415 1055 comparati:

1332 1058 1334 1094 ζ
1361 1063 1397 1087 ιιι
1418 1056 1520 1087 littera
1539 1055 1727 1096 applicando
1751 1056 1928 1096 proposuit.
1948 1057 1989 1087 Et
2012 1057 2084 1088 hinc
2106 1065 2192 1097 patet
2213 1058 2329 1098 quibus
2345 1068 2417 1098 pec-

1362 1100 1437 1131 catis
1460 1110 1543 1141 quae
1566 1099 1779 1130 inobedientia
1802 1107 1848 1131 est
1869 1101 2002 1140 gravior,
2023 1107 2053 1131 et
2075 1101 2191 1141 quibus
2214 1112 2289 1133 non.

1417 1144 1469 1175 111.
1486 1143 1579 1174 Ratio
1592 1143 1712 1184 primae
1725 1144 1970 1184 comparationis
1982 1151 2028 1175 est
2037 1145 2120 1185 quia,
2134 1155 2189 1185 per
2201 1155 2233 1176 se
2245 1146 2417 1186 loquendo,

1362 1194 1467 1218 totum
1499 1198 1599 1228 genus
1629 1195 1832 1228 peccatorum
1855 1188 1888 1218 in
1911 1189 2016 1219 Deum
2045 1189 2164 1220 excedit
2186 1196 2291 1220 totum
2320 1200 2418 1229 genus

1334 1267 1336 1271 ,
1362 1239 1566 1272 peccatorum
1581 1232 1614 1262 in
1630 1233 1822 1272 proximum,
1840 1232 1948 1263 ceteris
1966 1233 2112 1272 paribus;
2137 1233 2349 1264 inobedientia
2365 1243 2418 1264 au-

141 1292 142 1296 *
153 1287 220 1305 .n..v
229 1277 510 1328 flumineae-esse
533 1284 701 1317 peccatum
730 1283 839 1308 contra
862 1278 986 1308 Deum:
1010 1278 1096 1308 iuxta
1117 1276 1269 1308 ibidem*
1291 1287 1310 1307 a
1334 1284 1337 1306 1

1362 1283 1428 1307 tem
1453 1275 1512 1306 Dei
1535 1275 1709 1307 formaliter
1735 1283 1782 1307 est
1803 1283 1968 1316 peccatum
1991 1276 2025 1306 in
2047 1277 2169 1307 Deum:
2194 1284 2230 1307 ut
2251 1284 2337 1316 patet
2359 1277 2419 1307 dis—

1363 1320 1537 1360 tinguendo
1555 1326 1680 1360 peccata
1704 1327 1759 1351 aut
1773 1320 1806 1350 in
1822 1320 1942 1356 Deum,
1962 1327 2017 1351 aut
2031 1320 2064 1350 in
2090 1331 2132 1358 se,
2149 1327 2204 1351 aut
2226 1321 2418 1361 proximum.

1335 1376 1337 1403 ss
1363 1365 1451 1395 Haec
1474 1364 1559 1394 enim
1583 1364 1742 1395 distinctio
1765 1364 1798 1394 in
1822 1364 2019 1405 praecedenti
2038 1364 2134 1395 Libro
2149 1365 2167 1384 *
2189 1365 2318 1406 reliquis
2334 1376 2421 1406 prae-

303 1409 341 1440 11.
365 1409 560 1440 Declaranda
584 1409 720 1440 occurrit
736 1409 849 1440 deinde
864 1409 984 1446 littera,
1009 1409 1083 1450 quia
1099 1409 1233 1440 obscura
1255 1419 1309 1449 ap·
1335 1415 1337 1423 ⁷

247 1460 346 1495 paret.
370 1453 456 1484 Scito
480 1463 554 1493 ergo
578 1453 667 1494 quod
682 1453 783 1484 littera
799 1454 837 1483 ab
852 1453 908 1483 illo
931 1453 1016 1489 loco,
1039 1453 1093 1484 Sic
1115 1462 1194 1494 ergo
1216 1462 1338 1492 opor·
1336 1455 1338 1461 ’

1362 1408 1425 1438 lata
1441 1415 1497 1439 est.
1522 1409 1563 1438 Et
1585 1415 1750 1448 peccatum
1773 1415 1838 1439 tam
1861 1408 1893 1438 in
1917 1418 1949 1438 se
1972 1418 2068 1449 quarn
2092 1409 2125 1439 in
2148 1409 2330 1449 proximum
2344 1420 2419 1440 con-

1364 1458 1424 1482 stat
1447 1451 1672 1492 comprehendi
1695 1453 1754 1482 sub
1778 1459 1906 1492 peccato
1930 1452 1963 1482 in
1985 1452 2160 1483 hominem.
2195 1453 2291 1490 Quod
2313 1454 2420 1484 minus

1363 1505 1456 1536 grave
1479 1505 1578 1536 quarn
1601 1495 1848 1527 inobedientiam
1864 1496 1923 1526 Dei
1939 1506 2006 1527 esse
2029 1496 2130 1527 littera
2153 1496 2236 1528 dicit.

1420 1539 1514 1570 Ratio
1543 1540 1699 1570 secundae
1730 1540 1975 1580 comparationis
2004 1547 2051 1571 est
2079 1540 2283 1581 inaequalitas
2315 1551 2420 1572 rerum

1364 1590 1613 1624 praeceptarum.
1638 1584 1691 1620 Ut,
1707 1584 1732 1614 si
1752 1584 1822 1624 quis
1846 1591 1957 1623 peccet
1970 1583 2003 1614 in
2025 1584 2208 1624 proximum
2226 1584 2322 1622 furto,
2346 1595 2421 1616 con-

1336 1631 1337 1634 ’
1363 1627 1537 1658 temnendo
1560 1627 1704 1658 divinum
1727 1634 1946 1668 praeceptum;
1971 1634 2002 1658 et
2023 1629 2109 1665 alter,
2133 1629 2318 1659 inobediens
2339 1639 2421 1670 quo-

1364 1682 1428 1713 que
1454 1671 1539 1707 Deo,
1570 1671 1721 1711 periuret:
1751 1672 1826 1712 quia
1858 1678 2061 1712 praeceptum
2093 1673 2220 1712 periurii
2246 1673 2354 1713 potius
2377 1680 2423 1704 est

1364 1722 1532 1767 praecepto
1552 1714 1636 1752 furti,
1660 1715 1750 1756 peior
1766 1723 1812 1746 est
1826 1715 1885 1746 ista
1907 1716 2121 1747 inobedientia
2137 1727 2234 1757 quam
2257 1724 2422 1757 peccatum

1364 1760 1397 1791 in
1421 1759 1605 1800 proximum
1629 1769 1704 1790 curn
1726 1759 1939 1790 inobedientia
1962 1760 2078 1791 divina.

1418 1803 1512 1835 Ratio
1524 1813 1600 1834 vero
1612 1803 1719 1834 tertiae
1740 1804 1986 1844 comparationis
1997 1811 2103 1844 aperta
2115 1811 2161 1835 est
2172 1804 2205 1834 in
2217 1803 2332 1835 littera:
2348 1805 2423 1846 quia

1364 1847 1559 1889 praecipiens
1574 1848 1669 1888 longe
1685 1848 1788 1879 maius
1811 1848 1890 1889 quid
1913 1855 1959 1879 est
1973 1858 2071 1889 quam
2097 1858 2191 1879 suum
2208 1855 2423 1889 praeceptum.

1419 1892 1461 1922 Et
1484 1899 1646 1923 memento
1669 1892 1842 1933 intelligere
1863 1892 2015 1923 terminos
2038 1892 2223 1923 formaliter:
2247 1893 2363 1924 scilicet
2385 1894 2423 1923 de

1337 1943 1339 1971 ⁵,
1364 1936 1578 1967 inobedientia
1609 1936 1791 1968 formaliter.
1824 1936 1915 1973 Quae
1943 1936 2049 1967 solum
2079 1943 2125 1968 est
2154 1947 2228 1968 cum
2257 1936 2328 1978 quis
2351 1937 2423 1968 ideo

1364 1980 1589 2021 transgreditur
1611 1987 1647 2011 ut
1673 1980 1764 2011 faciat
1793 1987 1902 2011 contra
1931 1987 2150 2021 praeceptum:
2180 1988 2216 2012 ut
2237 1981 2324 2021 prius
2338 1981 2356 2000 *
2378 1981 2422 2011 di-

1333 2036 1342 2063 ff
1366 2032 1453 2055 ctum
1476 2032 1531 2061 est,
1557 2032 1587 2056 et
1609 2025 1642 2055 in
1665 2025 1766 2056 littera
1788 2025 1895 2055 habes.

2450 1373 2508 1400 'Qu.
2515 1378 2584 1399 nxxn,
2590 1376 2656 1399 nrt.4.

2476 1979 2524 2007 Qu
2536 1983 2582 2006 cxv,
2593 1982 2651 2000 ιιι-ιι·

2451 1995 2583 2028 Comment.
2598 2011 2621 2026 n.
2634 2011 2659 2027 ιι.
