2860 4244
175 459 184 469 ⁸
194 458 253 480 Vide
267 458 383 485 Supplem.

192 491 214 506 ιι.
225 490 274 509 ιιιι
285 488 327 506 art.
343 490 364 505 2.

194 511 210 532 f.
242 517 292 538 cap.
322 510 383 532 Insi-

174 539 268 562 nuante,
288 537 324 558 tit.
339 535 385 564 Qui

174 563 261 589 clerici,
277 563 338 584 rubr.

183 2864 193 2874 ⁸
207 2863 265 2884 Part.
281 2869 299 2884 2.

413 270 488 314 254

412 355 519 384 munt
554 347 630 383 iam
669 351 924 387 contractum;
964 342 1069 389 quod
1107 348 1162 376 est
1198 339 1354 376 effectus
1391 338 1500 383 voti}

412 398 603 445 solemnis,
624 406 664 434 ut
691 398 786 434 infra
815 396 958 433 dicetur
986 394 1024 430 in
1049 393 1178 430 Tertia
1206 392 1318 428 huius
1347 391 1500 450 operis

412 451 559 488 Parte*

466 505 690 540 Rsssposnsso
725 503 909 537 DICENDUM
946 498 1052 546 quod
1088 497 1293 546 unicuique
1323 496 1376 534 rei
1413 505 1500 553 so-j

412 557 583 593 lemnitas
612 554 812 591 adhibetur
839 551 1050 588 secundum
1080 551 1176 588 illius
1204 550 1257 587 rei
1290 549 1472 587 conditio·
1498 564 1500 584 ;

413 621 520 645 nem:
551 607 646 644 sicut
682 606 753 642 alia
791 612 846 641 est
873 604 1091 641 solemnitas
1129 615 1254 640 novae
1279 602 1471 649 ·militiae,

412 661 550 698 scilicet
577 660 615 696 in
644 658 813 707 quodam
841 664 1024 706 apparatu
1060 668 1248 705 equorum
1278 663 1314 692 et
1348 667 1471 692 armo-
1498 662 1500 683 ?

413 725 495 750 rum
526 720 561 748 et
581 723 768 748 concursu
797 710 977 754 militum;
1009 717 1043 746 et
1067 710 1137 747 alia
1166 708 1384 746 solemnitas
1404 721 1472 745 nu·
1498 723 1499 754 ι

411 766 592 815 ptiarum,
626 776 724 812 quae
762 762 928 800 consistit
966 762 1004 799 in
1043 770 1226 812 apparatu
1264 761 1394 811 sponsi
1437 769 1499 810 et¹

412 829 575 867 sponsae
605 824 641 853 et
669 824 862 854 conventu
890 815 1208 864 propinquorum.
1234 815 1379 852 Votum
1408 826 1473 851 au·

412 880 488 908 tem
519 878 573 906 est
609 869 812 918 promissio
851 870 935 906 Deo
965 869 1073 905 facta.
1102 868 1214 906 Unde
1252 867 1473 904 solemnitas
1498 872 1500 899 ἱ

411 924 491 961 voti
511 922 713 960 attenditur
727 922 939 959 secundum
955 921 1096 970 aliquid
1116 921 1306 970 spirituale
1321 925 1348 967 Υ,
1369 920 1473 969 quod

412 978 458 1014 ad
479 978 606 1014 Deum
624 975 830 1024 pertineat:
861 974 957 1012 idest
977 974 1189 1012 secundum
1214 974 1378 1022 aliquam
1400 972 1472 1022 spi-

413 1030 585 1067 ritualem
605 1028 910 1066 benedictionem
930 1029 993 1064 vel
1017 1027 1353 1073 consecrationem,
1375 1038 1474 1074 quae
1500 1029 1502 1074 ζ

414 1095 457 1120 ex
486 1082 717 1119 institutione
741 1082 1016 1130 Apostolorum
1046 1080 1246 1117 adhibetur
1265 1079 1303 1116 in
1330 1079 1474 1128 profes-

413 1136 519 1173 sione
548 1142 671 1172 certae
704 1135 877 1182 regulae,
907 1133 1076 1170 secundo
1104 1133 1223 1181 gradu
1261 1139 1348 1180 post
1380 1131 1476 1168 sacri
1501 1138 1503 1178 ξ

413 1188 553 1226 ordinis
583 1188 877 1236 susceptionem,
897 1195 939 1223 ut
966 1186 1172 1234 Dionysius
1201 1185 1299 1232 dicit,
1327 1196 1362 1221 v1
1392 1196 1474 1232 cap.

411 1241 552 1279 Eccles.
572 1241 683 1277 Ηίεν.

466 1295 515 1331 Et
533 1293 643 1330 huius
663 1292 756 1330 ratio
773 1300 828 1328 est
845 1291 934 1339 quia
949 1291 1206 1328 solemnitates
1226 1301 1303 1327 non
1320 1301 1477 1326 consue-

413 1355 549 1383 verunt
570 1345 740 1384 adhiberi
760 1345 830 1381 nisi
855 1345 1008 1393 quando
1029 1343 1162 1392 aliquis
1182 1342 1344 1379 totaliter
1371 1354 1478 1379 man-

412 1399 556 1448 cipatur
583 1398 692 1436 alicui
720 1398 795 1434 rei:
825 1409 903 1434 non
932 1397 1034 1433 enim
1059 1395 1276 1433 solemnitas
1305 1394 1479 1444 nuptialis

413 1452 612 1489 adhibetur
631 1451 700 1488 nisi
723 1451 762 1487 in
786 1450 1038 1487 celebratione
1059 1448 1302 1495 matrimonii,
1323 1448 1478 1496 quando

414 1513 569 1553 uterque
605 1504 810 1552 coniugum
839 1503 897 1540 sui
925 1503 1094 1552 corporis
1121 1509 1348 1551 potestatem
1377 1500 1480 1538 alteri

413 1558 533 1596 tradit.
550 1559 598 1595 Et
613 1557 778 1595 similiter
788 1557 867 1593 voti
878 1556 1097 1593 solemnitas
1112 1555 1312 1593 adhibetur
1325 1554 1480 1603 quando

413 1611 545 1660 aliquis
569 1623 636 1660 per
655 1610 936 1658 susceptionem
965 1609 1060 1646 sacri
1089 1608 1231 1646 ordinis
1255 1607 1383 1645 divino
1412 1607 1481 1644 mi-

415 1664 566 1701 nisterio
582 1663 805 1712 applicatur;
826 1671 863 1699 et
877 1663 915 1699 in
930 1662 1164 1711 professione
1181 1669 1303 1698 certae
1318 1661 1480 1712 regulae,

415 1717 568 1765 quando
595 1729 663 1766 per
689 1715 1055 1753 abrenuntiationem
1085 1714 1224 1751 saeculi
1253 1721 1288 1750 et
1307 1714 1482 1763 propriae

413 1770 616 1807 voluntatis
636 1769 768 1818 aliquis
796 1777 933 1806 statum
961 1767 1198 1817 perfectionis
1227 1766 1395 1804 assumit.

467 1884 492 1917 γ)
512 1883 660 1915 spirituale.
672 1897 689 1901 -
707 1882 818 1914 speciale
836 1882 868 1906 G.
881 1895 900 1901 —
918 1882 968 1906 Pro
983 1882 1126 1913 pertineat,
1142 1881 1262 1912 pertinet
1281 1882 1351 1906 HsK.

1012 263 1277 310 QUAESTIO
1308 261 1555 308 LXXXVIII,
1584 262 1881 298 ARTICULUS
1910 261 1977 297 Vll

1579 340 1637 375 An
1665 350 1803 376 ΡιιιΜυΜ
1831 350 1929 376 ERGO
1949 350 2133 376 memnon
2152 339 2259 387 quod
2281 338 2499 376 huiusmodi
2527 350 2588 375 so-

1498 391 1700 428 lemnitas
1728 391 1888 441 pertinet
1917 404 1995 428 non
2015 391 2138 428 solum
2168 391 2217 428 ad
2244 391 2431 439 homines,
2452 392 2519 434 sed
2539 390 2588 428 ad

1499 435 1653 480 Deum
1658 444 1909 493 ,inquantum
1930 445 2046 482 habet
2064 443 2231 492 aliquam
2251 443 2483 493 spiritualem
2499 456 2589 482 con-

1527 497 1777 534 sectationem
1807 510 1874 534 seu
1903 497 2229 544 benedictionem,
2259 496 2365 534 cuius
2398 497 2504 534 Deus
2533 504 2589 534 est

1527 557 1671 596 auctor,
1701 550 1769 587 etsi
1796 551 1916 587 homo
1954 550 2000 587 sit
2034 549 2221 586 minister:
2252 549 2465 586 secundum
2497 549 2589 586 illud

1526 602 1645 639 Num.
1665 613 1701 639 vi
1720 602 1760 639 *ε
1790 604 2026 640 Invocabunt
2051 614 2187 639 nomen
2209 613 2335 639 meum
2362 612 2475 651 super
2482 602 2590 650 filios

1526 656 1658 701 Israel,
1679 661 1716 692 et
1741 666 1813 705 ego
1842 656 2058 693 benedicam
2087 656 2150 692 eis.
2180 655 2229 692 Et
2257 655 2344 692 ideo
2363 662 2499 692 votum
2529 667 2589 692 so-

1526 709 1651 745 lemne
1673 708 1789 745 habet
1815 708 2011 757 fortiorem
2032 708 2302 756 obligationem
2331 708 2435 757 apud
2461 709 2590 746 Deum

1527 773 1642 810 quam
1678 768 1813 797 votum
1852 761 2012 810 simplex
2029 761 2071 807 *3
2101 769 2148 798 et>
2172 761 2325 809 gravius
2359 769 2492 810 peccat
2525 761 2591 809 qui

1526 814 1617 851 illud
1645 813 1927 861 transgreditur.
1948 834 1972 841 -
2001 813 2119 860 Quod
2156 821 2284 851 autem
2314 814 2449 851 dicitur
2486 814 2590 863 quod

1526 873 1654 904 votum
1689 866 1850 915 simplex
1885 878 1959 903 non
1995 867 2118 903 minus
2154 867 2299 917 obligat
2331 867 2435 916 apud
2464 868 2590 904 Deum

1527 932 1641 969 quam
1667 920 1832 956 solemne
1858 919 1898 966 ²¹⁹,
1928 918 2213 967 intelligendum
2242 927 2298 957 est
2330 920 2593 969 quantum‘ad

1499 982 1501 1025 ᾗ
1527 975 1601 1010 hoc
1622 973 1726 1022 quod
1741 972 1936 1021 utriusque
1955 980 2208 1020 transgressor
2220 980 2354 1021 peccat
2373 973 2591 1011 mortaliter.

1581 1027 1640 1063 Ao
1659 1037 1850 1063 SECUNDUM
1870 1037 2055 1063 DICENDUM
2075 1026 2180 1074 quod
2201 1025 2487 1074 particularibus
2506 1026 2594 1064 acti*

1501 1119 1503 1135 ,
1529 1080 1601 1116 bus
1620 1091 1699 1115 non
1714 1078 1915 1116 consuevit
1928 1078 2149 1116 solemnitas
2164 1078 2348 1125 adhiberi,
2363 1079 2432 1116 sed
2444 1091 2595 1116 assum·-

1530 1131 1649 1181 ptioni
1678 1132 1769 1169 novi
1798 1139 1927 1179 status,
1946 1138 1988 1168 ut
2016 1132 2157 1169 dictum
2177 1139 2234 1168 est
2251 1131 2282 1168 ²⁸.
2313 1131 2362 1168 Et
2389 1131 2476 1169 ideo
2505 1142 2593 1168 cum

1531 1184 1615 1233 quis
1634 1192 1752 1221 vovet
1771 1185 1896 1234 aliqua
1910 1185 2149 1234 particularia
2164 1197 2292 1234 opera,
2313 1185 2409 1222 sicut
2427 1184 2593 1233 aliquam

1531 1237 1876 1285 peregrinationem
1889 1238 1952 1275 vel
1973 1238 2127 1286 aliquod
2143 1237 2305 1287 speciale
2321 1236 2517 1285 ieiunium,
2532 1237 2596 1275 tali

1531 1297 1624 1326 voto
1653 1302 1732 1326 non
1768 1291 1939 1337 congruit
1964 1290 2213 1328 solemnitas:
2243 1290 2311 1328 sed
2340 1290 2466 1329 solum
2501 1298 2595 1329 voto

1533 1354 1610 1390 quo
1640 1342 1774 1390 aliquis
1801 1342 1962 1379 totaliter
1987 1355 2027 1379 se
2055 1343 2204 1380 subiicit
2232 1343 2363 1394 divino
2387 1342 2597 1382 ministerio

1533 1407 1601 1432 seu
1625 1395 1839 1442 famulatui;
1870 1396 1908 1432 in
1927 1408 2004 1444 quo
2025 1403 2154 1433 tamen
2180 1403 2286 1444 voto,
2307 1396 2418 1444 quasi
2443 1397 2597 1434 univer-

1533 1449 1616 1495 sali,
1644 1449 1762 1485 multa
1790 1448 2028 1498 particularia
2056 1461 2173 1498 opera
2207 1448 2594 1499 comprehenduntur.

1587 1503 1645 1538 AD
1673 1513 1833 1539 TERTmM
1861 1514 2045 1539 menapum
2074 1502 2177 1552 quod
2197 1509 2288 1540 vota
2317 1514 2365 1540 ex
2388 1502 2464 1542 hoc
2491 1502 2598 1552 quod

1534 1555 1632 1592 fiunt
1659 1553 1696 1592 in
1725 1554 1878 1603 publico
1906 1563 2067 1604 possunt
2102 1555 2244 1592 habere
2271 1555 2468 1604 quandam
2501 1556 2599 1597 soles-

1537 1607 1732 1644 mnitatem
1770 1609 2002 1645 humanam:
2041 1620 2119 1645 non
2154 1615 2282 1645 autem
2317 1608 2597 1646 solemnitatem

1536 1660 1765 1709 spiritualem
1795 1669 1831 1697 et
1859 1661 2046 1708 divinam,
2076 1661 2171 1698 sicut
2197 1662 2340 1698 habent
2371 1668 2463 1698 vota
2489 1666 2598 1711 peraeG

1536 1713 1665 1761 missa,
1693 1713 1806 1751 etiam
1835 1714 1865 1750 si
1894 1726 2024 1751 coram
2053 1715 2182 1763 paucis
2210 1715 2314 1753 fiant.
2353 1713 2466 1752 Unde
2494 1710 2598 1766 alind

1537 1774 1593 1803 est
1619 1774 1755 1803 votum
1770 1779 1858 1811 esse
1886 1767 2093 1816 publicum,
2116 1775 2151 1804 et
2179 1767 2279 1805 aliud
2300 1779 2383 1805 esse
2413 1768 2597 1811 solemne.

1089 1952 1423 1984 Commentaria
1446 1951 1698 1984 Cardinalis
1720 1951 1921 1984 Caietam
2387 1978 2398 1979 γε
2582 1976 2598 1990 ,,

445 2035 465 2054 Ν
493 2024 623 2054 articulo
655 2023 790 2063 septimo
821 2022 1017 2063 quaestionis
1050 2022 1393 2062 octogesimaeoctavae
1422 2022 1480 2052 du-

419 2037 535 2099 Ibium
559 2067 710 2103 occurrit,
735 2067 767 2096 in
791 2077 856 2107 quo
881 2066 1025 2097 consistit
1053 2067 1236 2097 solemnitas
1260 2066 1336 2096 voti.
1370 2066 1411 2096 Et
1435 2072 1482 2096 est

415 2112 492 2143 ratio
517 2111 603 2142 dubii
626 2118 696 2142 tum
719 2111 787 2151 ipsa
804 2111 847 2141 rei
864 2111 1054 2147 obscuritas;
1079 2117 1150 2141 tum
1173 2110 1334 2141 diversitas
1354 2109 1480 2150 opinio-

415 2165 510 2192 num;
535 2163 604 2186 tum
620 2156 787 2186 necessitas
804 2155 921 2185 sciendi
940 2155 1012 2191 hoc,
1037 2155 1190 2195 quoniam
1215 2155 1289 2185 hinc
1305 2154 1479 2185 multarum

415 2201 638 2242 quaestionum
662 2199 837 2230 solutiones
861 2199 1010 2239 pendent.
1041 2199 1082 2229 Et
1112 2209 1150 2229 ne
1173 2199 1207 2229 in
1231 2198 1408 2240 aequivoco
1435 2198 1480 2229 la-

415 2246 573 2280 boremus,
594 2244 670 2284 quid
686 2244 823 2274 nominis
846 2253 1091 2284 praeponamus.
1117 2243 1332 2274 solemnitatis
1349 2243 1479 2273 nomine

415 2289 447 2319 in
471 2288 637 2328 proposito
669 2297 892 2327 nuncupamus
924 2288 1005 2318 illud
1027 2287 1112 2318 unde
1142 2292 1247 2318 votum
1278 2287 1370 2317 habet
1396 2287 1481 2328 quod

415 2333 545 2363 dirimat
568 2333 817 2363 matrimonium.
842 2332 875 2362 ln
901 2332 961 2362 hoc
981 2331 1065 2362 enim
1090 2332 1266 2362 secundum
1284 2341 1396 2361 omnes
1420 2330 1478 2361 dif-

415 2377 473 2407 fert
496 2383 608 2406 votum
631 2376 773 2406 solemne
796 2387 813 2406 a
835 2383 911 2406 voto
932 2376 1077 2415 simplici,
1102 2376 1191 2416 quod
1208 2382 1320 2406 votum
1337 2375 1480 2405 solemne

416 2431 481 2451 non
498 2421 603 2451 solum
619 2420 761 2460 impedit,
779 2420 834 2450 sed
853 2420 947 2451 etiam
971 2420 1089 2450 dirimit
1104 2419 1345 2450 matrimonium
1362 2419 1386 2449 si
1404 2429 1480 2450 con-

416 2465 564 2500 trahatur,
581 2465 622 2495 ita
646 2465 733 2505 quod
757 2464 997 2494 matrimonium
1022 2471 1095 2504 post
1119 2470 1318 2494 contractum
1341 2470 1388 2494 est
1411 2463 1480 2494 nul-

415 2510 499 2539 lum:
531 2516 643 2539 votum
667 2515 773 2539 autem
797 2508 930 2548 simplex
960 2508 1113 2548 impedire
1138 2508 1347 2538 solummodo
1376 2507 1480 2538 matri—

417 2553 563 2583 monium
587 2559 700 2592 potest.
1254 2546 1260 2553 ”

472 2597 527 2627 Est
550 2597 643 2636 igitur
666 2597 776 2636 triplex
800 2597 838 2626 de
862 2597 923 2627 hoc
947 2596 1196 2636 opini0.·Prima
1216 2602 1262 2626 est
1286 2596 1375 2636 quod
1398 2596 1479 2626 sole-

417 2641 530 2671 mnitas
553 2641 618 2671 voti
642 2641 784 2671 consistit
806 2641 838 2670 in
858 2640 1077 2671 benedictione
1098 2650 1154 2670 seu
1170 2640 1407 2670 consecratione
1423 2650 1480 2670 vo-

416 2685 524 2716 ventis.
557 2684 731 2724 Dupliciter
760 2685 845 2715 enim
873 2685 1098 2715 solemnizatur
1120 2690 1249 2714 votum:
1280 2683 1398 2714 scilicet
1425 2694 1480 2724 per
1506 2698 1508 2720 5

417 2728 647 2769 professionem
674 2728 833 2769 religionis
862 2729 1071 2769 approbatae;
1103 2736 1133 2759 et
1162 2738 1217 2768 per
1245 2728 1480 2768 susceptionem

417 2773 492 2803 sacri
518 2772 646 2803 ordinis.
671 2773 712 2803 Et
734 2773 766 2802 in
790 2773 990 2813 susceptione
1014 2772 1091 2803 sacri
1110 2772 1230 2802 ordinis
1254 2771 1418 2802 manifeste
1433 2772 1480 2803 in-

417 2817 548 2847 tervenit
565 2816 758 2847 consecratio
773 2817 928 2847 voventis.
954 2817 998 2846 In>
1010 2816 1208 2857 professione
1222 2826 1298 2846 vero
1314 2816 1481 2848 intervenit

417 2861 606 2891 benedictio:
627 2868 662 2891 ut
678 2867 763 2900 patet
777 2871 814 2891 ex
829 2871 860 2891 νῐ
875 2870 942 2901 cap.
954 2861 971 2879 *
985 2861 1106 2892 Eccles.
1122 2860 1228 2897 Hier„
1241 2860 1295 2891 ubi
1311 2860 1390 2891 ritus
1406 2871 1479 2891 con-

418 2904 566 2935 stituendi
583 2905 777 2935 monachum
793 2905 938 2945 ponitur;
956 2912 986 2935 et
998 2905 1030 2935 in
1047 2903 1222 2935 Pontificali
1238 2914 1293 2935 seu
1310 2904 1479 2936 Ordinario

419 2949 581 2978 Romanae
611 2948 786 2984 Ecclesiae,
812 2948 866 2979 ubi
896 2949 991 2980 etiam
1022 2949 1100 2979 ordo
1125 2948 1338 2979 constituendi
1368 2959 1480 2980 mona-

420 2992 516 3022 chum
540 2992 686 3028 habetur,
711 2992 782 3022 licet
805 2993 892 3022 aliter
915 3003 1012 3033 quam
1035 2999 1178 3033 tempore
1202 2993 1347 3034 Dionysii
1374 2992 1478 3024 fiebat.

476 3035 536 3066 Sed
560 3035 637 3065 haec
666 3036 776 3074 opinio
804 3035 880 3066 falsa
911 3043 967 3067 est.
998 3037 1087 3067 Tum
1110 3036 1264 3077 quoniam
1294 3037 1479 3068 solemnitas

419 3080 486 3110 voti
503 3090 569 3110 non
587 3079 728 3110 consistit
743 3079 774 3109 in
792 3089 830 3109 eo
851 3079 916 3109 sine
932 3090 998 3120 quo
1014 3087 1126 3111 votum
1149 3081 1292 3111 solemne
1310 3081 1477 3112 invenitur.

420 3123 480 3154 Sed
504 3130 618 3154 votum
641 3123 783 3154 solemne
806 3123 966 3162 religionis
989 3124 1056 3154 sine
1079 3124 1168 3154 omni
1192 3124 1410 3156 benedictione
1425 3135 1478 3155 vo-

419 3167 520 3198 ventis
543 3167 710 3199 invenitur.
735 3167 820 3207 Ergo
844 3167 1026 3197 solemnitas
1043 3167 1110 3198 eius
1135 3177 1199 3198 non
1220 3168 1362 3199 consistit
1376 3169 1409 3198 in
1425 3169 1478 3199 be-

419 3211 597 3242 nedictione
620 3211 773 3242 voventis.
790 3228 811 3234 -
835 3211 923 3242 Patet
946 3211 1051 3242 minor
1070 3211 1246 3250 dupliciter.
1270 3212 1387 3248 Primo,
1405 3212 1479 3252 quia

420 3255 574 3296 professio
603 3255 712 3292 tacita,
736 3255 899 3285 voluntate
928 3254 1096 3285 deliberata
1127 3261 1301 3295 acceptata,
1333 3262 1379 3286 est
1409 3266 1479 3286 vere

419 3307 531 3330 votum
559 3299 718 3335 solemne,
743 3309 808 3330 non
837 3306 1091 3339 praesumptum,
1117 3299 1171 3329 sed
1198 3308 1270 3329 vere
1294 3306 1412 3330 actum·
1450 3307 1481 3331 et

420 3351 525 3374 tamen
550 3344 615 3374 sine
639 3343 728 3374 omni
751 3343 969 3374 benedictione
987 3342 1030 3373 fit.
1057 3343 1214 3379 Secundo,
1231 3343 1305 3383 quia
1324 3343 1479 3383 professio

420 3387 563 3428 explicita
586 3397 652 3418 non
675 3387 711 3418 fit
733 3387 765 3418 in
789 3387 938 3418 omnibus
962 3387 1166 3427 religionibus
1196 3387 1378 3427 approbatis
1405 3397 1480 3418 cum

420 3431 652 3462 benedictione:
678 3438 714 3462 ut
735 3438 821 3472 patet
843 3431 875 3462 in
900 3431 1010 3462 ordine
1032 3431 1298 3468 Praedicatorutn,
1323 3431 1378 3462 ubi
1393 3431 1479 3462 solae

420 3482 519 3506 vestes
536 3475 764 3506 benedicuntur
779 3483 851 3515 post
867 3475 1097 3516 professionem
1112 3475 1308 3512 immediate;
1333 3475 1375 3506 ita
1390 3476 1479 3515 quod
1505 3494 1507 3510 ,

420 3520 514 3551 etiam
538 3520 598 3550 hoc
614 3519 649 3550 fit
664 3527 833 3560 postquam
858 3527 903 3550 est
919 3519 1053 3550 solemni
1070 3526 1147 3550 voto
1162 3519 1306 3560 alligatus
1321 3519 1374 3550 ille
1390 3519 1480 3550 cuius
1505 3523 1507 3547 τ’

419 3572 519 3594 vestes
542 3563 779 3594 benedicuntui.

1590 2022 1678 2052 Tum
1701 2022 1857 2062 quoniam
1881 2022 2063 2053 solemnitas
2079 2023 2145 2053 voti
2169 2033 2235 2053 non
2257 2022 2399 2054 consistit
2420 2023 2454 2054 in
2470 2033 2509 2054 eo
2522 2030 2600 2061 cum

1533 2075 1600 2107 quo
1615 2073 1696 2096 stare
1721 2073 1825 2106 potest
1839 2067 1929 2107 quod
1952 2074 2067 2098 votum
2090 2066 2298 2098 coniunctum
2315 2067 2356 2098 sit
2370 2067 2513 2119 simplex.
2536 2067 2600 2099 Sed

1534 2110 1727 2141 consecratio
1743 2110 1821 2141 sacri
1837 2110 1957 2141 ordinis
1973 2117 2019 2142 est
2033 2110 2219 2142 huiusmodi
2237 2111 2326 2152 quod
2347 2121 2419 2142 curn
2435 2111 2505 2152 ipsa
2518 2110 2600 2146 ετετε

1534 2161 1640 2195 potest
1661 2155 1751 2195 quod
1773 2162 1887 2185 votum
1911 2155 2122 2186 continentiae
2145 2155 2190 2186 illi
2209 2164 2369 2187 annexum
2392 2156 2432 2190 sit
2454 2152 2598 2207 simpl&

1532 2199 1618 2238 Ergo
1642 2199 1826 2229 solemnitas
1849 2198 1919 2229 talis
1934 2199 2000 2230 voti
2017 2209 2082 2230 non
2107 2199 2250 2231 consistit
2270 2199 2304 2230 in
2321 2199 2567 2235 consecratione.
2579 2211 2599 2234 ·-,·

1532 2243 1621 2273 Patet
1637 2242 1741 2273 minor
1757 2252 1794 2273 ex
1809 2243 1871 2274 hoc
1894 2244 1983 2284 quod
2007 2243 2146 2274 Ecclesia
2168 2251 2277 2284 posset
2290 2250 2426 2276 statuere
2449 2243 2554 2286 quod'·
2557 2241 2600 2276 ‘'d'e

1533 2294 1636 2318 cetero
1660 2287 1865 2327 suscipientes
1889 2287 2034 2318 ordinem
2058 2298 2183 2319 sacrum
2211 2298 2276 2319 non
2301 2288 2361 2319 nisi
2378 2288 2519 2330 simplex
2540 2288 2599 2320 voa

1533 2338 1604 2362 tum
1623 2331 1834 2362 continentiae
1851 2331 2007 2362 emittant:
2033 2339 2108 2362 tunc
2133 2332 2217 2363 enim
2241 2333 2374 2373 quilibet
2396 2340 2526 2364 voveret
2549 2343 2599 2364 ca-

1533 2376 1669 2407 stitatem
1694 2375 1894 2416 suscipiendo
1919 2386 2045 2407 sacrum
2070 2377 2231 2415 ordinem.
2256 2384 2286 2408 et
2313 2384 2418 2408 tamen
2449 2387 2515 2408 non
2538 2377 2599 2408 nisi

1534 2420 1666 2460 simplex
1690 2427 1802 2450 votum
1826 2420 1962 2451 haberet.

1566 2463 1654 2494 Tum
1667 2464 1831 2504 quoniam,
1841 2464 2098 2495 concurrentibus
2111 2464 2207 2495 simul
2218 2472 2295 2495 voto
2308 2472 2338 2496 et
2351 2465 2598 2502 consecratione,

1534 2518 1588 2539 seu
1604 2515 1680 2538 voto
1698 2508 1857 2548 religionis
1873 2515 1904 2539 et
1919 2508 2147 2546 benedictione,
2165 2516 2287 2539 semota
2300 2509 2458 2540 Ecclesiae
2473 2509 2597 2541 institu-

1533 2552 1620 2582 tione
1636 2558 1690 2583 aut
1705 2552 1945 2592 approbatione,
1959 2562 2023 2583 non
2041 2553 2243 2584 constituitur
2256 2559 2370 2584 votum
2386 2553 2538 2585 solemne.
2555 2553 2599 2585 Ut

1533 2603 1619 2636 patet
1630 2607 1667 2626 ex
1684 2606 1722 2627 eo
1739 2597 1827 2637 quod
1840 2597 1865 2627 si
1877 2597 1958 2637 quis,
1973 2597 2095 2627 secluso
2111 2597 2268 2628 Ecclesiae
2281 2605 2408 2634 statuto,
2423 2597 2597 2638 suscipiens

1534 2641 1807 2677 subdiaconatum,
1821 2647 1856 2671 ut
1872 2641 2009 2672 totaliter
2020 2641 2113 2672 sacris
2125 2641 2366 2682 manciparetur,
2379 2648 2506 2672 voveret
2522 2651 2597 2673 con-

1534 2685 1714 2721 tinentiam,
1739 2694 1805 2715 non
1825 2691 1992 2726 propterea
2021 2685 2265 2726 adstringeretur
2287 2692 2364 2717 voto
2387 2685 2541 2716 solemni:
2566 2692 2597 2717 et

1533 2736 1640 2760 tamen
1655 2735 1876 2760 concurrerent
1892 2729 1986 2760 simul
2003 2730 2196 2761 consecratio
2213 2737 2244 2760 et
2255 2736 2367 2761 votum
2384 2730 2506 2761 ratione
2525 2739 2598 2762 con-

1534 2773 1714 2804 secrationis
1727 2773 1889 2804 emissum.
1909 2773 1950 2803 Et
1962 2773 2105 2804 similiter
2116 2773 2141 2804 si
2157 2773 2229 2815 quis
2241 2773 2441 2814 profiteretur
2452 2767 2596 2816 aliquota

1534 2817 1718 2857 religionem
1742 2827 1823 2858 quae
1839 2826 1923 2848 nunc
1946 2825 1994 2848 est
2016 2818 2202 2858 approbata,
2227 2825 2349 2849 semota
2369 2818 2598 2860 approbatione

1534 2860 1626 2904 (puta
1648 2862 1737 2902 quod
1765 2861 1919 2892 desineret
1942 2871 2008 2892 esse
2032 2862 2216 2902 approbata,
2241 2868 2271 2893 et
2294 2869 2368 2902 post
2390 2861 2504 2904 aliquis
2526 2871 2598 2894 eam

1534 2904 1757 2947 profiteretur),
1770 2913 1801 2936 et
1812 2905 2048 2936 benediceretur
2060 2913 2095 2936 ut
2107 2906 2146 2936 de
2162 2906 2326 2937 monachis
2342 2913 2389 2938 est
2400 2904 2596 2947 ordinatum,

1535 2960 1600 2981 non
1617 2957 1783 2990 propterea
1799 2949 2042 2990 adstringeretur
2055 2957 2133 2981 voto
2152 2950 2297 2982 solemni.
2326 2951 2400 2981 Non
2415 2950 2509 2983 habet
2522 2959 2598 2992 ergo

1533 3001 1647 3025 votum
1670 2994 1880 3024 continentiae
1897 3003 1933 3024 ex
1956 2994 2018 3025 hoc
2037 2994 2126 3035 quod
2146 2993 2181 3025 fit
2205 3004 2279 3025 cum
2295 2995 2495 3036 susceptione
2519 2993 2597 3027 sacri

1534 3038 1663 3075 ordinis,
1680 3038 1769 3079 quod
1793 3038 1832 3068 sit
1859 3038 2017 3068 solemne:
2044 3047 2147 3079 neque
2169 3045 2284 3069 votum
2300 3038 2459 3078 religionis
2483 3046 2520 3069 ex
2534 3036 2599 3092 live

1533 3083 1622 3123 quod
1644 3081 1679 3112 fit
1702 3092 1777 3113 cum
1799 3082 2027 3118 benedictione,
2051 3083 2140 3123 quod
2163 3082 2203 3114 sit
2224 3082 2379 3113 solemne.
2403 3092 2405 3095 ⁴
2565 3083 2594 3105 5¹

1589 3126 1625 3157 11.
1651 3126 1796 3157 Secunda
1812 3133 1918 3157 autem
1935 3126 2047 3177 opinio
2060 3133 2107 3158 est
2129 3127 2219 3177 quod
2236 3125 2420 3158 solemnitas
2435 3126 2518 3158 voti
2514 3125 2596 3160 oon·

1533 3169 1613 3200 sistit
1642 3170 1674 3199 in
1699 3170 1890 3201 exhibitione
1917 3170 1967 3202 sui
1989 3170 2105 3211 ipsius:
2137 3171 2181 3202 ita
2210 3171 2300 3211 quod
2322 3177 2436 3204 votum
2463 3170 2598 3211 simplex

1533 3213 1627 3243 habet
1649 3213 1751 3244 solam
1775 3213 2039 3254 promissionem,
2070 3221 2184 3246 votum
2207 3221 2315 3246 autem
2337 3214 2480 3247 solemne
2503 3214 2599 3249 habet

1533 3257 1778 3296 promissionem
1794 3265 1824 3288 et
1840 3258 2075 3295 exhibitionem,
2095 3269 2161 3290 non
2180 3258 2412 3299 promissorum
2427 3257 2460 3288 in
2477 3258 2598 3309 seipsis,

1534 3301 1588 3330 sed
1609 3301 1642 3330 in
1666 3310 1723 3331 sua
1745 3301 1864 3338 radice,
1889 3302 1964 3343 quia
1994 3302 2089 3334 habet
2119 3302 2345 3334 exhibitionem
2368 3302 2417 3333 sui
2440 3301 2555 3343 ipsius
2549 3296 2596 3332 ili

1533 3354 1618 3374 novo
1635 3351 1726 3380 statu,
1750 3345 1783 3375 in
1799 3355 1865 3385 quo
1882 3346 2056 3377 radicaliter
2072 3347 2274 3378 continentur
2296 3346 2405 3377 omnia
2425 3345 2595 3397 promisse.

1531 3388 1615 3418 Nam
1639 3395 1668 3418 et
1691 3389 1747 3428 qui
1770 3388 1936 3428 profitetur
1958 3390 2160 3441 religionem,
2185 3397 2215 3423 et
2237 3391 2294 3432 qui
2317 3389 2450 3431 suscipit
2470 3398 2597 3421 samm

1533 3431 1688 3468 ordinem,
1712 3442 1777 3462 non
1794 3433 1900 3463 solum
1924 3434 2079 3483 promittit
2102 3444 2234 3473 servare,
2250 3441 2324 3469 ete:
2346 3433 2426 3465 sed'
2413 3443 2490 3474 ipso
2512 3433 2597 3465 facto

1532 3483 1634 3506 mutat
1661 3482 1788 3512 statum,
1813 3477 1957 3517 quamvis
1981 3488 2046 3508 non
2070 3485 2208 3509 mutaret
2230 3484 2340 3514 vestes,
2365 3477 2595 3508 habitationem

1533 3527 1563 3550 et
1587 3520 1868 3557 conversationem,
1894 3528 1929 3551 ut
1953 3529 2047 3560 patet.

1588 3563 1648 3594 Sed
1674 3574 1729 3594 nec
1752 3564 1827 3594 haec
1844 3565 1954 3604 opinio
1979 3572 2024 3595 est
2047 3575 2129 3596 vera.
2154 3565 2318 3602 Quoniam
2334 3565 2469 3596 mutatio
2485 3571 2596 3602 status,

2615 610 2626 621 ⁸
2641 609 2708 632 Vers.
2723 616 2757 638 ²7.

2618 771 2628 781 ⁸
2642 770 2669 792 D.
2685 775 2746 796 ¹²⁰4-

2619 924 2629 934 ·
2649 923 2705 951 cap.
2725 922 2832 950 [ζειν-ιω,

2619 929 2812 978 tit.Qulcler-id.

2621 1137 2671 1159 ‘In
2686 1142 2793 1165 corpore.
