2860 4244
204 587 213 595 ⁴
240 586 275 606 Ps.
296 591 382 609 xxxxu,

205 618 262 633 vers.
278 617 299 638 9.

205 640 213 648 *
264 644 293 659 rs.
308 644 328 658 2.

296 1016 311 1038 Υ

295 1107 309 1132 δ

198 1218 208 1227 “
223 1216 288 1237 Vers.
304 1221 320 1237 n
334 1221 385 1242 sqq.

199 1270 207 1279 ⁸
225 1268 290 1289 νει-5.
305 1268 327 1289 8.

197 1481 205 1489 '¹
222 1479 287 1501 Vei-s.
303 1479 329 1506 36
344 1485 395 1506 sqq.

195 1692 205 1701 ⁸
220 1690 284 1710 Vers.
300 1689 330 1711 16.

196 1796 205 1804 ⁸
219 1796 269 1816 Art.
285 1795 388 1821 praeced.

199 3261 209 3270 ⁸
223 3260 289 3288 Resp.
304 3261 331 3282 ad
345 3267 364 3290 3,

443 238 516 274 338
1073 231 1337 278 QUAESTIO
1368 230 1525 276 XCVII,
1556 229 1852 266 ARTICULUS
1883 229 1914 264 II

495 328 529 352 2.
561 317 799 358 PRAETEREA,
836 313 930 349 sicut
968 311 1100 358 aliquis
1138 317 1298 345 tentatur
1335 308 1383 344 ad
1420 308 1494 343 hoc
1521 308 1522 354 l
1549 315 1589 343 ut
1618 306 1753 343 dicitur
1780 308 1861 343 Act.
1902 319 1936 343 1v
1959 306 1998 342 *ε
2029 305 2077 342 ad
2106 306 2181 341 hoc
2209 305 2347 341 scilicet
2366 306 2470 354 quod
2490 305 2610 343 virtus

441 369 545 417 quod
566 367 790 416 experientia
810 373 979 402 sumatur
1000 364 1045 400 de
1066 362 1218 398 scientia
1237 361 1298 396 vel
1326 360 1494 407 potentia
1520 392 1521 416 ¹
1550 359 1685 395 Christi
1714 359 1928 396 infidelibus
1961 358 2275 395 manifestaretur.

442 422 531 468 eius,
553 421 601 457 ita
622 421 732 456 etiam
755 419 855 455 etde
886 417 1050 453 bonitate
1069 416 1130 451 vel
1149 415 1342 450 voluntate
1363 412 1491 460 ipsius.
1520 417 1521 441 ³
1600 414 1659 447 AD
1688 423 1825 449 PmMUM
1853 423 1951 448 ERGO
1981 422 2165 448 D1CENDUM
2194 410 2300 458 quod
2337 410 2473 446 solutio
2509 411 2609 448 deci-

441 475 515 511 Sed
543 474 685 510 licitum
716 479 770 507 est
799 470 902 518 quod
931 469 1064 516 aliquis
1093 466 1395 515 experimentum
1434 477 1492 501 su·
1519 466 1521 512 3
1547 476 1700 501 marum
1728 472 1930 513 praecepta
1961 471 2039 500 erat
2058 463 2096 500 in
2125 464 2220 511 lege,
2241 470 2283 499 ut
2311 475 2427 511 supra
2454 463 2474 484 ’¹‘
2501 464 2608 500 habi-

440 535 516 564 mat
545 526 693 563 divinae
724 523 914 567 bonitatis,
944 535 1010 558 seu
1041 521 1152 557 etiam
1186 518 1408 555 voluntatis:
1440 518 1493 554 di·
1519 517 1520 551 l
1546 526 1626 553 tum
1657 524 1722 553 est.
1752 518 1862 555 Unde
1900 517 2066 554 habebat
2094 515 2358 553 necessitatem
2394 527 2438 552 ex
2468 516 2610 564 obliga-

440 581 531 616 citur
560 578 658 614 enirn
687 578 723 613 in
753 577 890 612 Psalm.
920 574 958 611 *ε
992 575 1164 618 Gustate,
1197 578 1234 608 et
1257 572 1376 608 videte
1403 583 1493 619 quo-
1519 575 1520 607 ἶ
1547 570 1647 606 tione
1678 570 1891 618 praecepti;
1922 578 1957 606 et
1984 570 2180 606 utilitatem
2206 581 2304 617 quae
2324 569 2374 605 ibi
2404 568 2549 615 dicitur,
2571 575 2610 606 ut

438 633 539 669 niam
575 630 700 666 suavis
736 635 789 665 est
822 628 1030 670 Dominus;
1068 634 1103 662 et
1139 627 1251 662 Rom.
1286 636 1333 661 xn
1366 623 1406 660 *z
1447 626 1495 661 Ut
1518 643 1519 647 =
1544 623 1592 659 sit
1618 623 1720 659 cibus
1748 623 1784 659 in
1805 624 1916 660 domo
1945 623 2020 659 Dei
2037 622 2060 659 ζ.
2090 622 2202 659 Unde
2223 622 2410 659 solvendo
2440 621 2608 659 decimas

432 685 594 733 probetis
630 694 725 730 quae
751 681 799 717 sit
823 681 993 716 voluntas
1030 679 1104 715 Dei
1134 680 1232 715 bona
1261 683 1297 714 et
1322 677 1492 725 benepla-
1518 682 1519 718 l
1546 688 1623 712 non
1654 677 1849 712 tentabant
1876 676 2016 712 Deum.
2048 676 2165 723 Quod
2194 682 2321 712 autern
2341 674 2394 711 ibi
2422 674 2606 722 subditur,

437 749 521 773 cens
549 741 584 771 et
607 736 788 782 perfecta.
829 734 929 780 Ergo
968 740 1109 768 tentare
1148 732 1274 767 Deum
1318 742 1396 767 non
1439 737 1493 766 est
1518 764 1519 781 ¹
1546 735 1582 765 et
1601 729 1761 776 probate
1788 740 1859 774 me,
1890 740 1968 764 non
1998 737 2052 764 est
2078 728 2362 776 intelligendum
2392 728 2607 775 causaliter,

437 796 646 837 peccatum.
1518 789 1519 828 l
1546 781 1653 830 quasi
1682 781 1728 817 ad
1757 781 1831 817 hoc
1859 782 2008 817 solvere
2037 781 2221 818 deberent
2256 781 2424 818 decimas
2452 789 2494 818 ut
2521 793 2609 830 pro-

490 843 523 878 3.
546 842 784 885 PRAETEREA,
814 839 938 875 nullus
970 838 1205 885 vituperatur
1232 836 1269 872 in
1299 836 1491 884 Scriptura
1518 840 1519 868 l
1546 837 1678 872 barent
1696 834 1730 870 si
1745 835 1850 870 Deus
1869 845 1943 870 non
1964 838 1982 860 η
2002 834 2167 881 aperiret
2183 835 2235 871 eis
2258 839 2469 871 cataractas
2496 834 2608 871 caeli:

437 906 479 930 ex
509 906 554 930 eo
583 893 687 940 quod
716 904 737 928 a
765 900 921 940 peccato
951 898 1082 937 cessat,
1113 890 1179 926 sed
1207 889 1327 936 magis
1348 889 1378 925 si
1405 900 1492 937 pec·
1518 870 1519 932 J
1546 889 1613 925 sed
1643 887 1897 932 consecutive,
1927 886 2016 933 quia
2044 886 2193 934 scilicet,
2224 887 2254 923 si
2283 886 2451 923 decimas
2484 888 2608 924 solve-

436 954 559 983 catum
585 945 803 982 committat.
824 944 1066 992 Vituperatur
1089 950 1216 979 autem
1245 943 1373 979 Achaz
1402 942 1491 989 quia
1517 961 1519 982 i
1546 949 1639 987 rent,
1667 939 1925 988 experimento
1954 939 2150 986 probaturi
2171 947 2276 976 erant
2295 939 2482 976 beneficia
2508 953 2607 989 quae
2653 949 2656 954 '

434 999 602 1036 Domino
623 997 758 1035 dicenti
772 1003 799 1044 Υ,
820 998 906 1033 Pete
924 997 989 1033 tibi
1006 997 1155 1046 signum
1176 1008 1200 1032 a
1219 995 1384 1032 Domino
1407 996 1490 1031 Deo
1517 996 1519 1039 g
1546 995 1598 1031 eis
1628 995 1732 1030 Deus
1762 993 1959 1029 conferret.

434 1058 507 1098 tuo,
537 1051 749 1100 respondit,
783 1050 874 1087 Non
899 1055 1046 1097 petam:
1074 1055 1110 1085 et
1136 1061 1209 1085 non
1238 1049 1384 1084 tentabo
1412 1048 1490 1084 Do—
1517 1051 1519 1100 l
1597 1049 1655 1084 An
1684 1057 1873 1084 SECUNDUM
1910 1056 2095 1081 mci-:unum
2132 1044 2238 1093 quod
2275 1045 2415 1094 duplex
2451 1052 2508 1082 est
2545 1057 2608 1082 co—

434 1105 598 1141 minum.-
628 1104 768 1141 dictum
799 1111 853 1139 est
886 1102 987 1139 enirn
1006 1100 1019 1123 δ
1050 1102 1100 1138 ei:
1129 1101 1328 1149 Numquid
1350 1112 1489 1148 parum
1517 1101 1518 1136 l
1544 1100 1661 1148 gnitio
1691 1099 1839 1136 divinae
1869 1098 2045 1135 bonitatis
2073 1098 2136 1134 vel
2164 1098 2381 1134 voluntatis.
2411 1098 2497 1135 Una
2525 1097 2608 1146 qui-

433 1158 536 1194 vobis
550 1163 603 1194 est
619 1157 790 1194 molestos
808 1168 885 1192 esse
902 1155 1123 1199 hominihus,
1140 1155 1228 1202 quia
1247 1154 1392 1190 molesti
1408 1154 1491 1189 estis
1516 1137 1518 1190 l
1545 1154 1632 1190 dem
1663 1151 1907 1201 speculativa.
1946 1152 1995 1187 Et
2023 1158 2206 1199 quantum
2235 1152 2283 1188 ad
2312 1152 2430 1197 hanc,
2460 1163 2540 1188 non
2566 1151 2608 1188 li-

433 1216 469 1246 et
490 1211 571 1246 Deo
599 1210 709 1247 meo?
736 1218 776 1245 ut
805 1209 938 1245 dicitur
966 1208 1083 1244 Isaiae
1111 1218 1159 1243 vu
1177 1206 1208 1242 ³¹².
1230 1227 1253 1233 -
1282 1207 1341 1242 De
1369 1206 1489 1242 Abra·
1516 1214 1518 1256 ξ
1545 1214 1603 1242 cet
1632 1205 1804 1242 dubitare
1833 1217 1904 1241 nec
1923 1204 2089 1252 probare
2110 1211 2236 1240 utrum
2265 1205 2337 1240 Dei
2364 1204 2543 1241 voluntas
2563 1204 2609 1241 sit

433 1264 523 1299 ham
551 1271 677 1299 autem
699 1262 832 1310 legitur
863 1262 954 1297 Gen.
983 1272 1030 1296 xv
1052 1261 1082 1305 *,
1113 1260 1216 1305 quod
1238 1259 1326 1295 dixit
1346 1258 1394 1294 ad
1410 1259 1489 1295 Do—
1516 1259 1517 1285 l
1544 1259 1657 1305 bona,
1687 1259 1749 1294 vel
1778 1265 1904 1294 utrum
1934 1258 2041 1293 Deus
2070 1256 2116 1293 sit
2143 1256 2283 1293 suavis.
2313 1277 2338 1285 -
2365 1257 2450 1294 Alia
2477 1265 2607 1294 autem

434 1316 600 1352 minum:
636 1316 740 1353 Unde
757 1314 854 1351 scire
866 1325 1020 1361 possum
1040 1313 1140 1359 quod
1151 1323 1392 1359 possessurus
1418 1311 1488 1347 sim
1515 1322 1516 1363 Q
1544 1319 1599 1348 est
1623 1310 1786 1359 cognitio
1817 1310 1968 1347 divinae
1993 1309 2168 1346 bonitatis
2194 1322 2261 1346 seu
2283 1310 2488 1347 voluntatis
2516 1310 2608 1348 affe—

433 1381 528 1414 eam,
557 1368 694 1404 scilicet
721 1376 856 1403 terram
889 1365 1156 1413 repromissam
1185 1377 1207 1400 a
1235 1363 1348 1404 Deo?
1379 1363 1488 1400 Simi-
1515 1366 1516 1376 ¹

432 1421 512 1457 liter
540 1421 652 1457 etiam
682 1421 842 1457 Gedeon
872 1419 1019 1466 signum
1050 1430 1071 1454 a
1099 1417 1269 1454 Domino
1308 1417 1412 1466 petiit
1440 1418 1487 1453 de
1515 1377 1516 1460 i

431 1473 587 1510 victoria
616 1473 860 1521 repromissa,
897 1479 938 1508 ut
974 1470 1107 1518 legitur
1147 1470 1277 1520 Iudic.⁴
1295 1482 1330 1507 vi
1350 1469 1381 1506 ²⁸.
1412 1470 1489 1517 Qui

432 1535 559 1562 tamen
590 1538 632 1561 ex
661 1527 735 1562 hoc
755 1538 832 1562 non
852 1524 1191 1573 reprehenduntur.
1222 1524 1324 1571 Ergo
1345 1530 1489 1560 tentare

431 1581 556 1616 Deum
585 1591 663 1615 non
693 1586 747 1615 est
774 1585 986 1627 peccatum.
1515 1613 1516 1623 γ

485 1633 558 1677 SED
587 1643 732 1669 CONTRA
760 1643 825 1668 1-:sT
862 1630 967 1679 quod
1004 1629 1226 1678 prohibetur
1259 1630 1340 1676 lege
1364 1634 1376 1649 ²
1403 1629 1487 1667 Dei.
1514 1626 1516 1677 l

431 1684 576 1721 Dicitur
605 1684 703 1721 enim
732 1686 842 1721 Deut.
871 1696 906 1720 vi
925 1684 962 1720 *ε
991 1683 1082 1720 Non
1103 1683 1258 1719 tentabis
1278 1682 1486 1719 Dominum

430 1739 554 1774 Deum
583 1743 698 1774 tuum.
1515 1741 1516 1748 ¹

485 1792 707 1827 RESPONDEO
728 1802 910 1827 DICENDUM
930 1789 1047 1837 quod,
1077 1788 1172 1825 sicut
1200 1788 1343 1824 dictum
1373 1795 1428 1824 est
1455 1788 1486 1835 ⁹¹⁶,

431 1851 573 1880 tentare
603 1851 657 1879 est
677 1843 976 1891 experimentum
1006 1853 1168 1878 sumere.
1200 1842 1335 1877 Nullus
1359 1849 1486 1877 autern
1515 1853 1517 1887 ζ

432 1897 728 1944 experimentum
767 1896 881 1932 sumit
909 1895 955 1932 de
991 1907 1035 1931 eo
1075 1895 1121 1931 de
1151 1906 1227 1941 quo
1264 1902 1319 1930 est
1352 1901 1486 1931 certus.
1516 1910 1517 1925 ³

1516 1948 1693 1996 *signum
1729 1955 1858 1996 petere
1897 1948 2061 1984 nolebat.
2101 1947 2185 1983 Nec
2227 1947 2395 1995 petendo
2430 1955 2611 1985 tentasset

431 1950 479 1985 Et
507 1949 593 1986 ideo
623 1949 747 1985 omnis
776 1948 930 1985 tentatio
961 1960 1006 1984 ex
1035 1947 1159 1996 aliqua
1188 1946 1398 1995 ignorantia
1425 1948 1488 1984 vel

431 2002 662 2039 dubitatione
695 2002 884 2050 procedit:
915 2003 975 2037 vel
1010 2000 1089 2037 eius
1127 2000 1191 2048 qui
1227 2007 1364 2046 tentat,
1394 1999 1490 2037 sicut

431 2067 515 2091 cum
545 2055 628 2104 quis
666 2055 966 2103 experimentum
997 2055 1042 2090 de
1081 2066 1120 2090 re
1150 2053 1275 2102 aliqua
1303 2053 1419 2090 sumit
1447 2062 1489 2090 ut

431 2108 510 2144 eius
548 2108 763 2157 qualitatem
800 2114 1023 2155 cognoscat3
1063 2106 1142 2143 sive
1180 2106 1365 2152 aliorum,
1394 2105 1489 2144 sicut

431 2173 517 2197 cum
547 2161 630 2209 quis
651 2161 953 2210 experimentum
975 2161 1021 2197 de
1051 2159 1176 2207 aliquo
1207 2159 1321 2196 sumit
1348 2167 1389 2195 ut
1407 2159 1489 2196 aliis

430 2215 614 2261 ostendat,
631 2226 698 2262 per
717 2226 832 2262 quem
856 2214 1016 2250 modum
1037 2214 1140 2249 Deus
1165 2212 1299 2249 dicitur
1318 2224 1389 2248 nos
1408 2220 1488 2249 ten-

429 2274 518 2303 tare.
540 2268 715 2315 Ignorare
735 2274 862 2303 autem
877 2267 940 2303 vel
956 2266 1126 2303 dubitare
1148 2266 1194 2302 de
1209 2265 1266 2302 his
1286 2278 1384 2314 quae
1404 2278 1488 2314 per-
1516 2302 1517 2309 ,

431 2319 548 2355 tinent
576 2320 623 2356 ad
651 2319 722 2356 Dei
751 2319 1022 2368 perfectionem
1053 2327 1108 2355 est
1135 2326 1347 2367 peccatum.
1377 2318 1489 2356 Unde

431 2372 672 2409 manifestum
693 2380 748 2409 est
767 2373 872 2420 quod
897 2380 1039 2409 tentare
1059 2373 1185 2409 Deum
1210 2372 1258 2408 ad
1282 2373 1356 2408 hoc
1385 2374 1488 2420 quod

432 2425 511 2473 ipse
527 2432 674 2462 tentans
690 2433 893 2472 cognoscat
907 2425 977 2462 Dei
992 2425 1181 2471 virtutem,
1201 2433 1255 2461 est
1274 2433 1487 2473 peccatum.
1516 2444 1517 2451 1

486 2477 525 2513 Si
554 2478 637 2526 quis
666 2485 792 2514 autem
832 2478 880 2514 ad
917 2479 990 2514 hoc
1027 2478 1327 2526 experimentum
1365 2485 1491 2514 sumat

433 2537 565 2566 eorum
595 2542 692 2579 quae
721 2531 768 2567 ad
799 2530 966 2579 divinam
988 2530 1260 2579 perfectionem
1290 2530 1488 2578 pertinent,

432 2595 509 2619 non
537 2591 578 2620 ut
605 2583 684 2631 ipse
714 2591 928 2630 cognoscat,
959 2583 1026 2620 sed
1054 2591 1095 2619 ut
1123 2583 1203 2619 aliis
1242 2583 1488 2628 demonstret,

431 2637 506 2673 hoc
534 2649 611 2673 non
641 2644 695 2672 est
722 2644 863 2673 tentare
884 2637 1023 2682 Deum,
1055 2648 1142 2672 curn
1166 2635 1285 2672 subsit
1304 2635 1399 2672 iusta
1427 2649 1492 2673 ne-

433 2689 583 2731 cessitas
612 2701 679 2725 seu
707 2689 770 2737 pia
797 2689 945 2734 utilitas,
968 2697 1004 2725 et
1027 2689 1097 2725 alia
1117 2701 1214 2737 quae
1234 2689 1283 2725 ad
1306 2689 1380 2725 hoc
1401 2701 1490 2726 con·
1516 2692 1518 2704 ’

434 2754 582 2778 currere
612 2743 762 2778 debent.
801 2742 862 2778 Sic
893 2741 991 2778 enim
1022 2742 1194 2789 Apostoli
1227 2742 1442 2789 petiverunt
1469 2754 1491 2778 a

1544 1365 1641 1401 ctiva
1671 1376 1737 1401 seu
1767 1363 2089 1412 experimentalis,
2120 1363 2212 1400 dum
2241 1362 2326 1412 quis
2354 1363 2543 1412 experitur
2569 1363 2608 1401 in

1543 1418 1670 1466 seipso
1699 1424 1850 1465 gustum
1879 1416 2029 1453 divinae
2059 1415 2268 1453 dulcedinis
2298 1424 2333 1452 et
2367 1418 2608 1465 complacen-

1543 1471 1634 1507 tiam
1664 1470 1815 1507 divinae
1843 1469 2065 1506 voluntatis:
2096 1469 2192 1506 sicut
2215 1469 2263 1506 de
2291 1470 2500 1507 Hierotheo
2521 1469 2610 1508 dicit

1542 1523 1762 1572 Dionysius,
1794 1535 1815 1559 ιι
1845 1535 1927 1571 cap.
1958 1523 2004 1559 de
2030 1523 2118 1559 Div.
2144 1523 2263 1559 Nom.
2292 1522 2323 1569 ²⁸,
2351 1522 2457 1571 quod
2484 1523 2612 1560 didicit

1542 1577 1669 1613 divina
1698 1589 1748 1613 ex
1787 1575 2046 1623 compassione
2081 1576 2132 1612 ad
2168 1576 2260 1624 ipsa.
2298 1576 2348 1612 Et
2375 1576 2450 1612 hoc
2486 1577 2607 1614 modo

1543 1642 1748 1667 monemur
1761 1627 1773 1650 θ
1793 1636 1835 1665 ut
1853 1629 2061 1678 probemus
2080 1628 2153 1665 Dei
2172 1630 2409 1666 voluntatem
2431 1637 2467 1666 et
2484 1637 2610 1677 guste-

1543 1696 1629 1720 mus
1661 1683 1740 1719 eius
1770 1682 2007 1718 suavitatem.
2152 1692 2155 1695 ’

1596 1739 1654 1773 An
1688 1746 1849 1772 TERTIUM
1882 1746 2068 1772 Dici-:unum
2097 1734 2203 1782 quod
2235 1735 2341 1771 Deus
2373 1735 2530 1772 volebat
2561 1735 2610 1772 si-

1515 1766 1516 1779 *
1543 1801 1660 1837 gnum
1691 1789 1781 1826 dare
1810 1788 1887 1835 regi
1911 1788 2044 1824 ¹Achaz
2068 1799 2146 1824 non
2174 1799 2245 1836 pro
2268 1787 2352 1836 ipso
2372 1789 2510 1836 solum,
2541 1789 2608 1826 sed

1541 1855 1612 1890 pro
1642 1842 1756 1878 totius
1783 1841 1915 1890 populi
1934 1840 2191 1877 instructione.
2221 1841 2271 1877 Et
2297 1841 2385 1878 ideo
2406 1842 2609 1890 reprehen-

1544 1895 1653 1941 ditur,
1675 1895 1782 1943 quasi
1811 1893 2016 1942 impeditor
2045 1893 2262 1930 communis
2298 1894 2427 1931 salutis
2446 1900 2472 1942 ²,
2501 1895 2611 1943 quod

1543 2002 1683 2038 Deum.
1705 2001 1809 2037 Turn
1830 2000 1919 2048 quia
1939 2012 1984 2036 ex
2009 2000 2191 2036 mandato
2211 2000 2284 2036 Dei
2303 2000 2482 2048 petiisset.
2503 2001 2608 2038 Tum

1543 2055 1632 2102 quia
1659 2055 1735 2091 hoc
1763 2054 1976 2102 pertinebat
2004 2053 2053 2090 ad
2074 2053 2270 2090 utilitatem
2300 2065 2562 2093 communem.
2584 2075 2610 2102 ss

1542 2108 1738 2144 Abraham
1767 2119 1862 2143 vero
1883 2106 2032 2154 signum
2061 2106 2165 2154 petiit
2194 2117 2238 2142 ex
2266 2106 2443 2150 instinctu
2463 2106 2608 2147 divino.

1543 2162 1592 2198 Et
1619 2161 1706 2197 ideo
1736 2172 1814 2196 non
1843 2159 2026 2208 peccavit.
2048 2180 2072 2187 -
2093 2159 2255 2196 Gedeon
2274 2172 2368 2197 vero
2389 2160 2541 2208 signum
2563 2172 2610 2198 ex

1544 2213 1732 2251 debilitate
1758 2213 1849 2250 fidei
1872 2212 2023 2261 petiisse
2045 2212 2207 2259 videtur,
2229 2220 2265 2249 et
2290 2212 2377 2250 ideo
2406 2226 2428 2250 a
2450 2222 2609 2264 peccato

1543 2279 1620 2304 non
1650 2274 1868 2303 excusatur:
1898 2265 1994 2302 sicut
2022 2266 2159 2302 Glossa
2181 2265 2202 2287 *
2229 2265 2371 2303 ibidem
2394 2265 2435 2288 *⁴⁸
2461 2266 2558 2306 dicit.
2583 2289 2608 2296 -

1544 2320 1648 2357 Sicut
1677 2327 1712 2356 et
1740 2318 1943 2356 Zacharias
1971 2319 2144 2367 peccavit
2177 2318 2329 2366 dicens,
2350 2320 2474 2357 Luc.1
2502 2320 2534 2368 ¹⁸⁸,
2559 2321 2610 2359 ad

1543 2373 1738 2421 angelum:
1773 2373 1880 2410 Unde
1901 2373 1973 2408 hoc
1998 2371 2148 2408 sciam?
2175 2372 2287 2409 Unde
2316 2380 2352 2409 et
2379 2381 2535 2422 propter
2553 2373 2609 2412 in·

1544 2426 1800 2463 credulitatem
1829 2430 1845 2446 ²
1873 2425 2026 2473 punitus
2054 2425 2123 2461 fuit
2140 2424 2172 2461 *.

1598 2479 1804 2515 Sciendum
1842 2485 1972 2514 tamen
2009 2478 2113 2525 quod
2157 2477 2355 2526 dupliciter
2392 2478 2525 2527 aliquis
2562 2480 2610 2517 si-

1544 2543 1659 2578 gnum
1690 2531 1783 2580 petit
1812 2543 1832 2566 a
1861 2532 1958 2567 Deo.
1989 2530 2076 2567 Uno
2106 2530 2238 2577 modo,
2260 2531 2309 2567 ad
2330 2531 2608 2580 explorandum

1544 2584 1712 2621 divinam
1750 2590 1977 2632 potestatem
2006 2581 2042 2629 λ,
2073 2591 2136 2620 aut
2164 2583 2360 2620 veritatem
2388 2584 2477 2622 dicti
2514 2586 2607 2623 eius.

1544 2638 1593 2673 Et
1621 2638 1694 2673 hoc
1716 2637 1763 2673 de
1783 2649 1823 2673 se
1843 2636 2004 2685 pertinet
2032 2636 2081 2673 ad
2101 2637 2173 2673 Dei
2192 2637 2452 2675 tentationem.
2478 2659 2503 2667 -
2522 2638 2608 2677 Alio

1545 2691 1677 2736 modo,
1706 2689 1755 2726 ad
1778 2691 1854 2726 hoc
1874 2689 1979 2737 quod
1999 2689 2203 2726 instruatur
2229 2690 2322 2739 quid
2351 2690 2396 2727 sit
2416 2691 2518 2729 circa
2543 2692 2610 2730 ali-

1544 2743 1650 2790 quod
1679 2743 1819 2779 factum
1841 2742 2021 2790 placitum
2042 2743 2139 2779 Deo.
2175 2744 2224 2779 Et
2251 2744 2325 2780 hoc
2354 2745 2458 2781 nullo
2487 2745 2608 2783 modo

431 2795 599 2831 Domino
628 2802 669 2831 ut
689 2795 725 2831 in
755 2794 910 2831 nomine
932 2796 1014 2831 Iesu
1037 2795 1172 2831 Christi
1200 2795 1335 2831 fierent
1363 2795 1488 2842 signa,
1517 2807 1518 2832 1
1545 2795 1705 2843 pertinet
1733 2796 1781 2832 ad
1810 2795 1881 2832 Dei
1909 2795 2172 2832 tentationem.

483 2924 509 2957 γ)
528 2924 590 2956 quia
611 2925 724 2949 Domino
744 2925 850 2949 dicenti.
863 2938 883 2944 -
901 2925 945 2956 qui
964 2925 1038 2956 (quia
1058 2926 1089 2957 L)
1110 2926 1226 2950 Domino
1245 2925 1348 2951 dicente
1365 2925 1435 2951 PLa.
1511 2932 1513 2951 [

483 2958 507 2990 δ)
528 2959 626 2984 dictum
645 2963 684 2984 est
702 2960 779 2984 enim.
793 2974 811 2978 -
829 2963 855 2984 et
874 2960 972 2985 dictum
993 2964 1031 2985 est
1050 2961 1118 2988 PAaf
1139 2965 1166 2985 et
1185 2961 1283 2986 dictum
1304 2965 1343 2986 est
1355 2961 1423 2986 enim
1438 2961 1456 2986 1.

485 2995 506 3025 ε)
526 2995 590 3026 Iege.
602 3008 621 3013 -—
639 2995 664 3018 in
685 2996 741 3027 lege
759 2995 850 3019 PALa.

483 3029 508 3061 ζ)
530 3029 588 3054 Dei.
601 3043 619 3048 -
637 3037 694 3053 mea
714 3030 765 3054 ΡΙ).

484 3065 510 3096 η)
532 3071 619 3089 nom-
638 3064 697 3088 Om.
716 3065 744 3090 P.

1593 2924 1617 2958 θ)
1637 2933 1782 2951 monemur.
1795 2940 1814 2946 —
1833 2934 1970 2952 movemur
1988 2928 2025 2952 Pa
2042 2927 2086 2961 (et
2105 2927 2247 2961 codices?).

1595 2962 1612 2993 ι)
1633 2962 1735 2987 salutis.
1748 2975 1767 2981 —
1785 2963 1846 2987 boni
1864 2965 1890 2987 et
1908 2963 2003 2988 salutis
2021 2963 2067 2988 Pa.

1593 2998 1618 3029 κ)
1639 2997 1861 3023 incredulitatem.
1873 3012 1892 3017 -
1910 2998 1978 3023 hanc
1998 2998 2210 3024 incredulitatem
2230 2999 2280 3030 Pa,
2296 3000 2345 3025 hoc
2361 2999 2575 3027 incredulitatem
2587 3001 2616 3036 Ι,ὁ

1593 3031 1621 3064 λ)
1637 3036 1806 3064 potestatem.
1819 3048 1839 3052 -
1853 3033 1982 3065 pietatem
2002 3034 2124 3058 ABCEH.

1103 3140 1433 3174 Commentario,
1457 3141 1706 3175 Cardinatts
1730 3142 1930 3176 Caietam

438 3228 484 3289 IN
508 3217 638 3248 articulo
663 3218 802 3248 secundo
832 3217 973 3248 eiusdem
997 3219 1371 3258 nonagesimaeseptimae
1395 3230 1489 3260 quae·
1513 3222 1515 3257 ξ
1540 3220 1614 3250 velit
1637 3221 1811 3257 nescimus,
1836 3221 1959 3252 licitum
1983 3230 2044 3258 est,
2070 3223 2094 3253 si
2119 3223 2285 3254 necessitas
2310 3231 2364 3255 aut
2392 3224 2510 3256 utilitas
2531 3221 2604 3262 ciui:

466 3261 591 3297 sfionis,
615 3261 710 3301 iunge
734 3261 911 3292 doctrinam
934 3262 965 3292 in
991 3262 1072 3292 calce
1096 3262 1250 3293 articuli*
1273 3263 1417 3293 traditam
1441 3274 1488 3293 ra·
1513 3258 1516 3326 ἱ

434 3305 512 3335 tioni
543 3305 662 3345 positae
686 3308 718 3335 in
742 3315 873 3345 corpore
897 3306 1057 3342 eiusdem,
1083 3313 1113 3336 et
1136 3306 1205 3336 vide
1229 3307 1332 3347 quod,
1359 3317 1433 3337 cum
1455 3307 1488 3337 in

434 3349 503 3378 Deo
527 3348 587 3379 sint
610 3349 676 3384 tria,
701 3359 803 3389 posse,
829 3349 905 3380 scire
929 3356 959 3380 et
973 3349 1067 3388 velle;
1092 3357 1122 3380 et
1145 3357 1262 3380 tentare
1279 3351 1384 3380 Deum
1399 3351 1488 3391 igno-

435 3392 567 3422 rantiam
589 3393 639 3422 vel
663 3393 890 3423 dubitationem
915 3394 1031 3424 malam
1055 3394 1198 3430 claudat;
1223 3396 1420 3435 consequens
1444 3403 1490 3426 est

436 3436 523 3476 quod
547 3436 571 3466 si
595 3437 672 3477 quid
696 3444 741 3467 est
768 3438 856 3478 quod
879 3438 950 3468 licet
974 3438 1115 3468 dubitare
1144 3439 1182 3468 de
1205 3439 1292 3474 Deo,
1317 3439 1378 3470 hoc
1406 3446 1489 3470 extra

436 3480 641 3510 tentationem
664 3481 722 3511 Dei
746 3481 793 3517 sit,
818 3482 843 3511 si
866 3492 940 3512 cum
963 3482 1074 3513 debitis
1099 3482 1338 3513 circumstantiis
1361 3482 1425 3514 fiat.
1450 3484 1490 3514 Et

437 3523 588 3563 quoniam
617 3525 654 3554 de
678 3525 736 3554 Dei
759 3525 921 3556 voluntate
951 3526 1028 3566 quid
1052 3526 1132 3556 circa
1155 3526 1275 3567 aliquid
1304 3527 1490 3566 particulare

1542 3263 1652 3294 debitis
1669 3265 1749 3295 adsit
1763 3265 2013 3304 circumstantiis,
2034 3277 2089 3307 per
2105 3267 2231 3307 signum
2247 3268 2488 3300 instructionem
2502 3277 2522 3300 a
2534 3268 2605 3301 Deo

1542 3314 1658 3347 petere.
1689 3308 1736 3339 De
1760 3309 1818 3339 Dei
1843 3310 1984 3349 potentia
2008 3318 2133 3348 autem,
2158 3312 2301 3350 scientia,
2326 3319 2356 3344 et
2379 3304 2604 3345 veritate-dicti

1543 3351 1656 3388 divini,
1682 3359 1712 3383 et
1735 3352 1802 3383 aliis
1831 3363 1912 3394 quae
1937 3355 1976 3384 ad
2000 3355 2058 3385 Dei
2086 3355 2313 3396 perfectionem
2336 3363 2368 3387 et
2390 3356 2604 3388 excellentiam

1542 3403 1699 3436 spectant,
1725 3397 1866 3427 dubitare
1890 3408 1956 3428 non
1979 3399 2061 3430 licet.
2093 3400 2133 3430 Et
2161 3407 2327 3440 propterea
2348 3400 2429 3431 velle
2451 3398 2528 3430 haec
2551 3410 2604 3431 ex-

1543 3440 1666 3480 plorare
1690 3449 1855 3481 peccatum
1879 3450 1934 3473 est.

1598 3485 1638 3515 Et
1653 3485 1731 3515 scito
1755 3481 1843 3526 quod
1867 3487 1906 3516 ad
1926 3487 2066 3527 primum
2083 3489 2228 3524 modum,
2245 3487 2362 3518 scilicet
2377 3487 2603 3525 instructionis,
2627 3494 2632 3499 '

1515 3561 1517 3564 ,
1543 3536 1662 3568 spectat
1685 3529 1710 3559 si
1727 3530 1798 3570 quis
1821 3530 1942 3561 dubitat
1957 3541 1995 3561 an
2013 3532 2152 3562 revelans
2173 3538 2227 3562 aut
2245 3531 2433 3571 promittens
2448 3532 2487 3562 sit
2505 3532 2602 3563 Deus.

2637 317 2648 327 ⁸
2662 315 2729 339 Vere.
2745 322 2780 345 29,
2794 315 2835 346 3⁰.¹

2636 466 2647 477 ⁶
2671 466 2719 494 Qu.
2743 473 2826 490 Lxxxvt

2636 496 2680 514 art.
2694 499 2711 514 1.

2637 1531 2647 1541 ·
2660 1529 2687 1554 S.
2698 1529 2743 1553 Th.
2755 1531 2805 1553 lect.
