2860 4244
1002 307 1269 354 QUAESTIO
1300 308 1345 355 e,
1375 308 1671 345 ARTICULUS
1699 308 1750 345 v1

295 394 372 424 tem
401 393 550 424 tenetur
577 386 772 424 restituere
800 387 941 423 fructus
970 394 1239 435 consumptos,
1270 387 1358 435 quia

296 441 399 477 bona
418 439 497 477 fide
515 439 718 489 possedit):
748 439 818 476 nisi
838 439 933 476 forte
961 438 1136 476 inimicus
1157 440 1236 476 eius
1260 440 1357 477 frau-

297 493 468 530 dulenter
485 493 691 542 pecuniam
713 492 818 530 daret
835 505 907 541 pro
926 491 1082 529 alicuius
1102 493 1356 540 promotione,

295 547 359 583 vel
387 546 458 583 nisi
485 546 565 595 ipse
595 558 771 595 expresse
800 545 1074 582 contradixerit.
1114 546 1226 582 Tunc
1254 546 1356 583 enirn

297 611 376 636 non
395 606 544 636 tenetur
562 598 976 636 adabrenuntiandum
991 603 1026 634 ⁹:
1052 597 1122 634 nisi
1142 599 1236 635 forte
1257 606 1358 647 post-

295 652 457 689 modum
489 659 602 701 pacto
639 651 892 698 consenserit,
927 651 1113 688 solvendo
1152 652 1255 700 quod
1291 652 1359 688 fuit

295 705 540 754 promissum.

348 759 406 795 AD
432 769 606 800 Quas-rum
629 768 814 794 DICENDUM
842 756 947 806 quod
976 757 1149 805 pecunia,
1177 758 1239 794 vel
1268 769 1356 806 pos-

295 810 426 858 sessio,
455 810 517 847 vel
545 810 686 846 fructus
714 809 922 847 simoniace
951 810 1108 858 accepti,
1135 810 1274 847 debent
1304 822 1358 846 re-

294 863 393 900 stitui
422 862 603 900 ecclesiae
622 862 660 900 in
685 862 792 899 cuius
811 863 985 900 iniuriam
1014 863 1101 900 data
1120 870 1207 900 sunt
1225 869 1252 909 ⁶,
1279 875 1357 899 non

294 916 468 953 obstante
497 916 602 965 quod
630 916 841 965 praelatus,
869 917 932 954 vel
960 916 1094 965 aliquis
1123 916 1170 953 de
1199 915 1357 964 collegio

293 968 390 1006 illius
419 969 618 1016 ecclesiae,
648 969 716 1006 fuit
746 969 785 1006 in
814 970 943 1019 culpa:
973 969 1061 1019 quia
1100 981 1231 1006 eorum
1270 980 1358 1017 pec-

293 1029 421 1059 catum
449 1035 528 1059 non
557 1022 671 1059 debet
698 1022 780 1059 aliis
808 1035 959 1060 nocere.
991 1024 1044 1060 Ita
1071 1029 1201 1059 tamen
1228 1021 1354 1069 quod,

293 1082 480 1124 quantum
508 1075 591 1113 fieri
618 1083 754 1124 potest,
784 1075 855 1124 ipsi
883 1075 948 1125 qui
976 1082 1235 1124 peccaverunt
1268 1074 1355 1111 inde

293 1129 546 1166 commodum
575 1141 654 1166 non
683 1131 976 1177 consequantur.
1006 1149 1029 1155 -
1060 1127 1100 1164 Si
1126 1139 1220 1164 vero
1249 1139 1357 1176 prae-

292 1182 387 1218 latus
417 1189 453 1219 et
479 1189 602 1219 totum
629 1181 830 1229 collegium
860 1189 948 1218 sunt
975 1181 1013 1218 in
1042 1181 1165 1229 culpa,
1196 1181 1310 1218 debet
1328 1186 1354 1226 τ,

293 1246 382 1271 cum
417 1234 638 1272 auctoritate
671 1234 896 1283 superioris,
925 1235 988 1271 vel
1024 1232 1257 1283 pauperibus
1293 1234 1356 1271 vel

291 1286 412 1339 alteria
420 1287 604 1325 ecclesiae
633 1287 791 1335 erogari.

342 1341 403 1377 AD
431 1352 594 1383 Qum‘rum
630 1352 815 1379 DlCENDtJM
852 1340 958 1388 quod
988 1340 1019 1377 si
1047 1339 1162 1389 aliqui
1195 1348 1282 1377 sunt
1318 1340 1356 1377 in

290 1394 523 1431 monasterio
557 1394 765 1431 simoniace
801 1393 959 1442 recepti,
989 1394 1131 1431 debent
1168 1394 1357 1431 abrenun-

289 1446 395 1484 tiare.
425 1447 476 1484 Et
493 1447 523 1484 si
553 1447 606 1485 eis
633 1447 837 1484 scientibus
866 1447 1072 1484 commissa
1107 1454 1162 1484 est
1190 1446 1356 1484 simonia

227 1516 236 1524 ·
250 1511 262 1518 ·
288 1507 378 1549 post
395 1500 611 1538 Concilium
633 1501 820 1538 Generale
833 1499 865 1547 ³⁸⁵,
886 1500 965 1537 sine
991 1512 1058 1549 spe
1079 1499 1323 1537 restitutionis
1337 1506 1354 1522 υ

252 1570 262 1583 ›
290 1553 338 1591 de
367 1566 436 1591 suo
467 1554 699 1592 monasterio
729 1554 983 1603 repelluntur,
1014 1561 1050 1590 et
1078 1553 1127 1590 ad
1165 1554 1355 1601 agendam

288 1615 514 1656 perpetuam
547 1607 820 1657 poenitentiam
849 1614 936 1644 sunt
971 1607 1011 1643 in
1047 1606 1197 1643 arctiori
1226 1607 1355 1654 regula

288 1660 471 1709 ponendi,
498 1661 561 1698 vel
589 1661 628 1698 in
655 1660 782 1709 aliquo
811 1661 897 1697 loco
927 1659 1099 1696 eiusdem
1129 1659 1291 1706 ordinis,
1323 1659 1353 1696 si

288 1714 426 1752 arctior
452 1714 549 1751 ordo
568 1726 648 1751 non
665 1714 911 1751 inveniretur.
941 1734 965 1741 -
995 1713 1034 1750 Si
1063 1725 1158 1750 vero
1183 1713 1258 1749 hoc
1287 1713 1355 1750 fuit

339 1843 364 1878 ρ)
383 1841 636 1868 abrenuntiandum.
649 1854 669 1861 —
686 1841 894 1866 renuntiandum
914 1841 960 1866 Pa.

339 1852 366 1912 σ)
385 1880 457 1904 sant.
468 1879 615 1911 -suerunt
632 1877 680 1902 Pa.

339 1913 365 1947 τ)
384 1913 500 1939 debet-
517 1916 581 1938 tunc
598 1912 675 1938 debet
694 1912 740 1937 Pa.

338 1949 364 1982 u)
383 1949 441 1975 sine
458 1956 505 1981 spe
523 1948 709 1974 restitutionis.
722 1961 741 1967 —
757 1948 815 1974 sine
832 1947 1011 1973 restitutionis
1028 1947 1174 1981 ABEFpK,
1194 1954 1258 1972 suae
1277 1947 1355 1972 resti-

284 1985 398 2011 tutionis
415 1985 447 2015 L,
465 1985 521 2010 sive
539 1983 720 2009 restitutiones
739 1984 774 2009 H.

2399 310 2471 346 365

1412 395 1498 424 ante
1528 387 1755 434 Concilium,
1782 386 1949 424 debent
1942 399 1979 424 in
1999 387 2079 424 aliis
2108 387 2200 424 locis
2222 388 2392 425 eiusdem
2415 401 2474 425 or-

1383 440 1507 477 dinis
1528 440 1715 477 collocari.
1746 416 1795 477 ⁷Et
1813 440 1843 477 si
1862 441 1936 477 hoc
1965 440 2046 477 fieri
2066 453 2143 478 non
2167 449 2302 500 potest,
2325 441 2474 490 dispen-

1411 493 1528 530 sative
1565 493 1706 530 debent
1734 493 1771 530 in
1801 493 1946 530 eisdem
1984 493 2221 531 monasteriis
2259 494 2394 543 recipi,
2425 507 2472 531 ne

1411 546 1449 583 in
1483 548 1635 583 saeculo
1674 554 1902 594 evagentur:
1933 547 2084 584 mutatis
2118 555 2247 584 tamen
2284 547 2473 596 prioribus

1411 598 1503 635 locis
1533 607 1568 635 et
1587 599 1825 636 inferioribus
1853 599 2059 648 assignatis.

1466 651 1505 688 Si
1533 664 1627 688 vero
1647 652 1738 700 ipsis
1757 653 2029 700 ignorantibus,
2052 653 2132 690 sive
2153 660 2238 690 ante
2259 653 2472 690 Concilium

1411 704 1492 741 sive
1519 712 1627 752 post,
1657 705 1730 741 sint
1758 705 1963 742 simoniace
1992 706 2151 755 recepti,
2181 714 2386 755 postquam
2417 719 2472 743 re-

1411 757 1684 804 nuntiaverint,
1713 767 1874 807 possunt
1902 759 1948 796 de
1978 772 2081 796 novo
2112 759 2238 808 recipi,
2268 759 2360 796 locis
2389 771 2472 796 mu-

1410 810 1505 856 tatis,
1526 818 1567 846 ut
1595 810 1737 847 dictum
1767 819 1832 848 est.

1463 865 1522 899 AD
1550 875 1690 900 SEXTUM
1720 875 1903 901 monimum
1932 865 2037 912 quod
2066 865 2195 914 quoad
2233 866 2361 902 Deum
2391 866 2472 902 sola

1410 916 1586 953 voluntas
1623 916 1708 952 facit
1735 917 2012 954 simoniacum:
2042 919 2110 955 sed
2138 919 2266 966 quoad
2304 930 2471 967 poenam

1411 969 1703 1005 ecclesiasticam
1734 970 1971 1017 exteriorem,
2001 983 2079 1008 non
2106 972 2261 1020 punitur
2287 979 2329 1008 ut
2357 971 2472 1008 simo-

1410 1021 1561 1068 niacus,
1591 1029 1632 1058 ut
1660 1022 1926 1060 abrenuntiare
1964 1031 2155 1070 teneatur,
2186 1025 2253 1062 sed
2283 1024 2396 1061 debet
2425 1025 2471 1061 de

1411 1075 1511 1111 mala
1540 1074 1746 1111 intentione
1775 1076 1982 1123 poenitere.

1463 1130 1522 1164 An
1560 1139 1740 1165 SEPTIMUM
1777 1140 1962 1166 DICENDUM
1990 1130 2095 1177 quod
2130 1130 2348 1179 dispensare
2385 1143 2472 1167 curn

1411 1192 1457 1216 eo
1478 1180 1544 1229 qui
1564 1188 1619 1217 est
1638 1181 1798 1217 scienter
1825 1182 2073 1219 beneficiatus
2091 1188 2119 1229 φ,
2141 1184 2243 1220 solus
2272 1184 2376 1232 Papa
2404 1196 2472 1233 po—

1410 1241 1491 1270 test.
1522 1235 1564 1270 In
1593 1233 1673 1271 aliis
1702 1242 1830 1271 autem
1860 1235 2010 1272 casibus
2038 1243 2164 1285 potest
2188 1236 2300 1273 etiam
2329 1237 2472 1285 episco-

1409 1299 1481 1335 pus
1501 1287 1737 1336 dispensare:
1767 1288 1816 1325 ita
1836 1295 1965 1325 tamen
1985 1289 2091 1337 quod
2109 1289 2212 1338 prius
2237 1290 2474 1327 abrenuntiet

1409 1341 1513 1388 quod
1542 1340 1749 1377 simoniace
1778 1341 1987 1390 acquisivit.
2027 1343 2075 1379 Et
2102 1350 2192 1380 tunc
2225 1342 2472 1391 dispensatio-

1409 1405 1497 1430 nem
1527 1402 1782 1442 consequatur
1809 1396 1870 1431 vel
1899 1407 2075 1444 parvam,
2105 1403 2147 1433 ut
2173 1396 2313 1433 habeat
2339 1397 2472 1433 laicam

1409 1447 1743 1492 communionem
1772 1448 1834 1484 vel
1863 1460 2061 1496 magnam,
2090 1457 2143 1496 ut,
2163 1457 2250 1498 post
2276 1450 2473 1499 poeniten-

1407 1499 1510 1546 tiam,
1531 1500 1569 1537 in
1589 1500 1661 1536 alia
1681 1501 1840 1537 ecclesia
1860 1500 1897 1537 in
1922 1514 1991 1538 suo
2013 1502 2145 1540 ordine
2166 1511 2382 1549 remaneat;
2410 1505 2472 1540 vel

1408 1553 1608 1599 maiorem,
1629 1561 1670 1590 ut
1698 1562 1893 1591 remaneat
1921 1555 1958 1592 in
1985 1557 2134 1603 eadem,
2155 1556 2223 1594 sed
2251 1556 2289 1593 in
2318 1556 2472 1594 minori-

1407 1606 1479 1643 bus
1502 1606 1716 1651 ordinibus;
1741 1607 1803 1643 vel
1822 1607 2027 1645 maximam
2041 1638 2049 1654 ‚
2081 1617 2122 1646 ut
2140 1609 2178 1646 in
2191 1604 2334 1647 'eadem
2355 1611 2473 1647 eccle-

1407 1659 1463 1696 sia
1483 1660 1596 1696 etiam
1617 1660 1782 1696 maiores
1810 1660 1962 1698 ordines
1991 1671 2210 1711 exequatur,
2236 1675 2315 1700 non
2342 1671 2472 1700 tamen

1406 1713 1682 1761 praelationem
1712 1713 1881 1762 accipiat.

1459 1841 1487 1874 φ)
1506 1841 1621 1866 scienter
1633 1841 1808 1873 beneficiatus,
1820 1854 1839 1860 -
1857 1841 1970 1866 scienter
1983 1842 2145 1867 sImoniacus
2159 1843 2192 1872 Η,
2206 1843 2319 1868 scienter
2330 1843 2474 1870 simoniace

1406 1876 1574 1936 beneficiatgs
1592 1876 1706 1906 GLsCD.
1724 1876 1894 1909 beneficiatus
1911 1877 2025 1902 scienter
2043 1878 2085 1903 ed.
2102 1885 2127 1908 a,
2143 1878 2312 1911 beneficiatus
2329 1880 2473 1905 simoniace

1407 1912 1520 1937 scienter
1560 1930 1566 1936 .

969 2071 1304 2104 Commentaria
1327 2070 1579 2103 Gar-dinetus
1602 2071 1802 2104 Caietani

316 2171 337 2192 u
357 2160 490 2192 articulo
506 2167 594 2191 sexto
619 2160 762 2191 eiusdem
786 2160 975 2191 centesimae
999 2159 1195 2201 quaestionis
1220 2159 1354 2191 dubium

290 2173 464 2242 Ioccurrit,
488 2205 657 2246 praecipue
673 2205 706 2235 in
723 2205 931 2245 responsione
955 2205 995 2235 ad
1018 2204 1180 2246 quintum,
1199 2214 1238 2234 an
1255 2204 1355 2234 simo-

286 2250 396 2281 niacus
420 2249 565 2281 mentalis
595 2249 698 2290 possit
725 2256 794 2280 tuta
818 2249 1010 2280 conscientia
1037 2249 1169 2280 retinere
1197 2249 1356 2290 quidquid

286 2293 461 2326 simoniace
479 2293 654 2335 acquisivit.
677 2293 719 2324 Et
741 2300 788 2324 est
810 2293 891 2324 ratio
915 2293 1003 2324 dubii
1016 2293 1101 2334 'quia
1124 2303 1184 2334 pro
1207 2300 1295 2334 parte
1311 2293 1356 2324 af-

285 2338 443 2370 firmativa
465 2345 513 2369 est
534 2340 657 2369 Auctor
678 2337 711 2367 in
734 2338 846 2374 littera,
870 2337 902 2368 in
926 2338 1134 2378 responsione
1157 2338 1196 2368 ad
1219 2344 1353 2374 sextum,

287 2383 396 2414 dicens
418 2382 507 2423 quod
531 2392 598 2413 non
620 2389 746 2413 tenetur
765 2382 985 2413 abrenuntiare
1007 2382 1163 2413 beneficio
1182 2382 1356 2413 simoniaca

287 2435 394 2459 mente
417 2427 583 2467 acquisito.
614 2427 655 2457 Et
677 2433 725 2457 est
750 2433 853 2457 textus
876 2427 969 2463 iuris,
995 2427 1104 2463 Extra,
1129 2427 1168 2457 de
1191 2427 1354 2464 Simonia,

287 2481 358 2513 cap.
373 2471 543 2508 Mandato,
560 2471 646 2501 unde
667 2474 790 2502 Auctor
811 2471 1053 2511 responsionem
1075 2471 1156 2501 hanc
1179 2471 1309 2512 accepit.

343 2516 406 2547 Pro
430 2522 518 2557 parte
532 2525 607 2545 vero
624 2516 768 2555 negativa
791 2522 838 2546 est
859 2516 950 2546 ratio.
974 2515 1060 2553 Quia
1075 2515 1184 2555 regula
1202 2515 1355 2556 generalis

287 2566 335 2592 est
363 2561 453 2601 quod
482 2560 613 2601 quando
643 2566 709 2590 tam
733 2560 807 2590 dare
830 2570 928 2600 quam
951 2560 1092 2600 accipere
1116 2560 1248 2600 aliquod
1275 2567 1354 2590 tem-

285 2605 395 2646 porale
414 2611 461 2635 est
482 2604 648 2640 iniustum,
665 2614 732 2634 non
748 2611 854 2644 potest
870 2605 913 2635 sic
929 2604 1122 2645 acquisitum
1138 2604 1262 2635 retineri
1279 2614 1353 2635 cum

286 2649 373 2680 bona
402 2648 609 2685 conscientia,
635 2656 670 2679 ut
698 2655 786 2689 patet
811 2649 957 2689 superius
986 2649 1018 2679 in
1047 2659 1101 2690 qu.
1123 2659 1220 2685 xxxii,
1245 2656 1300 2679 art.
1322 2659 1351 2690 7.

285 2693 422 2725 Constat
444 2699 552 2724 autem
580 2693 669 2734 quod
696 2693 729 2723 in
753 2693 962 2734 acquisitione
990 2703 1027 2723 ex
1050 2699 1156 2724 mente
1179 2693 1354 2724 simoniaca

286 2737 453 2778 utrinque,
477 2744 543 2768 tam
567 2737 641 2767 dare
664 2747 762 2778 quam
785 2737 925 2778 accipere
949 2744 995 2768 est
1016 2737 1183 2779 iniquum:
1208 2737 1283 2778 quia
1301 2737 1353 2768 ille

285 2781 393 2813 illicite
420 2791 458 2812 ex
480 2787 586 2812 mente
609 2781 782 2812 simoniaca
811 2782 865 2812 dat
888 2781 1079 2813 beneficium
1104 2792 1159 2812 seu
1183 2782 1353 2822 pecuniam

283 2836 342 2857 seu
365 2826 568 2866 obsequium,
591 2825 659 2855 sine
674 2825 765 2856 omni
787 2832 897 2866 pacto;
923 2833 953 2857 et
975 2826 1033 2857 iste
1056 2826 1165 2867 inique
1188 2826 1298 2866 recipit
1320 2826 1353 2856 id

285 2870 376 2912 quod
399 2869 494 2900 simili
517 2876 623 2900 mente
647 2869 820 2900 simoniaca
842 2870 960 2910 recipit.
994 2870 1078 2910 Ergo
1103 2870 1229 2901 nullum
1252 2870 1354 2901 taliter

286 2914 479 2955 acquisitum
503 2920 609 2953 potest
631 2913 757 2944 retineri
781 2923 855 2944 cum
878 2915 963 2945 bona
987 2914 1188 2945 conscientia.

342 2958 384 2988 Et
407 2957 621 2989 confirmatur.
647 2957 732 2994 Quia
755 2957 896 2988 mirabile
918 2958 1009 2988 valde
1033 2965 1172 2998 apparet,
1193 2964 1293 2988 stante
1313 2957 1352 2987 si-

286 3002 396 3033 monia
419 3002 549 3032 mentali
579 3001 728 3042 utrinque
750 3002 831 3032 inter
858 3002 960 3038 duos,
984 3008 1062 3042 puta
1084 3002 1159 3042 quia
1183 3002 1353 3041 episcopus

286 3046 500 3087 principaliter
529 3052 660 3086 propter
682 3055 773 3086 spem
795 3046 957 3078 habendae
980 3046 1133 3086 pecuniae
1162 3046 1216 3076 dat
1238 3045 1351 3076 clerico

279 3088 486 3127 beneficium,
511 3090 567 3131 qui
586 3090 682 3121 etiam
703 3097 831 3130 paratus
847 3097 893 3121 est
916 3091 990 3121 dare
1013 3090 1183 3131 pecuniam
1199 3090 1351 3130 episcopo

285 3134 500 3175 principaliter
512 3141 642 3174 propter
653 3133 852 3170 beneficium,
866 3141 896 3166 et
911 3134 978 3165 sine
994 3134 1084 3165 omni
1099 3141 1193 3175 pacto
1210 3133 1353 3175 sequitur

285 3185 529 3210 consummatus
549 3178 698 3220 utrinque
714 3178 856 3210 effectus:
872 3196 894 3202 -
909 3179 942 3209 in
956 3178 1018 3209 hoc
1037 3185 1068 3209 et
1087 3178 1180 3209 simili
1195 3189 1269 3209 casu
1292 3178 1352 3209 mi-

285 3223 392 3260 rabile,
416 3223 565 3264 inquam,
590 3229 637 3253 est
658 3223 748 3264 quod
770 3223 939 3264 episcopus
962 3229 1106 3254 teneatur
1129 3233 1194 3253 non
1218 3222 1350 3254 retinere

286 3267 456 3308 pecuniam
483 3273 660 3307 acceptam,
689 3267 764 3307 quia
793 3267 966 3298 simoniace
994 3267 1130 3308 accepit,
1163 3274 1194 3298 et
1221 3267 1351 3298 clericus

285 3311 387 3352 possit
415 3311 548 3342 retinere
576 3310 784 3342 beneficium:
819 3321 893 3342 cum
923 3312 1023 3352 magis
1053 3311 1183 3342 clericus
1213 3311 1352 3352 potuerit

285 3357 405 3387 donare
427 3355 610 3396 pecuniam,
635 3361 747 3395 utpote
769 3365 862 3386 verus
885 3356 1037 3397 pecuniae
1060 3356 1228 3395 dominus,
1253 3366 1351 3397 quarn

286 3400 457 3451 episcopus
479 3399 685 3435 beneficium,
710 3405 822 3439 utpote
852 3399 1050 3440 dispensator
1078 3406 1204 3431 tantum
1234 3399 1351 3431 benefi-

288 3444 422 3476 ciorum.

341 3488 382 3519 Et
397 3487 611 3519 confirmatur.
636 3487 721 3525 Quia
736 3488 1011 3538 quemadmodum
1028 3488 1189 3518 usurarius
1205 3488 1351 3518 mentalis

286 3538 411 3563 tenetur
434 3533 474 3563 ad
497 3532 728 3563 restitutionem
751 3531 777 3562 si
800 3531 963 3572 cognoscit
990 3532 1079 3573 quod
1103 3541 1221 3562 munus
1245 3531 1303 3562 sibi
1334 3542 1352 3562 a

287 3577 479 3608 mutuatario
502 3576 646 3607 oblatum
666 3586 730 3606 non
746 3583 870 3616 sponte,
887 3576 941 3606 sed
964 3576 1054 3616 quasi
1071 3586 1182 3606 usuras
1197 3576 1350 3606 solvendo
1377 3584 1378 3590 ¹

287 3620 390 3657 datur,
414 3620 481 3651 sine
504 3620 593 3651 omni
617 3627 722 3651 tamen
747 3619 971 3656 conventione;
996 3629 1062 3650 non
1077 3620 1185 3651 minus
1201 3619 1352 3650 simonia-

1408 2169 1463 2190 cus
1487 2160 1643 2195 mentalis,
1668 2169 1862 2200 cognoscens
1887 2159 2074 2190 beneficium
2100 2160 2149 2190 vel
2172 2161 2341 2200 pecuniam
2358 2161 2416 2192 sibi
2433 2162 2473 2192 si-

1408 2204 1554 2235 moniace
1577 2204 1654 2240 dari,
1679 2204 1825 2245 quamvis
1848 2204 1914 2234 sine
1938 2204 2027 2234 omni
2044 2204 2265 2241 conventione,
2289 2212 2414 2237 tenetur
2430 2216 2475 2237 re-

1408 2248 1562 2285 stituere:
1572 2259 1627 2279 seu
1651 2259 1716 2279 non
1741 2248 1884 2284 retinere,
1909 2248 2011 2279 taliter
2033 2255 2205 2289 receptum.

1464 2293 1501 2323 11.
1527 2293 1577 2323 Ad
1596 2293 1659 2323 hoc
1675 2292 1809 2323 dubium
1832 2293 1975 2333 quidam,
1996 2293 2230 2333 distinguendo,
2251 2293 2361 2324 dicunt
2384 2295 2473 2335 quod

1407 2337 1441 2367 in
1464 2337 1646 2368 simoniacis
1670 2337 1745 2378 quia
1768 2337 1937 2377 prohibita,
1954 2337 2099 2368 mentalis
2123 2338 2315 2368 simoniacus
2340 2348 2406 2368 non
2430 2345 2473 2369 te-

1408 2387 1500 2412 netur
1523 2382 1684 2412 restituere
1707 2381 1898 2422 acquisitum
1921 2382 2096 2422 temporale
2118 2382 2170 2412 vel
2193 2382 2363 2422 spirituale,
2387 2383 2474 2413 iuxta

1409 2426 1530 2456 dictum
1550 2436 1618 2466 cap.
1635 2426 1810 2456 Mandato:
1832 2426 1865 2456 in
1885 2426 2052 2466 prohibitis
2068 2433 2174 2457 autem
2198 2426 2274 2467 quia
2290 2427 2472 2463 simoniaca,

1407 2477 1531 2501 tenetur
1553 2471 1648 2501 etiam
1672 2470 1863 2511 acquisitum
1887 2481 1924 2501 ex
1947 2471 2076 2501 mentali
2096 2470 2232 2501 simonia
2255 2472 2417 2502 restituere
2440 2471 2472 2501 in

1407 2515 1478 2545 foro
1501 2515 1722 2545 conscientiae.
1746 2515 1787 2545 Et
1805 2515 1941 2545 istorum
1957 2515 2037 2545 ratio
2053 2523 2100 2545 est
2122 2515 2198 2556 quia
2220 2522 2322 2546 textus
2338 2516 2390 2546 ille
2407 2526 2473 2546 non

1406 2559 1550 2599 loquitur
1573 2559 1632 2589 nisi
1656 2560 1694 2589 de
1718 2559 1899 2590 simoniacis
1923 2569 1959 2589 ex
1982 2559 2049 2590 iure
2073 2559 2228 2599 positivo:
2253 2567 2284 2590 et
2306 2568 2472 2600 propterea

1407 2613 1473 2634 non
1497 2611 1544 2634 est
1568 2603 1783 2635 extendendus
1807 2604 1846 2634 ad
1870 2603 2043 2634 simoniaca
2067 2614 2104 2634 ex
2119 2604 2186 2634 iure
2206 2604 2324 2635 divino.
2348 2623 2368 2628 —
2393 2605 2471 2641 Qui-

1407 2648 1480 2678 dam
1504 2655 1611 2678 autem
1634 2648 1869 2688 reprehendunt
1891 2648 1972 2679 hanc
1994 2649 2247 2688 responsionem,
2272 2649 2347 2689 quia
2370 2656 2472 2679 textus

1405 2692 1584 2723 indistincte
1608 2692 1760 2733 loquitur.

1461 2737 1539 2767 Mihi
1570 2737 1695 2767 videtur
1724 2736 1812 2777 quod
1844 2736 1920 2767 haec
1951 2736 2115 2776 responsio
2147 2746 2213 2766 non
2243 2737 2353 2767 valeat.
2388 2737 2472 2774 Quia

1405 2788 1507 2812 textus
1536 2781 1589 2811 ille
1616 2781 1760 2821 loquitur
1790 2780 1828 2810 de
1852 2780 1988 2810 simonia
2016 2780 2110 2810 etiam
2135 2780 2242 2811 divino
2267 2781 2334 2811 iure
2365 2781 2470 2821 prohi-

1406 2825 1486 2861 bita,
1511 2825 1628 2855 scilicet
1655 2834 1736 2865 quae
1763 2824 1972 2855 committitur
1995 2834 2053 2863 pro
2077 2824 2237 2864 religionis
2261 2831 2354 2855 statu.
2384 2825 2470 2855 Con-

1405 2875 1467 2900 stat
1498 2879 1637 2909 namque
1666 2868 1775 2898 divino
1808 2868 1875 2898 iure
1908 2868 2106 2908 prohibitum
2137 2878 2204 2899 esse
2236 2875 2271 2899 ut
2299 2869 2470 2909 spiritualis

1405 2913 1565 2952 religionis
1595 2919 1694 2944 status
1723 2913 1894 2943 vendatur:
1927 2922 2001 2943 cum
2030 2913 2070 2943 sit
2094 2912 2294 2944 invendibilis
2324 2919 2355 2943 et
2381 2913 2469 2953 spiri-

1404 2957 1499 2988 tualis
1528 2963 1626 2987 status
1650 2967 1668 2987 a
1691 2956 1818 2987 Christo
1843 2957 2051 2987 constitutus:
2076 2957 2112 2987 Si
2135 2958 2183 2988 vis
2200 2957 2367 2998 perfectus
2389 2967 2467 2994 esse,

1405 3002 1497 3039 vade,
1522 3001 1632 3038 vende,
1650 3007 1708 3031 etc.
1725 3001 1742 3020 *

1461 3046 1513 3076 111.
1538 3045 1601 3075 Alii
1625 3045 1735 3075 dicunt
1764 3045 1853 3085 quod
1875 3044 1974 3075 teneri
1997 3045 2036 3074 ad
2061 3044 2291 3075 restitutionem
2316 3045 2470 3085 contingit

1405 3089 1586 3130 dupliciter:
1612 3089 1728 3119 scilicet
1743 3088 1864 3119 ratione
1883 3098 2005 3128 poenae
2020 3089 2261 3125 ecclesiasticae;
2281 3089 2332 3120 vel
2348 3090 2469 3120 ratione

1406 3133 1554 3164 naturalis
1570 3133 1657 3164 iuris.
1682 3133 1724 3163 Et
1745 3133 1887 3163 subdunt
1905 3133 1992 3173 quod
2013 3133 2178 3164 simoniaci
2193 3143 2306 3164 omnes
2323 3143 2359 3164 ex
2375 3141 2468 3174 pacto

1405 3185 1552 3209 tenentur
1574 3177 1692 3218 duplici
1708 3177 1776 3208 iure
1799 3177 1839 3207 ad
1861 3177 2112 3209 restitutionem:
2137 3177 2254 3208 scilicet
2277 3178 2398 3208 ratione
2415 3188 2468 3209 na-

1405 3222 1514 3253 turalis
1537 3222 1629 3258 iuris,
1661 3221 1737 3262 quia
1760 3228 1825 3251 tam
1849 3221 1935 3252 datio
1959 3232 2058 3263 quam
2082 3222 2224 3262 acceptio
2248 3222 2308 3252 fuit
2335 3222 2466 3258 iniusta;

1406 3274 1436 3297 et
1459 3266 1579 3297 ratione
1603 3265 1827 3296 ecclesiasticae
1850 3275 1989 3306 poenae,
2014 3266 2089 3306 quia
2112 3266 2251 3296 Ecclesia
2281 3266 2325 3296 sic
2349 3266 2467 3296 statuit.

1405 3311 1577 3342 Simoniaci
1594 3317 1700 3341 autem
1716 3310 1868 3340 mentales
1884 3310 2006 3341 ratione
2023 3310 2246 3341 ecclesiasticae
2263 3319 2385 3349 poenae
2402 3320 2467 3340 non

1405 3361 1561 3391 tenentur,
1578 3362 1608 3385 et
1631 3355 1693 3385 hoc
1716 3355 1823 3385 solum
1839 3361 1940 3385 textus
1964 3355 2015 3384 ille
2039 3354 2131 3384 dicit:
2159 3354 2213 3384 sed
2236 3354 2357 3384 ratione
2378 3361 2467 3384 natu-

1405 3400 1477 3430 ralis
1500 3399 1576 3430 iuris
1599 3399 1679 3430 bene
1702 3405 1849 3430 tenentur
1871 3399 1910 3428 ad
1930 3397 2172 3437 resignationem
2189 3404 2220 3428 et
2235 3397 2467 3429 restitutionem

1404 3451 1470 3474 tam
1493 3443 1705 3483 spiritualium
1728 3453 1826 3483 quam
1850 3442 2088 3482 temporalium,
2113 3441 2188 3482 quia
2211 3442 2325 3472 iniuste
2349 3442 2468 3482 accepit

1405 3487 1561 3528 quidquid
1576 3487 1748 3518 simoniace
1764 3486 1891 3526 accepit.
1916 3486 1956 3516 Et
1980 3486 2041 3516 hoc
2065 3486 2161 3516 tacuit
2184 3493 2286 3516 textus
2306 3486 2367 3522 ine,
2392 3487 2467 3528 quia

1405 3531 1464 3562 fori
1489 3531 1685 3562 ecclesiastici
1710 3531 1778 3561 iura
1802 3531 1943 3560 sonabat.

1460 3575 1522 3606 Sed
1544 3575 1621 3606 haec
1644 3575 1825 3615 responsio,
1851 3574 1921 3604 licet
1944 3573 1984 3604 sit
2006 3573 2144 3610 subtilis,
2169 3584 2187 3604 a
2209 3574 2338 3605 veritate
2362 3582 2466 3605 tamen

1404 3619 1493 3650 devia
1517 3619 1650 3650 videtur.
1674 3619 1757 3656 Quia
1782 3625 1882 3649 textus
1907 3618 1958 3648 ille
1983 3618 2077 3649 etiam
2101 3618 2139 3649 de
2162 3617 2234 3648 foro
2259 3619 2466 3650 conscientiae

2496 3000 2506 3010 ⁸
2512 2999 2594 3021 Matth.
2601 3005 2652 3026 cap.
2660 3006 2707 3026 xix,

2496 3032 2557 3048 vers.
2571 3032 2600 3047 21.
