2860 4238
298 404 318 424 N
334 394 467 425 articulo
486 395 591 435 primo
606 395 800 435 quaestionis
817 394 1330 435 centesimaevigesimaesecundae

271 406 439 469 Idubium
466 439 602 469 occurrit
617 438 696 469 circa
709 438 798 476 illud,
814 439 847 469 in
863 438 1018 479 principio
1035 439 1174 479 corporis
1193 440 1330 470 articuli:

267 484 441 523 Praecepta
473 483 621 524 decalogi
641 487 717 514 sunt
742 484 852 523 prima
871 483 1032 523 principia
1047 483 1065 501 *
1088 484 1190 524 legis,
1218 484 1330 524 quibus

267 527 374 558 statim
407 527 491 557 ratio
519 527 679 558 naturalis
710 528 842 558 assentit
871 532 1023 567 tanquam
1052 527 1329 567 manifestissimis.

268 570 401 601 Videtur
423 580 561 611 namque
584 571 646 601 hoc
662 579 728 600 esse
752 570 886 606 falsum;
910 578 1004 611 atque
1025 579 1133 602 contra
1155 572 1330 602 doctrinam

268 615 301 645 in
317 614 516 654 praecedenti
532 615 629 645 Libro
645 613 796 644 habitam.
820 614 904 644 Nam
919 614 952 644 in
968 624 1023 655 qu.
1039 625 1066 650 e,
1083 622 1139 646 art.
1159 617 1186 652 3,
1204 616 1328 646 exclusa

269 664 343 689 sunt
365 667 384 687 a
405 658 580 698 praeceptis
608 657 751 697 decalogi
783 658 937 698 principia
959 669 1015 698 per
1038 668 1070 688 se
1097 667 1172 690 nota
1205 666 1271 690 tam
1295 660 1328 690 in

268 701 442 732 moralibus
465 712 564 743 quam
586 700 705 738 infide,
723 708 758 732 ut
773 701 816 732 ibi
831 709 926 742 patet.
951 703 1128 740 Quomodo
1146 713 1220 743 ergo
1244 714 1329 735 nunc

269 746 387 777 dicitur·
405 746 494 786 quod
517 753 591 776 sunt
613 745 716 786 prima
738 746 891 786 principia
914 746 1190 778 manifestissima?

323 789 373 819 Ad
397 789 458 820 hoc
481 789 596 820 dicitur
626 790 714 830 quod
738 790 824 820 aliud
848 797 894 821 est
919 791 1010 831 loqui
1033 791 1072 821 de
1097 791 1260 831 principiis
1282 791 1329 822 in-

267 833 407 864 trinsecis
430 833 527 873 legis:
553 840 583 864 et
606 833 692 864 aliud
708 834 747 864 de
769 834 930 875 principiis
946 835 1133 871 extrinsecis,
1153 845 1234 876 quae
1258 842 1332 866 sunt

266 877 354 908 velut
376 877 480 918 prima
501 877 657 918 principia
678 878 712 908 in
731 878 985 918 speculabilibus.
1009 879 1092 909 Nam
1107 879 1260 919 principia
1282 879 1329 909 in-

268 921 400 952 trinseca
414 921 492 961 legis
515 922 706 953 clauduntur
727 922 808 952 infra
827 923 1027 953 latitudinem
1043 933 1155 953 eorum
1178 932 1259 963 quae
1283 923 1329 953 in-

268 966 376 1005 digent
398 966 550 996 editione:
576 966 731 1007 quoniam
753 973 828 997 sunt
843 973 945 1006 partes
967 967 1059 1007 legiS,
1084 977 1181 1007 quam
1209 973 1331 998 constat

268 1018 415 1051 oportere
438 1010 644 1050 promulgari.
667 1010 748 1040 Sunt
763 1018 869 1041 tamen
885 1011 990 1050 primo
1010 1010 1102 1046 edita,
1119 1010 1199 1040 inter
1222 1011 1330 1041 omnia

268 1063 350 1095 quae
373 1053 406 1084 in
429 1054 498 1094 lege
521 1054 738 1085 continentur:
763 1061 794 1084 et
816 1061 982 1094 propterea
1004 1060 1158 1085 vocantur
1167 1055 1277 1094 prima
1301 1059 1332 1085 et

31 479 41 489 ⁸
55 476 91 499 Cf.
107 479 154 498 not.
171 483 196 499 α.

29 1077 189 1120 icc-ma

92 1130 103 1142 ἱ

268 1186 360 1218 nobis
383 1186 532 1217 existente
555 1193 702 1217 contenta
725 1192 816 1216 sunt:
846 1193 876 1216 et
895 1193 1060 1227 propterea
1084 1193 1247 1223 vocantur,
1264 1197 1329 1217 non

26 1231 78 1281 ἑξ
90 1231 144 1260 ¹¹⁸·‚
163 1237 203 1260 φ·
218 1236 240 1259 ⁰2
261 1232 371 1272 prima
381 1231 543 1271 principia
567 1231 658 1272 legis,
677 1231 731 1260 sed
747 1231 857 1270 prima
870 1232 1029 1271 principia
1049 1232 1230 1261 communia
1245 1231 1262 1250 *
1278 1232 1330 1262 ab-

23 1280 25 1282 '
66 1263 107 1287 ‘³'
267 1274 382 1314 solute,
397 1281 510 1314 utpote
533 1281 604 1304 ante
627 1275 711 1314 leges
734 1274 905 1304 existentia.

259 1312 364 1349 *JEt
386 1318 462 1348 haec
481 1326 555 1349 sunt
575 1328 631 1358 per
646 1328 678 1348 se
695 1325 770 1349 nota
793 1318 914 1348 lumine
944 1318 1088 1354 naturali,
1106 1325 1142 1349 ut
1165 1318 1244 1349 nulli
1264 1329 1330 1349 esse

267 1362 460 1399 nocendum,
478 1369 508 1392 et
530 1363 615 1393 bona
631 1373 697 1393 esse
713 1363 951 1403 prosequenda:
984 1363 1034 1393 vel
1056 1362 1174 1398 infuso,
1199 1369 1235 1394 ut
1265 1373 1328 1393 cre-

267 1406 340 1437 dere
362 1406 396 1436 in
419 1407 535 1443 Deum,
552 1406 678 1446 diligere
694 1407 809 1441 Deum,
827 1413 857 1437 et
877 1406 1073 1437 huiusmodi.
1099 1406 1154 1436 llla
1172 1416 1247 1437 vero
1264 1417 1330 1436 non

267 1457 342 1482 sunt
356 1460 412 1493 per
427 1461 459 1481 se
475 1458 560 1487 nota,
577 1451 631 1481 sed
646 1451 772 1481 modica
789 1451 1040 1482 consideratione
1057 1450 1232 1481 manifesta,
1256 1451 1331 1480 Pro-

267 1501 336 1535 pter
352 1495 440 1535 quod
463 1495 496 1525 in
510 1494 611 1525 littera
635 1495 758 1531 dicitur,
775 1505 841 1525 non
861 1495 949 1535 quod
965 1494 1153 1532 intellectus,
1171 1495 1224 1524 sed
1246 1495 1330 1524 ratio

267 1540 429 1570 naturalis
451 1539 556 1570 statim
580 1539 624 1569 eis
647 1539 790 1569 assentit:
815 1538 970 1579 quoniam
994 1538 1134 1578 cognitio
1158 1538 1274 1568 horum
1290 1538 1330 1568 ad

267 1582 445 1615 discursum
469 1582 549 1625 (non
573 1582 766 1623 disciplinae,
783 1583 838 1613 sed
860 1581 1003 1624 naturae)
1029 1589 1156 1622 spectat.
1174 1583 1219 1612 Ita
1242 1583 1330 1623 quod

298 1989 449 2077 §.7223
478 2016 647 2065 primum
675 2023 923 2065 praeceptum
951 2017 1120 2064 decalogi
1149 2015 1329 2053 inconve-

278 2065 402 2114 ᾇτ’ἕ-Ἇὲ,
425 2067 624 2109 fnienter
653 2070 832 2106 tradatur.
863 2069 984 2117 Magis
1004 2069 1106 2106 enirn
1126 2069 1246 2106 homo
1276 2076 1331 2106 est

274 2100 447 2159 'sss'fiffi
479 2122 666 2171 obligatus
702 2123 788 2160 Deo
817 2134 933 2170 quam
960 2122 1056 2170 patri
1086 2122 1242 2159 carnali:
1272 2135 1329 2159 se-

447 2140 466 2157 *Q

12 2176 158 2217 ἴχνη-ις.

15 2223 18 2227 ’
98 2231 102 2235 ’
150 2209 162 2222 j
259 2229 480 2276 perabimus
498 2229 606 2266 Patri
620 2228 830 2276 spirituum,
850 2234 887 2265 et
903 2228 1100 2265 vivemus?
1125 2229 1202 2265 Sed
1222 2241 1329 2277 prae-

14 2319 19 2336 η’
27 2330 38 2342 ⁶
50 2329 126 2354 awa.
137 2335 190 2358 etp.
198 2336 238 2358 xx,

18 2362 87 2380 ,vern-
101 2363 131 2379 ιι.

263 2493 428 2542 proponi
467 2494 712 2531 affirmative:
749 2494 973 2542 praesertim
1003 2506 1090 2531 cum
1127 2494 1328 2531 affirmatio

263 2545 312 2583 sit
339 2546 556 2583 naturaliter
582 2547 689 2596 prior
716 2547 927 2595 negatione.

10 2657 221 2699 &Art-*muud-
264 2652 487 2700 religionem
515 2653 686 2701 pertinet,
715 2660 756 2689 ut
785 2653 926 2690 dictum
954 2660 1010 2689 est
1027 2652 1058 2689 ³¹².
1090 2653 1165 2690 Sed
1186 2653 1326 2700 religio,

17 2703 28 2712 “
126 2701 127 2705 ’
265 2717 354 2742 cum
384 2705 430 2742 sit
447 2717 526 2741 una
543 2705 674 2752 virtus,
696 2706 811 2742 habet
830 2718 950 2742 unum
971 2713 1110 2742 actum.
1141 2707 1182 2741 In
1202 2705 1326 2753 primo

265 2765 393 2795 autem
427 2765 633 2806 praecepto
670 2758 921 2806 prohibentur
957 2766 1032 2794 tres
1070 2765 1197 2794 actus:
1236 2770 1326 2795 nam

27 2817 238 2846 ’ΒΜ-αμα,
265 2811 391 2860 primo
413 2810 548 2848 dicitur
566 2812 607 2848 ²³:
635 2811 727 2848 Non
751 2812 903 2848 habebis
921 2811 1009 2847 deos
1026 2811 1168 2847 alienos
1196 2822 1326 2848 coram

14 2850 187 2899 ,ἶῗῖἶᾶνιι
205 2877 229 2898 4-
265 2876 344 2909 me,·
372 2865 542 2901 secundo
572 2864 706 2901 dicitur
724 2863 761 2900 *z
790 2864 881 2901 Non
900 2864 1026 2912 facies
1054 2864 1120 2900 tihi
1144 2864 1327 2912 sculptile;

27 2950 103 2972 ,md
124 2925 183 2972 ξω
265 2917 374 2955 tertio
395 2922 412 2938 α
432 2918 470 2953 *z
503 2917 594 2954 Non
623 2917 800 2954 adorabis
832 2929 892 2961 ea,
927 2928 1046 2964 neque
1077 2916 1185 2952 coles.
1223 2917 1325 2964 Ergo

12 2991 13 2994 =
106 2965 112 2972 ’
184 2955 230 2978 '⁵'
264 2970 578 3008 inconvenienter
605 2970 762 3007 traditur
790 2970 956 3018 primum
986 2977 1244 3018 praeceptum.

26 3066 237 3131 isimffffi

26 3140 78 3163 up.
99 3141 130 3157 rx.
148 3145 159 3151 -
177 3114 239 3157 lni’e'i

27 3161 90 3190 Opp.

265 3077 406 3113 Decem
435 3077 592 3114 Chordis
610 3077 641 3123 ³¹⁵,
662 3077 767 3125 quod
795 3089 864 3125 per
890 3075 1058 3124 primum
1078 3082 1324 3123 praeceptum

266 3129 476 3166 excluditur
493 3129 627 3166 vitium
648 3128 935 3178 superstitionis.
967 3128 1043 3165 Sed
1072 3128 1214 3164 multae
1240 3135 1327 3164 sunt

266 3183 360 3219 aliae
389 3182 524 3219 noxiae
553 3183 836 3231 superstitiones
873 3189 1022 3230 praeter
1050 3180 1323 3226 idololatriam,

0 3209 14 3314 Β
28 3243 94 3272 ’Qu-
104 3249 160 3269 και.
168 3247 209 3266 ιη.
218 3249 238 3265 2.

0 3315 6 3344 ἰ
266 3290 375 3326 betur
403 3289 484 3324 sola
511 3288 734 3325 idololatria.

0 3346 9 3443 i

267 3471 292 3491 et
310 3474 345 3535 Ἦ)
357 3502 403 3535 fit.
419 3515 438 3521 -
450 3501 564 3534 ponitur
582 3501 629 3525 Pa.

939 199 1205 245 QUAESTIO
1235 199 1393 246 CXXII,
1421 199 1716 236 ARTICULUS
1746 200 1779 236 11

2363 202 2438 249 475

947 311 1279 344 Commentariis
1301 312 1552 346 cardinalis
1575 312 1774 346 Caietam

1382 396 1462 427 inter
1477 397 1628 437 principia
1643 396 1810 428 intrinseca
1831 397 1908 437 legis
1925 404 1955 427 et
1970 397 2123 437 principia
2142 397 2243 437 prima
2262 398 2443 439 simpliciter

1383 440 1415 470 in
1432 441 1607 471 moralibus
1630 451 1696 471 non
1719 441 1826 471 solum
1849 448 1896 471 est
1927 441 2099 472 differentia
2122 442 2229 482 quoad
2259 442 2441 479 materiam,

1383 484 1458 524 quia
1481 484 1634 524 principia
1657 484 1732 524 legis
1756 492 1830 515 sunt
1852 485 1938 515 velut
1960 485 2113 526 principia
2137 485 2273 526 propria,
2290 485 2443 526 principia

1383 537 1458 558 vero
1474 528 1575 568 prima
1591 535 1665 559 sunt
1688 529 1886 559 communia:
1912 530 1966 559 sed
1990 529 2083 560 etiarn
2100 531 2205 570 quoad
2226 530 2363 560 modum
2385 540 2442 561 no-

1382 571 1478 608 titiae,
1495 572 1570 612 quia
1585 572 1639 602 illa
1655 580 1830 603 noscuntur
1854 573 1995 603 discursu
2012 573 2146 604 naturali
2162 580 2295 610 tantum,
2308 574 2370 604 hoc
2386 582 2441 611 est,

1383 625 1449 645 non
1466 623 1575 655 egente
1589 616 1731 646 humano
1748 617 1894 653 doctore3
1911 617 1968 647 ista
1983 627 2058 647 vero
2075 625 2311 658 cognoscuntur
2325 618 2442 660 absque

1356 684 1357 692 ,
1383 659 1526 690 discursu
1549 670 1766 701 quocumque,
1791 660 1922 700 cognitis
1946 661 2095 692 terminis.

1438 704 1512 734 Non
1537 704 1755 735 contradicunt
1782 714 1856 744 ergo
1887 704 1964 735 haec
1987 705 2132 745 superius
2156 705 2257 736 dictis.
2289 706 2373 743 Quia
2404 707 2442 737 de

1383 747 1493 787 primis
1517 747 1677 787 principiis
1699 748 1786 788 legis,
1811 748 1872 779 hoc
1896 755 1951 785 est,
1969 749 2123 780 contentis
2147 750 2179 780 in
2202 750 2280 789 lege,
2301 757 2332 780 et
2354 760 2442 780 com-

1383 791 1533 821 munibus
1557 799 1701 832 respectu
1725 798 1948 823 contentorum
1970 793 2004 823 in
2027 793 2105 834 lege,
2126 800 2156 824 et
2180 793 2442 824 manifestissimis

1382 835 1463 866 inter
1487 842 1634 866 contenta
1657 836 1688 866 in
1712 836 1790 874 lege,
1815 842 1861 866 est
1883 836 1934 866 hic
1958 847 2071 868 sermo.
2099 837 2251 878 Superius
2274 845 2381 868 autem
2404 839 2443 868 de

1356 878 1358 900 ἴ
1383 879 1493 918 primis
1517 879 1675 919 principiis
1692 879 1861 909 moralium
1876 880 2068 920 simpliciter,
2086 888 2116 912 et
2128 882 2353 913 communibus
2369 882 2442 912 sim·

1356 926 1358 948 t
1383 922 1513 962 pliciter,
1531 930 1561 953 et
1585 933 1640 963 per
1663 934 1694 953 se
1719 923 1813 959 notis,
1831 931 1877 954 est
1900 934 2015 955 sermo.

269 1099 449 1129 communia
465 1099 548 1139 legis
556 1099 719 1139 principia
733 1098 761 1128 *.
773 1115 795 1121 —
818 1097 975 1138 Principia
989 1107 1065 1128 vero
1082 1098 1251 1128 extrinseca
1267 1098 1331 1129 edi·
1356 1132 1358 1142 ⁴

268 1142 355 1173 tione
378 1152 444 1173 non
468 1149 569 1182 egent,
601 1143 656 1172 sed
684 1142 753 1172 solo
777 1142 910 1172 naturali
941 1151 995 1172 seu
1023 1142 1130 1172 infuso
1154 1142 1275 1173 lumine
1297 1142 1330 1173 in
1356 1145 1358 1157 ¹

478 1975 500 2000 n
516 1974 707 2001 SECUNDUM
723 1974 776 1999 stc
795 1974 1036 2000 PROCEDITUR.
1048 1962 1209 2000 Videtur
1224 1963 1330 2012 quod
1355 1961 1358 2013 Ι

264 2175 437 2212 cundum
467 2175 557 2212 illud
585 2176 685 2212 Heb.
715 2187 763 2212 xn
781 2175 816 2212 *t
851 2176 998 2218 Quanto
1034 2176 1160 2225 magis
1192 2177 1329 2212 obtem-
1355 2204 1356 2207 η

264 2287 420 2330 ceptum
454 2282 622 2329 pietatis,
657 2294 733 2329 qua
767 2283 979 2318 honoratur
1015 2290 1137 2330 pater,
1176 2282 1356 2335 ponitur3

265 2333 506 2380 affirmative,
529 2347 621 2372 cum
638 2334 772 2371 dicitur
790 2334 830 2371 *ε
858 2335 1024 2372 Honora
1046 2340 1196 2383 patrem
1223 2341 1327 2371 tuum

127 2428 146 2441 Α(
169 2427 189 2441 w
264 2393 305 2424 et
318 2392 477 2424 matrem
498 2393 613 2424 tuam.
635 2388 736 2435 Ergo
757 2388 877 2424 multo
899 2388 1018 2436 magis
1038 2388 1204 2436 primurn
1221 2400 1327 2436 prae·
1355 2428 1356 2435 ἵ

217 2456 221 2460 <
263 2445 418 2489 'ceptum
448 2441 670 2488 religionis,¹
690 2453 765 2489 qua
802 2442 1013 2478 honoratur
1044 2442 1169 2486 Deus,
1201 2441 1330 2478 debuit
1355 2442 1356 2448 ’

1440 967 1477 997 11.
1502 967 1536 996 In
1561 968 1675 997 eodem
1698 967 1829 997 articulo
1846 968 1960 1007 primo,
1977 975 2051 998 nota
2068 970 2157 1010 quod
2180 969 2258 999 ratio
2283 970 2379 1000 debiti
2395 980 2442 1000 re-

1383 1011 1498 1051 quisita
1521 1011 1561 1041 ad
1584 1017 1788 1050 praeceptum
1811 1011 1899 1041 aliter
1921 1012 2078 1043 invenitur
2099 1013 2132 1043 in
2153 1014 2326 1053 praeceptis
2350 1021 2440 1044 natu-

1384 1054 1455 1084 ralis
1479 1062 1509 1086 et
1532 1055 1629 1085 divini
1655 1055 1745 1090 iuris,
1776 1061 1806 1085 et
1829 1055 1916 1085 aliter
1939 1055 1971 1085 in
1994 1057 2166 1096 praeceptis
2198 1057 2273 1088 iuris
2305 1058 2442 1098 positivi.

1384 1099 1467 1128 Nam
1491 1099 1523 1128 in
1547 1098 1608 1129 illis
1632 1098 1709 1129 ratio
1733 1098 1828 1129 debiti
1848 1098 1959 1129 fundat
1982 1108 2198 1140 praeceptum:
2223 1101 2256 1131 in
2279 1101 2344 1132 istis
2367 1112 2442 1133 vero

1384 1143 1463 1173 ratio
1494 1143 1589 1173 debiti
1612 1142 1647 1173 fit
1670 1153 1687 1173 a
1711 1149 1888 1182 praecepto.
1919 1144 2087 1184 Praecepta
2118 1155 2255 1185 namque
2285 1146 2337 1176 illa
2361 1146 2443 1176 affir-

1384 1187 1499 1217 mativa
1515 1187 1588 1218 ideo
1603 1187 1713 1217 iubent
1729 1186 1848 1227 aliquid
1864 1187 1938 1228 quia
1953 1188 2095 1218 debitum
2120 1195 2165 1219 est
2180 1189 2259 1219 illud
2273 1189 2349 1226 fieri,
2366 1198 2443 1230 puta

1383 1231 1539 1261 honorare
1562 1237 1716 1271 parentes,
1737 1238 1862 1270 tempus
1886 1231 2016 1272 aliquod
2040 1232 2147 1263 divino
2165 1233 2262 1263 cultui
2282 1234 2441 1273 deputare,

1384 1282 1414 1305 et
1429 1275 1629 1305 huiusmodi:
1655 1282 1685 1306 et
1703 1275 1845 1305 similiter
1861 1275 2002 1315 negativa
2017 1276 2089 1306 ideo
2110 1277 2278 1316 prohibent
2300 1278 2375 1318 quia
2390 1279 2443 1308 de-

1384 1319 1486 1349 bitum
1510 1325 1556 1349 est
1579 1329 1644 1349 non
1667 1318 1733 1349 fieri
1756 1319 1844 1354 illud,
1861 1326 1936 1359 puta
1961 1330 2025 1350 non
2042 1320 2147 1357 furari,
2165 1331 2230 1351 non
2254 1322 2355 1352 colere
2372 1323 2444 1362 plu-

1383 1373 1431 1393 res
1455 1363 1541 1399 deos,
1562 1369 1592 1393 et
1615 1363 1810 1393 huiusmodi.
1841 1364 1875 1393 ln
1899 1364 2041 1403 positivis
2063 1375 2138 1395 vero
2162 1366 2336 1405 praeceptis
2359 1374 2444 1406 patet

1384 1407 1472 1447 quod
1495 1407 1567 1436 ideo
1591 1413 1637 1437 est
1660 1407 1801 1437 debitum
1825 1407 1943 1447 aliquid
1967 1407 2032 1438 fieri
2055 1410 2105 1439 vel
2133 1409 2236 1440 omitti
2259 1410 2334 1450 quia
2357 1421 2443 1450 prae-

1384 1457 1512 1490 ceptum
1541 1457 1599 1481 est:
1626 1451 1780 1491 quoniam
1802 1461 1822 1481 a
1836 1453 1998 1491 principio
2025 1454 2105 1483 nihil
2126 1453 2236 1493 differt
2261 1455 2349 1494 quod
2373 1465 2442 1494 spe-

1384 1501 1446 1524 ctat
1468 1494 1507 1524 ad
1529 1494 1578 1524 ius
1602 1495 1791 1534 positivum,
1817 1502 1852 1525 ut
1876 1495 1988 1526 dicitur
2020 1497 2051 1526 in
2071 1497 2099 1527 V
2122 1498 2224 1528 Ethic.
2242 1498 2259 1516 *
2282 1499 2441 1539 Praecepti

1383 1538 1478 1578 igitur
1501 1538 1579 1568 ratio
1604 1538 1698 1569 debiti
1722 1539 1877 1569 rationem
1901 1540 2003 1579 exigit,
2029 1541 2237 1572 diversimode
2260 1549 2384 1572 tamen:
2409 1550 2444 1574 ut

1385 1592 1512 1612 causam
1535 1582 1660 1618 scilicet,
1684 1583 1733 1612 vel
1757 1583 1911 1614 effectum.

1029 1716 1346 1779 ARTICULUS
1376 1716 1676 1758 SECUNDUS
1712 1695 1716 1699 ’

591 1806 746 1837 UTRUM
770 1805 939 1836 PRIMUM
961 1805 1254 1836 PRAECEPTUM
1277 1804 1498 1836 DECALOGI
1523 1804 1862 1836 CONVENIENTER
1885 1806 2125 1837 TRADATUR

904 1888 927 1913 1·
946 1888 1001 1917 11¹⁸,
1020 1895 1065 1920 qu.
1085 1895 1110 1918 c,
1129 1893 1176 1913 art.
1196 1886 1227 1918 63
1248 1887 1278 1912 111
1298 1888 1386 1916 Sent„
1407 1888 1465 1912 dist.
1485 1895 1580 1918 xxxvii,
1600 1892 1647 1913 art.
1669 1894 1692 1916 2.
1711 1888 1761 1920 qu²
1782 1895 1806 1915 2.

1437 1964 1476 1999 IN
1505 1974 1740 2000 CONTRARIUM
1770 1971 1825 2000 est
1852 1964 2055 2000 auctoritas
2084 1964 2309 2013 Scripturae.

1437 2016 1662 2052 RESPONDEO
1695 2028 1880 2054 monimum
1908 2018 2012 2065 quod
2050 2018 2098 2054 ad
2126 2018 2248 2065 legem
2283 2018 2445 2066 pertinet

1383 2068 1505 2105 facere
1534 2068 1710 2105 homines
1739 2070 1874 2107 bonos.
1911 2071 1960 2106 Et
1987 2070 2073 2107 ideo
2104 2079 2254 2119 oportet
2289 2083 2443 2119 praece-

1382 2129 1446 2170 pta
1474 2122 1564 2169 legis
1593 2122 1758 2159 ordinari
1787 2123 1999 2160 secundum
2029 2123 2203 2160 ordinem
2235 2125 2444 2171 generatio-

1382 2174 1451 2220 nis,
1482 2187 1558 2222 qua
1586 2175 1725 2211 scilicet
1752 2176 1871 2212 homo
1899 2176 1942 2212 fit
1976 2177 2111 2213 bonus.
2147 2178 2189 2214 In
2218 2177 2349 2214 ordine
2379 2190 2444 2214 au-

1382 2235 1460 2264 tem
1488 2228 1740 2275 generationis
1769 2230 1845 2265 duo
1876 2237 1963 2265 sunt
1990 2230 2232 2267 attendenda.
2266 2230 2442 2276 Quorum

1381 2281 1549 2329 primurn
1579 2289 1633 2318 est
1653 2282 1758 2328 quod
1786 2282 1910 2330 prima
1928 2295 2014 2330 pars
2042 2283 2166 2332 primo
2188 2283 2442 2320 constituitur:

1381 2334 1477 2370 sicut
1513 2334 1551 2370 in
1585 2334 1830 2382 generatione
1873 2335 2045 2372 animalis
2082 2336 2207 2384 primo
2243 2344 2444 2383 generatur

1383 2399 1466 2433 cor,
1498 2395 1533 2423 et
1560 2387 1598 2423 in
1637 2388 1755 2424 domo
1789 2388 1914 2436 primo
1943 2389 1985 2425 fit
2011 2387 2026 2418 β
2058 2390 2361 2426 fundamentum.
2402 2391 2443 2426 In

1382 2440 1548 2476 bonitate
1578 2448 1705 2486 autern
1726 2445 1741 2468 Υ
1769 2441 1920 2477 animae
1950 2441 2071 2490 prima
2098 2454 2186 2490 pars
2216 2450 2270 2478 est
2294 2442 2443 2479 bonitas

1354 2529 1356 2540 γ
1380 2493 1597 2540 voluntatis,
1620 2506 1665 2530 ex
1693 2506 1769 2541 qua
1789 2494 1923 2543 aliquis
1951 2495 2070 2531 homo
2101 2496 2198 2532 bene
2221 2496 2333 2532 utitur
2352 2508 2442 2545 qua—

1354 2543 1355 2559 *
1379 2545 1469 2582 libet
1498 2546 1567 2582 alia
1596 2546 1777 2582 bonitate.
1808 2547 1964 2584 Bonitas
1998 2555 2127 2584 autern
2155 2549 2361 2585 voluntatis
2390 2556 2441 2585 at-

319 2610 355 2636 a,
375 2599 608 2646 Pam-mi,
629 2600 797 2649 primum
817 2607 1065 2648 praeceptum
1090 2599 1259 2647 decalogi
1280 2600 1328 2636 ad
1354 2628 1355 2635 ,

1381 2598 1546 2636 tenditur
1573 2600 1622 2636 ad
1651 2599 1844 2636 obiectum
1872 2613 2006 2647 suum,
2037 2601 2142 2648 quod
2176 2609 2231 2637 est
2258 2601 2355 2638 finis.
2394 2603 2443 2638 Et

1354 2652 1468 2703 Jideo
1498 2652 1536 2688 in
1565 2664 1612 2688 eo
1647 2652 1712 2699 qui
1742 2661 1821 2689 erat
1854 2665 1923 2701 per
1955 2654 2077 2700 legem
2111 2654 2360 2691 instituendus
2393 2655 2442 2691 ad

1353 2746 1354 2749 Ἰ
1380 2705 1572 2748 virtutem,
1601 2704 1723 2753 primo
1754 2706 1920 2753 oportuit
1956 2706 2064 2754 quasi
2092 2706 2215 2743 iacere
2244 2707 2440 2755 quoddam

1353 2764 1354 2792 ἱ
1380 2757 1671 2794 fundamentum
1700 2758 1901 2805 religionis,
1930 2771 1999 2807 per
2026 2771 2141 2807 quam
2165 2760 2285 2796 homo
2316 2761 2440 2796 debite

1381 2811 1576 2848 ordinatur
1602 2810 1639 2846 in
1667 2811 1808 2858 Deum,
1838 2811 1902 2860 qui
1931 2820 1987 2848 est
2011 2811 2165 2848 ultimus
2193 2813 2279 2849 finis
2308 2813 2441 2850 huma—

1381 2876 1451 2900 nae
1480 2863 1696 2900 voluntatis.

1435 2916 1612 2953 Secundo
1642 2917 1912 2953 attendendum
1933 2924 1987 2953 est
2014 2917 2051 2953 in
2071 2917 2203 2954 ordine
2231 2918 2440 2965 generatio-

1352 3008 1353 3011 ,
1381 2970 1437 3005 nis
1474 2969 1579 3017 quod
1614 2968 1738 3017 primo
1778 2970 1964 3006 contraria
1997 2978 2034 3006 et
2061 2970 2334 3019 impedimenta
2371 2972 2440 3008 tol-

303 3025 355 3075 κ3.
391 3024 632 3070 Pam-Eam,
669 3023 902 3071 Augustinus
940 3022 1046 3067 dicit,
1081 3022 1119 3058 in
1151 3022 1247 3058 libro
1282 3018 1353 3058 de'

265 3244 306 3273 ut
335 3247 449 3284 supra
467 3235 487 3257 ²¹⁸
515 3235 658 3272 dictum
688 3243 754 3272 est.
784 3234 1057 3272 Insufficienter
1085 3246 1173 3281 ergo
1202 3233 1327 3282 prohi-
1353 3229 1354 3269 Ῡ

319 3433 346 3464 οι)
365 3431 499 3463 sculptile;
518 3430 605 3455 tertio.
617 3444 636 3449 -
653 3429 800 3462 sculptibile
815 3430 895 3454 tertia
914 3437 976 3454 vero
996 3429 1030 3460 P;
1050 3437 1096 3461 pro
1115 3436 1154 3458 ea,
1169 3435 1212 3454 eos
1226 3429 1326 3453 codices
1353 3431 1355 3468 ζ

1351 3500 1353 3532 l

1379 3023 1523 3058 luntur:
1562 3021 1657 3058 sicut
1693 3022 1856 3069 agricola
1894 3023 2019 3071 primo
2055 3031 2191 3071 purgat
2222 3036 2372 3071 agrum,
2405 3031 2440 3060 et

1380 3082 1513 3123 postea
1527 3074 1675 3123 proiicit
1693 3075 1853 3122 semina,
1870 3076 2081 3113 secundum
2102 3076 2192 3114 illud
2209 3078 2340 3114 Ierem.
2358 3077 2437 3113 1v*:

1379 3128 1531 3165 Novate
1557 3128 1662 3164 vobis
1689 3128 1842 3174 novale,
1872 3134 1908 3165 et
1934 3129 2046 3165 nolite
2072 3141 2197 3166 serere
2221 3141 2334 3178 super
2366 3131 2438 3178 spi-

1381 3192 1448 3217 nas
1462 3178 1487 3216 ³.
1517 3181 1566 3217 Et
1592 3180 1678 3218 ideo
1700 3181 1798 3218 circa
1818 3181 2034 3229 religionem
2059 3182 2183 3230 primo
2212 3183 2331 3219 homo
2361 3192 2439 3220 erat

1380 3233 1630 3270 instituendus
1658 3241 1699 3270 ut
1726 3234 1998 3282 impedimenta
2021 3247 2135 3271 verae
2166 3235 2351 3283 religionis
2379 3247 2438 3272 ex-

1382 3286 1558 3323 cluderet.
1598 3287 1851 3336 Praecipuum
1880 3295 2007 3324 autem
2036 3287 2352 3336 impedimentum
2382 3301 2438 3325 re-

1434 3430 1460 3461 γ)
1482 3429 1511 3453 In
1531 3429 1649 3454 bonitate
1667 3433 1764 3454 autem.
1782 3443 1801 3448 —
1821 3430 1850 3454 In
1870 3429 1987 3455 bonitate
2005 3430 2076 3463 KpC,
2097 3431 2133 3455 Et
2152 3430 2177 3455 in
2197 3431 2315 3456 bonitate
2334 3431 2379 3456 Pa.

1433 3463 1457 3496 ὃ)
1477 3465 1576 3496 spinas.
1596 3479 1613 3484 -
1632 3468 1657 3490 et
1676 3465 1786 3490 tribulos
1805 3465 1902 3489 addunt
1921 3465 1967 3490 Pa.

2473 1503 2482 1511 '
2493 1502 2548 1550 Caflffi¹
2559 1508 2599 1529 vn,
2610 1508 2632 1524 n.
2644 1509 2660 1524 ι.
2670 1513 2682 1518 -

2471 1528 2495 1550 S.
2550 1544 2555 1549 .
2569 1529 2620 1550 lect.
2639 1535 2681 1550 xii.

2569 2398 2583 2431 ‘th

2467 3088 2476 3097 ⁸
2491 3086 2555 3109 Vers.
2570 3094 2589 3115 3.
