2860 4244
429 231 502 268 382
1114 229 1381 276 QUAESTlO
1411 229 1515 277 CIII,

427 310 499 340 ideo
531 309 618 339 nulla
648 316 694 339 est
717 308 934 338 observantiae
965 308 1085 348 species
1110 308 1259 347 ponenda
1282 313 1413 347 propter
1433 307 1491 337 ho-

427 363 539 384 norem
556 353 769 383 exhibendum
787 352 911 382 homini
936 352 977 381 ob
994 351 1153 387 virtutem,
1174 351 1228 381 sed
1252 350 1413 381 sufficiunt
1431 351 1490 381 vir-

427 404 510 428 tutes
533 407 670 438 quarum
689 403 736 427 est
759 397 861 426 colere
885 405 1036 435 personas
1052 395 1084 424 in
1109 394 1260 434 dignitate
1285 394 1490 425 constitutas:

428 441 581 482 quoniam
599 441 769 471 earundem
793 447 840 470 est
863 440 964 470 colere
981 449 1093 469 omnes
1120 448 1271 479 personas
1295 439 1335 469 ad
1359 438 1491 479 dignita-

427 492 492 516 tem
515 485 602 515 illam
626 484 870 525 quomodolibet
893 489 1078 523 spectantes.

484 529 536 560 IV.
561 529 596 559 In
612 528 821 568 responsione
844 528 884 557 ad
907 527 1094 563 secundum,
1111 534 1186 557 nota
1203 527 1292 566 quod
1309 526 1493 558 coniunctio
1518 535 1519 556 3

428 573 605 604 secundum
625 572 782 603 carnalem
806 571 1113 611 consanguinitatem
1137 571 1176 601 ad
1193 571 1424 602 humanitatem
1446 582 1493 601 as-

428 623 589 657 sumptam
605 627 623 646 a
639 617 744 647 Verbo
760 616 830 654 Dei,
847 622 979 646 vocatur
993 615 1025 645 in
1041 615 1143 645 littera
1157 615 1304 656 affinitas
1319 615 1362 646 ad
1376 616 1491 646 Deum.

427 661 473 691 Ita
496 661 585 701 quod
608 659 834 700 consanguinei
859 659 976 691 Christi
999 659 1191 700 inquantum
1215 659 1326 696 homo,
1350 667 1426 690 sunt
1448 659 1495 690 af-

426 704 505 735 fines
528 704 597 741 Dei,
623 715 659 735 ea
682 704 803 735 ratione
827 714 891 745 qua
913 704 1000 734 Deus
1024 703 1147 734 deitatis
1172 710 1219 745 est
1241 714 1372 735 nomen.
1402 704 1493 741 Quae

427 749 507 779 nulli
531 755 577 779 est
600 748 851 788 consanguinea:
883 748 936 778 sed
966 754 1076 778 natura
1104 748 1246 779 humana
1277 749 1315 779 ab
1346 755 1430 779 extra
1454 749 1493 778 ad
1519 767 1520 771 =

427 792 549 823 deitatis
572 792 651 823 fines
674 793 784 833 attigit,
801 792 892 833 quasi
916 801 997 823 uxor
1019 793 1057 822 ab
1074 799 1159 823 extra
1180 792 1360 830 adveniens,
1376 793 1408 823 in
1426 793 1493 823 tha-

1544 230 1841 268 ARTICULUS
1871 231 1922 267 IV

1543 307 1631 338 lamo
1649 308 1728 338 uteri
1743 308 1912 349 virginalis.
1937 309 1978 339 Et
1994 308 2066 339 ideo
2083 308 2216 348 genitrix
2230 308 2315 339 illius
2337 307 2439 339 affinis
2455 309 2525 339 Deo
2539 318 2611 339 con·

1545 351 1654 382 stituta
1673 351 1795 383 dicitur.
1811 371 1833 376 -
1856 353 1931 383 Non
1955 352 2106 383 omnibus
2125 359 2232 383 tamen
2255 352 2443 383 huiusmodi
2463 352 2611 383 affinibus

1545 395 1733 436 hyperdulia
1755 396 1896 433 debetur,
1914 406 1988 427 cum
2008 406 2121 427 eorum
2136 396 2268 437 quidam
2284 396 2346 427 sint
2364 396 2445 427 forte
2460 396 2610 433 damnati,

1518 471 1519 479 ἵ
1546 439 1585 469 de
1608 439 1725 480 quibus
1747 440 1901 481 scriptum
1920 447 1967 471 est
1984 440 2011 473 *.
2041 441 2154 481 Neque
2184 442 2266 471 enim
2289 440 2422 481 fratres
2444 442 2514 472 eius
2543 450 2611 471 cre-

1545 483 1662 514 debant
1685 485 1718 514 in
1741 492 1832 515 eum:
1854 485 1910 515 sed
1926 485 1986 515 soli
2001 485 2115 516 Beatae
2131 484 2263 524 Virgini,
2279 494 2362 525 quae
2385 484 2454 515 sola
2477 485 2518 515 ad
2532 483 2611 515 fines

1546 527 1669 558 deitatis
1685 528 1813 568 propria
1834 529 2020 570 operatione
2035 529 2169 559 naturali
2189 529 2301 569 attigit,
2319 530 2398 559 dum
2413 529 2519 559 Deum
2535 539 2612 559 con-

1547 571 1639 612 cepit,
1662 572 1785 613 peperit
1807 582 1843 603 ac
1864 573 1983 612 genuit,
2008 580 2039 603 et
2060 573 2139 604 lacte
2163 573 2295 614 proprio
2319 573 2416 613 pavit.

1603 616 1641 646 V.
1666 616 1700 646 In
1725 617 1933 657 responsione
1955 618 1995 647 ad
2018 617 2147 648 tertium
2177 618 2319 648 eiusdem
2343 616 2447 658 quarti
2472 610 2611 653 articuli,

1546 666 1623 690 nota
1646 661 1736 700 quod
1759 660 1874 692 directe
1890 668 1937 692 est
1951 661 2002 692 hic
2018 671 2123 692 sermo
2147 662 2187 692 de
2210 672 2302 693 cruce
2324 661 2378 692 illa
2394 661 2428 692 in
2443 671 2508 702 qua
2523 660 2612 692 Chri-

1546 710 1613 734 stus
1629 711 1675 735 est
1690 714 1811 745 passus.
1829 705 1885 735 Illa
1900 705 1985 736 enim
2001 715 2068 736 non
2084 706 2191 737 solum
2207 714 2243 738 ut
2261 706 2379 746 imago,
2396 705 2478 738 sicut
2493 711 2612 736 ceterae

1547 757 1671 784 cruces;
1696 749 1751 779 sed
1767 755 1803 779 ut
1819 748 1986 780 coniuncta
2003 749 2142 787 Christo,
2159 751 2273 781 eodem
2295 750 2420 781 honore
2436 759 2504 792 quo
2519 747 2612 781 Chri-

1546 799 1623 829 stus,
1648 792 1730 824 sicut
1752 803 1805 823 rex
1829 800 1860 824 et
1875 793 1943 824 eius
1966 803 2117 834 purpura,
2141 795 2281 826 venerari
2304 794 2428 826 dicitur.

2639 451 2649 462 ⁸
2662 451 2728 473 lom.
2743 456 2794 478 cap.
2807 457 2850 478 vu,

2638 483 2699 500 vers.
2713 483 2733 505 5.
