2670 4186
562 270 722 307 Qumis-xxo
745 278 838 299 cxvm

164 359 243 388 Am.
273 367 298 393 ι,
322 366 353 387 n.
378 364 424 392 111,
448 354 469 385 l.
494 355 550 385 ult.
575 363 676 389 num.,
691 362 749 393 pro
764 352 950 388 disseretur,
973 350 1177 381 disserebitur
1191 360 1221 385 Α,

528 397 698 438 differetur
719 396 754 426 P.

166 446 244 475 ΑΜ.
268 453 306 483 4,
336 453 368 474 n.
398 452 424 479 1,
448 442 469 472 1.
495 452 525 482 7,
550 451 609 480 pro
626 440 781 480 propriis,
800 439 936 478 propria
959 438 1034 468 ΡΜ.

247 500 263 515 ²
326 497 358 517 n.
381 495 415 522 11,
453 485 474 515 1.
503 486 530 521 5,
555 484 598 515 ad
620 490 691 514 ante
715 483 747 513 id
770 492 835 513 om.
858 482 931 512 Pu.

249 543 264 559 ›
327 540 359 562 n.
383 537 425 565 w,
449 529 470 559 1.
498 530 525 564 5,
550 537 609 568 pro
633 527 822 567 quaesitum,
847 526 1035 565 acquisitum
1059 524 1135 554 ΡΜ.

163 577 243 606 Amr.
269 574 300 611 8,
323 573 383 605 col.
410 582 438 608 2,
462 572 483 604 l.
506 581 538 611 4,
562 580 621 612 pro
638 580 789 611 parvum,
808 578 928 609 parum
950 569 1024 599 ΡΜ.

249 629 264 644 ²
327 628 359 657 p.
383 617 458 656 464,
482 616 503 647 1.
534 625 559 651 x,
584 623 642 654 pro
666 615 698 644 in
722 614 781 650 his,
805 614 854 643 his
877 622 926 650 ΑΒ,
949 612 988 642 de
1010 611 1059 642 his
1081 621 1130 642 Μ.

568 690 728 727 Ωοᾼιιειιο
752 698 819 719 cxx.

167 780 245 809 Am.
275 787 286 807 x
301 800 308 813 ,
339 786 370 807 n.
395 786 417 812 ι,
441 775 462 806 l.
487 784 518 813 4,
542 780 616 814 post
638 774 777 810 Dicitur,
802 773 884 802 enim
908 770 980 801 add.
1003 770 1078 800 ΡΜ.

251 833 267 848 ι
332 830 363 850 ιι.
389 828 423 858 ιι,
439 819 460 850 l.
487 819 538 854 23,
562 827 621 858 pro
644 817 773 854 dentur,
796 815 890 846 detur
910 814 946 845 P.

250 876 265 892 ι
331 874 362 894 n.
380 871 427 900 xxx,
442 863 463 894 1.
492 863 520 899 3,
545 870 603 902 pro
627 861 821 901 definitione,
845 857 1044 889 distinctione
1065 855 1140 885 ΡΜ.

251 921 266 936 ²
362 919 378 934 ²
440 907 461 938 1.
491 917 540 942 ιι,
564 914 623 945 pro
648 909 733 942 tunc,
758 912 844 933 nunc
864 902 948 939 Pn133
978 906 1008 930 et
1037 899 1058 929 1.
1095 908 1143 934 12,
1167 907 1226 938 pro

531 949 601 986 hoc,
627 949 697 978 hac.

251 1007 266 1023 ²
361 1007 377 1023 »
441 993 502 1025 col.
528 1002 557 1029 2,
581 993 602 1022 l.
628 1002 658 1032 9,
675 1000 734 1032 pro
752 988 975 1024 redderentur,
992 985 1181 1016 redderetur
1195 995 1225 1016 A.

250 1051 266 1067 ²
330 1049 362 1070 n.
387 1048 429 1074 xv,
448 1037 471 1068 l.
497 1046 526 1073 2,
550 1045 608 1076 pro
630 1036 670 1072 si,
694 1034 756 1064 nisi
777 1033 853 1063 ΡΜ.

251 1096 267 1112 ›
361 1094 377 1110 »
452 1081 473 1112 1.
500 1081 551 1116 32,
574 1079 671 1110 soluti
694 1087 759 1107 om.
784 1076 859 1106 ΡΜ.

168 1130 246 1159 Am.
273 1137 302 1164 2,
329 1136 361 1158 n.
384 1135 419 1161 ιι,
443 1124 503 1155 col.
529 1133 558 1160 2,
582 1123 602 1153 l.
628 1122 658 1158 6,
682 1120 766 1161 quod
788 1129 852 1150 om.
877 1128 907 1148 A.

252 1183 268 1198 ²
331 1180 363 1200 n.
387 1177 431 1207 IV,
453 1167 474 1198 1.
498 1176 531 1206 4,
555 1176 614 1207 pro
636 1174 765 1206 gnome,
789 1163 920 1204 gnomin
944 1171 992 1191 AB.

253 1226 269 1242 ²
332 1223 363 1244 n.
387 1222 418 1249 v,
450 1211 471 1242 l.
499 1212 527 1247 5,
552 1219 610 1251 pro
634 1209 843 1244 extrinsecus,
868 1206 1059 1236 intrinsecus
1081 1203 1157 1234 ΡΜ.

559 1286 719 1323 Quum-10
746 1292 839 1314 cxxxx.

171 1369 250 1399 Art.
274 1375 306 1406 4,
333 1375 365 1396 n.
395 1375 420 1400 1,
444 1364 465 1394 l.
490 1361 623 1403 penult„
647 1370 705 1401 pro
727 1360 819 1397 dixit,
844 1359 920 1389 dicit
941 1357 1016 1387 ΡΜ.

255 1422 270 1438 ›
335 1419 366 1440 n.
391 1417 426 1444 ιι,
449 1407 509 1438 col.
536 1415 564 1442 2,
587 1405 610 1436 1.
641 1405 688 1441 13,
712 1410 786 1444 post
808 1408 848 1439 et,
873 1411 944 1432 cum
968 1399 1038 1430 add.
1062 1399 1137 1429 ΡΜ.

190 1456 202 1458 ’
241 1454 271 1483 3
366 1464 381 1480 »
446 1461 477 1492 p.
501 1449 576 1489 480,
600 1449 621 1479 1.
649 1457 700 1484 21,
732 1457 791 1488 pro
813 1444 1027 1486 firmior-ibus,
1059 1440 1233 1472 maioribus

255 1553 270 1569 »
332 1550 364 1572 n.
387 1549 429 1575 xv,
452 1538 475 1569 1.
497 1493 702 1576 anza-nult„
725 1543 784 1574 pro
808 1532 891 1570 illos,
916 1540 969 1562 eos
990 1530 1066 1561 ΡΜ.

336 1594 368 1615 ιι.
391 1593 422 1619 v,
454 1581 475 1613 l.
503 1581 531 1617 5,
555 1585 586 1611 et
607 1589 673 1610 om.
696 1578 772 1608 ΡΜ.

257 1598 274 1614 ὶ

2258 193 2329 218 XXV

1276 267 1354 302 Am.
1381 275 1412 304 4,
1437 275 1467 296 n.
1491 274 1546 301 vn,
1581 264 1601 295 1.
1627 274 1656 303 9,
1680 263 1722 294 ad
1745 272 1809 293 om.
1835 263 1909 292 ΡΜ.

1361 321 1376 336 »

1358 364 1373 379 2

1360 451 1375 466 )

1360 537 1378 768 *tv-vv*

1362 840 1380 986 22⁸2

1364 1058 1380 1116 νῦ

1365 1189 1385 1596 uve-vvuuuu

1439 318 1470 339 n.
1494 317 1561 344 vm,
1583 307 1603 338 1.
1629 318 1659 347 9,
1683 316 1741 347 pro
1765 311 1795 336 et
1817 311 1873 342 est,
1898 310 1945 335 est
1966 309 1996 335 et
2018 314 2046 340 ιι,
2071 305 2164 335 etiam
2186 304 2261 334 ΡΜ.

1437 362 1467 383 n.
1492 362 1532 388 xx,
1556 351 1576 382 l.
1607 360 1654 387 12,
1671 360 1729 390 pro
1749 358 1906 389 vesperos,
1923 357 2071 388 vesperas
2086 349 2150 378 ΡΜ
2166 345 2218 388 (cf.
2236 357 2267 378 n.
2279 358 2327 383 xv,

1470 450 1484 466 ι
1548 438 1568 469 1.
1595 447 1645 473 22,
1670 447 1728 477 pro
1753 437 1839 467 illius
1859 391 1923 467 {tici
1944 435 2076 471 cultum,
2100 434 2220 465 cultum
2244 433 2330 464 illius

1638 481 1702 511 diei
1723 481 1797 510 ΡΜ.

1469 537 1484 552 »
1547 525 1567 555 1.
1595 525 1644 560 3ο,
1668 534 1726 564 pro
1750 524 1798 560 ob,
1822 523 1864 553 ad
1886 523 1960 552 ΡΜ.

1439 578 1470 598 ιι.
1494 577 1535 603 xx,
1560 567 1620 598 col.
1647 577 1675 603 2,
1699 567 1719 597 l.
1750 578 1775 604 1,
1799 576 1857 606 pro
1873 566 1926 607 fit,
1950 566 1991 596 sit
2013 566 2106 595 ΡΒΜ.

1440 621 1471 642 n.
1495 620 1561 647 xxxx,
1577 611 1597 642 l.
1625 611 1640 640 3
1666 621 1683 640 a
1705 610 1759 640 fin.
1783 610 1854 646 col„
1879 614 1909 639 et
1932 619 1996 639 om.
2020 609 2095 639 sz.

1470 666 1485 681 ²
1556 655 1576 685 1.
1600 654 1655 684 ult.
1681 654 1751 689 col„
1775 663 1832 693 pro
1856 653 1953 689 decet,
1977 652 2066 683 debet
2087 652 2161 681 ΡΜ.

1440 707 1471 728 n.
1495 706 1556 733 xxv,
1580 698 1600 728 1.
1626 707 1655 736 9,
1671 707 1729 737 pro
1745 697 2005 732 observationem,
2022 695 2238 726 observatione
2254 694 2330 725 ΡΜ.

1471 753 1486 767 ²
1556 741 1576 771 l.
1616 741 1669 776 16,
1694 749 1752 780 pro
1781 740 1906 777 diebus,
1931 739 2024 769 rebus
2054 747 2087 774 Α;
2117 738 2208 768 Alias
2239 737 2332 768 rebus

1643 793 1752 822 margo
1779 793 1806 813 B.

1472 841 1487 856 »
1549 828 1570 858 1.
1596 837 1647 862 21,
1671 836 1728 866 pro
1751 826 1918 862 distrahat,
1939 825 2120 855 distrahant
2141 835 2170 855 Α.

1473 883 1488 898 »
1551 871 1572 901 l.
1597 870 1716 911 penult.
1742 869 1812 906 col„
1836 879 1895 909 pro
1919 869 2062 909 contigit,
2086 868 2243 908 contingit
2256 868 2331 899 ΡΜ.

1474 927 1490 942 ι
1554 914 1612 945 col.
1632 924 1661 949 2,
1678 914 1699 943 1.
1716 924 1748 954 7,
1765 922 1823 952 pro
1847 913 2035 948 mortaliter,
2051 911 2216 942 moraliter
2236 911 2270 942 P.

1443 968 1474 989 n.
1498 968 1547 994 xv,
1571 968 1603 997 p.
1627 957 1702 996 484,
1725 957 1746 987 1.
1776 966 1822 995 14,
1846 966 1904 995 pro
1928 955 2169 992 rationabiliter,
2194 955 2333 984 rationa-

1699 1001 1772 1030 liter
1793 1000 1908 1030 ΡΑΒΜ.
2249 1031 2252 1034 ,

1475 1057 1489 1072 »
1618 1055 1633 1070 »
1726 1043 1745 1074 l.
1777 1043 1824 1078 18,
1848 1052 1905 1082 pro
1926 1042 2052 1080 fierent,
2065 1041 2152 1081 fient
2172 1051 2202 1072 Α.

1617 1099 1632 1113 ²
1724 1087 1744 1117 1.
1771 1087 1822 1122 23,
1845 1087 1936 1116 homo
1959 1095 2023 1115 om.
2046 1085 2125 1120 ΡΜ;
2151 1091 2224 1124 post
2246 1084 2333 1122 haec,

1734 1131 1804 1170 quis
1827 1129 1898 1159 add.
1923 1139 1972 1159 Μ.

1444 1186 1477 1206 n.
1507 1184 1578 1211 xvx,
1602 1175 1622 1206 1.
1646 1174 1777 1214 penult„
1802 1182 1860 1212 pro
1883 1173 1987 1209 sicuti,
2010 1172 2092 1202 sicut
2113 1171 2188 1201 ΡΜ.

1445 1230 1476 1250 n.
1500 1228 1574 1255 xvxx,
1598 1218 1619 1249 1.
1646 1228 1675 1254 2,
1699 1227 1757 1257 pro
1781 1216 1962 1253 moralium,
1981 1215 2163 1245 mortalium
2177 1214 2290 1245 ΡΑΒΜ.

1476 1275 1491 1290 ²
1555 1263 1576 1293 1.
1606 1272 1654 1298 ιο,
1679 1271 1737 1301 pro
1761 1261 1876 1297 lavari,
1899 1259 2023 1290 salvari
2044 1259 2099 1288 Pn.

1447 1317 1479 1338 n.
1508 1317 1575 1342 xxx,
1599 1306 1620 1337 l.
1647 1306 1675 1341 3,
1699 1314 1757 1345 pto
1773 1304 1892 1345 saciat,
1906 1303 1995 1343 facit
2016 1302 2090 1332 ΡΜ.

1474 1362 1490 1378 ι
1553 1350 1573 1381 l.
1600 1350 1651 1386 26,
1674 1353 1773 1379 suunt
1795 1357 1859 1378 om.
1882 1347 1958 1376 ΡΜ.

1477 1406 1492 1421 »
1554 1393 1574 1424 l.
1599 1392 1719 1433 penult.
1744 1391 1815 1427 col„
1840 1400 1898 1430 pro
1916 1394 2060 1429 propter,
2079 1398 2142 1429 per
2163 1388 2196 1419 P.

1447 1447 1478 1468 n.
1494 1447 1543 1473 xx,
1555 1437 1577 1467 1.
1602 1436 1632 1472 8,
1656 1445 1714 1476 pro
1736 1436 1865 1472 Parisii,
1888 1434 2021 1464 Parisiis
2043 1433 2117 1463 Pnu.

1479 1492 1493 1507 ²
1556 1480 1578 1510 1.
1608 1489 1655 1518 x4,
1680 1480 1712 1509 in
1736 1488 1800 1508 om.
1824 1478 1898 1508 ΡΜ.

1479 1536 1495 1551 ι
1557 1523 1579 1554 l.
1608 1523 1656 1559 15,
1681 1531 1739 1562 pro
1762 1521 1856 1561 quod,
1880 1526 1910 1550 et
1932 1530 1979 1550 AB.

1448 1577 1480 1599 n.
1503 1576 1564 1603 xxx,
1587 1566 1608 1597 1.
1633 1572 1788 1605 antepen.,
1812 1574 1870 1604 pro
1894 1564 2004 1600 alium,
2028 1562 2118 1593 aliud
2130 1562 2206 1592 ΡΜ.
