2860 4244
340 776 448 802 ElNDE
494 764 816 802 considerandum
859 774 914 803 est
959 766 1007 804 de
1050 767 1196 804 actibus
1233 766 1315 803 reli-

340 817 461 866 gionis
480 817 511 855 ²⁸.
554 819 603 855 Et
629 818 775 866 primo,
805 818 852 855 de
880 819 1026 856 actibus
1053 818 1314 866 interioribus,

191 890 197 896 ·
257 870 334 920 qui,
363 870 576 908 secundum
605 871 800 919 praedicta
824 871 860 919 ²⁸,
889 880 976 909 sunt
1007 872 1315 932 principaliores3

257 924 440 971 secundo,
462 923 509 961 de
538 924 684 961 actibus
704 924 962 973 exterioribus,
984 926 1048 974 qui
1078 932 1165 962 sunt
1183 936 1318 960 secun-

195 988 220 1002 ··
257 976 351 1014 darii
369 976 400 1013 ²¹⁸.
431 977 632 1014 Interiores
669 985 797 1015 autem
834 985 940 1015 actus
968 977 1157 1026 religionis
1183 976 1318 1014 viden-

256 1037 316 1066 tur
345 1041 426 1066 esse
456 1025 611 1067 devotio
631 1038 668 1067 et
696 1031 828 1067 oratio.
858 1030 988 1067 Primo
1017 1042 1106 1078 ergo
1127 1029 1173 1066 de
1203 1029 1319 1066 devo-

197 1102 202 1108 ·
257 1081 359 1119 tione
379 1084 571 1131 agendum
601 1091 672 1130 est;
703 1083 885 1131 secundo,
907 1084 955 1120 de
984 1082 1154 1119 oratione
1174 1082 1205 1118 ⁹¹⁶.

35 810 79 851 ‚⁴OE
93 827 133 851 qn.
147 827 228 848 uui,

302 1407 343 1426 4
322 1402 353 1426 ,,
431 1396 444 1438 x'
469 1384 492 1411 D
519 1384 657 1410 PR1MUM
681 1385 734 1410 sm
762 1384 1000 1410 PROCEmTua.
1025 1372 1184 1410 Videtur
1211 1372 1317 1420 quod

290 1418 442 1487 §aeguo
471 1425 626 1463 devotio
663 1438 742 1463 non
775 1426 821 1463 sit
857 1425 1028 1475 specialis
1061 1433 1178 1462 actus.
1222 1425 1316 1462 Illud

279 1510 297 1526 ,ἲ
317 1482 320 1485 “
340 1477 395 1523 “ss
406 1464 437 1522 ²²(
452 1478 457 1483 ”
471 1479 572 1516 enim
592 1479 697 1528 quod
715 1479 877 1529 pertinet
898 1479 948 1516 ad
971 1478 1134 1515 modum
1153 1478 1314 1515 aliorum

281 1527 285 1530 ’
316 1549 324 1565 >
336 1527 410 1564 ”fifh
426 1524 458 1567 Χ
471 1539 626 1570 actuum
646 1544 725 1570 non
738 1532 890 1570 videtur
909 1543 992 1568 esse
1008 1530 1181 1580 specialis
1197 1538 1315 1569 actus.

59 1630 65 1633 q
261 1583 339 1622 Sed
367 1583 520 1622 devotio
548 1585 700 1623 videtur
730 1585 919 1644 pertinere
954 1584 1002 1621 ad
1038 1585 1201 1621 modum
1229 1584 1318 1621 alio-

124 1643 156 1668 31·
259 1649 346 1675 rum
365 1644 539 1675 actuum:
567 1638 701 1676 dicitur
719 1638 822 1675 enim
843 1639 874 1686 II
890 1638 1018 1675 Paral.
1038 1649 1123 1674 xxm
1136 1637 1176 1673 *z
1206 1637 1317 1674 Obtu-

258 1690 302 1727 lit
337 1690 511 1728 universa
539 1691 734 1728 multitudo
772 1691 910 1728 hostias
937 1697 974 1727 et
998 1690 1127 1727 laudes
1155 1696 1191 1727 et
1215 1690 1318 1727 holo-

259 1749 388 1781 causta
408 1750 530 1781 mente
557 1745 701 1782 devota.
731 1745 834 1793 Ergo
859 1744 1015 1781 devotio
1044 1756 1123 1781 non
1152 1751 1208 1781 est
1235 1756 1320 1792 spe-

260 1795 362 1834 cialis
391 1804 508 1834 actus.

313 1861 350 1886 2.
369 1850 610 1898 PRAETEREA,
640 1851 764 1888 nullus
792 1849 966 1899 specialis
995 1857 1100 1887 actus
1132 1849 1322 1887 invenitur

259 2060 395 2099 dicitur
431 2062 534 2099 enim
572 2063 706 2112 aliquis
735 2071 771 2100 et
808 2063 947 2100 devote
984 2062 1158 2099 meditari
1187 2069 1223 2099 et
1255 2062 1319 2099 de-

212 2190 219 2196 «
258 2166 302 2204 lis
331 2175 447 2205 actus.

314 2222 348 2258 3.
370 2222 605 2270 PRAETEREA,
625 2222 752 2259 omnis
771 2229 877 2258 actus
896 2220 1066 2270 specialis
1087 2228 1151 2258 aut
1179 2229 1234 2258 est
1253 2233 1318 2270 ap-

256 2273 437 2323 petitivae
465 2282 532 2311 aut
559 2274 838 2323 cognoscitivae
865 2274 1025 2311 virtutis.
1056 2275 1133 2311 Sed
1162 2273 1317 2311 devotio

257 2327 381 2364 neutri
410 2340 541 2365 earum
576 2328 863 2388 appropriatur.
891 2335 934 2364 ut
959 2334 1062 2376 patet
1095 2327 1317 2364 discurrenti

254 2391 326 2429 per
341 2380 505 2428 singulas
525 2381 672 2430 species
687 2388 841 2418 actuum
859 2380 1055 2429 utriusque
1073 2380 1202 2428 partis,
1219 2393 1317 2428 quae

31 2432 229 2492 “mm-315¹
257 2445 372 2482 supra
390 2433 411 2456 ’¹‘
439 2442 685 2472 enumeratae
714 2441 811 2471 sunt.
841 2435 943 2481 Ergo
973 2433 1128 2471 devotio
1157 2445 1235 2471 non
1264 2441 1319 2471 est

72 2494 133 2518 ιω*-
153 2477 228 2517 *ἴω
257 2486 430 2536 specialis
458 2494 575 2526 actus.

47 2571 50 2576 .
311 2539 386 2577 SED
406 2552 552 2578 CONTRA
580 2552 646 2577 EST
666 2539 771 2589 quod
798 2539 944 2576 actibus
971 2551 1177 2586 meremur,
1198 2547 1240 2576 ut
1258 2551 1318 2576 su-

41 2593 230 2655 'wem-¹¹¹.
255 2603 325 2642 pra
342 2592 363 2615 ¹¹⁸
389 2593 563 2631 habitum
593 2601 658 2630 est.
689 2594 766 2630 Sed
787 2592 942 2630 devotio
971 2593 1086 2629 habet
1113 2592 1317 2641 specialem

42 2639 45 2646 ’
257 2644 444 2683 rationem
478 2646 662 2684 merendi.
706 2647 808 2694 Ergo
851 2645 1005 2683 devotio
1050 2652 1105 2682 est
1146 2646 1317 2694 specialis

257 2705 376 2735 actus.

311 2751 537 2789 Respounno
558 2763 740 2789 DICENDUM
760 2751 866 2800 quod
885 2751 1040 2788 devotio
1062 2750 1196 2788 dicitur
1215 2764 1238 2788 a
1256 2751 1318 2788 de-

256 2804 448 2841 vovendo:
474 2805 578 2842 unde
603 2805 727 2842 devoti
758 2804 932 2842 dicuntur
959 2804 1023 2853 qui
1049 2804 1195 2852 seipsos
1224 2817 1317 2853 quo-

258 2856 470 2894 dammodo
499 2858 583 2894 Deo
613 2857 818 2904 devovent,
840 2865 879 2894 ut
908 2857 942 2894 ei
970 2869 1011 2893 se
1039 2856 1201 2893 totaliter
1228 2857 1317 2894 sub-

257 2909 359 2948 dant.
389 2911 550 2959 Propter
569 2910 675 2959 quod
695 2917 731 2947 et
758 2910 850 2946 olim
879 2909 980 2958 apud
1003 2909 1159 2957 gentiles
1188 2909 1316 2946 devoti

288 3265 450 3308 propriam
473 3263 734 3304 significationem
758 3263 951 3300 devotionis,
977 3263 1101 3294 adverte
1128 3262 1217 3304 quod
1240 3272 1314 3292 cum

258 3310 386 3341 devotio
403 3308 568 3339 manifeste
583 3318 601 3338 a
616 3307 797 3339 devovendo
814 3307 949 3344 dicatum
974 3314 1004 3339 et
1026 3307 1173 3345 devoveo,
1191 3307 1281 3347 quod
1297 3316 1315 3336 a

259 3364 354 3386 voveo
377 3353 591 3394 componitur,
604 3358 717 3392 sponte
740 3351 923 3392 promittere
941 3331 1014 3383 'Deo
1030 3350 1195 3392 significet.
1226 3351 1315 3392 quod

258 3398 451 3440 principium
483 3396 573 3438 quod
604 3396 740 3426 maxime
771 3395 805 3426 in
833 3395 1018 3426 huiusmodi
1049 3395 1315 3446 promissionibus

257 3449 407 3484 pensatur
423 3448 469 3473 est
491 3441 648 3477 voluntas,
665 3449 731 3470 non
750 3440 1003 3480 quomodolibet,
1023 3440 1077 3470 sed
1096 3440 1140 3470 sic
1156 3439 1264 3470 affecta
1281 3446 1316 3470 ut

259 3493 407 3527 prompta
430 3486 478 3517 sit.
509 3485 593 3516 Hinc
617 3491 647 3516 et
669 3484 702 3514 in
725 3483 833 3524 lingua
854 3483 951 3514 latina
981 3483 1084 3515 devoti
1106 3483 1199 3514 alicui
1223 3494 1315 3524 supe-

259 3530 375 3571 periori
398 3530 546 3562 dicuntur
564 3529 620 3571 qui
643 3528 806 3559 voluntate
822 3527 866 3558 sic
881 3527 989 3558 affecta
1012 3527 1040 3558 ei
1063 3534 1137 3559 sunt
1160 3527 1256 3558 dediti
1280 3535 1316 3559 ut

909 249 1174 296 QUAESTIO
1204 249 1397 296 LXXXII,
1427 249 1722 287 ARTICULUS
1753 251 1766 286 1

2356 251 2424 298 187

665 446 1077 523 QUAESTIO
1116 447 2020 504 OCTOGESIMASECUNDA

1103 565 1186 604 DE
1224 565 1583 605 DEVOTIONE

1035 680 1070 705 IN
1099 680 1272 711 QUATUOR
1298 679 1500 705 ARTICULOS
1528 681 1646 705 DIVISA

1370 765 1480 802 Circa
1508 766 1675 814 primum
1704 775 1937 816 quaeruntur
1965 775 2139 817 quatuor.

1423 845 1574 882 Primo:
1604 853 1731 882 utrum
1760 847 1915 884 devotio
1944 847 1990 884 sit
2018 849 2187 897 specialis
2221 856 2339 886 actus.

1425 923 1625 960 Secundo:
1654 932 1782 962 utrum
1812 925 1858 962 sit
1885 934 1991 963 actus
2018 927 2218 975 religionis.

1426 1002 1578 1039 Tertio:
1609 1003 1657 1040 de
1686 1015 1800 1040 causa
1828 1004 2054 1042 devotionis.

1428 1082 1595 1129 Quarto:
1627 1082 1674 1119 de
1704 1082 1784 1120 eius
1813 1083 1961 1120 effectu.

1064 1190 1380 1232 ARTICULUS
1411 1190 1617 1233 PRIMUS

912 1284 1067 1315 UTRUM
1090 1263 1286 1314 DEv‘orio
1310 1283 1377 1314 SIT
1400 1283 1616 1315 SPECIALIS
1639 1284 1783 1315 ACTUS

1372 1372 1593 1409 dicebantur
1612 1373 1678 1421 qui
1702 1373 1978 1422 seipsosidolis
2007 1374 2254 1413 devovebant
2272 1377 2310 1414 in
2330 1390 2431 1415 mor—

1366 1433 1448 1462 tem
1485 1437 1556 1474 pro
1586 1426 1643 1462 sui
1680 1427 1800 1463 salute
1831 1427 2034 1465 exercitus:
2066 1428 2160 1465 sicut
2196 1430 2243 1467 de
2281 1430 2432 1468 duobus

1372 1477 1499 1515 Deciis
1519 1478 1630 1515 Titus
1659 1479 1790 1516 Livius
1818 1487 1944 1517 narrat
1962 1480 1993 1517 ²⁶.
2023 1481 2134 1519 Unde
2159 1482 2313 1520 devotio
2341 1484 2470 1536 nihil:

1373 1531 1476 1568 aliud
1497 1543 1578 1568 esse
1597 1531 1748 1568 videtur
1767 1544 1882 1580 quam
1900 1534 2077 1571 voluntas
2097 1536 2287 1583 quaedam
2303 1549 2432 1585 prom·
2458 1547 2540 1563 ¹¹v¹¹¹

1345 1591 1346 1596 ’
1372 1591 1436 1632 pte
1455 1584 1628 1621 tradendi
1644 1590 1661 1605 ‘²
1690 1597 1731 1621 se
1751 1585 1800 1621 ad
1821 1597 1865 1622 ea
1884 1598 1982 1634 quae
2010 1588 2198 1635 pertinent
2216 1589 2264 1626 ad
2290 1590 2361 1626 Dei
2380 1591 2432 1627 fa-

1345 1634 1572 1674 mmulatum
1602 1637 1714 1674 Unde
1733 1638 1857 1675 Exod.
1878 1650 1974 1675 xxxv
1994 1640 2013 1660 *
2043 1640 2178 1677 dicitur
2204 1643 2309 1689 quod
2337 1643 2432 1680 mul-

1373 1690 1487 1727 titudo
1506 1690 1681 1736 filiorum
1709 1691 1832 1727 Israel
1857 1692 1988 1728 obtulit
2009 1699 2131 1730 mente
2150 1696 2432 1743 promptissima

1346 1747 1348 1760 ³
1373 1749 1485 1792 atque
1512 1743 1645 1780 devota
1668 1744 1855 1792 primitias
1887 1745 2066 1783 Domino.
2103 1747 2350 1785 Manifestum
2379 1756 2434 1785 est

1374 1803 1503 1834 autem
1532 1797 1638 1844 quod
1664 1797 1842 1834 voluntas
1865 1806 2043 1847 prompte
2072 1799 2234 1837 faciendi
2262 1801 2366 1849 quod
2386 1802 2434 1839 ad

1347 1849 1349 1891 ἶ
1373 1849 1446 1887 Dei
1465 1849 1662 1886 servitium
1690 1850 1853 1898 pertinet
1872 1858 1928 1887 est
1947 1852 2104 1900 quidam
2125 1853 2297 1902 specialis
2317 1862 2433 1892 actus.

258 1901 297 1939 in
326 1902 486 1940 diversis
514 1903 716 1951 generibus
736 1910 903 1940 actuum.
934 1903 1012 1940 Sed
1040 1903 1194 1940 devotio
1215 1902 1320 1940 inve·
1347 1903 1348 1911 ¹

258 1954 359 1992 nitur
393 1955 432 1993 in
467 1956 626 1994 diversis
662 1956 864 2005 generibus
896 1963 1074 2003 actuum,
1109 1955 1248 1993 scilicet
1282 1956 1321 1993 in
1347 1969 1349 2000 3

259 2008 404 2046 actibus
446 2009 707 2058 corporalibus
743 2017 779 2047 et
815 2009 929 2046 etiam
966 2009 1004 2046 in
1043 2008 1319 2057 spiritualibus:
1347 2001 1349 2029 ³

1374 1903 1485 1940 Unde
1515 1903 1669 1940 devotio
1699 1911 1754 1940 est
1782 1903 1952 1952 specialis
1980 1913 2084 1942 actus
2112 1907 2326 1944 voluntatis.

1427 1958 1486 1992 AD
1516 1967 1653 1992 PmMUM
1687 1968 1785 1993 ERGO
1813 1968 1998 1995 DICENDUM
2036 1959 2140 2007 quod
2175 1972 2338 1997 movens
2365 1961 2434 1997 im-

1375 2009 1482 2058 ponit
1519 2009 1681 2046 modum
1718 2009 1840 2046 motui
1877 2010 2038 2048 mobilis.
2077 2012 2262 2049 Voluntas
2305 2021 2432 2050 autem

1348 2065 1349 2069 ’
1375 2069 1508 2099 movet
1535 2062 1625 2098 alias
1647 2061 1748 2099 vires
1776 2063 1927 2100 animae
1951 2064 2000 2101 ad
2029 2076 2118 2101 suos
2147 2073 2271 2103 actus:
2303 2074 2340 2103 et
2365 2079 2434 2104 vo-

257 2122 348 2152 vote
367 2127 468 2163 genu
486 2115 652 2153 flectere.
681 2117 783 2165 Ergo
813 2115 968 2154 devotio
993 2127 1071 2152 non
1100 2122 1157 2153 est
1178 2115 1322 2164 specia-
1348 2127 1349 2166 ᾗ

1375 2116 1498 2152 luntas
1527 2116 1738 2152 secundum
1767 2116 1871 2164 quod
1901 2124 1956 2153 est
1982 2117 2081 2165 finis,
2109 2126 2241 2156 movet
2268 2119 2433 2168 seipsam

1376 2168 1425 2205 ad
1453 2180 1498 2204 ea
1527 2181 1625 2217 quae
1654 2175 1741 2205 sunt
1769 2169 1819 2206 ad
1846 2170 1980 2218 finem,
2008 2177 2050 2207 ut
2078 2183 2193 2220 supra
2213 2173 2233 2194 *⁸
2261 2172 2433 2209 habitum
2461 2180 2470 2191 '
2495 2179 2508 2192 ²

1376 2228 1442 2258 est.
1473 2222 1522 2257 Et
1555 2221 1662 2268 ideo,
1693 2233 1781 2258 cum
1820 2222 1975 2260 devotio
2012 2223 2058 2260 sit
2091 2232 2195 2262 actus
2230 2225 2434 2263 voluntatis

1347 2273 1542 2312 §hominis
1577 2274 1769 2311 offerentis
1803 2275 1970 2324 seipsum
2008 2277 2093 2313 Deo
2122 2278 2171 2315 ad
2200 2278 2234 2314 ei
2268 2279 2435 2316 servien—

1375 2328 1479 2374 dum,
1501 2327 1565 2376 quj
1595 2335 1650 2364 est
1676 2327 1831 2365 ultimus
1859 2329 1959 2376 finis,
1981 2342 2219 2379 consequens
2249 2338 2303 2367 est
2331 2332 2436 2380 quod

1375 2380 1530 2418 devotio
1558 2380 1732 2429 imponat
1760 2381 1922 2419 modum
1951 2383 2128 2420 humanis
2156 2383 2324 2432 actibus,
2354 2384 2434 2422 sive

1373 2434 1446 2471 sint
1473 2433 1591 2482 ipsius
1619 2434 1825 2470 voluntatis
1861 2434 1959 2471 circa
1988 2448 2034 2472 ea
2069 2448 2167 2484 quae
2196 2444 2282 2473 sunt
2315 2437 2363 2474 ad
2391 2438 2434 2474 fi-

2595 1494 2667 1543 ‚wag

2459 1652 2550 1674 'Vem
2565 1659 2601 1679 20,
2617 1659 2647 1674 21.

1374 2486 1578 2533 nem,'sive
1608 2486 1721 2522 etiam
1751 2486 1824 2523 sint
1852 2487 2011 2525 aliarum
2046 2489 2302 2538 potentiarum
2337 2503 2434 2539 quae

1373 2552 1395 2576 a
1423 2539 1618 2576 voluntate
1647 2547 1866 2577 moventur.

1425 2594 1485 2629 AD
1514 2604 1704 2629 SECUNDUM
1733 2605 1918 2630 DICENDUM
1938 2594 2043 2643 quod
2072 2595 2226 2632 devotio
2246 2595 2435 2633 invenitur

1372 2645 1410 2682 in
1440 2645 1599 2682 diversis
1637 2645 1839 2693 generibus
1868 2654 2022 2684 actuum
2051 2660 2129 2684 non
2166 2648 2262 2685 sicut
2289 2649 2435 2698 species

1372 2698 1524 2735 illorum
1544 2710 1741 2746 generum,
1762 2699 1830 2736 sed
1850 2699 1945 2736 sicut
1972 2700 2092 2737 motio
2113 2701 2304 2739 moventis
2328 2702 2435 2739 inve—

1372 2751 1473 2789 nitur
1499 2751 1639 2788 virtute
1667 2751 1705 2788 in
1734 2751 1901 2788 motibus
1929 2753 2143 2790 mobilium.

1424 2806 1484 2841 AD
1512 2815 1673 2841 TERTIUM
1700 2816 1886 2842 monimum
1915 2807 2019 2854 quod
2055 2806 2210 2844 devotio
2246 2815 2300 2843 est
2328 2814 2433 2844 actus

1371 2856 1601 2905 appetitivae
1629 2857 1745 2905 partis
1774 2857 1941 2904 animae,
1972 2866 2008 2895 et
2036 2867 2091 2896 est
2119 2859 2276 2908 quidam
2305 2868 2433 2897 motus

1371 2909 1589 2957 voluntatis,
1610 2917 1652 2946 ut
1681 2909 1823 2947 dictum
1853 2918 1908 2947 est
1925 2910 1956 2948 ²⁸.

311 3046 338 3078 α)
358 3043 493 3070 tradendi.
504 3057 523 3063 -
539 3043 689 3068 tradendae
705 3042 800 3075 FpAE,
818 3041 928 3067 tradens
945 3041 1039 3072 BHsK,
1059 3041 1192 3066 tradendo
1208 3041 1240 3072 D,
1259 3040 1367 3066 tradere
1386 3041 1475 3073 LpKl;
1497 3041 1589 3066 abrasa
1607 3049 1654 3073 px.

931 3129 1263 3163 Commentario.
1284 3128 1454 3162 Cat-din
1459 3130 1540 3162 alis
1562 3129 1765 3163 Caietam

260 3233 308 3296 IN
323 3220 456 3252 articulo
478 3219 584 3260 primo
607 3218 802 3261 quaestionis
826 3218 1207 3259 octogesimaesecundae‚
1232 3217 1313 3248 circa
1339 3214 1342 3254 Ι
1368 3217 1510 3258 prompti
1534 3218 1596 3249 sint
1619 3229 1677 3259 pro
1702 3229 1751 3250 eo.
1775 3219 1816 3250 Et
1838 3219 1966 3260 proprie
1989 3220 2104 3256 Deum,
2130 3227 2160 3250 et
2183 3229 2237 3250 eos
2261 3220 2316 3260 qui
2340 3230 2420 3260 quas

1368 3262 1478 3292 locum
1501 3262 1561 3293 Dei
1589 3269 1706 3299 tenent,
1731 3263 1888 3304 principes
1917 3270 1947 3294 et
1973 3263 2121 3303 patriam,
2146 3264 2244 3294 nostri
2267 3264 2419 3304 principia

1367 3306 1521 3347 respicere
1532 3306 1665 3338 videtur.
1682 3307 1775 3338 Unde
1790 3308 1823 3338 in
1839 3307 1997 3339 Ecclesiae
2012 3318 2073 3338 usu
2089 3307 2211 3338 devotio
2227 3308 2430 3348 appropriata

1369 3357 1415 3382 est
1442 3351 1490 3381 his
1518 3351 1574 3392 qui
1597 3352 1640 3382 sic
1663 3352 1733 3382 Deo
1757 3351 1857 3383 affecti
1880 3359 1953 3383 sunt
1983 3358 2019 3382 ut
2046 3358 2213 3392 promptos
2239 3352 2359 3392 seipsos
2389 3353 2429 3383 ad

1369 3395 1475 3426 Deum
1499 3402 1529 3426 et
1553 3405 1588 3426 ea
1611 3406 1693 3436 quae
1715 3395 1774 3426 Dei
1791 3403 1865 3427 sunt
1886 3396 2029 3426 habeant.
2054 3395 2094 3426 Et
2117 3402 2282 3436 propterea
2305 3396 2428 3427 devotio

1368 3439 1408 3470 ad
1431 3438 1673 3479 significandum
1696 3439 1881 3470 huiusmodi
1900 3439 2072 3470 voluntatis
2095 3446 2211 3476 actum,
2236 3451 2302 3481 quo
2327 3440 2427 3471 homo

1369 3490 1556 3535 promptum
1573 3494 1605 3514 se
1621 3484 1745 3514 exhibet
1761 3484 1867 3514 divino
1885 3483 1994 3520 cultui,
2011 3484 2145 3515 deducta
2161 3491 2216 3521 est,
2241 3491 2271 3515 et
2293 3484 2430 3515 sumitur

1370 3528 1403 3558 in
1427 3528 1605 3568 proposito.
1995 3543 1997 3547 ¹

2461 2909 2500 2958 aii'
2503 2914 2605 2958 ¹eor1>,et
2612 2916 2671 2938 resp.
