2860 4244
18 2882 29 2917 'J
81 2886 92 2897 ⁸
106 2885 173 2908 Ven-
187 2891 218 2914 3¹·

82 3141 94 3152 ⁸
103 3140 170 3164 Ver».
185 3147 218 3170 ¹9·

1007 261 1273 307 QUAESTIO
1302 263 1442 309 LXIX,
1471 263 1767 300 ARTICULUS
1797 264 1810 298 1

2427 272 2496 308 109

804 439 1211 517 QUAESTIO
1250 442 2011 498 SEXAGESIMANONA

449 557 533 598 DE
565 554 857 596 PECCATIS
892 554 1062 606 QUAE
1095 554 1256 595 SUNT
1290 556 1538 596 CONTRA
1572 556 1883 597 IUSTITIAM
1917 557 1995 597 EX
2028 557 2231 597 PARTE
2264 557 2362 598 REI

1103 665 1136 689 IN
1167 665 1340 695 QUATUOR
1366 665 1569 690 ARTICULOS
1598 665 1717 690 DlVlSA

324 755 513 839 Damni:
552 744 870 782 considerandum
911 753 965 781 est
1003 745 1050 782 de
1083 745 1247 793 peccatis
1284 756 1381 794 quae

83 815 142 838 Ὀἱ
160 820 199 844 ⁶¹¹¹·
217 821 246 836 ¹-¹
262 821 294 841 n,
405 819 492 851 sunt
519 819 651 848 contra
677 810 855 848 iustitiam
885 823 929 848 ex
956 819 1062 860 parte
1091 811 1145 848 rei
1163 811 1194 848 ²¹².

375 878 425 916 Et
452 877 550 915 circa
577 877 651 914 hoc
681 884 914 924 quaeruntur
942 884 1114 926 quatuor.

83 842 170 864 tntrod.

375 943 528 980 Primo:
566 950 693 980 utrum
721 951 854 992 peccet
880 943 1014 991 aliquis
1051 943 1259 980 mortaliter
1284 942 1383 979 veri-

427 1016 545 1046 tatem
583 1009 760 1056 negando
794 1020 863 1057 per
895 1019 1012 1056 quarn
1050 1006 1412 1058 condemnaretur.1

1490 744 1690 781 Secundo:
1728 753 1856 782 utrum
1894 746 2006 783 liceat
2039 747 2148 783 alicui
2185 760 2225 784 se
2262 748 2494 785 calumniose

1543 797 1759 834 defendere.

1489 849 1641 886 Tertio:
1671 857 1798 886 utrum
1824 850 1934 887 liceat
1961 851 2070 888 alicui
2100 851 2280 889 iudicium
2309 853 2495 890 subterfu-

1542 914 1629 950 gere
1658 902 1898 951 appellando.

1491 955 1658 1002 Quarto:
1687 962 1816 992 utrum
1853 955 1962 992 liceat
1989 956 2098 993 alicui
2137 958 2393 995 condemnato
2427 970 2495 1007 per

1542 1007 1764 1044 violentiam
1802 1019 1842 1044 se
1880 1007 2103 1055 defendere,
2134 1010 2163 1046 si
2196 1009 2292 1047 adsit
2326 1011 2492 1048 facultas.

1131 1110 1449 1153 ARTICULUS
1480 1110 1685 1153 PRIMUS

540 1199 697 1231 UTRUM
719 1198 888 1236 ABSQUE
911 1197 1116 1230 PECCATO
1139 1197 1338 1230 MORTALI
1362 1198 1509 1229 POSSIT
1532 1198 1789 1230 ACCUSATUS
1814 1199 2070 1230 VERITATEM
2094 1200 2268 1231 NEGARE

1081 1242 1165 1273 PER
1188 1242 1315 1280 QUAM
1338 1241 1733 1274 CONDEMNARETUR

434 1320 490 1348 Art.
508 1329 580 1355 seq.;
599 1322 634 1346 IV
653 1321 737 1351 Sent„
757 1321 817 1346 dist.
834 1328 894 1351 xvu,
914 1329 958 1353 qu.
977 1328 1014 1350 111,
1034 1325 1082 1346 art.
1104 1328 1125 1352 ι,
1145 1321 1194 1353 σμ’*
1215 1328 1238 1352 ²,
1258 1321 1290 1345 ad
1312 1329 1334 1352 1,
1355 1320 1384 1352 3;
1405 1321 1464 1346 dist.
1482 1328 1532 1352 xlx,
1550 1328 1596 1354 qu.
1614 1329 1641 1351 ιι,
1660 1327 1708 1347 art.
1728 1321 1751 1351 3,
1770 1327 1821 1354 qu·
1844 1330 1866 1352 1,
1884 1322 1916 1347 ad
1937 1322 1965 1352 53
1987 1322 2085 1353 Quodl.
2103 1323 2134 1355 V,
2153 1331 2198 1356 qu.
2216 1331 2269 1354 v111,
2289 1329 2336 1350 art.
2357 1332 2382 1351 2.

79 1404 292 1428 *vicennam
327 1425 330 1432 .
406 1417 441 1441 ω
457 1429 487 1442 ,-,

82 1430 293 1462 cumpo-nmq-
361 1446 433 1491 ᾖ).
449 1433 502 1493 Qj
529 1450 676 1497 absque
696 1457 855 1498 peccato
875 1449 1025 1487 mortali
1043 1449 1164 1498 possit
1183 1456 1381 1486 accusatus

336 1497 454 1547 ’ἓξὲξ
467 1491 518 1540 ‘k‘
529 1502 731 1541 veritatem
750 1514 896 1550 negare.
916 1514 987 1549 per
1004 1513 1121 1550 quam
1145 1502 1381 1539 condemna-

327 1547 471 1596 ἄψ»
488 1550 516 1589 Χ
531 1563 644 1593 retur.
665 1555 765 1597 Dicit
783 1555 887 1592 enim
907 1555 1206 1602 Chrysostomus
1220 1553 1258 1590 *t
1286 1555 1379 1592 Non

318 1607 386 1646 tibi
411 1607 493 1645 dico
523 1614 564 1646 ut
588 1614 624 1645 te
643 1609 788 1657 prodas
823 1608 861 1645 in
883 1607 1099 1656 publicum,
1133 1619 1252 1656 neque
1278 1608 1381 1657 apud

317 1659 437 1706 alium
463 1671 627 1699 accuses.
671 1661 750 1699 Sed
776 1660 807 1698 si
834 1660 1034 1704 veritatem
1069 1660 1312 1698 confiteretur
1340 1660 1379 1698 in

316 1712 456 1754 iudicio
475 1721 688 1762 accusatus,
715 1714 885 1763 seipsum
914 1713 1093 1762 proderet
1117 1720 1154 1750 et
1173 1721 1378 1751 accusaret.

198 1794 205 1804 .
318 1766 422 1805 Non
439 1778 528 1815 ergo
561 1774 710 1806 tenetur
736 1767 936 1805 veritatem
965 1766 1101 1804 dicere.
1145 1767 1195 1804 Et
1222 1766 1272 1803 ita
1299 1779 1378 1803 non

318 1826 452 1869 peccat
478 1820 687 1858 mortaliter
714 1820 744 1857 si
772 1820 810 1858 in
838 1819 978 1857 iudicio
1006 1819 1220 1857 mentiatur.

372 1884 409 1911 2.
425 1873 660 1921 PRAETEREA,
680 1873 776 1912 sicut
790 1872 1050 1910 *mendacium
1078 1872 1294 1910 officiosum
1323 1880 1380 1910 est

318 1925 475 1975 quando
495 1925 628 1975 aliquis
654 1926 834 1964 mentitur
850 1933 893 1963 ut
911 1925 1025 1963 aliurn
1051 1938 1073 1962 a
1091 1933 1213 1963 morte
1233 1925 1377 1973 liberet,

175 1990 195 2016 ς
304 1978 368 2016 'ita
397 1978 642 2016 mendacium
670 1979 887 2017 officiosum
916 1991 998 2016 esse
1016 1978 1167 2016 videtur
1186 1984 1204 2000 ‘²
1223 1980 1378 2028 quando

318 2031 456 2080 aliquis
482 2032 662 2071 mentitur-
682 2040 723 2070 ut
750 2045 790 2070 se
818 2032 950 2070 liberet
968 2045 992 2069 a
1010 2039 1154 2069 morte:
1185 2032 1274 2081 quia
1291 2033 1377 2081 plus

318 2084 389 2123 sibi
416 2092 565 2123 tenetur
591 2097 708 2135 quam
737 2085 854 2123 alteri.
888 2084 1136 2122 Mendacium
1165 2088 1293 2122 autem
1323 2086 1379 2122 of-

317 2137 496 2176 ficiosum
516 2150 596 2178 non
613 2139 768 2188 ponitur
785 2151 867 2176 esse
894 2145 1096 2187 peccatum
1116 2139 1288 2186 mortale,
1310 2139 1378 2176 sed

316 2190 479 2237 veniale.
520 2192 623 2240 Ergo
652 2191 683 2228 si
710 2199 908 2230 accusatus
935 2191 1134 2229 veritatem
1171 2191 1210 2228 in
1237 2191 1377 2229 iudicio

317 2251 429 2292 neget
461 2251 503 2282 ut
534 2256 575 2282 se
602 2257 625 2282 a
657 2252 779 2290 morte
812 2244 964 2291 liberet,
998 2256 1078 2281 non
1109 2252 1243 2293 peccat
1276 2257 1379 2283 rnor-

249 2322 268 2337 ..2
316 2297 450 2336 taliter.
537 2344 541 2348 ι

373 2351 408 2389 3.
422 2350 658 2397 PRAETEREA,
679 2362 796 2388 omne
815 2356 1015 2399 peccatum
1035 2349 1194 2387 mortale
1213 2358 1268 2387 est
1287 2363 1378 2388 con-

79 2407 291 2436 ·Qumnmmn·
315 2410 373 2441 tr'a
402 2402 615 2450 caritatem,
644 2410 686 2440 ut
712 2415 827 2452 supra
845 2402 866 2424 *
893 2402 1036 2440 dictum
1065 2410 1132 2440 est.
1167 2403 1244 2440 Sed
1273 2404 1379 2451 quod

317 2463 516 2495 accusatus
545 2456 749 2493 mentiatur
768 2455 986 2493 excusando
1012 2468 1053 2493 se
1081 2468 1103 2493 a
1122 2463 1281 2505 peccato
1307 2457 1378 2494 sibi

316 2504 510 2558 imposito,
526 2521 605 2546 non
621 2509 870 2547 contrariatur
885 2508 1039 2555 caritati,
1052 2521 1178 2557 neque
1194 2517 1379 2558 quantum

318 2561 367 2600 ad
395 2562 639 2600 dilectionem
667 2562 740 2600 Dei
768 2574 894 2610 neque
918 2570 1104 2611 quantum
1133 2562 1183 2599 ad
1211 2562 1378 2600 dilectio-

318 2627 408 2652 nem
437 2615 612 2664 proximi.
645 2616 748 2663 Ergo
776 2615 998 2653 huiusmodi
1026 2615 1271 2653 mendacium
1300 2628 1379 2654 non

320 2675 376 2704 est
402 2675 602 2717 peccatum
631 2669 803 2706 mortale.

373 2720 448 2758 SED
486 2732 653 2768 CONTRA,
683 2734 799 2758 omne
833 2721 937 2770 quod
974 2727 1030 2758 est
1058 2721 1291 2759 contrarium
1326 2721 1379 2759 di-

318 2773 430 2810 vinae
472 2774 612 2821 gloriae
647 2782 702 2811 est
738 2781 939 2822 peccatum
981 2774 1162 2811 mortale:
1210 2774 1299 2821 quia
1335 2787 1380 2811 ex

319 2834 524 2875 praecepto
553 2833 729 2864 tenemur
747 2827 875 2864 omnia
903 2827 940 2864 in
959 2827 1126 2876 gloriam
1145 2827 1220 2863 Dei
1234 2827 1379 2874 facere,

319 2887 361 2916 ut
388 2886 492 2927 patet
520 2880 533 2915 I
563 2880 615 2916 ad
636 2880 723 2916 Cor.
752 2892 775 2916 x
792 2879 823 2916 ²¹².
855 2879 932 2916 Sed
960 2879 1065 2927 quod
1093 2891 1180 2916 reus
1207 2879 1246 2916 id
1273 2881 1380 2927 quod

321 2939 452 2969 contra
472 2944 511 2969 se
533 2940 588 2969 est
607 2932 842 2978 confiteatur,
863 2931 1023 2981 pettinet
1042 2932 1090 2969 ad
1109 2931 1268 2979 gloriam
1288 2932 1378 2968 Dei:

181 2987 196 3021 β
320 2992 360 3021 ut
385 2991 488 3033 patet
511 2997 579 3033 per
599 2985 638 3022 id
657 2985 761 3034 quod
782 2986 893 3021 Iosue
914 2984 1004 3021 dixit
1028 2984 1077 3021 ad
1099 2985 1227 3021 Achar
1241 2982 1273 3020 F:
1307 2984 1383 3021 Fili

320 3038 385 3083 mi,
409 3038 458 3075 da
485 3038 651 3087 gloriam
679 3038 845 3075 Domino
873 3039 955 3075 Deo
976 3037 1108 3083 Israel,
1138 3043 1173 3073 et
1204 3038 1381 3084 confitere

320 3096 433 3139 atque
459 3090 582 3128 indica
610 3091 703 3127 mihi
729 3091 819 3139 quid
832 3090 987 3138 feceris,
1018 3102 1065 3127 ne
1091 3090 1311 3136 abscondas,
1341 3098 1381 3127 ut

320 3144 482 3180 habetur
500 3145 612 3180 Iosue
628 3148 676 3180 vu'
690 3143 722 3180 ²⁸.
753 3144 853 3191 Ergo
880 3143 1029 3180 mentiri
1049 3143 1098 3180 ad
1119 3143 1379 3180 excusandum

320 3204 522 3246 peccatum
551 3204 606 3233 est
632 3203 834 3245 peceatum
862 3196 1032 3234 mortale.

374 3250 600 3288 RESPONDEO
620 3260 805 3288 DICENDUM
819 3249 925 3298 quod
939 3248 1172 3299 quicumque
1191 3248 1278 3286 facit
1292 3261 1382 3286 con-

320 3309 379 3340 tra
401 3302 574 3341 debitum
602 3301 774 3348 iustitiae,
800 3301 1006 3340 mortaliter
1032 3309 1176 3350 peccat,
1198 3301 1293 3339 sicut
1321 3314 1382 3339 su-

83 3356 294 3384 ‘Qu.ux‚m.4.

320 3367 390 3404 pra
407 3355 428 3378 ’Β
455 3355 599 3393 dictum
620 3363 686 3392 est.
716 3354 882 3391 Pertinet
908 3361 1036 3392 autern
1063 3354 1112 3391 ad
1136 3354 1307 3392 debitum
1328 3355 1382 3391 iu-

503 1421 513 1428 ·-
529 1408 555 1434 n
567 1407 707 1434 vanum
725 1407 779 1434 Slc
797 1407 1028 1434 Pxocumrua
1040 1395 1071 1432 ³⁸.
1087 1395 1247 1432 Videtur
1275 1396 1380 1444 quod
1413 1430 1418 1431 ⁷

1433 1396 1482 1433 ad
1502 1408 1600 1445 quae
1620 1396 1678 1433 ius
1697 1396 1941 1445 praelationis
1960 1409 2000 1433 se
2022 1397 2198 1435 extendit.
2220 1398 2337 1436 Iudex
2352 1407 2493 1448 autem,

1433 1456 1473 1485 ut
1491 1461 1607 1497 supra
1628 1449 1647 1470 *
1676 1449 1819 1486 dictum
1840 1457 1907 1497 est,
1937 1450 2110 1498 superior
2130 1459 2186 1488 est
2213 1460 2386 1501 respectu
2412 1454 2494 1490 eius
2520 1462 2531 1472 ⁸
2563 1468 2577 1483 u
2618 1468 2650 1483 m
2666 1469 2691 1484 ar

1433 1501 1497 1550 qui
1515 1501 1712 1538 iudicatur.
1743 1503 1792 1539 Et
1811 1502 1898 1539 ideo
1920 1515 1965 1539 ex
1980 1503 2107 1540 debito
2127 1511 2276 1542 tenetur
2294 1514 2494 1544 accusatus

1431 1554 1545 1591 iudici
1562 1554 1760 1591 veritatem
1782 1567 1971 1603 exponere
1991 1568 2109 1603 quam
2137 1557 2186 1593 ab
2207 1569 2253 1594 eo
2280 1559 2492 1596 secundum

1432 1607 1596 1644 formam
1616 1607 1707 1644 iuris
1726 1607 1850 1654 exigit.
1879 1609 1928 1645 Et
1946 1608 2033 1645 ideo
2054 1609 2083 1645 si
2109 1610 2280 1647 confiteri
2299 1612 2460 1649 noluerit
2478 1618 2493 1640 Ὺ

1430 1659 1631 1697 veritatem
1660 1672 1777 1708 quam
1797 1660 1922 1698 dicere
1942 1668 2102 1708 tenetur,
2131 1663 2193 1699 vel
2221 1662 2252 1699 si
2279 1675 2365 1700 eam
2386 1677 2493 1702 men—

1432 1713 1574 1750 daciter
1591 1713 1797 1761 negaverit,
1818 1713 2026 1750 mortaliter
2043 1722 2188 1763 peccat.
2211 1715 2250 1752 Si
2269 1728 2364 1753 vero
2381 1717 2493 1755 iudex

1430 1766 1505 1802 hoc
1526 1765 1695 1814 exquirat
1714 1766 1820 1814 quod
1840 1779 1919 1803 non
1938 1774 2063 1815 potest
2084 1768 2297 1805 secundum
2319 1770 2493 1808 ordinem

1431 1818 1539 1866 iuris,
1572 1831 1652 1856 non
1679 1826 1827 1856 tenetur
1856 1819 1889 1856 ei
1917 1827 2115 1858 accusatus
2150 1822 2396 1871 respondere,
2426 1823 2494 1861 sed

1430 1879 1556 1921 potest
1582 1873 1645 1909 vel
1672 1884 1742 1921 per
1760 1873 2055 1921 appellationem
2078 1874 2142 1910 vel
2161 1874 2267 1911 aliter
2285 1875 2382 1912 licite
2406 1877 2495 1914 sub-

1430 1925 1637 1973 terfugere:
1667 1925 1911 1963 mendacium
1930 1933 2060 1963 tamen
2080 1926 2206 1964 dicere
2234 1940 2313 1965 non
2332 1928 2427 1966 licet.

1484 1979 1542 2015 Ab
1562 1990 1700 2016 Panium
1719 1990 1818 2016 ERGO
1837 1991 2022 2016 monimum
2046 1980 2152 2028 quod
2176 1981 2331 2029 quando
2360 1982 2495 2030 aliquis

1431 2031 1643 2068 secundum
1659 2031 1835 2069 ordinem
1854 2031 1944 2070 iuris
1960 2045 1983 2069 a
1996 2032 2121 2069 iudice
2135 2033 2398 2083 interrogatur,
2414 2047 2494 2072 non

1431 2084 1511 2133 ipse
1530 2097 1572 2121 se
1589 2085 1728 2133 prodit,
1749 2085 1816 2122 sed
1836 2086 1884 2122 ab
1905 2085 1977 2122 alio
2000 2085 2184 2134 proditur,
2202 2087 2294 2124 dum
2311 2088 2345 2124 ei
2363 2100 2494 2125 neces-

1430 2137 1517 2174 sitas
1536 2138 1795 2187 respondendi
1820 2138 2029 2187 imponitur
2047 2151 2117 2188 per
2137 2151 2224 2176 eum
2250 2140 2309 2177 cui
2337 2141 2492 2179 obedire

1431 2197 1591 2228 tenetur.

1483 2245 1543 2281 An
1557 2255 1749 2281 SECUNDUM
1768 2255 1954 2281 mCENDUM
1971 2244 2077 2292 quod
2096 2245 2246 2282 mentiri
2265 2245 2315 2282 ad
2334 2245 2494 2283 liberan-

1433 2296 1525 2333 dum
1552 2296 1719 2345 aliquem
1748 2309 1770 2333 a
1796 2304 1919 2333 morte
1949 2309 2036 2334 cum
2057 2297 2192 2334 iniuria
2219 2298 2383 2346 alterius,
2414 2311 2493 2336 non

1433 2357 1487 2386 est
1515 2350 1761 2387 mendacium
1790 2349 2008 2398 simpliciter
2026 2350 2256 2399 officiosum,
2283 2351 2350 2388 sed
2377 2352 2494 2389 habet

1432 2401 1575 2451 aliquid
1595 2403 1644 2440 de
1661 2402 1877 2451 pernicioso
1904 2402 2127 2440 admixtum.
2158 2404 2259 2441 Cum
2281 2411 2407 2441 autem
2429 2405 2494 2442 ali-

1432 2455 1517 2503 quis
1552 2456 1731 2493 mentitur
1766 2455 1805 2492 in
1838 2455 1977 2493 iudicio
2014 2456 2064 2493 ad
2103 2457 2387 2495 excusationem
2421 2458 2492 2506 sui,

1433 2508 1608 2546 iniuriam
1645 2509 1733 2546 facit
1761 2508 1794 2545 ei
1823 2508 1883 2546 cui
1912 2508 2070 2546 obedire
2102 2517 2270 2558 tenetur,
2301 2510 2394 2548 dum
2423 2511 2494 2548 sibi

1433 2561 1595 2609 denegat
1621 2562 1727 2611 quod
1750 2561 1784 2598 ei
1805 2561 1930 2609 debet,
1959 2562 2100 2599 scilicet
2127 2563 2408 2601 confessionem
2428 2576 2493 2602 ve-

1432 2614 1560 2652 ritatis.

1485 2669 1543 2704 AD
1571 2679 1732 2705 TERTlUM
1750 2667 1770 2689 ²¹⁵
1798 2679 1982 2705 mCENDUM
2011 2668 2115 2716 quod
2134 2668 2194 2706 ille
2223 2669 2288 2716 qui
2316 2670 2494 2707 mentitur

1433 2720 1471 2757 in
1499 2720 1637 2758 iudicio
1667 2733 1708 2757 se
1737 2721 1968 2766 excusando,
1998 2720 2084 2757 facit
2112 2729 2148 2757 et
2177 2730 2307 2758 contra
2328 2722 2494 2760 dilectio-

1434 2785 1522 2810 nem
1542 2773 1628 2820 Dei,
1650 2773 1755 2810 cuius
1776 2780 1831 2810 est
1858 2773 2039 2811 iudicium
2055 2774 2091 2819 *ς
2121 2782 2158 2810 et
2177 2782 2308 2811 contra
2327 2775 2493 2812 dilectio·
2519 2785 2547 2832 :le

1433 2838 1522 2862 nem
1551 2826 1726 2874 proximi,
1756 2833 1837 2862 tum
1865 2838 1910 2862 ex
1934 2833 2040 2875 parte
2068 2825 2213 2873 iudicis,
2245 2827 2304 2863 cui
2324 2828 2493 2865 debitum

1434 2886 1565 2925 negat;
1600 2886 1680 2914 tum
1711 2891 1757 2915 ex
1784 2886 1890 2927 parte
1918 2878 2158 2926 accusatoris,
2189 2880 2254 2928 qui
2281 2880 2435 2928 punitur
2463 2881 2493 2918 si

1433 2931 1471 2967 in
1490 2931 1716 2978 probatione
1732 2931 1894 2968 deficiat.
1915 2931 2026 2968 Unde
2048 2939 2082 2967 et
2102 2931 2140 2968 in
2154 2932 2323 2969 Psalm.*
2343 2934 2491 2970 dicitur:
2520 2943 2528 2952 ·
2554 2947 2565 2962 ⁵

1433 2983 1497 3020 Ne
1523 2983 1682 3020 declines
1709 2993 1776 3020 cor
1792 2996 1917 3020 meum
1947 2984 1984 3020 in
2003 2985 2118 3021 verba
2147 2985 2324 3032 malitiae,
2353 2987 2404 3023 ad
2429 2998 2493 3023 ex-

1434 3037 1620 3073 cusandas
1647 3037 1906 3074 excusationes
1925 3037 1961 3074 in
1976 3038 2163 3085 peccatis.-
2190 3038 2256 3075 ubi
2276 3038 2365 3076 dicit
2384 3040 2494 3077 Glos-

1435 3101 1478 3125 sa
1495 3089 1535 3125 *z
1572 3090 1685 3126 Haec
1718 3096 1772 3126 est
1797 3090 2022 3127 consuetudo
2051 3090 2337 3139 impudentium,
2368 3098 2408 3128 ut
2433 3093 2494 3128 de-

1431 3142 1609 3190 prehensi
1632 3154 1706 3190 per
1732 3142 1860 3191 aliqua
1882 3143 1986 3191 falsa
2019 3155 2059 3179 se
2092 3150 2279 3181 excusent.
2323 3146 2373 3181 Et
2400 3145 2494 3182 Gre-

1437 3194 1575 3242 gorius,
1592 3195 1699 3232 XXII
1715 3196 1859 3233 Moral.
1878 3195 1910 3242 ²⁸³,
1935 3208 2129 3245 exponens
2149 3197 2239 3234 illud
2260 3198 2329 3234 Iob
2344 3197 2493 3245 xxx1**,
2521 3200 2529 3246 ξ

1437 3249 1479 3285 Si
1503 3249 1683 3286 abscondi
1709 3249 1818 3298 quasi
1851 3249 1963 3286 homo
1985 3255 2183 3298 peccatum
2218 3262 2355 3296 meum,
2386 3250 2493 3288 dicit:

1442 3302 1626 3339 Usitatum
1651 3302 1811 3339 humani
1835 3303 1986 3351 generis
2013 3303 2143 3339 vitium
2171 3309 2225 3340 est
2251 3309 2285 3340 et
2312 3303 2459 3340 latendo
2481 3301 2494 3325 δ

1431 3360 1629 3403 peccatum
1649 3355 1889 3401 committere,
1910 3361 1946 3392 et
1962 3356 2199 3392 commissum
2220 3357 2395 3405 negando
2412 3358 2495 3393 abs-

322 3408 442 3445 stitiae
468 3409 574 3456 quod
604 3408 737 3457 aliquis
766 3407 920 3444 obediat
947 3419 1019 3444 suo
1047 3407 1233 3457 superiori
1262 3407 1300 3444 in
1325 3408 1382 3445 his
1437 3408 1608 3453 condere,
1629 3413 1665 3444 et
1681 3408 1890 3444 convictum
1919 3409 2148 3456 defendendo
2177 3409 2435 3458 multiplicare.

376 3519 403 3552 α)
423 3527 478 3546 esse
497 3520 611 3545 videtur.
623 3534 642 3539 -
660 3523 699 3545 est
718 3520 765 3544 Pa.

375 3553 401 3587 β)
420 3555 518 3580 Achar.
535 3570 551 3574 —
569 3555 658 3580 Achor
677 3556 778 3580 codices
799 3560 823 3579 et
841 3562 866 3583 a,
886 3554 995 3586 ubique;
1014 3555 1114 3580 Acham
1134 3555 1162 3579 P.

1490 3522 1516 3580 ἔ)
1537 3522 1659 3547 noluerit.
1671 3535 1689 3540 -
1709 3521 1794 3562 noluit
1813 3523 1841 3547 P.
1978 3557 1983 3562 ¹
2159 3557 2164 3562 ·

1507 3557 1515 3587 )
1536 3557 1652 3581 latendo.
1666 3571 1684 3575 -
1700 3557 1782 3581 libido
1801 3557 1837 3581 sK
1857 3562 1882 3581 et
1900 3564 1943 3584 xa,
1963 3557 2068 3582 libendo
2088 3562 2164 3582 ceteri
2185 3562 2210 3581 et
2230 3557 2257 3582 Ρ.

2519 2680 2529 2690 ⁸
2536 2679 2589 2701 Vid.
2598 2679 2731 2701 Commeat.

2520 2710 2573 2734 post
2588 2710 2631 2728 nrt.
2641 2712 2661 2729 2.
2676 2712 2698 2728 n.
2710 2713 2731 2727 v.
