2860 4244
181 423 190 431 ⁸
206 421 241 442 De
255 421 336 449 Benef.
350 421 390 442 lib.

184 448 211 472 11,
226 453 276 472 cap.
291 453 306 469 ι.

182 635 191 644 ·
206 633 272 655 Vers.
287 639 302 654 ι.

178 996 188 1005 “
203 994 270 1016 Vers.
285 999 315 1020 14.

174 1680 184 1690 ⁸
192 1679 238 1707 Qu.
247 1685 302 1706 xxti,
312 1682 354 1700 art.
362 1685 384 1706 2,

197 1714 202 1730 ς
218 1712 256 1733 qu.
266 1711 330 1733 xxm,
341 1709 382 1727 art.

174 1713 198 1758 ἔς
210 1732 383 1759 qu.cxv‚art.6;

175 1765 213 1786 qu.
222 1765 283 1786 cxvi,
297 1762 339 1781 art.
349 1765 368 1788 3¹

175 2465 185 2475 ¹·
204 2463 274 2485 Locis
294 2464 333 2486 cit.
355 2464 379 2486 in

175 2496 241 2517 corp.

181 3562 191 3572 ⁶
207 3562 258 3584 Art.
273 3567 289 3583 I.

423 296 494 331 194
1045 280 1309 326 QUAESTIO
1340 262 1550 327 LXXXIII,
1579 281 1874 318 ARTICULUS
1904 282 1953 316 111

417 361 557 410 petenti
597 373 713 409 quam
742 360 831 397 dare
867 358 1027 407 petenti:
1059 357 1165 405 quia,
1196 357 1291 392 sicut
1329 357 1475 392 Seneca
1500 355 1502 415 j
1528 368 1660 393 causas
1689 365 1776 393 sunt
1804 357 1917 394 etiam
1946 357 2189 406 quorundam
2219 369 2356 394 causae
2385 365 2490 395 actus
2518 359 2587 395 hu-

419 414 507 452 dicit
525 414 566 461 *,
594 413 695 449 nulla
724 424 783 448 res
811 412 936 448 carius
963 410 1099 446 emitur
1126 421 1238 456 quam
1268 420 1365 456 quae
1387 420 1474 456 pre·
1500 431 1501 466 1
1527 409 1642 445 mani.
1672 410 1783 446 Unde
1818 417 1968 458 oportet
1993 409 2171 446 homines
2200 422 2311 457 agere
2344 411 2481 458 aliqua,
2509 423 2587 448 non

419 468 521 503 cibus
566 471 687 514 empta
725 470 787 500 est.
834 463 910 499 Sed
945 464 1050 498 Deus
1089 469 1143 497 est
1177 460 1472 497 liberalissimus.
1500 467 1501 498 1
1526 468 1567 496 ut
1595 473 1663 509 per
1691 474 1780 498 suos
1805 470 1910 498 actus
1940 462 2108 499 divinam
2135 462 2421 510 dispositionem
2449 463 2587 500 immu-

419 521 520 566 Ergo
549 530 627 555 non
655 517 804 554 videtur
833 527 913 551 esse
951 514 1184 551 conveniens
1212 515 1316 561 quod
1345 514 1473 550 Deum
1499 509 1501 562 l
1526 521 1624 560 tent,
1655 516 1721 551 sed
1750 522 1790 551 ut
1818 527 1886 563 per
1923 523 2028 551 actus
2057 527 2146 551 suos
2182 515 2363 563 impleant
2396 516 2586 564 quosdam

420 583 586 608 oremus.

472 625 545 660 SED
561 633 705 659 CONTRA
725 632 789 657 EST
809 619 912 667 quod
930 619 1063 655 dicitur
1083 620 1176 656 Luc.
1192 618 1329 655 xvt11*:
1355 619 1472 667 Opor-

418 682 467 712 tet
484 682 498 704 Υ
526 687 649 720 orare,
670 680 705 710 et
731 685 805 709 non
834 673 1003 720 deficere.

470 730 693 764 RESPONDEO
730 737 913 762 DICENDUM
952 724 1057 772 quod
1099 724 1231 773 triplex
1271 724 1338 760 fuit
1377 724 1473 761 circa

417 781 626 816 orationem
657 778 898 826 antiquorum
929 790 1044 814 error.
1076 777 1244 823 Quidam
1275 777 1375 813 enim
1404 789 1473 825 po-

416 839 570 869 suerunt
598 832 701 880 quod
731 843 790 867 res
818 831 1008 867 humanae
1029 842 1108 867 non
1136 837 1314 878 reguntur
1344 830 1473 866 divina

414 885 665 934 providentia.
708 884 766 920 Ex
794 896 871 932 quo
907 883 1076 931 sequitur
1112 884 1218 933 quod
1254 895 1399 919 vanum
1428 883 1473 920 sit

415 950 535 984 orare,
558 945 593 974 et
612 936 770 974 omnino
790 938 917 973 Deum
947 937 1084 973 colere.
1114 938 1163 973 Et
1192 936 1238 973 de
1259 935 1316 972 his
1340 936 1474 973 dicitur

414 991 577 1027 Malach.
596 989 682 1027 111*:
712 990 889 1026 Dixistis:
916 990 1042 1026 Vanus
1061 995 1115 1026 est
1132 990 1196 1037 qui
1212 990 1326 1026 servit
1342 990 1470 1026 Deo.-

415 1043 591 1080 Secunda
618 1043 685 1079 fuit
714 1042 843 1091 opinio
872 1042 1097 1091 ponentium
1127 1042 1269 1089 omnia,
1291 1042 1404 1078 etiam
1434 1041 1471 1078 in

414 1097 526 1133 rebus
554 1095 750 1142 humanis,
783 1108 824 1133 ex
855 1095 1077 1132 necessitate
1115 1095 1352 1142 contingere:
1391 1094 1471 1131 sive

415 1162 459 1186 ex
486 1148 789 1186 immutabilitate
824 1148 974 1185 divinae
1007 1148 1290 1196 providentiae,
1318 1147 1397 1184 sive
1428 1159 1472 1183 ex

413 1202 635 1239 necessitate
664 1202 867 1248 stellarum,
890 1201 969 1238 sive
999 1213 1043 1237 ex
1073 1200 1308 1237 connexione
1342 1211 1472 1236 causa-

414 1267 508 1292 rum.
537 1255 586 1291 Et
614 1254 824 1291 secundum
853 1255 924 1290 hos
954 1254 1064 1289 etiam
1098 1253 1305 1290 excluditur
1334 1252 1471 1288 oratio-

413 1309 470 1344 nis
498 1308 646 1344 utilitas.
668 1327 692 1334 —
717 1307 847 1343 Tertia
875 1306 942 1342 fuit
971 1306 1100 1354 Opinio
1137 1305 1360 1353 ponentium
1391 1305 1471 1353 qui·
1496 1335 1497 1340 ,

414 1361 501 1397 dem
517 1372 575 1397 res
595 1361 782 1397 humanas
799 1359 926 1396 divina
945 1358 1183 1406 providentia
1203 1358 1294 1406 regi,
1312 1365 1347 1394 et
1366 1357 1470 1404 quod

412 1426 471 1450 res
491 1414 779 1449 humanae‘non
803 1411 1033 1459 proveniunt
1062 1423 1105 1447 ex
1130 1411 1371 1447 necessitate:
1402 1410 1469 1447 sed

412 1466 587 1503 dicebant
601 1465 769 1502 similiter
789 1464 1075 1512 dispositionem
1096 1464 1246 1501 divinae
1266 1463 1470 1512 providen—
1496 1500 1497 1505 ,

410 1519 482 1555 tiae
510 1518 734 1555 variabilem
764 1530 858 1564 esse,
880 1525 916 1554 et
943 1517 1047 1566 quod
1075 1517 1307 1554 orationibus
1338 1523 1374 1552 et
1392 1516 1470 1552 aliis

411 1583 509 1619 quae
530 1572 577 1608 ad
597 1571 771 1608 divinum
791 1571 934 1606 cultum
954 1570 1141 1619 pertinent
1161 1569 1355 1618 dispositio
1377 1569 1470 1606 divi-

411 1637 481 1661 nae
502 1624 762 1672 providentiae
782 1623 1015 1660 immutatur.
1029 1645 1052 1651 —
1069 1624 1176 1659 Haec
1195 1631 1324 1659 autem
1341 1622 1470 1658 omnia

411 1678 450 1714 in
469 1677 597 1714 Primo
619 1677 735 1714 Libro
755 1676 776 1698 '¹⁵
803 1676 1018 1725 improbata
1046 1683 1143 1713 sunt.
1174 1677 1222 1712 Et
1240 1676 1327 1713 ideo
1357 1687 1469 1723 opor-

411 1738 462 1767 tet
490 1731 542 1766 sic
562 1730 741 1767 inducere
771 1729 952 1766 orationis
975 1729 1171 1766 utilitatem
1200 1736 1240 1765 ut
1268 1740 1394 1776 neque
1414 1741 1470 1764 re-
1495 1770 1496 1778 ἵ

411 1785 482 1820 bus
510 1783 697 1830 humanis,
719 1782 870 1819 divinae
898 1781 1162 1830 providentiae
1189 1781 1379 1828 subiectis,
1407 1793 1471 1818 ne-

412 1836 623 1873 cessitatem
644 1837 906 1884 imponamus;
932 1847 1056 1884 neque
1073 1835 1186 1871 etiam
1207 1834 1375 1871 divinam
1397 1834 1470 1871 dis-
1494 1868 1496 1875 ,

410 1890 638 1938 positionem
667 1888 887 1925 mutabilem
919 1888 1175 1924 aestimemus.

463 1943 524 1980 Ad
552 1941 663 1978 huius
692 1954 782 1989 ergo
804 1940 1044 1988 evidentiam,
1067 1939 1390 1977 considerandum
1415 1947 1471 1976 est

411 1995 517 2043 quod
547 2007 591 2031 ex
620 1994 749 2032 divina
776 1993 1016 2042 providentia
1045 2005 1123 2030 non
1149 1993 1274 2030 solum
1303 1991 1471 2040 disponi-

410 2056 471 2084 tur
499 2047 562 2096 qui
591 2047 748 2084 effectus
776 2047 881 2093 fiant,
903 2047 969 2083 sed
999 2046 1112 2083 etiam
1141 2057 1187 2082 ex
1215 2044 1354 2093 quibus
1384 2058 1471 2082 cau·
1495 2061 1497 2092 ÷

412 2100 461 2137 sis
490 2108 526 2136 et
554 2112 630 2148 quo
661 2100 795 2137 ordine
823 2099 1064 2148 proveniant.
1095 2100 1195 2135 Inter
1223 2098 1313 2135 alias
1341 2105 1470 2135 autem

462 2216 489 2249 γ)
514 2215 632 2247 Oportet.
644 2229 662 2234 -
679 2222 784 2247 semper
802 2215 900 2239 addunt
919 2215 985 2239 PsK.

1528 565 1684 618 effectus
1718 568 1930 604 secundum
1969 567 2143 604 ordinem
2173 580 2195 604 a
2227 569 2312 604 Deo
2347 567 2585 616 dispositum.

1527 620 1576 655 Et
1602 619 1706 655 idem
1736 619 1849 656 etiam
1879 628 1934 656 est
1961 620 1999 656 in
2027 620 2261 657 naturalibus
2294 620 2428 657 causis.
2465 621 2515 657 Et
2541 621 2588 658 si-

1526 671 1612 707 mile
1643 680 1698 708 est
1726 672 1840 709 etiam
1870 673 1917 710 de
1951 673 2133 710 oratione.
2173 674 2264 710 Non
2294 673 2396 710 enim
2431 681 2588 722 propter

1525 725 1600 761 hoc
1628 736 1783 761 oramus
1815 733 1857 761 ut
1886 726 2054 763 divinam
2094 726 2382 774 dispositionem
2409 726 2587 763 immute-

1526 789 1633 813 mus:
1663 777 1730 813 sed
1759 785 1800 813 ut
1827 778 1864 814 id
1899 778 2145 827 impetremus
2178 779 2283 827 quod
2320 780 2426 816 Deus
2459 779 2586 828 dispo-

1526 830 1597 866 suit
1623 842 1692 878 per
1729 830 1921 866 orationes
1955 839 2173 868 sanctorum
2208 844 2290 868 esse
2327 831 2585 880 implendum;

1525 891 1566 919 ut
1595 883 1734 919 scilicet
1762 883 1939 919 homines
1970 884 2196 931 postulando
2237 890 2455 922 mereantur
2489 885 2586 922 acci-

1498 935 1499 938 ’
1519 948 1613 984 pere
1641 937 1741 984 quod
1768 937 1819 972 eis
1841 936 2072 984 omnipotens
2100 937 2203 973 Deus
2222 943 2309 973 ante
2334 938 2486 974 saecula
2514 939 2585 975 dis-

1498 1015 1499 1018 *
1519 989 1647 1038 posuit
1672 990 1825 1034 donare,
1847 996 1888 1025 ut
1916 989 2123 1036 Gregorius
2148 989 2247 1036 dicit,
2263 990 2302 1026 in
2329 990 2426 1027 libro
2454 991 2585 1028 Dialo-

1524 1054 1664 1092 gorum
1683 1041 1715 1078 ²¹⁵.

1578 1098 1636 1131 An
1666 1106 1803 1131 PRIMUM
1840 1106 1938 1131 ERGO
1968 1106 2152 1131 DICENDUM
2190 1094 2296 1143 quod
2323 1106 2403 1131 non
2437 1102 2492 1132 est
2519 1107 2585 1132 ne-

1526 1147 1733 1184 cessarium
1771 1160 1842 1184 nos
1870 1148 1955 1184 Deo
1993 1159 2125 1195 preces
2160 1147 2353 1196 porrigere
2381 1155 2423 1184 ut
2456 1147 2489 1184 ei
2517 1159 2586 1184 no-

1525 1207 1619 1237 stras
1638 1200 1862 1247 indigentias
1889 1201 1951 1237 vel
1972 1200 2155 1237 desideria
2179 1201 2486 1238 manifestemus:
2517 1201 2585 1237 sed

1523 1260 1565 1288 ut
1592 1253 1736 1301 nosipsi
1764 1252 2050 1289 consideremus
2087 1253 2126 1290 in
2154 1253 2212 1290 his
2241 1255 2287 1290 ad
2317 1253 2489 1290 divinum
2519 1265 2585 1290 au-

1523 1305 1656 1341 xilium
1687 1317 1769 1341 esse
1798 1305 2082 1342 recurrendum.

1577 1360 1635 1394 An
1655 1369 1846 1394 SECUNDUM
1865 1369 2050 1395 DICENDUM
2070 1358 2187 1406 quod,
2209 1358 2303 1394 sicut
2323 1358 2466 1395 dictum
2482 1366 2539 1395 est
2551 1357 2583 1406 ³⁸,

1524 1410 1644 1447 oratio
1683 1417 1811 1446 nostra
1843 1422 1921 1446 non
1959 1410 2154 1447 ordinatur
2191 1411 2239 1447 ad
2276 1411 2584 1448 immutationem

1524 1463 1675 1500 divinae
1714 1463 1991 1511 dispositionis:
2022 1464 2088 1500 sed
2121 1470 2161 1499 ut
2198 1463 2412 1500 obtineatur
2448 1464 2585 1501 nostris

1496 1516 1497 1521 ’
1522 1516 1699 1565 precibus
1727 1517 1830 1564 quod
1860 1517 1966 1553 Deus
1996 1515 2192 1564 disposuit.

1575 1570 1634 1606 AD
1662 1580 1823 1606 TERTIUM
1850 1581 2034 1606 chENDUM
2063 1569 2169 1617 quod
2197 1569 2303 1605 Deus
2323 1570 2442 1605 multa
2470 1569 2584 1607 nobis

1523 1629 1688 1671 praestat
1716 1634 1762 1658 ex
1781 1634 1850 1658 sua
1868 1622 2087 1658 liberalitate
2108 1622 2222 1658 etiam
2247 1634 2326 1658 non
2349 1621 2476 1670 petita.
2507 1621 2585 1660 Sed

1523 1675 1628 1724 quod
1656 1675 1782 1722 aliqua
1800 1675 1881 1712 vult
1910 1682 2099 1723 praestare
2120 1675 2231 1711 nobis
2259 1675 2485 1723 petentibus,
2510 1675 2586 1712 hoc

1523 1736 1579 1764 est
1605 1735 1762 1777 propter
1790 1735 1959 1764 nostram
1996 1728 2212 1764 utilitatem:
2243 1735 2284 1764 ut
2311 1727 2451 1764 scilicet
2487 1727 2585 1766 fidu-

1495 1783 1496 1795 *
1522 1781 1621 1818 ciam
1650 1780 1844 1828 quandam
1874 1781 2106 1829 accipiamus
2126 1779 2346 1818 recurrendi
2374 1781 2422 1818 ad
2441 1782 2583 1829 Deum,

1523 1842 1559 1870 et
1587 1841 1628 1870 ut
1646 1845 1968 1881 recognoscamus
1997 1845 2086 1870 eum
2115 1846 2198 1870 esse
2217 1834 2410 1870 bonorum
2435 1841 2583 1871 nostro-

1494 1909 1496 1938 i
1523 1899 1608 1924 rum
1635 1894 1844 1923 auctorem.
1878 1887 1989 1924 Unde
2017 1887 2316 1934 Chrysostomus
2350 1886 2454 1923 dicit:
2488 1888 2586 1924 Con-

1495 1954 1496 1987 ]
1519 1940 1643 1977 sidera
1672 1945 1813 1988 quanta
1850 1945 1904 1976 est
1929 1939 1996 1975 tibi
2030 1951 2206 1976 concessa
2227 1939 2413 1987 felicitas,
2442 1945 2584 1988 quanta

1495 1997 1496 2038 j
1520 1993 1647 2042 gloria
1675 1993 1873 2029 attributa:
1902 1992 2133 2029 orationibus
2149 1991 2330 2041 fabulari
2364 2003 2450 2029 cum
2478 1993 2584 2039 Deo,

1522 2058 1608 2082 cum
1639 2045 1784 2082 Christo
1813 2046 1969 2082 miscere
1987 2045 2186 2094 colloquia,
2207 2050 2338 2093 optare
2355 2045 2456 2094 quod
2481 2045 2584 2092 velis,

1495 2121 1497 2138 1
1523 2099 1624 2147 quod
1649 2099 1839 2135 desideras
1861 2098 2066 2146 postulare.

1077 2292 1408 2324 Commenta-ria
1431 2291 1682 2323 Oardinalis
1703 2291 1904 2324 Caietani

442 2382 461 2402 N
478 2372 609 2402 articulo
626 2371 765 2402 secundo
781 2371 882 2401 multa
901 2377 1004 2400 essent
1024 2369 1166 2406 dicenda,
1191 2370 1216 2400 si
1241 2370 1371 2400 materia
1394 2370 1472 2400 haec

415 2385 479 2447 lex
501 2416 622 2455 integro
639 2415 806 2455 repetenda
830 2421 920 2445 esset.
945 2414 1007 2445 Sed
1022 2414 1177 2455 quoniam
1201 2414 1233 2444 in
1249 2414 1356 2444 Primo
1373 2413 1470 2444 Libro

412 2461 450 2491 de
466 2459 747 2500 praedestinatione
763 2465 794 2489 et
809 2458 1005 2498 providentia
1022 2458 1095 2488 satis
1112 2458 1232 2488 dictum
1248 2465 1294 2489 est
1308 2457 1334 2494 *‚
1352 2464 1382 2488 et
1397 2458 1470 2488 inde

412 2505 488 2535 haec
504 2504 651 2544 pendent,
667 2503 894 2534 transeundum
919 2509 965 2532 est
987 2502 1019 2532 in
1041 2502 1102 2532 hoc
1124 2501 1237 2532 morali
1254 2511 1360 2542 opere.
1384 2501 1471 2532 Con-

412 2549 511 2580 sidera
534 2555 659 2583 tamen‚
684 2554 714 2577 et
737 2547 879 2582 attende,
905 2552 1022 2586 quanta
1045 2552 1177 2586 agantur
1200 2545 1369 2576 Christiani
1393 2546 1470 2576 stul-

411 2593 497 2629 titia,
522 2592 578 2633 qui
600 2591 632 2621 in
657 2591 764 2622 ceteris
789 2590 948 2621 effectibus
974 2590 1078 2620 media
1101 2597 1212 2620 natura
1236 2597 1290 2620 aut
1313 2596 1378 2620 arte
1402 2599 1470 2629 spe-

411 2637 484 2667 ratis
517 2641 670 2666 conantur
706 2642 741 2666 ut
772 2634 894 2665 mediae
928 2634 1136 2665 adhibeantur
1165 2643 1295 2669 causae,
1326 2633 1470 2674 alioquin

412 2687 539 2711 censent
560 2689 675 2710 vanam
703 2689 769 2709 esse
799 2678 1064 2719 expectationem;
1094 2678 1127 2708 in
1152 2678 1333 2708 orationum
1362 2684 1470 2708 autem

411 2724 563 2755 fructibus
586 2723 791 2763 procurandis
815 2722 989 2758 somniant,
1019 2729 1171 2762 tanquam
1203 2721 1361 2752 orationes
1391 2721 1470 2752 inter

412 2779 520 2799 causas
544 2778 609 2798 non
633 2767 704 2803 sint,
729 2773 783 2797 aut
804 2767 884 2797 inter
907 2772 1043 2797 remotas
1063 2767 1154 2796 valde
1170 2766 1241 2796 sint.
1267 2766 1341 2803 Quo
1365 2764 1399 2796 fit
1422 2773 1467 2802 ut,

412 2812 604 2842 somniantes
627 2811 659 2841 in
684 2811 793 2847 causis,
819 2811 863 2840 nil
887 2810 1098 2850 percipiamus
1121 2810 1153 2840 in
1177 2809 1341 2840 fructibus.

467 2857 501 2886 In
517 2855 722 2896 responsione
738 2855 777 2885 ad
793 2855 921 2885 tertium
937 2854 1079 2885 eiusdem
1094 2854 1225 2890 articuli,
1240 2854 1365 2884 adverte
1381 2853 1469 2894 quod

412 2903 541 2936 Auctor,
565 2899 641 2940 quia
663 2899 696 2929 in
720 2909 852 2939 corpore
875 2898 995 2929 articuli
1018 2898 1192 2928 reddiderat
1215 2908 1342 2928 causam
1367 2907 1469 2927 essen-

1521 2370 1629 2400 tialem
1652 2370 1844 2401 necessitatis
1860 2370 2012 2401 orationis
2036 2371 2213 2401 secundum
2229 2371 2376 2401 ordinem
2399 2371 2522 2402 divinae
2537 2381 2587 2402 sa-

1522 2413 1656 2454 pientiae
1680 2421 1711 2445 et
1733 2415 1965 2455 providentiae:
1991 2421 2027 2446 ut
2049 2415 2176 2451 scilicet,
2196 2415 2278 2446 sicut
2300 2414 2459 2455 disposuit
2476 2415 2585 2446 multi-

1521 2457 1637 2498 plicare
1660 2458 1807 2489 homines
1831 2459 1938 2490 medio
1962 2466 2034 2490 actu
2057 2459 2278 2499 generationis,
2302 2465 2333 2489 et
2355 2458 2497 2490 triticum
2521 2469 2586 2490 me·

1521 2501 1626 2532 diante
1650 2502 1771 2532 semine
1795 2513 1830 2533 ac
1854 2503 1985 2540 cultura,
2011 2509 2041 2533 et
2065 2503 2180 2533 domos
2203 2502 2362 2533 mediante
2378 2502 2495 2533 artifice
2510 2512 2585 2534 cum

1521 2552 1569 2576 tot
1592 2546 1714 2582 mediis,
1738 2546 1781 2577 ita
1805 2547 1963 2587 disposuit
1985 2546 2164 2577 multorum
2186 2547 2320 2578 salutem
2343 2553 2374 2577 et
2395 2547 2517 2577 multos
2540 2547 2585 2578 ef-

1521 2589 1621 2620 fectus
1643 2589 1763 2620 efficere
1777 2591 1936 2621 mediante
1951 2590 2094 2621 oratione
2117 2591 2304 2632 reliquoque
2320 2590 2428 2621 divino
2445 2591 2548 2622 cultu:
2563 2608 2585 2614 -

1521 2634 1597 2664 haec
1613 2640 1660 2664 est
1682 2644 1755 2664 vera
1778 2641 1809 2665 et
1830 2635 2000 2666 essentialis
2017 2635 2096 2665 ratio
2112 2635 2239 2666 reddita-
2248 2635 2281 2665 in
2298 2644 2432 2675 corpore
2447 2635 2584 2666 articuli:

1521 2688 1619 2718 quarn
1640 2678 1715 2718 quia
1730 2678 1915 2715 reddiderat,
1934 2689 2019 2709 nunc
2034 2679 2234 2709 secundarias
2249 2679 2501 2720 accessoriasque
2516 2680 2586 2710 red-

1522 2722 1568 2752 dit
1591 2732 1627 2752 ex
1650 2729 1736 2762 parte
1761 2722 1874 2753 nostri:
1906 2723 1939 2753 in
1963 2723 2139 2759 intellectu,
2165 2730 2200 2754 ut
2224 2733 2455 2763 cognoscamus
2478 2723 2586 2763 ipsum

1523 2775 1589 2796 esse
1612 2768 1786 2796 Auctorem
1809 2767 1848 2796 ad
1872 2777 1969 2807 quem
1992 2767 2032 2797 sit
2055 2767 2322 2807 confugiendum;
2355 2767 2388 2797 in
2411 2767 2585 2804 voluntate,

1523 2816 1558 2840 ut
1580 2809 1730 2840 fiduciam
1753 2810 1926 2841 habeamus
1950 2811 2128 2841 recurrendi
2152 2812 2191 2841 ad
2214 2811 2334 2851 ipsum;
2358 2811 2391 2841 in
2407 2819 2528 2848 natura,
2551 2818 2587 2842 ut

1522 2853 1762 2893 magnificemur
1778 2854 1810 2885 in
1826 2855 1888 2885 hoc
1908 2856 1997 2895 quod
2014 2865 2088 2886 cum
2105 2865 2143 2885 eo
2158 2855 2333 2896 loquimur,
2351 2865 2586 2892 conversamur,

1523 2897 1671 2934 detimus,
1689 2905 1747 2929 etc.

1209 3048 1527 3091 ARTICULUS
1556 3048 1785 3091 TERTIUS

1063 3142 1219 3172 UTRUM
1243 3141 1409 3172 ORATIO
1434 3142 1500 3172 srr
1523 3142 1668 3173 AcTth
1690 3141 1933 3173 RELlGlONIS

1190 3218 1224 3243 Iv
1244 3219 1327 3249 Sent„
1347 3219 1407 3244 dist.
1425 3226 1465 3249 xv,
1485 3227 1529 3251 qu.
1548 3226 1582 3248 1v,
1601 3223 1648 3244 art.
1671 3226 1692 3250 1,
1712 3218 1762 3251 qu*
1782 3226 1806 3244 2.

449 3317 457 3340 >
501 3320 506 3331 ι
529 3318 568 3340 k„

441 3324 509 3366 stiffi(
533 3340 537 3346 “

433 3408 436 3413 .
447 3346 543 3410 Δ

493 3421 541 3438 *V

435 3410 561 3486 &aaz

471 3474 482 3490 „-
505 3480 512 3482 .
528 3481 535 3484 .
546 3465 569 3491 ι)

553 3384 614 3450 »με

583 3449 615 3492 k

627 3405 740 3451 enim,
763 3416 851 3441 cum
879 3403 925 3440 sit
946 3415 1034 3452 pars
1062 3402 1236 3450 iustitiae,
1258 3410 1313 3440 est
1339 3403 1379 3440 in
1405 3415 1474 3439 vo·
1498 3415 1499 3434 1

628 3458 767 3494 luntate
805 3456 901 3493 sicut
937 3456 976 3492 in
1011 3456 1194 3492 subiecto.
1239 3456 1314 3493 Sed
1352 3456 1472 3492 Oratio
1527 3463 1601 3492 tate
1637 3457 1840 3505 praecepti.
1884 3457 1960 3494 Sed
1995 3457 2116 3494 Oratio
2153 3469 2232 3494 non
2263 3457 2415 3494 videtur
2449 3457 2584 3495 cadere

418 3509 577 3557 pertinet
605 3511 652 3546 ad
680 3517 826 3558 partem
854 3508 1133 3555 intellectivam,
1162 3516 1202 3545 ut
1232 3521 1276 3544 ex
1304 3508 1473 3556 supradi-

569 3345 574 3351 ί
625 3311 647 3336 n
667 3310 827 3339 TERTIUM
847 3309 900 3335 sm
920 3309 1160 3334 PROCEDITUR.
1181 3298 1339 3334 Videtur
1367 3298 1472 3345 quod
1497 3297 1499 3342 ζ
1526 3291 1736 3346 religionis,
1766 3298 1834 3335 sed
1867 3298 1959 3335 doni
1986 3299 2216 3348 intellectus,
2246 3312 2315 3350 per
2341 3299 2448 3349 quod
2474 3306 2586 3338 mens

544 3343 603 3395 Ὦ
627 3351 745 3389 oratio
774 3363 853 3388 non
881 3350 926 3387 sit
953 3358 1060 3387 actus
1087 3349 1289 3397 religionis.
1326 3350 1472 3398 Religio
1497 3359 1499 3387 I
1527 3350 1696 3387 ascendit
1723 3350 1761 3387 in
1789 3352 1928 3388 Deum.

1498 3392 1499 3412 ¹
1581 3415 1616 3440 2.
1637 3405 1878 3451 PRAETEREA,
1908 3411 2012 3441 actus
2040 3404 2169 3442 latriae
2198 3405 2298 3442 cadit
2324 3405 2395 3442 sub
2423 3405 2586 3442 necessi—

1528 3509 1598 3545 sub
1627 3509 1847 3546 necessitate
1875 3510 2078 3558 praecepti,
2100 3511 2167 3547 sed
2196 3522 2241 3547 ex
2261 3522 2366 3547 mera
2389 3511 2584 3548 voluntate

420 3561 486 3598 ctis
504 3561 523 3583 ’¹‘
551 3569 663 3609 patet.
694 3563 795 3609 Ergo
824 3562 943 3598 oratio
972 3574 1051 3598 non
1079 3561 1229 3599 videtur
1258 3573 1339 3598 esse
1368 3569 1472 3598 actus
1526 3563 1755 3610 procedere:
1786 3574 1873 3599 cum
1902 3562 1994 3599 nihil
2023 3562 2125 3600 aliud
2153 3562 2198 3599 sit
2225 3574 2341 3612 quam
2377 3563 2586 3601 volitorum

2611 1043 2623 1055 ·
2629 1043 2681 1065 Lib.
2689 1043 2708 1070 I,
2714 1048 2823 1072 capam.

2613 1361 2622 1370 ⁸
2634 1359 2661 1381 In
2674 1365 2783 1387 corpore.
