2860 4244
2 54 14 86 ⁴i
21 71 25 75 .

0 119 16 167 j.

885 209 1152 256 QUAEsrlo
1182 211 1393 258 Lxxx1x,
1422 189 1718 248 ARTicu'Lus
1749 213 1762 247 1

240 288 371 325 monio
400 287 473 324 Dei
510 287 563 324 uti
600 288 676 324 iam
706 288 813 335 dato,
843 287 948 337 quod
976 288 1019 324 fit
1047 300 1134 324 cum
1164 289 1297 337 aliquis

239 340 500 377 auctoritatem
529 353 657 378 sacrae
687 341 901 389 Scripturae
930 340 1093 377 inducit:
1133 348 1168 377 et
1195 342 1297 378 aliud

240 401 296 430 est
331 393 590 430 testimonium
619 394 690 430 Dei
719 394 922 442 implorare
959 401 1000 429 ut
1028 393 1296 442 exhibendum,

239 446 346 494 quod
373 446 416 483 fit
443 446 482 482 in
509 446 735 483 iuramento.

292 501 351 535 AD
370 511 560 536 SECUNDUM
579 510 763 536 DICENDUM
783 499 887 547 quod
907 498 1041 536 dicitur
1059 498 1193 547 aliquis
1215 499 1298 536 red-
1323 499 1326 504 ’

239 551 331 588 dere
344 551 557 588 iuramenta
570 552 655 588 Deo
672 563 717 588 ex
736 553 810 588 hoc
824 551 928 599 quod
943 551 1075 599 implet
1089 551 1177 589 illud
1194 552 1298 600 quod

239 604 346 641 iurat.
374 605 445 641 Vel
474 604 563 652 quia
590 604 628 640 in
647 605 722 640 hoc
750 603 834 652 ipso
854 604 959 652 quod
987 604 1141 641 invocat
1169 606 1297 641 Deum

238 664 372 694 testem
393 661 417 704 ⁸,
447 656 685 704 recognoscit
703 668 793 693 eum
812 657 954 693 habere
973 657 1148 694 omniurn
1171 657 1298 706 cogni-

238 709 384 747 tionem
414 716 450 745 et
476 708 710 746 infallibilem
739 709 951 764 veritatem.

290 763 349 798 An
363 773 524 799 TERTmM
540 773 725 799 mcENDUM
739 762 844 810 quod
863 762 1020 799 alicuius
1039 762 1297 799 testimonium

237 813 439 852 invocatur
457 814 506 851 ad
534 815 609 851 hoc
628 815 733 863 quod
752 815 856 852 testis
879 815 1080 853 invocatus
1098 815 1299 852 veritatem

238 866 453 904 manifestet
485 867 584 904 circa
613 880 657 904 ea
685 880 782 917 quae
812 868 997 905 dicuntur.
1035 869 1142 904 Deus
1170 875 1298 904 autem

238 919 453 958 manifestat
480 932 528 957 an
555 933 693 958 verum
722 921 768 957 sit
787 921 890 969 quod
919 921 1064 967 dicitur,
1090 919 1298 969 dupliciter.

237 972 325 1010 Uno
354 973 485 1020 modo,
515 973 731 1022 simpliciter
759 974 966 1011 revelando
991 973 1209 1010 veritatem:
1237 973 1298 1010 vel

290 1085 311 1120 ε)
332 1090 434 1113 testem.
447 1101 465 1106 —
483 1087 510 1112 in
531 1090 622 1113 testem
642 1087 671 1112 P.

2333 215 2406 260 273

1351 301 1420 338 per
1447 289 1633 326 internam
1662 289 1966 338 inspirationem;
1996 291 2057 326 vel
2087 290 2199 326 etiarn
2227 303 2296 339 per
2325 292 2410 327 facti

1353 342 1670 389 denudationem,
1701 343 1793 379 dum
1829 343 1968 380 scilicet
2002 343 2176 391 producit
2217 343 2255 380 in
2288 344 2411 392 publi-

1353 407 1440 431 cum
1462 407 1506 431 ea
1530 407 1629 442 quae
1651 403 1756 432 erant
1775 397 1933 432 occulta.
1962 396 2047 432 Alio
2077 396 2207 443 modo,
2228 409 2296 444 per
2319 409 2410 445 poe-

1352 459 1442 484 nam
1470 447 1704 484 mentientis:
1735 456 1771 485 et
1798 457 1888 486 tunc
1916 449 2028 485 simul
2058 456 2113 485 est
2148 449 2260 486 iudex
2290 457 2326 486 et
2358 457 2411 486 te-

1352 500 1436 588 {ltis3
1468 500 1558 536 dum
1587 501 1780 548 puniendo
1807 502 2034 539 mendacem
2063 502 2277 539 manifestat
2305 514 2411 539 men-

1379 564 1517 589 acium.

1406 605 1455 640 Et
1482 604 1569 641 ideo
1599 606 1738 654 duplex
1767 615 1822 644 est
1851 608 1987 644 modus
2016 607 2172 645 iurandi.
2202 608 2310 646 Unus
2330 608 2411 657 qui-

1352 657 1441 694 dem
1461 669 1530 705 per
1548 658 1758 707 simplicem
1777 660 1850 696 Dei
1868 661 2188 698 contestationem.-
2207 661 2303 698 sicut
2322 673 2410 698 cum

1353 709 1487 757 aliquis
1508 710 1608 758 dicit,
1627 712 1694 748 Est
1711 713 1805 749 mihi
1819 714 1920 749 Deus
1939 714 2054 758 testis;
2072 714 2146 761 vel,
2172 714 2312 751 Coram
2327 715 2410 751 Deo

1353 762 1510 810 loquor‚·
1535 764 1609 810 vel,
1638 765 1712 801 Per
1734 766 1871 812 Deum,
1901 766 2004 814 quod
2033 766 2134 803 idem
2162 774 2228 814 est,
2257 774 2298 804 ut
2325 766 2412 804 dicit

1352 815 1586 862 Augustinus
1605 816 1636 853 ²¹⁵.
1657 838 1680 845 -
1709 817 1814 854 Alius
1838 819 1976 856 modus
1995 819 2143 857 iurandi
2162 827 2216 856 est
2235 832 2304 868 per
2326 832 2411 857 exe-

1353 868 1578 905 emtionem.-
1607 869 1700 907 dum
1719 870 1860 907 scilicet
1886 872 2018 920 aliquis
2038 884 2090 919 se,
2110 873 2172 909 vel
2201 872 2343 920 aliquid
2363 873 2412 910 ad

1353 932 1393 956 se
1421 921 1634 968 pertinenS‚
1665 923 1713 959 ad
1741 935 1908 971 poenam
1938 924 2079 972 obligat
2106 925 2176 961 nisi
2204 925 2250 962 sit
2275 938 2412 963 verum

1354 973 1459 1021 quod
1488 973 1623 1010 dicitur
1646 974 1669 1011 t,

1401 1086 1426 1119 ζ)
1447 1088 1554 1113 dicitur.
1567 1102 1586 1107 -
1605 1089 1671 1114 dicit
1690 1089 1718 1113 Ρ.

910 1182 1241 1216 Commentariis.
1265 1182 1515 1217 Cardinalis
1538 1184 1738 1217 Caietam·

265 1291 287 1312 n
310 1280 442 1312 articulo
472 1280 577 1321 primo
596 1280 791 1321 quaestionis
818 1280 1134 1331 octogesimaenonae
1163 1280 1298 1311 dubium

239 1292 413 1361 Ioccurrk,
437 1334 478 1355 an
500 1324 716 1355 iuramentum
739 1325 950 1365 distinguatur
965 1325 1069 1365 specie
1092 1335 1166 1355 cum
1189 1325 1299 1355 distin-

234 1369 344 1410 guitur
365 1378 423 1409 per
436 1368 640 1399 assertorium
662 1369 713 1399 vel
736 1369 997 1409 promissorium.
1022 1376 1053 1400 et
1067 1368 1210 1399 similiter
1225 1379 1299 1399 cum

235 1413 453 1456 digg'uguitur
465 1421 522 1454 per
545 1411 724 1453 simplicem
754 1413 1016 1444 contestationem
1047 1420 1078 1443 et
1099 1423 1156 1453 per
1178 1423 1299 1444 execra-

209 1481 216 1488 .
235 1457 399 1491 tionem*.
430 1457 472 1488 Et
493 1457 573 1488 ratio
597 1457 685 1488 dubii
709 1464 770 1494 est,
794 1457 903 1498 quoad
932 1457 1070 1507 primam
1099 1457 1298 1493 divisionem,

236 1501 410 1535 differentia
430 1501 512 1532 inter
533 1501 739 1532 assertionem
755 1508 786 1532 et
800 1501 1056 1542 promissionem.
1075 1519 1095 1523 —
1111 1501 1229 1538 Quoad
1252 1511 1299 1532 se-

237 1546 381 1577 cundum
402 1555 488 1582 vero,
512 1551 583 1576 tum
605 1546 682 1587 quia
703 1545 791 1576 Deus
813 1545 847 1575 in
869 1545 1064 1576 execratione
1095 1545 1190 1575 habet
1211 1545 1244 1575 in
1266 1555 1299 1575 se

236 1600 303 1622 non
326 1590 433 1621 solum
456 1589 552 1626 testis,
577 1590 632 1620 sed
654 1589 767 1620 iudicis
789 1589 956 1628 rationem,
981 1595 1016 1620 ut
1038 1589 1071 1619 in
1094 1589 1300 1630 responsione
1326 1613 1327 1629 3

235 1635 278 1667 ad
297 1634 428 1666 tertium
449 1633 552 1665 littera
570 1633 654 1665 dicit.
679 1634 768 1664 Tum
783 1633 859 1674 quia
882 1633 1053 1664 assumitur
1071 1633 1251 1664 maledictio
1267 1633 1300 1663 in

235 1678 447 1714 metatione,
471 1678 550 1708 dum
573 1677 699 1709 dicitur:
723 1679 842 1709 Puniat
863 1688 914 1709 me
932 1678 1023 1708 Deus
1041 1679 1073 1708 in
1088 1678 1148 1708 hoc
1163 1678 1214 1709 vel
1232 1678 1298 1708 illo.

290 1722 344 1754 Ad
365 1722 428 1753 hoc
451 1721 564 1753 dicitur
577 1722 667 1764 quod
691 1721 881 1753 differentiae
897 1722 1030 1753 alicuius
1046 1722 1203 1758 dicuntur,
1227 1731 1300 1762 pro-

235 1765 304 1811 prie
318 1765 492 1808 loquendo,
509 1766 595 1797 solae
609 1766 682 1798 illae
695 1776 777 1808 quae
790 1773 864 1797 sunt
880 1765 1070 1798 differentiae
1086 1776 1142 1806 per
1157 1776 1200 1797 se.
1217 1766 1301 1797 Nam

236 1808 427 1842 differentiae
450 1819 506 1850 per
522 1810 666 1842 accidens
682 1810 855 1842 accidentia
878 1817 953 1841 sunt
975 1817 1118 1851 respectu
1141 1810 1226 1841 illius
1250 1810 1301 1841 cui

235 1861 312 1887 sunt
333 1864 390 1896 per
405 1854 559 1891 accidens,
575 1855 721 1896 quamvis
744 1855 807 1885 sint
825 1865 881 1895 per
895 1864 929 1885 se
945 1854 1136 1885 differentiae
1159 1854 1301 1885 alterius:

236 1905 283 1936 ut,
305 1898 333 1930 si
354 1898 588 1939 distinguamus
611 1899 729 1930 animal
752 1909 808 1939 per
830 1899 940 1930 album
955 1905 987 1930 et
1002 1899 1138 1939 nigrum,
1155 1905 1230 1929 sunt
1243 1898 1301 1929 dif-

235 1942 384 1977 ferentiae
399 1953 455 1984 per
471 1943 615 1974 accidens
631 1943 787 1980 animalis,
803 1953 886 1984 quae
901 1950 1008 1974 tamen
1024 1950 1098 1974 sunt
1113 1943 1302 1974 differentiae

235 1997 293 2030 per
321 1997 355 2019 se
377 1987 504 2020 coloris.
536 1988 571 2018 In
595 1987 763 2029 proposito
786 1997 878 2027 ergo,
903 1997 978 2018 cum
1000 1987 1104 2018 iurare
1134 1987 1174 2018 sit
1196 1987 1302 2018 Deum

233 2031 269 2073 in
286 2038 400 2063 testem
422 2032 609 2072 producere,
630 2042 743 2063 omnes
765 2032 877 2062 allatae
893 2031 1084 2062 differentiae
1104 2031 1304 2062 materialiter

236 2082 268 2109 et
297 2086 354 2117 per
376 2075 519 2107 accidens
549 2086 582 2107 se
605 2076 722 2108 habent
752 2077 792 2106 ad
814 2075 874 2106 Dei
905 2075 1169 2109 testificationem.
1205 2076 1303 2113 Quod

235 2119 323 2152 enim
344 2120 432 2151 Deus
454 2126 586 2151 testetur
608 2131 704 2161 supra
726 2121 907 2161 praeterito,
930 2120 1086 2160 praesenti
1109 2120 1160 2151 vel
1182 2120 1301 2156 futuro,

235 2165 277 2196 ad
303 2164 467 2196 materiam
497 2165 671 2196 testimonii
703 2171 832 2205 spectat.
862 2165 905 2195 Et
927 2164 1071 2195 similiter
1097 2165 1186 2205 quod
1214 2165 1302 2195 Deus

235 2215 367 2242 testetur
381 2208 518 2249 simplici
533 2209 798 2246 manifestatione,
812 2209 863 2240 vel
878 2209 1133 2239 manifestatione
1148 2208 1302 2249 punitiva,

235 2263 303 2285 non
325 2253 366 2284 ad
389 2259 534 2284 naturam
565 2260 685 2293 spectat
714 2253 904 2290 testimonii,
934 2253 989 2283 sed
1018 2252 1174 2284 effectum.
1209 2253 1302 2284 Unde

237 2297 326 2328 nulla
348 2304 478 2338 apparet
500 2297 645 2338 specifica
669 2298 829 2329 distinctio
852 2297 886 2328 in
909 2297 1100 2328 iuramento.

291 2341 334 2372 Et
346 2341 419 2372 licet
433 2341 649 2372 iuramentum
665 2352 732 2373 non
748 2342 960 2382 distinguatur
973 2341 1088 2382 specie,
1101 2340 1180 2371 nihil
1194 2347 1301 2372 tamen

223 2385 384 2427 ,prohibet
406 2386 506 2426 quod,
530 2386 651 2417 utendo
675 2386 742 2417 aliis
766 2386 931 2427 speciebus
955 2385 1127 2416 moralium
1149 2385 1302 2415 vitiorum

234 2430 287 2461 vel
308 2429 473 2466 virtutum,
497 2430 531 2460 in
554 2431 672 2461 multas
693 2430 887 2461 diffundatur
902 2430 1033 2470 species,
1057 2440 1095 2460 eo
1119 2429 1219 2460 modo
1235 2439 1301 2470 quo

236 2483 302 2507 una
317 2473 437 2515 species
456 2474 593 2515 imperat
607 2475 706 2511 alteri,
723 2475 901 2505 ordinando
923 2474 1013 2504 illam
1028 2474 1062 2504 in
1077 2473 1175 2504 finem
1194 2484 1301 2510 suum,

236 2517 328 2555 sicut,
344 2528 420 2549 cum
434 2519 507 2560 quis
525 2518 720 2550 adulteratur
735 2526 771 2550 ut
786 2518 919 2555 occidat,
936 2518 1147 2548 homicidium
1169 2518 1303 2558 imperat

236 2562 403 2595 adulterio.
434 2563 508 2594 Hoc
531 2563 617 2594 enim
640 2563 739 2594 modo
769 2563 985 2594 iuramentum
1013 2562 1149 2602 imperat
1171 2561 1302 2592 maledi-

235 2606 333 2639 ctioni
359 2607 437 2638 dum
460 2606 495 2638 fit
517 2617 574 2647 per
597 2607 843 2638 execrationem:
868 2617 943 2638 nam
966 2607 1096 2648 quando
1115 2606 1187 2647 quis
1210 2606 1302 2642 iurat,

235 2650 328 2683 Deus
348 2661 400 2682 me
422 2651 545 2682 occidat
566 2653 595 2682 si
618 2661 681 2682 non
705 2657 752 2683 est
774 2653 832 2690 sic,
856 2659 927 2687 aut,
958 2653 988 2682 si
1011 2661 1073 2681 non
1087 2650 1224 2692 fecero,
1258 2650 1302 2680 sic

235 2694 345 2727 iurans
374 2695 629 2726 maledictionem
652 2696 701 2726 sui
724 2697 831 2737 quoad
854 2696 954 2726 vitam
981 2695 1114 2726 assumit
1143 2695 1183 2725 ad
1204 2694 1302 2724 finem

235 2739 421 2776 iuramenti,
445 2740 501 2780 qui
525 2747 572 2771 est
595 2739 772 2771 testificatio
795 2740 912 2771 divina.
946 2740 986 2770 Et
1008 2739 1095 2770 iuxta
1123 2738 1302 2779 specificam

236 2783 477 2816 multitudinem
506 2784 769 2815 maledictionum
798 2790 1005 2815 assumuntur
1034 2783 1154 2814 multae
1183 2782 1302 2823 species

237 2828 278 2859 ad
300 2828 439 2858 eundem
461 2827 568 2859 finem.
592 2828 685 2859 Unde
708 2835 794 2868 patet
809 2828 899 2869 quod
921 2828 1136 2858 iuramentum
1158 2836 1215 2866 per
1234 2836 1302 2857 exe-

237 2872 423 2908 crationem,
447 2872 578 2912 quando
601 2871 720 2903 scilicet
741 2872 781 2902 ad
804 2882 943 2912 poenam
966 2881 999 2902 se
1019 2871 1139 2911 obligat
1161 2870 1232 2911 quis
1254 2870 1301 2900 iu-

237 2916 348 2952 rando,
372 2916 429 2947 etsi
452 2925 519 2946 non
542 2916 752 2955 distinguatur
767 2916 871 2957 specie
895 2915 1071 2946 secundum
1094 2921 1241 2945 naturam
1257 2914 1302 2944 iu-

237 2959 380 2996 ramenti,
405 2959 609 3000 distinguitur
629 2967 737 2991 tamen
753 2970 810 3000 per
825 2959 968 2991 accidens
991 2959 1024 2989 in
1044 2959 1161 2990 multas
1181 2958 1301 2999 species

238 3004 417 3035 secundum
438 3010 586 3034 naturam
609 3004 765 3045 assumpti
788 3004 864 3035 mali
886 3004 919 3034 in
943 3013 1092 3044 poenam.

296 3048 433 3078 Adverte
464 3054 571 3079 tamen
598 3049 689 3089 quod
717 3048 933 3079 iuramentum
961 3047 1081 3078 factum
1110 3046 1301 3077 assumendo

238 3091 493 3123 benedictionem
515 3101 574 3132 pro
597 3092 851 3123 manifestatione
874 3091 1056 3128 testimonii,
1080 3091 1166 3122 verbi
1192 3091 1301 3131 gratia,

238 3136 370 3168 Faciam
394 3137 464 3174 hoc,
487 3136 548 3173 vel,
571 3136 626 3167 Sic
641 3142 707 3168 est:
730 3138 774 3168 ita
790 3138 881 3168 Deus
903 3146 954 3167 me
973 3135 1113 3173 adiuvet,
1138 3142 1168 3166 et
1191 3134 1301 3165 huius-

239 3180 338 3217 modi,
362 3190 428 3211 non
446 3187 504 3218 est,
528 3190 564 3211 ex
582 3181 613 3211 vi
635 3181 816 3218 verborum,
840 3190 897 3222 per
912 3179 1153 3216 execrationem,
1169 3180 1224 3210 sed
1246 3189 1302 3219 per

384 3513 493 3538 Suum
511 3513 613 3537 Tar-zor.
634 3512 663 3536 D.
677 3511 791 3536 Tamus
809 3511 842 3535 T.
860 3511 902 3536 Vl.

1351 1281 1616 1312 contestationem
1632 1281 1691 1312 Dei
1714 1282 1747 1312 in
1763 1281 1875 1313 effectu
1892 1282 1978 1319 boni,
2001 1282 2118 1314 scilicet
2137 1282 2284 1314 adiutorii
2308 1284 2416 1315 divini,

1352 1325 1472 1362 salutis,
1489 1325 1583 1364 vitae,
1605 1333 1636 1357 et
1651 1326 1853 1356 huiusmodi:
1878 1327 1985 1357 solum
2004 1327 2090 1357 enim
2105 1326 2185 1357 illud
2201 1327 2416 1359 iuramentum

1352 1370 1442 1410 quod
1465 1370 1540 1400 mali
1565 1377 1715 1400 eventum
1738 1370 1870 1401 assumit
1892 1371 1925 1401 in
1942 1370 2230 1402 manifestationem
2253 1371 2351 1402 divini
2372 1380 2417 1403 te-

1352 1413 1494 1444 stimonii
1517 1424 1573 1454 per
1589 1414 1819 1445 execrationem
1840 1422 1895 1451 est,
1913 1415 2091 1446 secundum
2106 1416 2209 1446 verba.
2235 1416 2296 1446 Sed
2317 1426 2416 1457 quan-

1352 1464 1423 1488 tum
1437 1458 1477 1487 ad
1493 1468 1632 1493 sensum,
1649 1458 1724 1498 quia
1746 1459 1832 1489 testis
1854 1459 1894 1489 ad
1910 1466 2078 1500 utramque
2093 1466 2215 1499 partem
2231 1460 2323 1491 debet
2338 1470 2415 1497 esse,

1353 1501 1598 1541 subintelligitur
1628 1502 1799 1539 execratio,
1825 1503 1957 1533 scilicet:
1990 1503 2025 1533 Si
2053 1513 2115 1534 non
2139 1509 2186 1534 est
2211 1505 2269 1542 sic,
2294 1512 2357 1541 aut,
2381 1505 2418 1535 Si

1354 1555 1417 1576 non
1431 1545 1560 1586 fecero,
1584 1546 1674 1577 Deus
1699 1557 1761 1577 non
1785 1557 1835 1576 me
1858 1547 1997 1577 adiuvet.

1409 1589 1460 1619 Ad
1489 1590 1522 1620 id
1545 1596 1653 1620 autem
1677 1591 1765 1631 quod
1795 1591 1957 1621 obiectum
1980 1598 2041 1627 est,
2071 1592 2160 1631 quod
2183 1592 2270 1622 Deus
2293 1592 2326 1622 in
2349 1602 2416 1623 exe-

1354 1633 1492 1664 cratione
1516 1640 1563 1664 est
1585 1634 1680 1664 etiam
1703 1634 1807 1671 iudex,
1825 1634 1880 1675 qui
1904 1635 2006 1665 differt
2028 1635 2131 1675 specie
2147 1646 2166 1666 a
2181 1642 2267 1672 teste,
2288 1646 2416 1676 respon-

1355 1678 1447 1708 detur
1461 1678 1494 1708 in
1516 1678 1618 1709 littera
1633 1677 1664 1708 *:
1690 1678 1807 1709 scilicet
1822 1679 1911 1719 quod
1935 1678 2077 1709 officium
2099 1679 2211 1710 iudicis
2225 1680 2258 1710 in
2281 1680 2416 1711 iurando

1353 1722 1544 1762 imploratur
1567 1722 1625 1752 sub
1649 1722 1769 1753 ratione
1793 1723 1889 1759 testis,
1912 1723 2066 1763 quoniam
2088 1723 2278 1764 imploratur
2293 1725 2333 1754 ad
2356 1724 2418 1755 hoc

1355 1766 1481 1806 punitio
1505 1773 1541 1798 ut
1564 1773 1704 1797 testetur.
1729 1767 1803 1798 Ideo
1826 1767 1921 1797 iudex
1944 1777 2010 1797 non
2038 1767 2098 1797 nisi
2121 1767 2320 1798 materialiter
2342 1778 2417 1799 con-

1356 1810 1462 1841 currit.
1496 1811 1537 1841 Et
1567 1818 1734 1852 propterea
1763 1811 1796 1841 in
1825 1811 1928 1842 littera
1958 1811 2158 1842 concluditur
2181 1813 2270 1853 quod
2299 1812 2416 1849 iurare,

1355 1854 1571 1885 universaliter
1594 1855 1776 1895 loquendo,
1801 1862 1847 1886 est
1869 1855 1975 1886 Deum
2005 1855 2039 1885 in
2062 1862 2175 1886 testem
2204 1856 2418 1887 exhibendum

1355 1899 1513 1931 invocare.

1412 1943 1498 1974 Cum
1520 1942 1569 1973 his
1585 1949 1702 1981 tamen,
1719 1942 1797 1974 scito
1814 1944 1902 1984 quod
1927 1943 2089 1983 periurans
2108 1945 2282 1975 execrando
2300 1954 2359 1984 pro
2379 1955 2417 1975 eo

1355 1988 1444 2028 quod
1464 1987 1561 2018 credit
1574 1987 1775 2027 punitionem
1792 1997 1890 2028 quam
1915 1987 2046 2018 assumit
2062 1998 2127 2018 non
2144 1989 2335 2025 adfuturam,
2351 1999 2418 2020 non

1355 2031 1484 2062 incurrit
1507 2032 1647 2062 duorum
1669 2031 1821 2062 vitiorum
1837 2031 2080 2068 deformitatem,
2105 2032 2222 2063 scilicet
2243 2033 2371 2073 periurii
2388 2040 2419 2064 et

1355 2075 1585 2106 maledictionis
1600 2075 1680 2112 talis,
1693 2082 1771 2116 puta
1785 2076 1966 2106 homicidii:
1990 2076 2064 2117 quia
2080 2076 2336 2107 maledictionem
2351 2087 2418 2108 non

1355 2119 1414 2150 sibi
1430 2130 1467 2150 ex
1483 2120 1576 2150 corde
1592 2120 1793 2159 imprecatur,
1813 2121 1868 2151 sed
1885 2120 1945 2150 soli
1961 2120 2031 2150 Deo
2050 2120 2200 2151 iniuriam
2223 2121 2305 2158 facit,
2325 2128 2417 2152 utens

1356 2174 1395 2194 eo
1419 2170 1455 2194 ut
1478 2170 1556 2194 teste
1579 2163 1732 2195 falsitatis.

1411 2208 1448 2239 11.
1474 2208 1508 2238 In
1532 2208 1740 2249 responsione
1764 2209 1804 2238 ad
1827 2208 1955 2239 tertium
1978 2208 2121 2239 eiusdem
2144 2208 2275 2245 articuli,
2292 2209 2417 2240 adverte

1355 2253 1444 2293 quod
1460 2252 1647 2283 huiusmodi
1662 2252 1851 2289 locutiones,
1867 2253 1958 2283 Deus
1975 2254 2045 2290 scit,
2066 2253 2184 2284 Coram
2200 2253 2270 2283 Deo
2293 2254 2418 2294 loquor,

1356 2304 1386 2328 et
1409 2296 1605 2333 huiusmodi,
1630 2303 1766 2337 possunt
1789 2297 1956 2337 dupliciter
1977 2297 2123 2337 intelligi:
2152 2296 2299 2328 scilicet'
2291 2308 2417 2328 invoca—

1355 2340 1427 2377 tive,
1452 2341 1502 2371 vel
1525 2341 1729 2372 enuntiative.
1760 2341 1938 2372 Sumuntur
1961 2351 2100 2382 namque
2127 2341 2304 2372 invocative
2331 2352 2417 2372 com-

1356 2384 1494 2415 muniter
1506 2377 1635 2426 quando
1650 2385 1856 2416 inducuntur.
1862 2385 1902 2415 ad
1917 2384 2173 2415 confirmandum
2185 2385 2274 2426 quod
2291 2385 2417 2416 dicitur:

1356 2436 1387 2459 et
1409 2436 1485 2460 tunc
1509 2429 1626 2460 habent
1639 2429 1795 2460 rationem
1809 2429 1988 2460 iuramenti.
2013 2429 2191 2460 Sumuntur
2205 2436 2312 2460 autern
2331 2440 2418 2460 com-

1356 2473 1494 2504 muniter
1517 2483 1595 2513 pure
1620 2473 1813 2504 enuntiative
1836 2474 1966 2514 quando
1990 2483 2047 2513 per
2068 2474 2204 2504 modum
2232 2474 2418 2505 narrationis

1355 2517 1432 2548 haec
1456 2517 1615 2548 dicuntur.
1645 2518 1686 2548 Et
1715 2517 1777 2548 hoc
1805 2517 1985 2558 frequenter
2007 2517 2119 2548 accidit
2149 2518 2197 2548 his
2220 2518 2276 2558 qui
2304 2519 2419 2550 nolunt

1355 2562 1457 2592 iurare
1473 2562 1513 2591 ad
1527 2561 1783 2592 confirmandum
1799 2562 1880 2592 dicta
1896 2572 1962 2598 sua,
1978 2562 2033 2592 sed
2047 2562 2203 2592 remittere
2219 2562 2259 2592 ad
2275 2562 2419 2593 divinum

1355 2605 1510 2636 iudicium
1526 2613 1556 2636 et
1568 2606 1708 2636 futuram
1720 2606 1827 2642 vitam,
1845 2606 1899 2636 ubi
1915 2606 2023 2636 omnia
2039 2613 2131 2636 erunt
2146 2606 2261 2646 palam.
2282 2607 2323 2637 Et
2338 2617 2418 2648 quo-

1356 2650 1443 2680 niam
1465 2651 1559 2680 verba
1583 2660 1619 2680 ex
1642 2649 1819 2681 intentione
1842 2657 1872 2680 et
1895 2650 2002 2680 animo
2026 2650 2212 2690 proferentis
2235 2658 2416 2690 pensantur,

1355 2694 1439 2730 ideo,
1464 2701 1604 2725 cessante
1627 2694 1703 2724 dolo
1728 2701 1758 2724 et
1774 2694 1966 2734 praeiudicio
1983 2694 2223 2734 cuiuscumque,
2248 2694 2273 2724 si
2293 2695 2416 2735 aliquis,

1356 2748 1420 2768 non
1437 2738 1604 2768 intendens
1619 2738 1731 2774 iurare,
1748 2739 1803 2768 sed
1819 2739 1926 2768 solum
1941 2738 2114 2777 exprimere
2130 2739 2219 2778 quod
2241 2738 2308 2778 ipse
2324 2739 2418 2770 habet

1356 2782 1582 2813 conscientiam
1605 2789 1722 2812 rectam
1744 2782 1776 2812 in
1799 2782 1862 2812 hoc
1885 2789 1915 2812 et
1938 2782 2044 2812 Deum
2066 2792 2140 2822 prae
2163 2782 2264 2812 oculis
2294 2782 2327 2812 in
2350 2793 2415 2813 non

1357 2826 1558 2862 mentiendo,
1589 2826 1687 2862 dicat,
1716 2826 1807 2857 Deus
1837 2826 1921 2857 videt
1949 2826 2033 2866 quod
2069 2826 2139 2856 dico
2172 2827 2354 2864 veritatem,
2387 2834 2418 2858 et

1356 2869 1480 2906 similia,
1503 2880 1570 2900 non
1594 2876 1640 2900 est
1662 2869 1893 2900 iuramentum:
1919 2869 1994 2910 quia
2017 2879 2083 2900 non
2106 2876 2152 2900 est
2175 2870 2334 2901 invocatio
2356 2871 2414 2901 Dei

1355 2914 1388 2944 in
1418 2920 1547 2950 testem,
1572 2914 1627 2944 sed
1657 2913 1789 2954 simplex
1819 2914 1994 2944 enuntiatio
2023 2914 2112 2954 quod
2142 2914 2228 2945 Deus
2258 2914 2320 2945 hoc
2348 2915 2415 2951 scit,

1355 2958 1444 2998 quod
1467 2958 1554 2988 Deus
1570 2958 1665 2996 videt,
1687 2958 1776 2999 quod
1799 2967 1859 2998 ego
1882 2958 2001 2998 loquor
2019 2968 2127 2988 coram
2149 2958 2230 2995 Deo,
2255 2965 2286 2989 et
2307 2959 2416 2989 huius-

1355 3002 1455 3033 modi.
1478 3001 1519 3032 Et
1542 3008 1709 3042 propterea
1731 3008 1876 3034 notanter
1891 3002 2005 3034 dicitur
2026 3002 2060 3033 in
2082 3003 2184 3033 littera
2203 3003 2293 3044 quod
2315 3003 2416 3033 iurare

1356 3053 1402 3077 est
1430 3047 1581 3077 invocare
1603 3046 1708 3076 Deum
1740 3047 1771 3076 in
1796 3051 1928 3077 testem:
1959 3053 1990 3077 et
2019 3056 2084 3077 non
2116 3046 2230 3077 dicitur
2252 3048 2340 3087 quod
2371 3054 2417 3078 est

1356 3100 1496 3121 narrare
1517 3091 1623 3121 Deum
1648 3099 1716 3121 esse
1738 3095 1857 3121 testem.
1882 3091 1918 3120 In
1937 3090 2055 3121 iudicio
2078 3098 2195 3127 autem,
2220 3098 2251 3121 et
2273 3091 2305 3120 in
2329 3101 2415 3131 prae-

1354 3134 1565 3170 iudicialibus,
1582 3141 1710 3174 oportet
1725 3135 1765 3165 ad
1781 3144 1986 3175 communem
2003 3135 2199 3166 intellectum
2218 3135 2416 3165 audientium

1355 3178 1518 3219 respicere,
1543 3188 1582 3209 ne
1606 3185 1734 3210 erretur.
1806 3173 1828 3199 ‘-

1411 3329 1463 3336 m

2241 3509 2271 3534 35

2439 834 2449 844 ¹
2469 833 2505 855 cf.
2523 839 2570 860 arg.
2589 832 2639 854 Sed

2439 862 2530 881 contra.

2444 1686 2455 1697 ⁸
2468 1685 2536 1714 Καρ.
2551 1686 2579 1707 ad
2593 1692 2614 1714 3.
