2860 4244
139 830 201 852 Intro

137 2153 170 2180 (x,
186 2158 244 2174 vers.
260 2152 299 2180 17).

139 2394 149 2404 ⁸
164 2394 189 2416 S.
199 2393 245 2415 Th.
264 2394 315 2416 lect.
333 2400 348 2415 ι.

138 2653 148 2663 ¹·
156 2652 212 2700 effi.
219 2658 299 2679 vI,n.1‚
308 2658 346 2674 2.-

138 2678 162 2701 S.
210 2694 215 2700 .
230 2680 282 2701 lect.
296 2685 328 2701 xx.

138 2868 148 2878 ⁸
163 2867 190 2890 D.
205 2868 254 2896 758.

380 257 449 294 192

1028 240 1292 289 QUAESTIO
1322 240 1534 287 LXXXIII,
1563 240 1856 277 ARTICULUS
1886 240 1900 275 I

814 465 1221 543 QUAESTIO
1269 461 2106 519 OCTOGESIMATERTIA

1197 584 1238 623 D
1252 584 1290 623 E
1334 583 1372 623 o
1386 583 1426 623 R
1438 583 1480 623 A
1491 583 1557 622 TI
1572 582 1610 621 o
1625 582 1666 622 N
1677 583 1715 622 E

1061 696 1095 721 IN
1123 696 1243 721 DECEM
1271 696 1318 721 ET
1346 696 1483 721 SEPTEM
1511 694 1712 720 ARTICULOS
1739 694 1855 720 DIVISA

140 805 149 814 ⁸
189 819 194 825 -
203 809 246 851 3111-
261 808 348 829 mxu,
460 804 566 830 EINDE
595 791 915 829 considerandum
945 799 1000 827 est
1028 791 1075 827 de
1105 790 1276 827 oratione
1295 790 1324 826 ²¹⁶.

220 845 225 851 ’
378 806 508 887 DEt
537 845 632 882 circa
661 846 736 882 hoc
773 851 1005 893 quaeruntur
1035 843 1168 881 decem
1198 852 1234 880 et
1270 851 1429 892 septem.
1458 872 1459 894 ἶ

406 899 579 937 Ῥτίῐῑιοε
610 905 737 935 utrum
757 898 878 934 oratio
907 897 952 934 sit
977 904 1081 934 actus
1110 896 1339 945 appetitivae
1358 895 1432 932 vir·

481 952 580 997 tutis,
601 952 662 988 vel
691 951 914 998 cognitivae.

417 1004 629 1042 Secundo:
658 1011 785 1041 utrum
816 1003 1047 1040 conveniens
1076 1002 1121 1039 sit
1149 1014 1258 1038 orare
1279 1007 1307 1038 α.

429 1057 581 1095 Tertio:
610 1064 737 1094 utrum
767 1057 886 1094 oratio
916 1055 961 1092 sit
990 1063 1094 1092 actus
1121 1054 1324 1102 religionis.

430 1112 596 1158 Quarto:
627 1118 753 1147 utrum
783 1111 886 1146 solus
914 1110 1020 1145 Deus
1049 1109 1094 1145 sit
1123 1107 1300 1144 orandus.

423 1164 594 1211 Quinto:
623 1171 751 1200 utrum
788 1163 826 1199 in
855 1161 1024 1199 oratione
1054 1161 1099 1197 sit
1134 1160 1275 1208 aliquid
1313 1160 1433 1196 deter-

483 1216 622 1253 minate
650 1215 870 1265 petendum.

432 1271 566 1306 Sexto:
604 1277 731 1306 utrum
770 1267 915 1304 orando
958 1266 1169 1302 debeamus
1208 1263 1434 1312 temporalia

511 1329 622 1358 etere.

431 1334 624 1422 Segtimo:
652 1380 778 1409 utrum
805 1384 875 1420 pro
905 1370 984 1407 aliis
1013 1382 1121 1407 orare
1157 1370 1378 1406 debeamus.

430 1428 599 1464 Octavo:
628 1433 755 1463 utrum
785 1424 995 1461 debeamus
1021 1435 1130 1460 orare
1158 1435 1228 1471 pro
1258 1421 1430 1458 inimicis.

428 1481 567 1516 Nono:
597 1480 644 1515 de
673 1486 819 1527 septem
857 1476 1100 1525 petitionibus
1130 1475 1320 1512 Orationis
1353 1476 1431 1512 Do-

482 1544 655 1568 minicae.

1457 790 1459 795 '
1505 811 1510 819 κ
1537 789 1720 826 Decimo:
1750 795 1876 825 utrum
1904 801 2013 825 orare
2048 789 2094 825 sit
2121 789 2319 838 proprium
2355 789 2544 827 rationalis

1593 853 1795 883 creaturae.

1521 903 1775 941 'Undecimoz
1805 910 1932 939 utrum
1971 902 2088 938 sancti
2116 902 2154 939 in
2182 903 2302 951 patria
2337 911 2445 941 orent
2473 917 2543 953 pro

1591 960 1714 997 nobis.

1539 1017 1802 1054 Duodecimo:
1840 1023 1968 1053 utrum
2011 1016 2131 1053 oratio
2176 1015 2312 1053 debeat
2355 1028 2436 1053 esse
2475 1030 2544 1055 vo-

1595 1075 1693 1111 calis.

1540 1131 1846 1168 Tertiodecimo:
1883 1138 2010 1167 utrum
2054 1129 2208 1166 attentio
2251 1129 2462 1178 requiratur
2497 1131 2546 1168 ad

1594 1189 1817 1225 orationem.

1541 1245 1862 1292 Quartodecimox
1891 1251 2018 1280 utrum
2048 1244 2169 1281 oratio
2191 1244 2328 1281 debeat
2357 1257 2439 1281 esse
2467 1244 2547 1281 diu-

1592 1310 1714 1338 turna.

1513 1365 1520 1379 ⁸
1540 1358 1858 1406 Quintodecimo:
1886 1365 2015 1394 utrum
2036 1357 2155 1394 oratio
2176 1358 2222 1394 sit
2251 1358 2384 1395 efficax
2409 1358 2457 1396 ad
2476 1357 2547 1395 im-

1592 1415 1820 1464 petrandum
1849 1414 1954 1464 quod
1981 1413 2118 1462 petitur
2137 1413 2168 1449 ²¹⁸.

1514 1497 1519 1504 ·
1541 1472 1829 1509 Sextodecimo:
1858 1479 1987 1508 utrum
2015 1470 2060 1508 sit
2088 1464 2281 1508 meritoria
2298 1470 2329 1508 ²¹⁶.

1538 1525 1885 1574 Septimodecimo:
1917 1524 1964 1561 de
1993 1524 2191 1573 speciebus
2220 1523 2411 1561 orationis.

2574 1418 2586 1430 ⁸
2599 1417 2636 1440 Cf.
2650 1420 2692 1439 nrt.
2707 1417 2741 1439 16.

2576 1479 2588 1490 ¹*
2600 1478 2637 1500 Cf.
2651 1482 2692 1501 nrt.
2709 1484 2738 1506 ¹⁵-

1186 1646 1502 1688 ARTICULUS
1535 1645 1739 1686 PRIMUS

896 1739 1050 1770 UTRUM
1075 1705 1240 1769 ORATIO
1265 1738 1331 1768 SIT
1354 1737 1497 1768 ACTUS
1520 1736 1806 1767 APPETITIVAE
1830 1735 2033 1767 VIRTUTIS

1153 1817 1187 1841 IV
1207 1817 1288 1847 Sent„
1310 1816 1369 1841 dist.
1386 1824 1427 1847 XV,
1447 1824 1492 1848 qu.
1509 1823 1543 1845 lv.
1563 1820 1609 1840 art.
1633 1823 1653 1844 x,
1669 1814 1718 1847 qu⁸
1741 1823 1763 1839 1.

398 1923 467 1975 3145(
490 1942 506 1957 N,
520 1931 551 1960 ζ.
566 1928 569 1932 -
586 1920 608 1944 1)
636 1919 773 1944 PRIMUM
802 1919 854 1943 SIC
883 1917 1123 1943 PROCEDrrUR.
1144 1905 1303 1942 Videtur
1326 1904 1431 1953 quod

403 1957 455 2021 §J
511 1959 562 2021 ’ζῇ
587 1961 705 1997 oratio
722 1960 767 1996 sit
786 1968 891 1997 aetus
911 1958 1139 2007 appetitivae
1155 1958 1314 1995 virtutis.
1336 1958 1431 1994 Ora-

390 2043 406 2073 ᾖ
429 2001 815 2061 ·,w,²r2511‹2msenim
831 2019 886 2049 est
905 2011 1082 2049 exaudiri.
1105 2012 1181 2048 Sed
1202 2010 1432 2048 desiderium

377 2225 521 2263 derium
561 2233 615 2261 est
649 2232 753 2262 actus
791 2224 1021 2273 appetitivae
1056 2223 1216 2261 virtutis.
1260 2224 1361 2271 Ergo
1399 2230 1434 2259 et

377 2285 508 2315 oratio.

432 2342 466 2367 2.
488 2331 720 2377 PRAETEREA,
737 2330 942 2378 Dionysius
959 2329 1057 2376 dicit,
1074 2329 1112 2365 in
1132 2341 1166 2365 111
1189 2341 1270 2377 cap.
1287 2329 1332 2365 de
1346 2329 1432 2365 Div.

375 2384 492 2421 Nom.
509 2382 547 2419 *ε
568 2384 665 2420 Ante
684 2385 810 2420 omnia
826 2384 874 2419 ab
894 2383 1064 2419 oratione
1083 2383 1246 2431 incipere
1264 2388 1316 2418 est
1335 2382 1432 2428 utile,

375 2437 469 2473 sicut
486 2437 569 2472 Deo
598 2437 763 2485 nosipsos
782 2437 966 2472 tradentes
985 2441 1021 2471 et
1040 2436 1216 2472 unientes.
1247 2435 1322 2471 Sed
1342 2435 1433 2471 unio

377 2490 424 2526 ad
452 2490 580 2525 Deum
609 2502 678 2537 per
705 2501 878 2525 amorem
908 2489 968 2535 fit,
996 2489 1060 2537 qui
1088 2488 1249 2536 pertinet
1277 2488 1325 2524 ad
1352 2487 1433 2524 vim

376 2542 634 2591 appetitivam.
657 2543 757 2589 Ergo
779 2541 899 2578 oratio
921 2543 968 2579 ad
988 2542 1068 2578 vim
1084 2540 1329 2589 appetitivam
1350 2553 1433 2589 per-

376 2595 479 2632 tinet.

431 2649 464 2685 3.
486 2648 720 2694 PRAETEREA,
741 2646 1010 2694 Philosophus,
1030 2646 1070 2683 in
1099 2647 1148 2682 III
1169 2647 1214 2683 de
1241 2646 1381 2682 Anima
1401 2645 1432 2693 ²¹⁸,

375 2700 482 2749 ponit
510 2700 604 2737 duas
634 2700 874 2748 operationes
906 2699 1154 2736 intellectivae
1178 2699 1315 2748 partis:
1345 2711 1435 2747 qua-

376 2766 459 2790 rurn
495 2753 619 2802 prima
656 2760 711 2790 est
751 2753 1028 2790 indivisibilium
1066 2752 1327 2802 intelligentia,
1357 2763 1435 2800 'per

376 2818 492 2855 quam
513 2806 651 2844 scilicet
670 2805 993 2854 apprehendimus
1015 2805 1061 2842 de
1086 2817 1322 2854 unoquoque
1344 2805 1435 2853 quid
1460 2833 1461 2836 η

376 2867 450 2905 est3
482 2859 648 2896 secunda
666 2871 761 2896 vero
783 2866 838 2896 est
863 2858 1078 2907 compositio
1098 2864 1134 2894 et
1159 2859 1289 2895 divisio
1309 2857 1340 2904 ²⁸,
1365 2870 1434 2906 per
1460 2866 1461 2884 1

376 2924 491 2961 quam
521 2912 659 2949 scilicet
678 2912 974 2961 apprehenditur
998 2911 1139 2959 aliquid
1165 2923 1248 2948 esse
1271 2911 1333 2948 vel
1354 2923 1433 2947 non
1460 2948 1461 2960 χ

376 2977 470 3001 esse.
501 2965 649 3011 Quibus
681 2965 788 3002 tertia
814 2964 828 2994 β
856 2965 1005 3002 additur
1041 2964 1270 3010 ratiocinari,
1300 2976 1432 3012 proce-

377 3018 502 3054 dendo
532 3017 670 3054 scilicet
698 3018 744 3054 de
774 3018 872 3054 notis
901 3018 949 3054 ad
969 3018 1108 3066 ignota.
1139 3017 1216 3054 Sed
1245 3016 1364 3053 oratio
1386 3017 1433 3054 ad

376 3070 517 3107 nullam
536 3070 690 3107 istarum
710 3071 977 3118 operationum
1000 3070 1202 3107 reducitur.
1232 3070 1334 3117 Ergo
1355 3082 1433 3107 non

377 3131 432 3160 est
460 3130 563 3160 actus
591 3123 841 3159 intellectivae
863 3123 1022 3169 virtutis,
1044 3124 1111 3160 sed
1141 3122 1379 3171 appetitivae.

430 3177 503 3213 SED
532 3187 678 3213 CONTRA
706 3188 772 3212 EST
801 3177 905 3224 quod
943 3176 1109 3212 Isidorus
1139 3175 1244 3222 dicit,
1271 3175 1310 3211 in
1337 3175 1432 3211 libro

161 3235 209 3284 ‘ib-
225 3236 348 3264 X›⁸d1itt-
374 3229 539 3277 Etymol.
560 3228 591 3275 ²¹⁶,
613 3228 717 3276 quod
738 3240 851 3265 orare
879 3229 975 3265 idem
995 3234 1050 3264 est
1075 3229 1176 3276 quod
1192 3228 1325 3264 dicere.
1357 3228 1434 3264 Sed

377 3282 488 3318 dictio
517 3282 679 3330 pertinet
717 3282 765 3318 ad
793 3282 1035 3318 intellectum.
1074 3282 1176 3328 Ergo
1206 3280 1326 3317 oratio
1355 3292 1433 3316 non
1459 3317 1461 3332 Γ

1459 3333 1460 3373 i
1485 3333 1675 3369 titionem:
1706 3333 1919 3369 secundum
1957 3333 2063 3382 quod
2099 3333 2333 3381 Augustinus
2370 3331 2477 3379 dicit,
2507 3331 2545 3368 in
2572 3350 2678 3374 »nab-n.
2706 3349 2783 3372 aev-

378 3342 431 3371 est
459 3342 563 3371 actus
591 3334 819 3383 appetitivae
843 3334 1002 3380 virtutis,
1023 3334 1090 3370 sed
1119 3332 1378 3369 intellectivae.

430 3388 653 3424 RESPONDEO
682 3399 867 3425 DICENDUM
896 3387 1014 3435 quod,
1041 3386 1253 3423 secundum
1283 3385 1431 3422 Cassio-

406 2017 520 2095 iffi'?
541 2057 642 2103 K'est
674 2066 780 2113 quod
809 2065 1006 2102 exauditur
1034 2077 1056 2101 a
1083 2065 1189 2102 Deo:
1220 2063 1432 2101 secundum
1460 2108 1462 2113 ι

137 2126 304 2152 ·Ρε-ικ,νετε·
321 2126 348 2154 38
375 2119 467 2156 illud
494 2119 635 2156 Psalm.
656 2119 695 2155 *ε
724 2119 962 2156 Desiderium
993 2129 1208 2166 pauperum
1243 2117 1434 2153 exaudivit

377 2172 573 2209 Dominus.
604 2173 705 2219 Ergo
735 2172 855 2209 oratio
877 2179 932 2208 est
960 2170 1203 2208 desiderium.
1234 2170 1310 2207 Sed
1339 2170 1433 2206 desi·
1461 2183 1462 2203 I

1458 3408 1460 3427 2
1485 3386 1581 3422 libro
1610 3385 1655 3422 de
1679 3386 1787 3422 Verb.
1808 3386 1921 3422 Dom.
1941 3385 1973 3432 ²¹⁶,
1995 3386 2099 3435 quod
2127 3387 2248 3424 oratio
2272 3385 2399 3434 petitio
2433 3396 2545 3433 quae·
2572 3409 2621 3425 m,

1489 1903 1626 1940 dorum
1641 1903 1672 1951 ²¹⁶,
1692 1903 1812 1940 oratio
1832 1903 1967 1939 dicitur
1985 1902 2095 1950 quasi
2112 1902 2189 1938 oris
2208 1902 2317 1939 ratio.
2349 1902 2460 1939 Ratio
2482 1915 2549 1940 au-
2576 1911 2735 1960 i>⁶i⁰m⁶⁸i
2748 1911 2789 1959 Pin

1487 1964 1564 1993 tem
1585 1956 1816 2005 speculativa
1836 1963 1872 1992 et
1890 1958 2055 2004 practica
2077 1955 2116 1991 in
2139 1955 2214 1991 hoc
2240 1955 2419 1992 differunt
2443 1955 2550 2003 quod
2575 1943 2786 1992 ιῖῗνῖἱίνῖτε-ιῖἶ

1488 2010 1582 2046 ratio
1609 2009 1841 2058 speculativa
1862 2016 1916 2045 est
1944 2008 2223 2057 apprehensiva
2242 2009 2368 2045 solum
2398 2020 2548 2056 rerum;

1488 2063 1583 2099 ratio
1593 2075 1687 2100 vero
1703 2062 1867 2110 practica
1882 2068 1938 2098 est
1952 2074 2030 2098 non
2046 2062 2172 2098 solum
2183 2061 2549 2110 apprehensiva,sed

1489 2116 1602 2153 etiam
1624 2115 1827 2152 causativa.
1862 2115 1931 2151 Est
1950 2122 2078 2151 autem
2099 2114 2238 2163 aliquid
2258 2113 2408 2150 alterius
2434 2126 2549 2152 causa

1489 2168 1697 2217 dupliciter.
1727 2169 1814 2205 Uno
1845 2167 2000 2215 quidem
2029 2168 2162 2215 modo,
2188 2167 2365 2215 perfecte,
2387 2167 2549 2204 necessi-

1487 2229 1604 2259 tatem
1633 2221 1868 2258 inducendo:
1899 2228 1936 2257 et
1966 2222 2042 2258 hoc
2071 2220 2250 2268 contingit
2273 2220 2427 2269 quando
2456 2220 2546 2257 effe-

1461 2280 1463 2300 ἴ
1489 2283 1569 2312 ctus
1597 2274 1759 2311 totaliter
1778 2273 1950 2311 subditur
1967 2274 2145 2323 potestati
2165 2286 2313 2311 causae.
2346 2273 2433 2310 Alio
2452 2285 2546 2311 vero

1488 2328 1628 2375 modo,
1663 2328 1901 2376 imperfecte,
1941 2328 2065 2364 solum
2102 2327 2361 2375 disponendo:
2392 2327 2547 2375 quando

1489 2381 1628 2418 scilicet
1665 2381 1822 2417 effectus
1860 2392 1938 2416 non
1967 2379 2141 2417 subditur
2177 2379 2337 2416 totaliter
2372 2379 2549 2427 potestati

1490 2446 1638 2471 causae.
1679 2434 1740 2470 Sic
1769 2433 1879 2480 igitur
1914 2440 1950 2469 et
1984 2433 2075 2469 ratio
2115 2432 2311 2481 dupliciter
2343 2439 2399 2468 est
2435 2444 2549 2469 causa

1489 2487 1714 2535 aliquorum.
1735 2486 1822 2523 Uno
1843 2485 1999 2534 quidem
2019 2486 2150 2532 modo,
2172 2485 2266 2522 sicut
2284 2484 2548 2522 necessitatem

1488 2540 1708 2588 imponens:
1740 2546 1776 2575 et
1794 2539 1869 2575 hoc
1887 2538 2006 2575 modo
2027 2538 2076 2575 ad
2095 2538 2282 2575 rationem
2302 2538 2462 2587 pertinet
2479 2538 2548 2575 im-

1487 2604 1621 2642 perare
1637 2604 1715 2629 non
1731 2593 1854 2628 solum
1870 2591 2110 2628 inferioribus
2125 2591 2300 2640 potentiis
2317 2598 2353 2628 et
2365 2591 2548 2628 membris

1489 2645 1671 2694 corporis,
1701 2644 1768 2682 sed
1798 2644 1910 2681 etiam
1938 2644 2159 2681 hominibus
2187 2644 2363 2681 subiectis
2387 2649 2414 2691 Υ,
2444 2644 2549 2693 quod
2671 2656 2690 2683 Υ

1488 2699 1643 2746 quidem
1663 2699 1706 2734 fit
1724 2697 1963 2746 imperando.
1988 2697 2074 2734 Alio
2095 2697 2227 2745 modo,
2248 2697 2344 2734 sicut
2363 2696 2548 2734 inducens

1489 2759 1525 2788 et
1553 2750 1843 2800 quodammodo
1873 2750 2100 2799 disponens:
2136 2758 2173 2787 et
2199 2751 2274 2787 hoc
2303 2751 2422 2787 modo
2452 2750 2547 2787 ratio

1486 2804 1579 2853 petit
1606 2804 1746 2852 aliquid
1775 2803 1857 2840 fieri
1877 2804 1925 2840 ab
1952 2803 2010 2840 his
2031 2803 2094 2852 qui
2124 2803 2158 2840 ei
2179 2815 2258 2840 non
2287 2803 2547 2851 subiiciuntur,

1487 2857 1567 2894 sive
1597 2857 1669 2894 sint
1697 2857 1874 2905 aequales
1903 2856 1983 2894 sive
2021 2856 2095 2893 sint
2123 2856 2350 2904 superiores.
2394 2857 2547 2894 Utrum-

1488 2922 1563 2958 que
1578 2917 1706 2947 autem
1726 2910 1878 2956 horum,
1895 2909 2035 2946 scilicet
2054 2909 2244 2958 imperare
2267 2917 2302 2947 et
2321 2916 2449 2958 petere
2468 2909 2550 2947 sive

1488 2963 1703 3012 deprecari,
1740 2962 2018 3000 ordinationem
2054 2964 2249 3011 quandam
2289 2960 2548 3011 importantss:
2671 2961 2686 2987 δ

1486 3024 1600 3065 prout
1637 3016 1777 3053 scilicet
1808 3016 1927 3052 homo
1966 3016 2132 3064 disponit
2160 3015 2302 3064 aliquid
2343 3027 2414 3064 per
2447 3014 2549 3052 aliud

1489 3082 1571 3106 esse
1607 3069 1836 3106 faciendum.
1880 3069 1990 3105 Unde
2028 3068 2218 3117 pertinent
2255 3070 2303 3107 ad
2337 3068 2546 3115 rationem,

1488 3122 1594 3158 cuius
1629 3129 1685 3158 est
1722 3121 1914 3158 ordinare:
1958 3129 2114 3170 propter
2151 3122 2257 3170 quod
2291 3121 2547 3170 Philosophus

1488 3174 1592 3221 dicit,
1622 3174 1660 3211 in
1689 3174 1842 3210 IEthic.
1867 3174 1905 3220 ²⁸,
1935 3175 2039 3222 quod
2068 3173 2119 3211 ad
2149 3175 2290 3222 optima
2326 3175 2548 3223 deprecatur
2572 3183 2783 3233 {effi-qma&

1486 3228 1594 3264 ratio.
1634 3226 1696 3263 Sic
1733 3234 1862 3263 autem
1897 3239 1998 3263 nunc
2036 3226 2230 3275 loquimur
2267 3227 2314 3264 de
2351 3226 2543 3274 oratione,
2590 3225 2597 3232 '
2645 3226 2653 3234 '
2680 3214 2783 3232 Μαι

1485 3287 1599 3328 prout
1627 3279 1811 3327 significat
1839 3279 2032 3328 quandam
2053 3280 2361 3329 deprecationem
2389 3280 2451 3316 vel
2479 3291 2543 3328 pe-

2572 3376 2620 3399 m'v.
2630 3376 2670 3399 lib.
2680 3366 2722 3404 VI,
2730 3381 2782 3404 etp.

429 3508 455 3538 α)
475 3515 563 3533 orare.
576 3523 594 3528 —
614 3509 698 3533 Deum
718 3509 814 3533 addunt
832 3509 877 3533 Pa.

430 3542 454 3575 β)
474 3544 562 3568 tertia.
574 3557 592 3563 -
611 3544 689 3568 tertio
708 3544 737 3568 P.

1539 3508 1564 3540 γ)
1584 3508 1715 3533 subiectis.
1727 3521 1746 3527 -
1764 3512 1790 3532 et
1807 3508 1929 3533 subiectis
1949 3509 1994 3538 Pa,
2014 3516 2052 3533 ex
2069 3508 2192 3534 subiectis
2210 3516 2255 3541 pK-

1539 3542 1562 3575 ὃ)
1583 3543 1738 3574 important.
1751 3557 1770 3562 -
1789 3543 1917 3575 importat
1936 3544 2050 3568 PGHIK.
