2860 4238
1011 181 1276 228 QUAESTIO
1306 182 1409 230 CXI,
1437 183 1731 221 ARTlCULUS
1761 183 1812 220 lV
2420 187 2496 232 433

331 260 565 297 sanctitatem
593 261 746 307 habere,
767 261 835 298 sed
862 262 986 298 solum
1015 268 1166 297 sanctus
1188 273 1383 310 apparere,

330 313 425 350 sicut
444 313 643 350 consuevit
661 313 778 362 accipi
807 313 845 350 in
864 325 970 350 sacra
990 313 1198 362 Scriptura:
1229 314 1281 350 sic
1305 326 1384 350 ma-

330 365 509 402 nifestum
538 373 595 402 est
622 366 727 414 quod
747 373 803 403 est
828 373 1030 414 peccatum
1048 367 1217 403 mortale.
1247 367 1385 403 Nullus

330 418 434 455 enim
461 418 630 467 privatur
656 419 820 457 totaliter
845 418 1040 470 sanctitate
1067 418 1137 457 nisi
1164 431 1233 468 per
1251 431 1386 468 pecca-

330 477 411 507 tum
441 471 613 508 mortale.
923 481 926 483 ’

385 523 424 560 Si
461 531 589 560 autem
622 523 766 560 dicatur
802 523 1000 572 hypocrita
1032 523 1091 559 ille
1129 524 1192 572 qui
1230 524 1387 562 intendit

330 576 507 613 simulare
535 575 781 620 sanctitatem,
803 588 824 612 a
843 587 918 624 qua
947 575 1075 612 deficit
1091 588 1160 624 per
1186 584 1385 625 peccatum

330 629 508 665 mortale:
546 636 655 674 tunc,
683 628 861 676 quamvis
889 628 935 664 sit
961 628 1000 664 in
1027 636 1183 676 peccato
1219 629 1385 676 mortali,

330 693 376 718 ex
403 693 481 729 quo
517 681 688 729 privatur
715 681 928 725 sanctitate;
957 693 1036 718 non
1072 685 1202 718 tamen
1235 694 1387 730 semper

329 733 412 783 ipsa
439 733 627 771 simulatio
656 740 712 770 est
740 733 774 771 ei
794 733 833 770 in
851 739 871 761 η
898 741 1098 782 peccatum
1126 735 1298 782 mortale,
1319 735 1387 772 sed

330 786 562 835 quandoque
590 785 750 824 veniale.
791 786 908 834 Quod
937 786 1230 824 discernendum
1259 794 1314 824 est
1342 799 1387 823 ex

329 839 419 876 fine.
459 838 536 887 Qui
562 838 594 876 si
621 846 823 888 repugnat,
842 839 984 877 caritati
1012 839 1084 877 Dei
1111 840 1174 877 vel
1200 839 1385 888 proximi,

332 891 400 928 erit
430 899 631 941 peccatum
664 892 842 929 mortale:
877 898 969 940 puta
998 904 1086 929 cum
1124 892 1275 929 simulat
1302 904 1386 928 san-

331 944 496 982 ctitatem
524 952 565 981 ut
592 945 725 981 falsam
754 944 965 982 doctrinam
995 945 1229 991 disseminet,
1257 945 1321 983 vel
1346 952 1388 981 ut

384 1108 411 1143 η)
432 1110 468 1134 ἰη.
484 1123 504 1128 -
523 1109 584 1134 Om.
602 1109 678 1134 PDE.
696 1123 714 1128 -
733 1109 782 1135 sed
799 1117 852 1134 om.
871 1110 922 1135 BF.

1438 261 1667 310 adipiscatur
1686 262 1980 300 ecclesiasticam
2001 258 2220 311 dignitatem
2235 263 2420 311 indignus,
2437 265 2499 301 vel

1439 326 1707 362 quaecumque
1736 315 1808 352 alia
1835 316 2060 363 temporalia
2097 316 2199 353 bona
2227 316 2265 353 in
2289 316 2427 365 quibus
2454 316 2497 353 fi-

1440 378 1529 403 nem
1559 367 1759 404 constituit.
1791 367 1831 404 Si
1854 380 1949 405 vero
1978 368 2064 405 finis
2092 368 2256 406 intentus
2284 381 2362 406 non
2390 381 2499 418 repu-

1439 427 1528 467 gnet
1555 419 1715 467 caritati,
1745 420 1814 457 erit
1840 428 2040 469 peccatum
2073 421 2243 458 veniale:
2288 429 2379 470 puta
2413 434 2499 458 curn

1440 471 1572 520 aliquis
1601 472 1639 508 in
1667 473 1747 521 ipsa
1778 473 1934 510 fictione
1972 474 2192 521 delectatur,
2223 474 2270 511 de
2299 487 2376 523 quo
2413 474 2499 511 Phi·-

1439 524 1623 573 losophus
1659 525 1766 572 dicit,
1795 526 1832 562 in
1861 526 1913 562 IV
1939 526 2059 563 Ethic.
2081 528 2120 573 ⁹,
2150 527 2255 574 quod
2287 527 2412 576 magis
2445 527 2500 564 vi·
2526 534 2603 582 ‘Sfaffi

1412 615 1414 630 Ι
1441 577 1548 613 detur
1574 588 1695 614 vanus
1722 589 1835 626 quam
1864 578 1997 615 malus.
2027 579 2175 616 Eadem
2197 579 2297 616 enim
2322 579 2416 616 ratio
2445 587 2500 616 est

1442 629 1489 666 de
1516 630 1718 666 mendacio
1748 638 1784 667 et
1812 631 2064 668 simulatione.

1495 681 1686 729 Contingit
1718 690 1846 720 tamen
1881 684 2112 732 quandoque
2147 685 2250 732 quod
2283 684 2415 733 aliquis
2453 684 2500 721 si-

1441 734 1561 771 mulat
1588 735 1861 782 perfectionem
1891 736 2104 784 sanctitatis,
2134 749 2232 785 quae
2261 749 2340 774 non
2369 745 2424 774 est
2452 737 2499 774 de

1441 786 1664 823 necessitate
1693 788 1832 825 salutis.
1862 789 1911 825 Et
1929 789 2011 826 talis
2031 789 2219 826 simulatio
2248 802 2321 827 nec
2348 801 2500 838 semper

1443 846 1498 876 est
1524 846 1724 928 peccatulm
1752 842 1923 889 mortale,
1944 854 2014 878 nec
2034 853 2185 890 semper
2213 849 2268 879 est
2296 854 2383 879 cum
2411 854 2499 891 pec-

1443 899 1526 928 cato
1556 899 1680 929 morta
1694 905 1718 929 1.

1495 945 1543 981 Et
1571 957 1639 994 per
1667 945 1741 981 hoc
1768 953 1871 994 patet
1900 946 2096 994 responsio
2125 947 2174 984 ad
2202 947 2361 984 obiecta.

475 3481 584 3505 Smuuss
602 3479 703 3504 Tutor.
722 3479 753 3503 D.
773 3478 887 3503 Tnomr.
906 3477 938 3503 T.
956 3478 1000 3504 VI.
1015 3494 1018 3497 ‹

2329 3471 2361 3497 55

2609 539 2737 561 vu,n.1o.-

2604 575 2610 582 .
2625 560 2677 582 lect.
2697 567 2735 582 xv.
