2860 4244
13 2041 37 2111 ἶ

921 235 1187 281 QUAESTIO
1218 235 1336 282 LXII,
1365 236 1661 273 ARTICULUS
1691 237 1721 272 ll

239 307 364 345 illatum
379 314 590 345 mensuranda
606 321 652 345 est
670 313 836 350 restitutio,
852 322 934 353 quae
949 313 989 342 ad
1006 312 1148 342 debiturn
1167 319 1203 342 ut
1226 322 1300 352 pro·
1326 334 1328 338 Α

240 357 346 398 prium
370 358 504 398 respicit.
528 358 570 388 Et
591 365 759 398 propterea
781 357 813 388 in
835 356 936 387 littera
958 356 1071 386 dicitur
1094 357 1182 395 quod
1205 355 1303 395 impe-

241 401 329 432 diens
350 408 475 432 tenetur
498 402 538 432 ad
556 402 719 433 arbitrium
742 401 820 432 boni
833 400 902 436 viri,
918 399 944 430 si
960 409 1025 430 non
1043 406 1108 429 erat
1122 398 1300 429 firmatum:

240 445 317 486 quia
330 455 398 476 non
414 453 478 476 erat
492 455 588 476 suum
604 452 640 476 ut
655 445 834 485 proprium;
853 454 912 474 nec
925 443 978 474 ille
993 443 1156 473 tenebatur
1171 443 1211 472 ad
1227 452 1300 473 con-

239 490 469 520 summandum
496 489 724 520 distributionis
747 495 853 519 actum
878 493 915 518 ut
941 494 1022 517 esset
1049 496 1144 516 suum
1168 493 1203 516 ut
1229 496 1301 526 pro-

239 533 356 573 prium.
377 533 427 564 Sic
443 543 517 572 ergo
532 539 618 573 patet
631 533 719 573 quod
735 541 801 562 non
817 538 862 562 est
878 531 988 561 eadem
1005 531 1042 560 de
1059 537 1206 570 utroque,
1221 530 1301 560 scili-

240 584 289 608 cet
304 577 504 608 distributore
519 583 551 607 et
559 575 765 616 impediente,
782 575 871 606 ratio.
889 574 972 611 Quia
987 574 1163 614 impediens
1179 581 1303 604 tenetur

240 630 277 652 ex
293 620 355 652 hoc
370 620 442 651 solo
459 619 536 660 quia
546 619 714 659 impedivit
731 618 909 658 digniorem
923 628 942 648 a
959 618 1183 648 consecutione
1199 618 1248 648 sui
1267 625 1303 648 ut

241 664 436 699 communis,
460 663 556 694 debiti
579 669 686 694 tamen
709 668 745 693 ut
766 661 855 692 fieret
877 662 936 692 sibi
958 662 1142 702 proprium:
1173 668 1204 692 et
1226 661 1302 702 quia

238 707 480 748 quantomagis
502 706 680 737 distributio
699 712 764 737 erat
787 706 939 746 disposita
958 716 1016 746 pro
1031 716 1081 742 eo,
1098 712 1186 737 tanto
1202 705 1302 745 magis

239 757 305 782 erat
326 760 424 783 suum
446 757 483 781 ut
503 749 680 790 proprium,
704 749 777 780 ideo
802 756 889 781 tanto
913 750 953 780 ad
976 750 1049 790 plus
1071 749 1301 780 restituendum

239 800 373 826 tenetur.
394 793 590 825 Distributor
610 800 719 824 autem
743 803 779 824 ex
802 794 865 824 alio
888 794 990 834 capite
1011 800 1135 824 tenetur
1157 794 1196 823 ad
1219 793 1304 824 resti-

237 838 414 870 tudonem:
437 837 555 869 scilicet
569 847 607 868 ex
621 837 683 868 hoc
705 837 794 878 quod
811 838 976 869 tenebatur
990 838 1030 868 ad
1045 837 1256 868 inchoandam
1273 844 1304 868 et

237 882 524 913 consummandam
547 881 801 912 distributionem
830 882 926 912 huius
947 881 1090 912 beneficii
1113 891 1171 921 pro
1192 881 1265 912 isto.
1281 899 1302 904 -

237 925 280 958 Et
301 925 363 957 nisi
385 925 447 957 hoc
467 932 635 959 asseratur:
646 926 728 965 perit
750 933 861 957 natura
875 925 1082 957 restitutionis
1104 934 1163 964 pro
1179 925 1303 955 damnis

239 969 511 1001 distributionum.
535 969 639 1000 Fieret
653 970 739 1000 enim
758 969 898 1000 melioris
914 968 1104 1000 conditionis
1121 968 1305 999 distributor

238 1013 390 1045 omittens
413 1014 486 1044 dare
509 1013 597 1044 huic:
627 1014 703 1054 quia
725 1024 792 1044 non
815 1019 973 1044 teneretur
994 1013 1156 1043 restituere
1179 1019 1304 1043 tantum

237 1057 314 1089 huic
335 1063 494 1098 quantum
516 1057 681 1088 tenebatur
704 1057 889 1088 distribuere
903 1057 988 1087 huic.
1013 1056 1157 1087 Cessaret
1173 1066 1304 1097 quoque

237 1101 358 1133 iustitia
371 1101 573 1142 querelarum
588 1101 708 1132 civium
727 1100 802 1132 hinc
820 1101 1034 1141 pugnantium
1049 1101 1138 1140 quod
1154 1102 1303 1141 aequalia

239 1155 304 1177 non
327 1145 525 1186 aequalibus,
549 1150 608 1176 aut
629 1145 813 1185 inaequalia
834 1145 1023 1185 aequalibus
1045 1145 1174 1180 dantur,
1200 1151 1236 1175 ut
1258 1145 1303 1175 di-

200 1203 210 1208 ·
239 1189 320 1221 citur
341 1189 375 1221 In
398 1189 427 1221 V
441 1188 592 1220 Emic.*:
615 1195 672 1219 aut
693 1188 848 1219 iniustum
871 1188 934 1219 hoc
956 1198 1022 1219 non
1046 1189 1173 1219 deberet
1195 1189 1233 1219 ad
1257 1189 1304 1220 iu-

231 1239 333 1264 sunm
346 1241 402 1272 per
424 1232 657 1263 restitutionem
679 1232 804 1269 deduci,
828 1239 864 1263 ut
886 1239 982 1273 patet.

293 1276 450 1308 Nomnter
474 1282 583 1307 autem
609 1275 672 1307 dixi
705 1277 794 1317 quod
821 1276 998 1317 impediens
1024 1286 1067 1306 ex
1090 1277 1227 1307 adverso
1255 1286 1304 1308 ve-

229 1329 331 1353 mem
348 1330 420 1351 non
442 1326 566 1361 tenetur
588 1321 626 1351 ad
651 1321 792 1361 aequale.
824 1321 908 1358 Quia
933 1320 1102 1351 consiliarii
1126 1320 1305 1351 distributo-

213 1372 469 1410 Quorum
495 1364 629 1394 consilio
657 1364 841 1396 distributor
867 1365 985 1404 regitur
1011 1365 1043 1394 in
1072 1364 1304 1402 distribuendo,

43 1787 54 1797 ι
66 1779 69 1783 ›
83 1762 215 1851 ἔμω
232 1808 352 1844 W
372 1803 516 1835 ablatum
530 1802 560 1834 *.
578 1819 598 1826 -
616 1803 683 1834 Nec
699 1803 786 1834 fallat
801 1813 844 1840 se,
864 1810 920 1834 aut
942 1803 1122 1833 blandiatur
1137 1803 1195 1833 sibi
1218 1804 1304 1844 quis-

231 1408 435 1441 muminus
463 1413 610 1439 tenentur
639 1408 679 1438 ad
701 1408 933 1439 restituendum
955 1408 1087 1448 aequale
1117 1418 1216 1448 quam
1245 1409 1304 1439 dis-

231 1450 388 1485 tibnwr:
415 1451 492 1492 quia
519 1451 580 1492 ipsi
610 1459 758 1483 tenentur
781 1462 817 1483 ex
841 1451 947 1484 officio
976 1453 1015 1482 ad
1038 1451 1252 1482 inchoandam
1275 1460 1306 1484 et

230 1496 527 1530 mummandam
554 1495 810 1527 distributionem
837 1506 895 1536 pro
919 1496 1082 1536 digniore,
1107 1505 1143 1526 ex
1166 1506 1233 1536 quo
1259 1504 1306 1527 est

232 1548 351 1574 mrum
375 1539 509 1572 consilio
532 1539 711 1571 distributio
734 1539 910 1580 proposita.

244 1590 249 1616 ξ
264 1583 382 1619 ‚naec
394 1590 504 1617 autem
521 1592 604 1624 quae
621 1583 661 1614 de
677 1582 888 1614 distributoris
904 1582 1098 1622 obligatione
1122 1582 1205 1614 dicta
1220 1590 1304 1620 sunt,

231 1627 440 1668 werida
461 1634 536 1658 suut
556 1627 695 1668 ‚quando
724 1627 902 1658 distributio
932 1637 990 1667 pro
1021 1626 1163 1665 digniore
1185 1627 1305 1667 liquida

237 1677 284 1703 est
306 1678 338 1705 et
360 1681 427 1703 non
449 1670 650 1711 impedibilis.
673 1688 694 1694 -
719 1671 758 1702 Et
781 1671 935 1712 quoniam
959 1670 1084 1701 difficile
1107 1678 1153 1701 est
1181 1671 1304 1702 restitu-

218 1715 362 1755 ,Q‘onem
378 1714 482 1747 facere
495 1715 529 1746 in
545 1715 823 1746 distributionibus
835 1714 1074 1750 beneficiorum,
1089 1714 1162 1745 ideo
1178 1722 1307 1746 caveant

231 1756 306 1794 iffi:
320 1758 551 1794 distributores:
575 1759 651 1799 quia
673 1769 736 1790 non
752 1760 926 1790 remittitur
942 1764 1111 1799 peccatum
1137 1760 1198 1790 nisi
1212 1761 1304 1790 resti-

231 1847 335 1889 m·
354 1854 471 1888 putans
494 1847 624 1887 Papam,
639 1854 770 1888 propter
791 1847 1023 1888 plenitudinem
1038 1857 1114 1877 suae
1129 1847 1303 1887 potestatis,

235 1891 439 1930 mactari
461 1890 676 1923 distributivae
698 1891 835 1923 iustitiae
858 1891 980 1931 legibus
1003 1891 1038 1921 in
1060 1890 1218 1922 beneficiis
1241 1892 1303 1923 dis-

232 1934 611 1972 aeh'buendis.,Quoniam
633 1935 751 1966 Paulus
773 1935 960 1976 Apostolus,
978 1934 1028 1966 cui
1044 1935 1226 1966 universalis
1242 1936 1302 1967 Ec-

234 1979 350 2013 clesiae
371 1979 511 2020 regimen
539 1979 749 2010 commissum
772 1986 854 2017 erat,
877 1979 959 2010 sicut
987 1979 1056 2009 aliis
1078 1979 1257 2019 Apostolis‚
1285 1991 1302 2010 a

153 2033 212 2059 αι.
236 2022 378 2060 Christo,
401 2023 445 2055 ait
457 2022 489 2053 ⁴¹¹:
513 2023 567 2054 Sic
581 2033 639 2055 nos
653 2025 811 2055 existimet
832 2024 927 2054 homo
946 2028 982 2054 ut
995 2023 1230 2064 dispensatores
1245 2025 1301 2054 mi-

234 2069 443 2102 nimorum
456 2067 530 2099 Dei.
554 2067 599 2098 Ut
617 2067 852 2108 dispensatores
867 2067 1117 2101 ministeriorum
1133 2067 1219 2104 dixit,
1236 2078 1301 2098 non

232 2111 444 2147 ariminus.
468 2111 604 2143 Constat
618 2119 724 2143 autem
742 2111 913 2143 ministeria
929 2111 1135 2142 ecclesiastica
1160 2111 1303 2142 distribui

234 2163 315 2200 oum
329 2154 481 2187 beneficia
492 2155 698 2187 ecclesiastica
709 2156 953 2187 distribuuntur:
970 2155 1126 2196 quoniam
1141 2155 1218 2186 haec
1229 2163 1304 2187 sunt

238 2199 370 2232 illorum
394 2199 484 2240 quasi
507 2199 674 2240 stipendia.

293 2242 362 2275 ΧΠ.
387 2243 450 2274 Sed
472 2243 550 2284 quid
569 2243 738 2274 dicendum
755 2243 788 2274 in
805 2253 878 2283 casu
895 2253 961 2284 quo
978 2249 1125 2283 corrupta
1141 2250 1222 2274 esset
1244 2244 1303 2274 Ec-

239 2286 332 2320 clesia
354 2286 388 2318 in
411 2287 522 2328 capite,
547 2294 578 2318 et
600 2297 712 2318 omnes
735 2287 881 2318 avaritiae
904 2287 1081 2322 studerent,
1107 2293 1137 2317 et
1166 2287 1233 2317 sola
1251 2298 1302 2318 ve-

238 2331 351 2364 nalitus
375 2338 429 2362 aut
450 2331 610 2368 voluntas,
627 2338 682 2362 aut
704 2332 810 2372 aliqua
833 2331 973 2361 conditio
998 2338 1142 2362 extranea
1165 2341 1183 2361 a
1205 2331 1303 2369 iusto,

239 2381 321 2408 esset
346 2374 427 2406 ratio
454 2375 700 2412 distributionis,
723 2386 778 2406 seu
803 2375 1034 2415 dissipationis,
1057 2373 1302 2412 beneficiorum,

238 2427 270 2452 et
291 2429 376 2451 unus
398 2419 497 2450 alium
521 2419 724 2459 supplantare
747 2417 928 2460 quaereret?
958 2419 1038 2455 Quis
1067 2418 1117 2449 cui
1142 2419 1303 2450 restituere

237 2470 414 2496 teneretur:
439 2473 512 2494 cum
537 2473 649 2494 omnes
673 2463 735 2494 sint
757 2463 892 2503 indigni;
917 2473 991 2493 cum
1012 2463 1099 2493 nulla
1113 2462 1304 2502 impediatur

239 2504 436 2544 distributio,
460 2507 535 2548 quia
558 2507 692 2538 omnino
716 2517 782 2538 non
805 2507 915 2538 fuisset
943 2506 1024 2537 iuste
1052 2507 1164 2536 datum
1187 2507 1302 2538 benefi—

239 2550 336 2589 cium,
359 2552 413 2583 sed
438 2551 477 2581 ad
499 2551 636 2587 libitum,
654 2549 730 2582 etc.?

294 2595 486 2637 Respondeo
510 2596 599 2636 quod
622 2595 703 2626 sicut
726 2595 757 2625 in
782 2595 955 2625 moralibus
974 2601 1058 2630 sunt,
1083 2601 1118 2624 ut
1141 2594 1255 2625 dicitur
1269 2594 1301 2625 in

183 2657 212 2670 .-
237 2638 296 2671 vll
309 2639 458 2676 Ethic.*,
482 2639 556 2670 vitia
580 2639 715 2680 duplicis
739 2639 875 2675 ordinis,
906 2639 1063 2679 quaedam
1086 2638 1242 2675 humana,
1267 2646 1303 2669 ut

177 2688 185 2696 ·
238 2664 393 2722 &viridas
408 2682 668 2724 pusillanimitas,
692 2683 812 2714 furtum
838 2689 868 2713 et
890 2682 1022 2718 similia;
1047 2682 1203 2723 quaedam
1228 2693 1302 2713 vero

237 2727 388 2763 Batiana,
413 2734 449 2759 ut
472 2727 575 2758 coitus
599 2737 672 2758 cum
687 2726 886 2762 animalibus,
903 2726 1040 2757 feritates
1055 2733 1086 2756 et
1101 2726 1302 2763 huiusmodi;

239 2772 338 2805 mide
358 2771 420 2803 illis
448 2770 642 2811 disputatur,
669 2771 730 2802 ista
755 2771 996 2811 relinquuntur:
1027 2769 1071 2800 ita
1099 2770 1132 2800 in
1162 2771 1303 2801 Ecclesia

238 2815 399 2858 quaedam
419 2822 495 2845 sunt
511 2815 587 2845 vitia
610 2814 826 2851 ecclesiastica,
851 2821 887 2845 ut
909 2813 1053 2850 intrusio,
1077 2813 1222 2850 simonia,
1247 2814 1303 2844 ali-

239 2869 304 2902 qua
326 2858 410 2889 mala
432 2858 621 2894 distributio,
645 2858 911 2898 impedimentum
930 2864 1086 2898 praestare
1109 2857 1256 2897 digniori,
1273 2865 1303 2888 et

239 2901 444 2939 huiusmodi;
475 2902 633 2943 quaedam
655 2909 762 2933 autem
791 2909 865 2939 sunt
886 2902 962 2932 vitia
989 2901 1191 2942 babylonica,
1221 2911 1302 2942 quae

239 2947 370 2988 indigna
392 2953 466 2977 sunt
489 2945 712 2986 disputatione.
737 2945 778 2977 Et
800 2944 986 2976 huiusmodi
1005 2951 1079 2975 sunt
1092 2944 1167 2975 vitia
1183 2945 1303 2976 Roma-

239 3001 299 3022 nae
323 2989 426 3022 curiae
449 2990 590 3030 quando,
613 2990 702 3030 quod
723 2990 810 3020 Deus
825 2995 952 3025 avertat,
967 2987 1127 3024 venalitas,
1143 2988 1302 3025 voluntas,

239 3034 435 3068 lenocinium
459 3041 489 3065 et
510 3033 696 3064 huiusmodi
720 3033 941 3065 distribuerent
964 3031 1125 3063 beneficia.

294 3079 378 3110 XIII.
402 3078 453 3109 Ad
475 3077 750 3109 confirma-tionem
769 3077 916 3108 ultimam
938 3076 971 3107 in
992 3076 1090 3107 dubio
1106 3075 1303 3116 principali*

239 3123 354 3161 dicitur
372 3121 470 3163 quod,
488 3131 563 3152 cum
585 3121 642 3152 iste
666 3122 773 3152 minus
797 3121 910 3161 dignus
934 3120 1055 3151 ratione
1078 3120 1211 3151 actionis
1227 3130 1302 3151 suae

238 3167 272 3198 in
288 3167 378 3198 nullo
402 3172 545 3196 teneatur
563 3165 708 3206 digniori,
725 3166 800 3206 quia
815 3175 881 3195 non
896 3164 1062 3205 impedivit
1077 3174 1161 3200 eum,
1178 3170 1214 3194 ut
1229 3174 1303 3204 sup-

239 3211 385 3252 ponitur;
409 3219 467 3240 nec
482 3208 671 3240 beneficium
686 3218 830 3250 unquam
846 3208 940 3240 fuerit
954 3209 1038 3239 illius
1054 3208 1220 3248 dignioris;
1245 3218 1303 3238 nec

239 3255 307 3296 ipse
330 3254 424 3285 fuerit
447 3263 591 3294 unquam
614 3253 737 3284 debitor
754 3253 800 3284 illi
818 3259 854 3284 ut
877 3252 991 3283 faceret
1012 3252 1092 3282 illud
1114 3261 1180 3282 esse
1196 3261 1302 3288 suum,

240 3299 322 3331 sicut
344 3298 468 3330 debitor
489 3304 555 3327 erat
577 3297 776 3328 distributor:
805 3297 895 3327 nullo
917 3297 986 3327 iure
1009 3302 1133 3327 tenetur
1156 3296 1195 3325 ad
1217 3296 1304 3326 resti-

240 3343 410 3375 tutionem.
433 3360 455 3365 -
478 3342 544 3372 Nec
566 3348 612 3372 est
634 3351 746 3372 verum
769 3341 858 3381 quod
872 3341 930 3371 iste
944 3347 1080 3381 occupet
1098 3340 1166 3370 iura
1181 3340 1303 3380 dignio-

240 3386 292 3418 ris.
317 3386 482 3425 Quoniam
504 3385 553 3416 ius
570 3385 720 3426 dignioris
736 3391 801 3416 erat
815 3390 958 3424 respectu
973 3384 1058 3415 illius
1082 3383 1223 3425 quandiu
1241 3391 1304 3415 erat

240 3430 322 3461 inter
336 3430 422 3461 bona
438 3429 631 3460 communia.
656 3429 755 3459 Modo
771 3435 877 3459 autem
893 3426 1013 3459 factum
1029 3434 1075 3458 est
1092 3428 1216 3458 bonum
1231 3438 1303 3467 pro-

241 3474 348 3516 prium
370 3484 426 3515 per
441 3473 685 3514 applicationem
709 3473 747 3503 ad
764 3472 876 3503 istum:
901 3478 932 3502 et
950 3472 999 3502 ius
1015 3472 1166 3511 dignioris
1182 3481 1303 3502 reman-

241 3518 281 3549 sit
303 3519 343 3549 ad
366 3517 550 3549 communia
573 3524 604 3548 et
626 3518 666 3547 ad
690 3516 940 3552 distributorem,
964 3516 1019 3556 qui
1043 3515 1071 3545 ei
1093 3522 1218 3546 tenetur
1245 3516 1303 3546 du-

241 3561 314 3602 plici
336 3562 414 3598 iure,
439 3561 556 3592 scilicet
579 3560 807 3593 distributionis
831 3566 862 3590 et
885 3559 1098 3590 restitutionis.

1326 313 1329 330 l

2363 246 2412 283 47

1410 313 1493 344 XIV.
1517 314 1568 344 Ad
1597 314 1774 344 secundum
1803 313 2012 353 postmodum
2043 313 2177 343 dubium
2194 312 2228 348 *,
2257 313 2345 353 quod
2376 313 2414 343 de

1356 358 1596 396 procurantibus
1623 367 1682 397 pro
1711 367 1744 388 se
1771 357 1877 387 minus
1901 357 2002 396 dignis
2030 366 2067 387 ac
2094 366 2151 396 per
2175 355 2244 386 hoc!
2266 356 2414 387 indirecte

1355 400 1600 440 impedientibus
1630 402 1825 441 digniorem,
1849 407 1975 437 tmctat,
2007 400 2120 431 dicitur
2149 411 2167 430 a
2189 400 2284 431 Scoto
2308 408 2339 431 et
2361 401 2412 431 Ri-

1356 444 1482 480 chardo,
1499 445 1531 474 in
1547 445 1589 474 1v
1605 445 1702 481 Sent..
1720 445 1789 476 dist.
1806 455 1845 475 xv
1859 445 1885 481 *‚
1902 445 1991 485 quod
2015 444 2085 475 talis
2109 454 2167 484 pro
2186 454 2219 474 se
2241 453 2414 484 procurans

1355 497 1420 517 non
1444 495 1567 518 tenetur
1585 489 1624 518 ad
1640 489 1871 519 restitutionem
1885 488 2040 529 aliquam:
2065 488 2140 528 quia
2154 487 2227 518 licet
2242 488 2413 528 unicuique

1355 540 1413 570 pro
1437 531 1542 570 seipso
1568 542 1735 571 procurare
1765 542 1820 572 per
1842 533 1927 562 viam
1949 532 2065 562 licitam
2090 538 2121 562 et
2143 531 2326 568 honestam,
2350 532 2413 562 alio

1354 575 1510 614 neglectO.
1533 593 1554 598 —
1578 576 1618 606 Et
1640 575 1791 612 firmatur,
1815 586 1870 606 seu
1885 576 2068 612 declaratur,
2085 585 2122 606 ex
2137 575 2204 606 iure
2220 575 2313 614 civili,
2328 575 2358 606 ff.
2375 576 2415 606 de

1355 619 1436 649 Nov.
1457 618 1515 658 Op.
1531 619 1644 656 Num„
1661 620 1682 650 l.
1700 630 1721 649 11
1732 620 1759 655 *,
1777 619 1831 650 ubi
1847 620 1960 650 dicitur
1974 620 2064 660 quod
2077 619 2103 650 si
2121 619 2305 659 praescindo
2319 629 2414 650 venas

1354 662 1388 692 in
1411 661 1512 692 fundo
1537 672 1609 692 meo
1639 673 1695 702 per
1717 673 1796 703 quas
1825 663 1980 694 derivatur
2009 673 2092 704 aqua
2119 664 2159 693 ad
2181 670 2315 703 puteum
2338 664 2414 694 alte-

1355 706 1431 741 rius,
1456 715 1549 736 causa
1564 706 1796 742 damnificamfi,
1821 714 1929 737 teneor
1953 707 2014 737 illi:
2039 707 2064 737 si
2081 714 2189 738 autem
2212 714 2248 738 ut
2268 707 2414 748 propriae

1356 750 1521 780 consulam
1545 750 1670 780 utilitati
1692 751 1724 780 in
1740 751 1848 791 aliquo
1868 750 2021 786 aedificio,
2045 761 2113 782 non
2134 758 2252 787 teneor,
2267 751 2355 782 iuxta
2370 751 2414 782 al-

1354 793 1451 823 latam
1474 794 1616 833 regulam
1641 795 1810 833 arguendo.

1411 837 1521 867 Petrus
1542 844 1648 867 autem
1665 838 1702 867 de
1719 838 1847 873 Palude,
1860 837 1892 867 in
1906 838 1948 868 1v
1959 838 2057 874 Seni„
2069 839 2140 869 dist.
2150 849 2190 868 xv
2197 839 2223 875 *‚
2237 838 2312 869 dicit
2326 839 2414 879 quod

1357 881 1382 910 si
1406 881 1478 921 quis
1501 888 1650 920 procurat
1672 888 1708 911 ut
1731 881 1918 922 beneficium
1942 882 2032 912 detur
2055 882 2160 912 minus
2180 883 2276 922 digno
2292 882 2350 913 sibi
2364 883 2415 913 vel

1357 924 1419 961 alii,
1439 931 1563 956 tenetur
1585 925 1625 955 ad
1648 925 1877 956 restitutionem
1897 925 2042 965 digniori,
2060 935 2156 966 quem
2171 926 2315 965 impedit:
2340 927 2415 966 quia

1357 968 1544 999 beneficium
1569 976 1616 999 est
1638 969 1780 999 debitum
1810 969 1983 999 secundum
2013 969 2241 1000 distributivam
2265 969 2415 1001 iustitiam

1358 1013 1504 1052 digniori.

1413 1056 1492 1087 Mihi
1514 1066 1589 1086 vero
1611 1056 1737 1087 videtur
1760 1056 2027 1096 distinguendum.
2059 1057 2142 1093 Quia
2172 1057 2277 1087 minus
2302 1057 2415 1096 dignus

1358 1107 1464 1140 potest
1486 1100 1661 1140 dupliciter,
1685 1110 1744 1140 pro
1763 1110 1795 1131 se
1818 1101 2029 1140 procurando,
2052 1100 2206 1139 impedire
2229 1101 2414 1140 digniorem.

1358 1144 1482 1180 Primo,
1506 1151 1542 1174 ut
1564 1144 1829 1184 impedimentum
1853 1145 2016 1175 claudatur
2038 1144 2118 1174 infra
2140 1144 2339 1175 latitudinem
2360 1154 2415 1174 vo-

1357 1188 1494 1219 luntarii.
1519 1188 1617 1226 Quod
1639 1195 1715 1219 tunc
1739 1188 1850 1219 accidit
1872 1188 2001 1229 quando
2025 1197 2198 1227 procurans
2221 1198 2279 1227 pro
2295 1198 2328 1218 se
2350 1198 2416 1218 ma-

1358 1232 1427 1263 vult
1450 1242 1482 1262 se
1499 1232 1651 1272 consequi
1673 1242 1748 1262 cum
1771 1232 1922 1272 dignioris
1937 1232 2175 1272 impedimento,
2192 1242 2289 1272 quam
2305 1242 2337 1262 se
2351 1242 2415 1262 non

1359 1276 1510 1316 consequi
1535 1283 1572 1306 ut
1597 1276 1722 1315 dignior
1743 1286 1810 1306 non
1833 1276 2031 1316 impediatur.
2063 1276 2202 1313 Quando
2232 1276 2315 1305 enim
2344 1286 2416 1316 pro-

1359 1320 1478 1351 curatio
1509 1330 1568 1360 pro
1591 1320 1699 1350 minus
1722 1320 1819 1360 digno
1842 1320 1885 1350 sic
1907 1320 2007 1350 tendit
2034 1320 2074 1350 ad
2097 1320 2357 1360 consequendum
2381 1328 2417 1350 ut

1358 1374 1424 1395 non
1448 1370 1535 1394 curet
1558 1364 1597 1394 de
1618 1364 1846 1404 impedimento
1870 1364 2034 1403 dignioris,
2059 1364 2098 1393 ad
2121 1363 2350 1394 restitutionem
2373 1371 2416 1394 te-

1359 1415 1460 1444 netur,
1483 1408 1570 1438 iuxta
1593 1408 1755 1438 arbitrium
1779 1415 1884 1438 tamen
1909 1408 1985 1438 boni
2007 1407 2074 1438 viri.
2107 1408 2148 1438 Et
2170 1407 2249 1438 ratio
2273 1415 2320 1438 est
2342 1408 2416 1448 quia

1357 1452 1454 1483 huius
1476 1451 1656 1492 procuratio
1681 1459 1728 1482 est
1748 1452 1874 1488 iniusta,
1891 1458 2002 1491 utpote
2025 1458 2135 1481 contra
2149 1451 2300 1482 iustitiam
2317 1451 2416 1482 distri—

1357 1495 1511 1527 butivam.
1535 1513 1555 1517 —
1577 1495 1651 1526 Alio
1674 1496 1783 1531 modo,
1808 1503 1843 1526 ut
1864 1495 2130 1535 impedimentum
2151 1505 2217 1526 non
2241 1495 2280 1526 sit
2303 1496 2416 1526 volun-

1358 1540 1484 1570 tarium.
1509 1539 1608 1575 Quod
1623 1545 1699 1569 tunc
1720 1539 1831 1569 accidit
1853 1540 1982 1579 quando
2005 1539 2117 1579 aliquis
2134 1539 2212 1578 petit
2227 1549 2285 1578 pro
2309 1549 2341 1569 se
2364 1540 2414 1570 vel

1358 1583 1422 1614 alio
1445 1583 1513 1613 sine
1537 1583 1726 1623 cuiusquam
1747 1582 1871 1613 iniuria.
1901 1583 1943 1612 Et
1965 1583 1991 1612 si
2013 1583 2075 1612 hoc
2101 1582 2231 1622 quidem
2255 1583 2415 1622 exprimit,

1359 1627 1479 1658 clarum
1503 1633 1550 1657 est
1572 1626 1661 1666 quod
1683 1626 1798 1657 iniuste
1822 1636 1888 1656 non
1911 1626 2004 1666 petit:
2029 1633 2060 1656 et
2082 1626 2108 1656 si
2131 1626 2190 1655 sibi
2213 1626 2279 1656 dari
2295 1627 2416 1657 contin-

1357 1671 1403 1711 git
1424 1681 1443 1701 a
1465 1670 1684 1706 distributore,
1708 1670 1890 1710 posthabito
1915 1670 2076 1709 digniore,
2100 1669 2167 1709 ipse
2197 1670 2252 1710 qui
2279 1670 2358 1709 petit
2383 1671 2416 1701 in

1358 1725 1453 1746 causa
1480 1724 1546 1745 non
1575 1714 1652 1750 fuit;
1682 1714 1768 1744 unde
1797 1724 1862 1744 non
1893 1720 2016 1744 tenetur
2045 1714 2086 1744 ad
2111 1713 2352 1745 restitutionem.
2383 1714 2416 1745 Si

1357 1766 1466 1790 autem
1487 1758 1549 1789 hoc
1573 1768 1639 1788 non
1653 1758 1787 1798 explicat
1809 1756 1898 1800 (quia
1914 1768 1980 1788 non
1996 1764 2042 1788 est
2057 1758 2095 1787 de
2109 1758 2192 1797 stylo
2216 1757 2415 1799 petentium),

1357 1803 1468 1844 petitio
1492 1813 1549 1833 sua
1571 1801 1774 1841 intelligenda
1788 1809 1835 1832 est
1857 1801 1924 1832 sine
1939 1801 2054 1831 iniuria
2067 1801 2206 1831 alterius:
2231 1802 2306 1841 quia
2321 1811 2416 1832 nemo

1356 1847 1606 1888 praesumendus
1625 1846 1728 1876 malus
1744 1852 1791 1877 est
1813 1847 1931 1886 absque
1947 1844 2113 1875 sufficienti
2128 1845 2256 1875 indicio.
2282 1846 2322 1875 Et
2343 1855 2416 1885 pro—

1355 1898 1462 1932 pterea
1484 1891 1580 1921 etiam
1603 1890 1748 1920 absolute
1771 1899 1952 1930 procurans,
1968 1899 2035 1919 non
2050 1889 2160 1919 volens
2175 1889 2329 1929 impedire
2344 1899 2416 1929 pro-

1354 1942 1424 1976 pter
1446 1945 1479 1965 se
1503 1934 1679 1974 digniorem
1702 1931 1747 1976 (et
1769 1934 1795 1964 si
1818 1934 1850 1964 in
1865 1933 1994 1964 veritate
2016 1933 2187 1963 adverteret
2210 1942 2243 1963 se
2265 1933 2417 1973 impedire

1356 1979 1549 2019 digniorem,
1575 1978 1751 2014 desisteret;
1781 1984 1836 2008 aut
1865 1977 2051 2017 exprimeret
2077 1987 2168 2007 suam
2189 1976 2414 2014 intentionem,

1356 2023 1382 2053 si
1405 2023 1443 2053 de
1466 2022 1528 2053 hoc
1551 2021 1777 2053 rationabiliter
1806 2019 1997 2061 dubitaret),
2025 2030 2090 2050 non
2113 2027 2237 2051 tenetur
2259 2021 2297 2050 ad
2328 2021 2416 2052 resti-

1355 2067 1512 2098 tuendum
1539 2066 1570 2096 in
1602 2066 1710 2106 aliquo
1733 2065 1760 2095 si
1786 2065 1845 2095 sibi
1868 2065 1974 2095 minus
1997 2064 2093 2104 digno
2123 2065 2232 2095 datum
2255 2071 2316 2095 est:
2340 2065 2415 2105 quia

1356 2121 1422 2142 non
1443 2110 1559 2141 iniuste
1582 2116 1739 2149 procurat.
1769 2126 1790 2132 -
1818 2109 1859 2139 Et
1882 2109 1907 2139 si
1929 2109 2010 2139 hanc
2033 2108 2267 2139 distinctionem
2290 2118 2414 2148 perspe-

1354 2155 1454 2191 xeris,
1476 2153 1597 2184 videbis
1627 2153 1716 2194 quod
1744 2152 1911 2192 opiniones
1938 2152 2099 2188 recitatae,
2131 2162 2212 2192 quae
2234 2152 2319 2183 visae
2341 2159 2416 2183 sunt

1356 2198 1538 2234 contrariae,
1560 2207 1626 2228 non
1650 2203 1724 2228 sunt
1746 2196 1928 2227 contrariae.
1952 2196 2036 2233 Quia
2051 2196 2165 2226 Scotus
2188 2203 2219 2226 et
2241 2196 2414 2227 Richardus

1355 2252 1467 2273 verum
1490 2242 1600 2272 dicunt
1627 2241 1758 2281 quando
1787 2241 1868 2271 iuste
1896 2240 1968 2280 quis
1998 2247 2164 2280 procurat,
2191 2249 2258 2270 non
2285 2241 2414 2280 quando

1356 2294 1464 2317 contra
1479 2286 1635 2316 rationem
1659 2284 1872 2315 distributivae
1888 2284 2041 2319 iustitiae;
2066 2284 2175 2314 Petrus
2191 2293 2266 2314 vero
2286 2284 2414 2324 quando

1355 2331 1471 2361 iniuste
1494 2319 1565 2370 q⁴uis
1589 2335 1747 2369 procurat.

1410 2374 1479 2405 XV.
1503 2373 1555 2404 Ad
1577 2372 1718 2413 primum
1741 2371 1887 2411 deinceps
1911 2371 2046 2401 dubium
2059 2370 2085 2406 *,
2111 2371 2149 2400 de
2172 2380 2271 2411 aeque
2295 2371 2414 2411 dignis,
2442 2383 2453 2392 ·

1357 2428 1394 2448 ex
1417 2417 1506 2448 dictis
1529 2423 1615 2457 patet
1637 2415 1817 2455 responsio:
1843 2415 1917 2455 quia
1940 2414 2057 2445 scilicet
2079 2414 2254 2454 impediens
2283 2414 2415 2454 dignum

1356 2469 1393 2492 ut
1416 2463 1507 2493 detur
1529 2470 1628 2501 aeque
1652 2460 1759 2499 digno,
1784 2469 1847 2489 non
1872 2466 1995 2490 tenetur
2010 2459 2048 2488 ad
2065 2458 2310 2494 restitutionem,
2334 2469 2415 2499 quo·

1356 2506 1443 2536 niam
1465 2515 1532 2536 non
1554 2505 1653 2534 violat
1674 2504 1796 2534 iustum
1819 2503 2063 2533 distributivum.
2097 2503 2163 2532 Iam
2187 2503 2271 2532 enim
2295 2503 2414 2533 dictum

1357 2550 1435 2580 est*
1458 2549 1547 2590 quod
1577 2548 1636 2578 nisi
1665 2548 1802 2578 violetur
1823 2547 1960 2583 iustum,
1985 2556 2051 2576 non
2080 2546 2172 2576 habet
2198 2547 2307 2577 locum
2330 2547 2415 2577 resti-

1356 2593 1449 2624 tutio.
1480 2611 1501 2616 -
1530 2593 1571 2622 Et
1594 2592 1618 2622 si
1642 2598 1749 2622 contra
1773 2591 1919 2626 instetur,
1945 2590 2020 2630 quia
2042 2590 2178 2620 violatur
2202 2591 2414 2630 appropriatio

1356 2638 1505 2668 inchoata
1534 2646 1593 2676 pro
1622 2644 1707 2666 uno:
1731 2653 1752 2658 -
1776 2635 1984 2675 respondetur
2013 2634 2102 2674 quod
2129 2634 2160 2664 in
2189 2644 2287 2674 aeque
2315 2634 2415 2674 dignis

1356 2680 1571 2723 appropriatio
1587 2679 1731 2710 innititur
1746 2688 1811 2709 non
1828 2677 1972 2714 iustitiae,
1990 2678 2044 2708 sed
2059 2677 2182 2718 gratiae,
2203 2678 2304 2709 donec
2323 2677 2416 2708 fuerit

1357 2731 1587 2759 consummata,
1611 2733 1666 2754 seu
1690 2722 1797 2753 fecerit
1818 2721 1998 2762 proprium;
2024 2728 2054 2752 et
2076 2729 2242 2762 propterea
2263 2731 2329 2752 non
2352 2722 2417 2752 lae-

1357 2769 1442 2800 ditur
1463 2769 1496 2798 in
1519 2767 1636 2798 iustitia
1651 2767 1678 2803 *,
1702 2767 1755 2797 sed
1779 2766 1892 2806 gratia;
1916 2775 1982 2796 non
2005 2765 2178 2805 impeditur
2199 2765 2414 2805 appropriatio

1357 2813 1476 2848 debita,
1494 2812 1550 2842 sed
1571 2811 1715 2851 gratuita.

1411 2856 1494 2888 XVI.
1517 2856 1568 2887 Ad
1595 2861 1746 2895 quartum
1774 2853 1905 2883 demum
1935 2852 2068 2882 dubium
2083 2852 2115 2888 *,
2140 2852 2178 2882 de
2206 2852 2354 2891 gradibus
2380 2852 2413 2882 in

1355 2909 1523 2941 progressu
1547 2897 1784 2933 distributionis,
1809 2897 1936 2937 quando
1960 2895 2075 2926 scilicet
2099 2894 2276 2925 distributio
2296 2902 2342 2926 est
2364 2894 2414 2925 fir-

1356 2950 1440 2974 mata
1463 2949 1494 2973 et
1516 2949 1621 2972 tamen
1645 2951 1709 2971 non
1734 2947 1780 2971 est
1802 2939 1978 2970 executioni
2002 2939 2166 2975 mandata,
2190 2939 2304 2969 dicitur
2326 2939 2415 2980 quod

1356 2990 1486 3022 Auctor,
1513 2993 1547 3016 ut
1569 2995 1606 3016 ex
1629 2984 1719 3016 dictis
1734 2984 1751 3004 *
1773 2989 1871 3024 patet,
1896 2982 2037 3023 loquitur
2060 2983 2098 3013 de
2122 2982 2339 3013 distributione
2363 2983 2414 3013 de-

1356 3031 1430 3067 bita,
1446 3040 1512 3060 non
1527 3029 1670 3070 gratuita,
1686 3029 1767 3058 idest
1780 3034 1922 3067 respectu
1944 3027 2105 3066 dignioris,
2122 3036 2186 3056 non
2203 3036 2301 3067 aeque
2318 3027 2413 3066 digni.

1356 3076 1397 3106 Et
1415 3075 1504 3105 istius
1521 3079 1684 3114 ponuntur
1699 3079 1760 3102 tres
1776 3079 1887 3102 status:
1912 3071 2043 3111 primus,
2061 3078 2131 3101 ante
2146 3070 2335 3106 firmitatem,
2353 3071 2414 3101 hoc

1357 3126 1403 3150 est
1432 3125 1603 3158 antequam
1633 3117 1673 3147 sit
1699 3117 1821 3147 decreta
1849 3114 2025 3146 distributio
2056 3115 2095 3144 ad
2118 3114 2219 3150 hunc;
2248 3115 2413 3149 secundus,

1357 3163 1486 3204 quando
1509 3162 1573 3192 iam
1597 3167 1643 3191 est
1666 3160 1787 3191 decreta
1810 3166 1952 3199 respectu
1969 3158 2073 3195 huius,
2090 3158 2142 3188 sed
2159 3168 2224 3188 non
2240 3156 2414 3188 executioni

1357 3207 1521 3242 mandata;
1546 3205 1664 3240 tertius,
1688 3204 1818 3244 quando
1841 3204 1904 3233 iam
1929 3209 1975 3233 est
1997 3202 2171 3233 executioni
2188 3202 2343 3233 mandata.
2367 3201 2414 3232 De

1358 3251 1418 3282 hoc
1434 3250 1526 3281 terrio
1542 3256 1623 3280 statu
1640 3248 1672 3278 in
1691 3248 1791 3278 littera
1807 3247 1885 3277 nihil
1901 3246 2023 3282 dicitur,
2040 3246 2114 3286 quia
2130 3246 2167 3276 de
2184 3245 2412 3285 impedimento

1358 3293 1589 3326 consecutionis
1601 3299 1648 3323 est
1662 3292 1820 3333 quaestio;
1837 3297 2056 3321 consummata
2067 3296 2173 3320 autem
2185 3289 2412 3325 distributione,

1358 3338 1540 3370 consecutio
1564 3336 1708 3377 impediri
1732 3346 1797 3366 non
1820 3341 1934 3375 potest,
1957 3334 2029 3364 licet
2051 3334 2151 3373 possit
2174 3333 2317 3373 impediri
2342 3343 2414 3373 pos·

1358 3383 1454 3413 sessio
1479 3380 1649 3412 consecuti.
1674 3380 1734 3410 Sed
1759 3380 1796 3409 de
1819 3379 1933 3408 iniuste
1956 3377 2146 3417 impediente
2170 3377 2412 3417 possessionem,

1358 3437 1423 3457 non
1448 3433 1494 3456 est
1517 3425 1650 3455 dubium
1681 3423 1768 3464 quod
1796 3429 1918 3453 tenetur
1941 3422 1979 3451 ad
2003 3421 2232 3451 restitutionem
2257 3420 2411 3461 aequalis:

1358 3470 1433 3511 quia
1455 3470 1520 3500 iam
1546 3469 1577 3498 in
1603 3467 1732 3509 proprio
1756 3465 1972 3496 damnificatur
2002 3465 2057 3505 qui
2080 3465 2250 3505 impeditur
2275 3475 2291 3494 a
2315 3464 2414 3504 possi—

1358 3514 1462 3544 dendo
1493 3523 1588 3543 suum
1617 3511 1814 3541 beneficium.
1844 3527 1865 3532 —
1896 3509 1942 3539 De
1966 3509 2068 3548 primo
2092 3518 2166 3539 vero
2191 3515 2271 3539 statu
2302 3508 2414 3538 dicitur

1358 3558 1446 3599 quod
1470 3557 1509 3586 ad
1533 3555 1694 3586 arbitrium
1718 3554 1794 3585 boni
1817 3553 1884 3588 viri,
1908 3553 2044 3592 pensatis
2061 3552 2303 3588 conditionibus,
2328 3552 2412 3582 resti-

2441 320 2527 367 bulssiid.
2537 336 2543 346 ,
2566 320 2651 342 Secun-

2441 455 2452 464 '
2462 454 2524 476 Scot.
2537 461 2574 481 qu.
2586 461 2597 476 2
2607 471 2612 480 ,
2623 455 2650 475 ad

2441 486 2516 508 argg.;
2531 479 2594 502 Rich.
2610 485 2650 502 art.

2441 512 2460 534 5.
2471 512 2510 533 qu.
2522 513 2545 532 4.
2562 507 2588 527 ad
2603 513 2624 534 7.

2441 630 2451 638 ·
2467 628 2518 650 Lib.
2539 629 2651 655 xxxix,

2441 661 2483 702 ¹¹¹¹.
2499 655 2652 702 ἷῖβὲἴεῖηὲἶ

2441 681 2590 734 34⁹(ffiomms.
2609 714 2650 735 pa-

2441 739 2488 761 rag.
2504 734 2543 760 η).

2442 842 2451 851 ·
2467 841 2514 868 Qu.
2528 847 2554 867 2,
2569 846 2610 863 art.
2626 848 2649 867 2,

2442 868 2545 889 conclus.
2560 876 2582 893 4.

2457 2382 2535 2412 'Num.
2547 2389 2578 2405 vi.
2589 2382 2650 2409 prin-

2442 2414 2487 2435 cip.

2443 2558 2453 2568 ⁸
2466 2557 2535 2578 Num.
2558 2564 2603 2578 vni.

2442 2777 2451 2786 ³
2466 2776 2570 2797 laeditur
2590 2777 2649 2797 iniu-

2441 2802 2508 2823 stitia
2523 2808 2561 2826 ΑΒ,
2575 2802 2651 2823 laedi-

2441 2830 2480 2849 tur
2494 2829 2583 2849 iustitia
2599 2829 2622 2849 P.

2441 2860 2450 2869 ”
2458 2858 2564 2883 Nummi,
2575 2859 2651 2886 Quar-

2441 2887 2494 2906 tum.

2441 2987 2451 2996 ·
2461 2985 2530 3007 Num.
2546 2986 2652 3013 praeced.
