2860 4244
139 368 148 375 ⁸
164 367 220 394 Cap.
232 373 262 393 lv,
274 373 296 389 n.
313 373 350 396 13;

140 400 161 414 s.
171 393 215 414 Th.
227 394 278 415 leet.
294 399 326 415 ix.
339 405 349 410 -

139 419 173 441 Cf.
189 419 218 441 de
236 419 311 447 Long.
327 422 351 441 et

137 445 206 467 Brev.
219 445 290 473 Vitae,
296 452 347 474 cap.

138 477 159 492 v.

135 674 145 682 ⁸
160 671 291 694 Comment.

123 2523 132 2531 ⁸
154 2521 225 2543 Num.
247 2528 268 2542 v.

129 3403 139 3412 ⁸
153 3403 188 3424 ΑΙ.
202 3408 241 3429 qu.
251 3407 313 3424 xxvt.

387 256 460 291 114

379 330 490 353 currat.
524 322 607 360 Quia
634 322 706 353 hinc
730 322 852 354 videtur
882 323 969 362 quod
997 329 1153 353 teneatur:
1187 322 1342 362 quoniam
1368 332 1434 352 non

379 366 542 397 comedere
560 373 605 396 est
620 366 732 396 directe
749 376 780 396 se
797 366 946 401 occidere,
971 373 1006 395 ut
1029 372 1113 405 patet
1132 366 1165 395 in
1181 366 1206 395 11
1223 366 1263 395 de
1276 366 1394 395 Anima
1406 366 1432 401 *,

378 417 407 440 et
431 410 616 450 experientia
641 416 778 440 testatur.
796 427 816 432 —
835 409 908 439 Inde
925 416 1030 439 autem
1046 409 1133 449 quod
1153 419 1228 438 non.
1254 409 1338 445 Quia
1361 416 1433 449 pot-

377 461 422 484 est
452 454 603 493 patienter
632 453 817 483 sententiam
848 460 955 483 contra
989 462 1021 482 se
1050 453 1145 483 latam
1176 452 1345 488 sustinere,
1376 462 1433 483 nec

376 505 498 528 tenetur
528 497 594 527 eius
625 496 841 527 executionem
871 496 1039 535 impedire,
1071 496 1215 536 quamvis
1248 496 1366 536 possit:
1398 503 1459 527 ut*

375 541 471 571 sancti
505 547 654 581 martyres
688 540 846 575 fecerunt,
881 540 1024 570 nolentes
1058 540 1210 579 impedire
1246 540 1432 581 martyrium

374 595 480 615 suum.

428 629 522 658 Nona
546 626 690 668 quaestio
714 634 760 657 est
782 627 923 666 pollicita
943 627 1087 667 superius
1106 627 1139 657 in
1159 637 1213 668 qu.
1229 637 1311 665 xxxx,
1331 634 1387 658 art.
1402 638 1431 664 2,

372 673 411 702 ad
431 673 446 702 3
460 671 485 707 *,
503 682 542 701 an
559 670 714 700 damnatis
734 670 814 701 iuste
831 678 866 701 ut
882 671 964 701 fame
981 671 1156 702 moriantur
1172 671 1333 711 possimus
1348 672 1431 702 licite
1456 690 1457 693 =

373 716 546 745 ministrare
569 714 691 744 occulte
715 724 840 754 panem.
866 715 906 745 Et
929 722 975 745 est
998 715 1140 755 specialis
1164 715 1328 746 dubitandi
1352 715 1431 746 ratio

371 759 444 799 quia
468 759 499 788 in
517 759 589 788 loco
606 758 738 797 allegato
762 761 883 789 Auctor
906 758 1046 798 excipere
1061 759 1185 790 videtur
1200 760 1280 790 hanc
1296 760 1430 790 subven-

370 803 490 834 tionem
507 803 544 832 ab
561 801 710 842 operibus
730 801 962 839 beneficentiae,
981 804 1214 834 concludendo:
1241 804 1302 834 nisi
1319 813 1430 835 secun-

369 848 444 878 dum
468 846 611 877 ordinem
636 846 774 876 iustitiae
791 852 993 886 paterentur.

426 891 462 920 II.
483 891 533 920 Ad
546 891 688 930 primam
707 890 938 921 dubitationem
954 891 1067 921 dicitur
1085 891 1174 931 quod
1197 891 1271 932 quia
1293 901 1329 921 ea
1348 901 1429 932 quae

369 941 443 964 sunt
466 944 521 974 per
545 934 687 964 accidens
711 943 776 964 non
799 941 925 965 mutant
948 934 1063 965 iudicia
1077 941 1225 971 actuum;
1250 942 1280 965 et
1302 945 1358 974 per
1381 945 1429 966 ac·
1454 953 1456 963 .

368 978 483 1014 cidens,
501 978 576 1018 quia
599 985 719 1018 praeter
741 978 950 1010 intentionem
971 978 1128 1020 fugientis,
1149 985 1195 1010 est
1218 979 1307 1019 quod
1326 986 1429 1010 custo-

368 1023 445 1052 dum
475 1022 636 1053 tribulatio
667 1029 896 1063 consequatur:
928 1023 1001 1053 ideo
1030 1023 1072 1053 ob
1103 1023 1163 1053 hoc
1193 1023 1361 1053 damnatus
1390 1023 1429 1053 ad

368 1074 505 1097 mortem
529 1076 594 1096 non
618 1072 742 1096 tenetur
765 1077 831 1097 non
854 1066 972 1106 fugere,
989 1067 1043 1097 sed
1067 1067 1151 1097 licite
1174 1073 1280 1107 potest
1303 1066 1428 1106 fugere,

367 1118 397 1141 et
420 1111 494 1151 quia
518 1111 571 1141 dat
593 1120 723 1151 operam
746 1110 790 1141 rei
810 1111 922 1147 licitae,
947 1111 1103 1152 quidquid
1123 1110 1200 1141 mali
1223 1110 1358 1150 proinde
1374 1121 1428 1141 cu-
1453 1118 1455 1165 Ξ
1481 1157 1488 1163 .
1515 1157 1522 1163 .
1549 1156 1593 1187 r'a
1652 1156 1666 1186 f
1701 1156 1724 1187 ‘t
1759 1156 1845 1186 Haec
1861 1155 1947 1186 enim
1964 1162 2072 1186 attesta
2091 1155 2098 1162 ⁹
2137 1155 2186 1186 ’de
2211 1162 2223 1186 t
2248 1165 2262 1185 r
2307 1156 2374 1186 uod
2409 1156 2416 1162 .
2437 1155 2453 1186 f
2512 1165 2544 1187 re

1480 1167 1628 1187 1n1u1m
1664 1167 1733 1187 acl.
2075 1166 2145 1186 riw
2189 1166 2209 1185 n
2225 1166 2245 1189 n
2285 1166 2307 1196 q
2393 1166 2418 1186 sr
2450 1166 2511 1196 uge

367 1154 510 1185 stodibus
533 1154 686 1185 inferatur
709 1164 726 1184 a
750 1154 863 1191 iudice,
889 1165 954 1186 non
978 1155 1156 1196 imputatur
1179 1154 1321 1194 fugienti.

421 1199 471 1228 Ad
487 1198 658 1229 secundam
675 1198 904 1229 dubitationem
918 1199 1031 1230 dicitur
1043 1199 1131 1239 quod
1148 1198 1264 1228 falsum
1277 1205 1324 1229 est
1339 1199 1428 1238 quod
1453 1231 1455 1242 ,Ἰ

367 1243 510 1273 detentus
535 1244 701 1273 damnatus
725 1243 764 1272 ad
788 1250 925 1273 mortem
955 1243 995 1274 sit
1017 1242 1170 1282 implicite
1198 1243 1366 1272 damnatus
1389 1241 1429 1272 ad

366 1297 528 1318 carcerem.
553 1287 665 1327 Neque
689 1286 774 1316 enim
797 1293 868 1317 ante
887 1287 1084 1322 sententiam,
1110 1296 1213 1326 neque
1228 1286 1260 1315 in
1276 1285 1429 1316 sententia

366 1331 446 1362 facta
469 1338 515 1361 est
537 1331 606 1361 talis
631 1330 871 1361 condemnatio:
902 1331 956 1360 sed
980 1331 1087 1360 solum
1111 1329 1288 1360 custoditur
1311 1336 1347 1359 ut
1374 1330 1427 1359 da-

365 1375 522 1405 mnandus
545 1375 594 1404 vel
618 1374 784 1404 damnatus
808 1375 847 1404 ad
866 1374 1009 1405 futuram
1034 1383 1183 1414 poenam.
1215 1373 1296 1404 Dico
1320 1379 1428 1403 autem

365 1420 439 1454 hoc,
464 1419 539 1458 quia
562 1417 672 1453 iudex,
698 1417 778 1447 sicut
800 1425 904 1458 potest
928 1418 1078 1448 damnare
1101 1417 1240 1458 aliquem
1264 1417 1304 1447 ad
1328 1427 1428 1447 carce-

364 1473 430 1493 rem
453 1462 607 1502 amplum,
632 1461 821 1501 assignando
845 1461 903 1492 sibi
927 1472 1026 1492 unam
1050 1462 1188 1492 insulam
1211 1471 1270 1502 pro
1295 1471 1428 1498 carcere,

365 1514 399 1537 ut
420 1513 505 1546 patet
523 1507 556 1536 in
573 1506 621 1536 his
644 1505 699 1546 qui
716 1506 844 1536 exulant
862 1506 894 1536 in
911 1506 1148 1546 circumscripto
1165 1506 1249 1541 loco,
1267 1512 1298 1536 et
1316 1506 1430 1546 procul

364 1551 462 1581 dubio
494 1557 641 1581 tenentur
669 1550 810 1580 damnati
839 1551 879 1580 ad
910 1551 971 1581 hoc
1000 1560 1122 1581 servare
1150 1549 1354 1585 sententiam;
1385 1549 1429 1580 ita

363 1601 468 1636 potest
498 1594 647 1624 damnare
675 1594 715 1623 ad
743 1604 897 1624 carcerem
925 1601 1047 1625 arctum
1077 1601 1107 1625 et
1129 1594 1272 1630 vincula,
1301 1600 1331 1624 et
1361 1603 1428 1624 non

363 1646 470 1680 posset
493 1638 538 1669 sic
562 1639 728 1668 damnatus
759 1638 841 1668 licite
866 1638 991 1677 fugere:
1022 1638 1096 1669 licet
1123 1638 1255 1679 quidam
1283 1637 1429 1669 dixerunt

363 1683 452 1724 quod
475 1682 569 1713 iudex
592 1692 657 1712 non
677 1689 782 1721 potest
804 1682 935 1713 iuridice
958 1682 1018 1712 nisi
1036 1682 1187 1712 violentia
1210 1681 1283 1713 facti
1307 1692 1427 1722 capere,

364 1727 501 1758 detinere
531 1733 561 1757 et
587 1726 745 1762 occidere;
777 1726 838 1757 hoc
863 1727 948 1757 enim
977 1726 1232 1766 circumscriptus
1262 1726 1331 1756 sola
1358 1735 1427 1756 sen-

362 1771 459 1802 tentia
478 1771 567 1801 locus
583 1770 615 1800 in
633 1770 730 1800 exiliis
750 1770 929 1801 manifestat
944 1780 1011 1801 esse
1028 1770 1155 1801 falsum.
1176 1770 1308 1809 Propter
1327 1770 1427 1810 quod,

363 1815 387 1846 si
412 1815 488 1845 iuris
512 1815 592 1845 ordo
616 1814 743 1844 haberet
766 1815 854 1855 quod
882 1815 1050 1845 damnatus
1074 1815 1113 1844 ad
1136 1822 1274 1845 mortem
1298 1814 1427 1844 damna-

362 1867 447 1891 retur
475 1868 606 1899 quoque
629 1858 754 1888 interim
773 1859 812 1888 ad
836 1868 1007 1895 carcerem,
1036 1868 1102 1888 non
1126 1865 1234 1899 posset
1262 1857 1345 1889 licite
1368 1858 1427 1889 iste

362 1905 485 1944 fugere:
510 1903 586 1943 quia
608 1912 645 1933 ex
668 1903 871 1933 damnatione
894 1903 934 1932 ad
958 1912 1112 1933 carcerem
1135 1909 1294 1933 teneretur
1309 1902 1366 1933 iste
1383 1902 1426 1932 ibi
1451 1920 1453 1923 ·

362 1957 497 1983 manere,
519 1946 600 1977 sicut
623 1953 746 1977 tenetur
761 1946 827 1976 aliis
843 1947 932 1977 iustis
948 1946 1109 1977 sententiis
1132 1955 1250 1986 parere.
1274 1946 1341 1976 Nec
1363 1946 1427 1976 hoc

362 2000 408 2023 est
433 1992 582 2021 damnare
605 2001 679 2021 eum
702 1991 742 2020 ad
765 1997 902 2021 mortem
926 1990 984 2020 sibi
1006 1990 1213 2027 inferendam,
1234 1991 1288 2020 sed
1306 1990 1344 2020 ad
1359 2000 1425 2020 ma-

362 2036 504 2067 nendum
527 2035 608 2065 infra
632 2035 783 2065 terminos
806 2034 869 2065 loci
892 2034 987 2064 illius.

415 2080 466 2110 Ad
490 2078 766 2110 confirmationem
796 2079 909 2109 dicitur
937 2078 1026 2118 quod
1049 2087 1115 2108 non
1139 2084 1186 2108 est
1208 2077 1319 2108 eadem
1342 2077 1423 2108 ratio

361 2124 399 2154 de
423 2123 573 2154 omnibus
597 2123 723 2163 poenis:
757 2123 811 2153 sed
835 2123 874 2152 de
898 2122 1047 2152 omnibus
1074 2122 1186 2161 poenis
1216 2131 1298 2162 quae
1322 2121 1424 2152 consi·
1449 2142 1451 2166 ÷

1477 2169 1550 2199 dem
1573 2167 1694 2198 ratione
1722 2172 1857 2207 possunt
1883 2165 1935 2196 alii
1959 2175 2056 2206 opem
2086 2164 2165 2195 ferre
2192 2165 2343 2196 damnato
2366 2173 2403 2197 ut
2424 2166 2540 2207 fugiat,

361 2175 448 2198 stunt
478 2167 584 2198 solum
614 2167 646 2197 in
677 2167 752 2207 pati.
785 2167 836 2197 Ad
866 2166 955 2197 cuius
984 2166 1192 2201 evidentiam,
1226 2165 1304 2196 scito
1334 2166 1424 2206 quod

361 2222 483 2252 poenae
502 2218 576 2242 sunt
597 2211 629 2241 in
654 2211 773 2250 duplici
797 2210 978 2241 differentia.
1003 2210 1170 2247 Quaedam
1185 2216 1259 2240 sunt
1282 2209 1321 2239 ad
1344 2219 1425 2250 quas

362 2267 427 2286 non
451 2255 538 2286 aliter
560 2255 631 2295 quis
655 2255 822 2287 damnatur
845 2254 905 2284 nisi
928 2261 963 2284 ut
986 2254 1122 2294 patiatur
1144 2253 1255 2290 illatas,
1280 2259 1316 2284 ut
1338 2260 1425 2293 patet

362 2301 400 2330 de
424 2307 535 2335 morte,
560 2299 769 2335 mutilatione,
787 2298 926 2338 flagellis,
944 2305 1064 2328 tortura
1081 2305 1111 2328 et
1130 2298 1331 2328 huiusmodi:
1357 2308 1422 2327 non

361 2343 447 2374 enim
471 2345 638 2374 damnatur
653 2343 764 2383 aliquis
780 2349 815 2372 ut
831 2352 863 2372 se
881 2342 1012 2377 occidat,
1030 2341 1163 2378 mutilet,
1185 2348 1340 2382 torqueat,
1353 2349 1422 2378 etc.,

361 2388 415 2418 sed
439 2394 474 2418 ut
496 2388 633 2427 patiatur
656 2387 731 2417 haec
752 2387 808 2416 sibi
826 2385 921 2416 illata.
947 2386 987 2416 Et
1010 2387 1049 2415 de
1073 2386 1121 2416 his
1137 2386 1287 2416 omnibus
1312 2386 1422 2416 eadem

361 2439 407 2462 est
430 2431 508 2462 ratio
533 2442 614 2472 quae
631 2431 668 2461 de
685 2437 797 2466 morte,
818 2437 853 2460 ut
876 2430 993 2460 scilicet
1012 2430 1179 2460 damnatus
1196 2437 1250 2460 aut
1269 2430 1422 2460 damnan-

361 2476 420 2506 dus
436 2476 476 2506 ad
491 2476 610 2516 aliquid
627 2475 743 2505 horum
759 2474 859 2514 possit
876 2473 961 2504 licite
980 2473 1097 2513 fugere,
1113 2473 1188 2514 quia
1211 2483 1277 2503 non
1299 2480 1423 2505 tenetur

361 2520 419 2550 nisi
443 2520 482 2550 ad
505 2520 580 2560 pati,
605 2526 640 2550 ut
662 2518 742 2549 infra
756 2518 774 2538 *
797 2518 925 2557 patebit.
949 2535 970 2540 —
995 2517 1162 2554 Quaedam
1183 2527 1259 2548 vero
1284 2524 1360 2548 sunt
1382 2518 1422 2547 ad

361 2574 439 2605 quas
463 2563 506 2594 sic
529 2563 709 2594 subeundas
733 2561 845 2602 aliquis
873 2562 1042 2591 damnatur
1071 2569 1106 2592 ut
1135 2561 1202 2601 ipse
1233 2567 1423 2601 cooperetur

360 2609 400 2639 ad
424 2617 490 2644 eas,
516 2614 551 2638 ut
578 2614 663 2647 patet
690 2606 728 2636 de
756 2605 848 2636 exilio
875 2612 906 2636 et
931 2605 1237 2645 circumscriptione,
1263 2611 1293 2636 et
1318 2615 1422 2644 poena

361 2651 552 2692 pecuniaria:
578 2651 745 2681 damnatur
768 2649 926 2690 siquidem
947 2649 1059 2690 aliquis
1083 2656 1119 2679 ut
1142 2656 1191 2680 eat
1213 2649 1245 2679 in
1270 2649 1352 2679 exilii
1374 2649 1422 2679 lo-

362 2706 435 2727 cum
459 2702 488 2726 et
511 2695 554 2726 ibi
576 2695 657 2726 intra
680 2693 833 2734 praefixos
857 2693 915 2724 sibi
938 2693 1090 2724 terminos
1107 2699 1241 2729 maneat,
1259 2700 1294 2723 ut
1309 2693 1421 2730 solvat,

361 2747 391 2771 et
414 2739 609 2770 huiusmodi.
639 2739 679 2768 Et
703 2739 740 2768 ab
764 2738 877 2768 harum
901 2737 1084 2768 executione
1108 2747 1174 2767 non
1196 2737 1268 2768 licet
1291 2747 1324 2767 se
1347 2738 1422 2768 sub-

361 2783 481 2814 trahere
502 2790 576 2823 post
599 2781 800 2813 seutentiam:
826 2781 900 2822 quia
916 2781 1083 2812 damnatus
1099 2788 1145 2812 est
1167 2782 1207 2811 ad
1230 2781 1420 2813 faciendum.

361 2830 443 2858 Ante
467 2837 540 2857 vero
564 2826 760 2862 sententiam,
786 2832 889 2866 potest
911 2825 995 2856 licite
1018 2825 1142 2865 fugere,
1167 2826 1277 2856 eadem
1300 2825 1421 2856 ratione

361 2882 424 2912 qua
447 2872 612 2901 damnatus
636 2871 676 2901 ad
692 2876 828 2901 mortem
844 2876 949 2910 potest
963 2869 1045 2900 licite
1061 2869 1168 2909 fugere
1192 2867 1324 2911 (scilicet
1346 2870 1421 2910 quia

362 2926 428 2946 non
451 2922 572 2946 tenetur
595 2915 711 2950 facere,
735 2914 797 2944 hoc
821 2921 866 2944 est
893 2923 1019 2944 manere
1042 2913 1074 2944 in
1098 2914 1171 2944 loco
1202 2914 1287 2944 unde
1311 2923 1421 2955 seque-

363 2967 446 2990 retur
469 2969 564 2989 suum
588 2959 661 2999 pati,
679 2958 740 2989 hoc
763 2964 809 2988 est
832 2956 997 2999 damnari),
1015 2957 1040 2988 si
1064 2967 1100 2988 ex
1123 2967 1180 2988 sua
1203 2957 1342 2988 absentia
1357 2958 1420 2988 evi-

362 3010 478 3034 taretur
502 3003 673 3033 damnatio.
698 3002 860 3042 Alioquin,
878 3002 1010 3032 omnino
1027 3008 1184 3032 teneretur
1199 3002 1231 3045 i.¹¹
1256 3001 1326 3032 foro
1346 3012 1420 3032 con-

363 3047 509 3078 scientiae
532 3046 636 3077 subire
658 3047 755 3076 latam
774 3053 847 3086 post
870 3046 1068 3076 sententiam.

418 3090 568 3130 Religiosi
584 3097 700 3125 tamen,
716 3090 791 3130 quia
809 3090 950 3120 libertate
967 3089 1015 3120 sui
1030 3096 1138 3120 motus
1153 3089 1322 3129 processivi
1338 3097 1422 3120 extra

364 3135 498 3165 claustra
528 3144 560 3164 se
583 3133 745 3174 privarunt
774 3140 989 3173 supponentes
1013 3143 1045 3163 se
1073 3143 1128 3173 per
1157 3133 1214 3163 tria
1236 3140 1311 3164 vota
1334 3144 1421 3173 prae-

363 3178 433 3209 latis
457 3178 540 3214 suis,
565 3187 767 3218 quacumque
790 3187 827 3207 ex
850 3187 943 3207 causa
970 3187 987 3206 a
1011 3176 1075 3206 suis
1099 3176 1242 3216 praelatis
1265 3177 1346 3207 iuste
1369 3178 1421 3208 de-

363 3222 530 3258 tineantur,
555 3231 621 3252 non
644 3227 779 3262 possunt
800 3220 883 3251 licite
907 3227 990 3251 extra
1013 3219 1167 3259 praefixos
1190 3220 1247 3250 sibi
1270 3221 1422 3252 terminos

365 3266 515 3305 fugiendo
543 3265 640 3295 exire:
665 3275 739 3295 cum
767 3274 824 3294 nec
847 3264 928 3295 exire
958 3264 1081 3304 possint
1107 3274 1172 3294 non
1196 3264 1313 3295 detenti
1336 3265 1422 3295 clau-

366 3317 466 3340 strum
490 3309 556 3339 sine
578 3309 702 3339 licentia
726 3308 865 3349 praelati.

421 3354 472 3384 111.
497 3353 547 3383 Ad
571 3354 696 3384 tertiam
721 3359 751 3383 et
773 3358 921 3393 quartam
945 3351 1164 3392 quaestionem
1186 3351 1282 3382 simul
1309 3351 1422 3382 Henri-

367 3407 422 3427 cus
439 3397 476 3427 de
493 3397 655 3433 Gandavo,
675 3397 798 3434 Quolib.
817 3397 868 3433 IX,
886 3402 940 3426 art.
957 3406 1027 3426 xxw
1041 3395 1067 3431 *‚
1085 3396 1254 3435 respondet
1269 3396 1421 3436 negative.

367 3440 451 3478 Quia
473 3440 498 3470 si
522 3440 676 3480 frangeret
690 3440 815 3471 vincula
839 3447 893 3470 aut
917 3449 1080 3475 carcerem,
1105 3439 1258 3470 resisteret
1276 3439 1372 3470 iudici
1389 3440 1422 3470 in

367 3484 414 3515 his
438 3484 470 3514 in
493 3484 608 3524 quibus
638 3484 731 3514 habet
758 3491 962 3524 potestatem,
988 3490 1018 3514 et
1046 3483 1195 3514 iniuriam
1218 3484 1263 3514 illi
1291 3483 1422 3515 faceret:

366 3528 447 3558 sicut
470 3527 494 3558 si
514 3535 688 3568 percuteret
703 3538 778 3558 suos
795 3528 954 3559 ministros
972 3528 1127 3559 custodes.
1152 3528 1192 3558 Et
1215 3528 1423 3568 quemadmo-

368 3572 455 3607 dum,
480 3572 591 3612 inquit,
616 3572 736 3602 licitum
761 3579 806 3602 est
829 3573 957 3603 transire
981 3582 1036 3612 per
1059 3572 1198 3602 alienum
1219 3581 1339 3612 agrum,
1357 3582 1423 3602 non

1044 245 1310 291 QUAESTIO
1339 245 1480 292 mox,
1510 246 1806 283 ARTICULUS
1835 247 1885 282 lv

1487 329 1593 353 tamen
1617 333 1744 364 saepem
1763 324 1846 354 illius
1870 324 2065 363 disrumpere
2089 330 2124 354 ut
2147 330 2335 361 transeatur,
2357 325 2402 356 ita
2425 325 2546 357 licitum

1486 372 1533 396 est
1562 365 1689 406 fugere,
1714 378 1778 398 non
1809 375 1914 398 tamen
1938 367 2064 397 vincula
2094 374 2124 398 et
2156 377 2310 398 carcerem
2337 379 2483 409 rumpere
2511 377 2547 400 ut

1486 408 1594 449 fugere
1617 410 1726 450 possit.

1540 453 1572 483 Si
1595 454 1667 494 quis
1690 461 1796 485 tamen
1819 454 1982 494 diligenter
2006 454 2176 494 distinguat
2198 454 2279 484 inter
2294 454 2402 494 fugam
2420 456 2471 486 vel
2494 457 2546 487 de—

1485 496 1679 533 fensionem,
1704 508 1740 528 ac
1762 498 1843 529 inter
1865 498 1930 528 vim
1957 497 2070 528 inferre
2093 498 2331 529 rationabilibus
2354 499 2404 529 vel
2426 499 2546 530 irratio-

1484 540 1650 578 nabilibus,
1667 541 1835 573 declinabit
1857 542 1889 572 in
1909 549 2030 583 partem
2046 542 2238 592 oppositam..
2263 542 2347 573 Cum
2364 542 2450 576 enim
2465 543 2547 575 inter

1483 584 1622 615 iudicem
1645 591 1676 616 et
1698 585 1884 616 damnatum
1900 586 1980 616 iuste
1997 586 2036 616 ad
2052 592 2190 616 mortem
2213 586 2253 616 sit
2276 596 2313 616 ex
2330 583 2419 633 parte
2424 585 2545 619 iudicis

1483 628 1603 659 bellum
1618 628 1749 665 iustum,
1770 639 1968 670 consequens
1984 637 2030 660 est
2053 630 2142 671 quod
2165 630 2332 660 damnatus
2356 638 2423 661 non
2440 630 2548 680 possit

1483 682 1515 702 se
1530 672 1707 708 defendere,
1725 683 1790 703 non
1806 673 1947 704 resistere
1962 674 2135 713 pugnando
2153 681 2261 705 contra
2277 684 2362 705 eum.
2387 672 2451 709 Sed
2461 674 2546 706 sicut

1483 716 1590 756 fugere
1614 726 1680 746 non
1704 723 1750 747 est
1772 716 1929 753 resistere,
1954 726 2096 758 pugnare
2119 725 2174 748 aut
2196 717 2376 754 defendere,
2401 718 2455 748 sed
2479 727 2544 748 non

1481 767 1586 790 tenere
1610 761 1751 800 seipsum
1773 760 1807 790 in
1830 761 1892 791 hoc
1914 761 2003 797 loco;
2033 761 2076 792 ita
2106 761 2247 801 frangere
2269 762 2396 793 vincula
2422 769 2453 793 et
2481 772 2545 793 car-

1483 814 1566 835 ceres
1590 814 1655 834 non
1672 811 1718 835 est
1741 813 1891 844 pugnare,
1912 805 1967 835 sed
1982 805 2145 836 absolvere
2160 805 2300 845 seipsum
2317 816 2335 836 a
2351 806 2545 837 continentia

1455 848 1456 852 ’
1482 849 1684 879 vinculorum
1708 855 1738 878 et
1762 848 1900 890 carceris.
1926 865 1946 870 -
1968 848 2109 879 Multum
2131 859 2263 890 quoque
2281 849 2375 883 refert
2389 850 2455 880 vim
2471 850 2545 880 irra-

1454 888 1456 895 “
1480 893 1657 928 tionalium,
1682 892 1731 922 vel
1755 891 1968 930 rationalium,
1993 892 2151 932 repellere.
2176 893 2259 923 Nam
2281 893 2366 924 illata
2381 893 2428 924 vis
2451 894 2543 924 rebus

1480 936 1712 967 irrationalibus
1743 935 1882 976 praecise
1906 946 1972 966 non
1995 935 2150 966 redundat
2179 936 2212 966 in
2235 943 2397 968 auctorem
2419 947 2543 968 eorum.

1481 980 1583 1011 Cuius
1607 980 1734 1020 signum
1758 987 1804 1010 est
1827 980 1916 1020 quod
1947 979 1972 1009 si
1996 979 2068 1020 quis
2090 979 2224 1010 vinculis
2248 980 2308 1011 sibi
2334 981 2374 1011 ab
2400 981 2544 1012 ecclesia-

1481 1025 1560 1055 stico
1583 1025 1688 1055 iudice
1711 1024 1868 1064 impositis
1891 1023 2074 1054 violentiam
2101 1023 2214 1054 inferat
2243 1023 2453 1064 effringendo,
2478 1035 2544 1055 non

1481 1076 1528 1099 est
1551 1068 1860 1099 excommunicatus:
1889 1075 1920 1098 et
1943 1067 1968 1098 si
1991 1067 2063 1108 quis
2086 1068 2254 1098 damnatus
2278 1074 2314 1099 ut
2336 1068 2504 1100 devoretur
2527 1079 2544 1100 a

1480 1113 1582 1150 leone,
1607 1119 1726 1153 pugnet
1751 1122 1825 1142 cum
1847 1112 1940 1142 leone
1964 1119 2003 1148 et,
2027 1112 2120 1142 leone
2143 1118 2303 1152 superato,
2327 1111 2441 1152 fugiat,
2458 1108 2546 1144 'nulli

1480 1201 1591 1231 volens
1614 1200 1680 1230 vim
1703 1200 1816 1230 inferat
1839 1199 2033 1236 custodibus,
2057 1199 2146 1240 quod
2169 1199 2285 1230 iniuste
2309 1199 2397 1230 facit:
2422 1200 2477 1230 sed
2501 1199 2542 1239 si,

1481 1244 1664 1275 absentibus
1686 1244 1736 1274 vel
1765 1243 1996 1274 dormientibus
2020 1243 2082 1280 eis,
2106 1243 2229 1284 frangat
2250 1243 2377 1274 vincula
2399 1243 2450 1274 vel
2480 1254 2544 1275 car-

1482 1298 1576 1324 ceres,
1600 1287 1696 1318 iudici
1710 1287 1760 1317 vel
1777 1287 2206 1327 officialibusimputandum
2220 1287 2344 1318 videtur
2366 1287 2456 1328 quod
2478 1294 2544 1319 tam

1481 1331 1625 1362 debiliter
1640 1331 1721 1362 ostia
1735 1330 1858 1361 firmata
1873 1331 1922 1361 vel
1942 1341 2027 1361 serae
2046 1331 2212 1362 fabricatae
2227 1338 2302 1362 sunt
2325 1338 2361 1362 ut
2382 1332 2544 1372 potuerint

1481 1386 1499 1406 a
1522 1376 1650 1406 detento
1674 1375 1784 1414 frangi.
1815 1375 1908 1405 Unde
1931 1385 1997 1405 non
2020 1374 2113 1405 video
2144 1385 2241 1416 quare
2271 1385 2337 1406 non
2367 1376 2468 1416 possit
2490 1376 2543 1406 da-

1480 1426 1608 1450 mnatus
1631 1419 1671 1450 ad
1694 1426 1831 1450 mortem
1849 1418 2032 1449 violentiam
2047 1418 2181 1449 vinculis
2205 1425 2235 1449 et
2258 1419 2371 1450 carceri
2395 1420 2543 1460 praecise,

1480 1465 1599 1504 absque
1618 1463 1735 1494 scilicet
1758 1462 1931 1493 resistentia
1947 1462 2036 1492 omni
2053 1462 2244 1503 cuicumque
2261 1463 2396 1500 custodi,
2413 1463 2541 1494 inferre:

1479 1517 1546 1538 non
1570 1507 1656 1538 enim
1685 1508 1747 1538 hoc
1771 1513 1818 1537 est
1844 1506 1925 1537 sicut
1955 1513 2117 1546 percutere
2141 1506 2302 1537 ministros
2325 1514 2380 1538 aut
2402 1516 2544 1548 pugnare

1480 1559 1590 1583 contra
1613 1561 1678 1582 eos·

1537 1597 1603 1627 Nec
1626 1602 1672 1626 est
1694 1595 1834 1626 resistere
1850 1594 1947 1625 iudici
1969 1594 2001 1624 in
2025 1594 2073 1624 his
2096 1594 2130 1624 in
2153 1594 2269 1635 quibus
2293 1594 2387 1626 habet
2408 1601 2544 1636 potesta-

1479 1648 1557 1672 tem:
1583 1640 1638 1670 sed
1653 1649 1719 1669 non
1736 1638 1895 1669 continere
1911 1648 1944 1668 se
1960 1639 2018 1669 sub
2035 1638 2325 1678 circumscriptione
2340 1638 2544 1670 vinculorum

1451 1687 1453 1707 ¹
1479 1692 1510 1716 et
1533 1684 1671 1719 carceris,
1695 1689 1726 1714 et
1748 1683 1876 1719 eisdem,
1899 1692 1965 1712 non
1989 1682 2109 1713 auctori
2132 1692 2255 1718 eorum,
2279 1682 2345 1712 vim
2367 1682 2491 1715 inferre.
2521 1701 2543 1707 -

1478 1730 1544 1759 Nec
1568 1735 1614 1758 est
1636 1727 1738 1758 simile
1762 1727 1800 1757 de
1816 1726 1968 1757 fractione
1983 1726 2094 1766 saepis.
2118 1726 2202 1764 Quia
2222 1726 2255 1756 in
2275 1725 2426 1758 fractione
2441 1727 2543 1768 saepis

1479 1773 1582 1813 agitur
1601 1772 1640 1802 de
1659 1771 1777 1802 damno
1801 1771 1889 1811 quod
1904 1769 2036 1800 infertur
2051 1770 2185 1801 domino
2209 1780 2265 1811 per
2281 1771 2383 1810 saepis
2398 1771 2542 1802 ruinam:

1478 1817 1528 1847 hic
1552 1823 1660 1846 autern
1683 1825 1748 1846 non
1773 1821 1820 1845 est
1842 1813 1985 1854 quaestio
2015 1814 2054 1844 de
2077 1815 2196 1844 damno
2223 1814 2316 1854 pretii
2338 1814 2542 1846 vinculorum

1478 1867 1533 1891 aut
1556 1869 1697 1890 serarum
1718 1858 1847 1890 carceris
1871 1856 1975 1900 (facile
1991 1857 2077 1888 enim
2092 1857 2152 1888 dici
2168 1865 2273 1898 potest
2295 1859 2384 1899 quod
2400 1859 2543 1891 effractor

1478 1905 1599 1935 solvere
1626 1903 1813 1934 tantundem
1839 1908 1885 1932 est
1913 1899 2072 1944 paratus);
2106 1902 2161 1932 sed
2185 1909 2231 1932 est
2253 1902 2397 1943 quaestio
2420 1913 2461 1933 an
2483 1903 2542 1934 iste

1478 1955 1566 1980 actus
1583 1947 1770 1979 effractionis
1794 1946 1961 1976 reducatur
1984 1946 2024 1975 ad
2047 1945 2157 1985 fugam
2175 1955 2216 1976 an
2230 1946 2269 1976 ad
2285 1955 2442 1986 pugnum
2466 1956 2542 1979 nam

1477 1993 1503 2023 si
1527 1998 1612 2023 tenet
1635 2001 1667 2022 se
1691 2002 1728 2022 ex
1750 1997 1838 2030 parte
1861 1990 1970 2029 fugae,
1994 1988 2097 2020 licitus
2121 1996 2182 2026 est;
2214 1989 2240 2019 si
2270 1989 2352 2030 sapit
2380 1999 2542 2031 pugnarn,

1476 2037 1602 2067 illicitus
1626 2042 1681 2066 est.
1705 2036 1838 2074 Propter
1860 2034 1949 2074 quod
1972 2043 2038 2064 non
2062 2040 2190 2084 oportet
2211 2033 2375 2065 veritatem
2398 2044 2436 2066 ex
2458 2033 2542 2066 simi-

1475 2080 1664 2111 litudinibus
1687 2078 1826 2114 scrutari,
1850 2078 1905 2108 sed
1928 2088 1965 2108 ex
1988 2077 2133 2118 propriis.
2182 2114 2186 2115 ⁷

1532 2125 1583 2156 1V.
1608 2124 1659 2155 Ad
1682 2124 1824 2164 quintam
1844 2121 2064 2163 quaestionem
2087 2121 2198 2152 dicunt
2220 2121 2352 2162 quidam
2375 2122 2466 2163 quod
2488 2132 2542 2155 ea-

1476 2213 1557 2243 sicut
1572 2218 1678 2252 potest
1692 2211 1760 2251 ipse
1776 2210 1893 2250 fugere.
1911 2209 1990 2240 Mihi
2007 2209 2267 2249 distinguendum
2279 2209 2424 2241 occurrit.
2441 2210 2541 2247 Quod

1475 2257 1606 2297 quidam
1630 2255 1776 2285 homines
1799 2261 1874 2284 sunt
1895 2253 1983 2284 velut
2006 2260 2109 2293 partes
2133 2253 2277 2293 publicae
2299 2254 2477 2294 potestatis:
2502 2260 2539 2286 ut

1476 2301 1638 2335 custodes,
1663 2298 1813 2335 ministri,
1838 2297 2003 2333 officiales,
2027 2305 2129 2337 patres
2153 2297 2352 2338 reipublicae,
2378 2305 2409 2329 et
2428 2298 2541 2329 huius-

1476 2344 1574 2380 modi,
1598 2353 1739 2384 quorum
1754 2349 1799 2373 est
1815 2341 1922 2372 fovere
1937 2341 1986 2371 vel
2002 2351 2142 2372 exercere
2158 2341 2319 2382 publicam
2334 2346 2538 2382 potestatem.

1475 2388 1516 2419 Et
1545 2388 1612 2424 his,
1641 2387 1762 2418 ratione
1795 2393 1893 2416 status
1920 2395 2051 2421 eorum,
2076 2385 2151 2426 quia
2177 2385 2295 2416 seilicet
2317 2385 2362 2416 eis
2385 2385 2541 2418 incumbit

1475 2432 1582 2462 fovere
1601 2431 1763 2472 publicam
1778 2436 1976 2470 potestatem,
1993 2429 2139 2459 illicitum
2155 2436 2201 2460 est
2224 2429 2394 2460 consilium
2416 2431 2467 2460 vel
2482 2441 2539 2462 au-

1475 2475 1587 2506 xilium
1617 2475 1710 2515 fugae
1740 2480 1911 2515 praestare:
1943 2482 2057 2503 eorum
2079 2473 2165 2503 enim
2193 2479 2240 2504 est
2268 2473 2456 2504 damnatum
2481 2484 2538 2506 seu

1474 2519 1693 2550 damnandum
1711 2518 1859 2553 detinere,
1884 2523 1915 2547 et
1936 2517 2024 2547 velut
2046 2516 2224 2557 proditores
2248 2523 2279 2548 et
2302 2517 2475 2550 collusores
2491 2528 2538 2550 es-

1475 2570 1544 2594 sent
1567 2569 1671 2603 partes
1694 2561 1811 2592 detenti
1834 2561 1984 2592 fovendo.

1531 2606 1635 2638 Ceteri
1665 2612 1789 2642 autem,
1820 2614 1961 2645 quorum
1991 2614 2057 2635 non
2083 2604 2212 2636 interest
2240 2605 2401 2645 publicam
2430 2605 2538 2638 fovere

1474 2657 1673 2692 potestatem,
1693 2649 1776 2680 licite
1798 2655 1933 2689 possunt
1948 2648 2112 2689 cooperari
2135 2649 2174 2679 ad
2198 2648 2308 2689 fugam
2324 2650 2474 2682 damnati.
2497 2650 2540 2682 Et

1474 2695 1553 2726 ratio
1578 2701 1624 2725 est
1646 2694 1721 2735 quia
1739 2693 1922 2733 regulariter
1944 2692 2051 2723 nullus
2074 2693 2260 2733 prohibetur
2278 2703 2296 2723 a
2311 2693 2537 2734 cooperatione

1474 2746 1562 2770 actus
1592 2738 1679 2769 alteri
1709 2737 1801 2773 liciti,
1826 2737 1886 2767 nisi
1908 2746 1964 2778 per
1987 2736 2147 2774 accidens,
2171 2743 2248 2777 puta
2271 2737 2347 2778 quia
2370 2737 2466 2770 statui
2487 2739 2539 2770 vel

1475 2783 1579 2814 officio
1604 2792 1663 2812 suo
1690 2782 1753 2812 hoc
1779 2787 1942 2821 repugnat.
1976 2782 2118 2821 Apparet
2147 2790 2286 2822 namque
2312 2781 2474 2813 inductive
2503 2782 2537 2813 in

1474 2827 1624 2858 omnibus
1647 2826 1736 2866 quod
1759 2825 1784 2855 si
1805 2825 1883 2855 1111111
1905 2824 2028 2855 licitum
2050 2831 2096 2855 est
2121 2834 2235 2861 emere,
2251 2825 2395 2862 vendere,
2411 2825 2537 2863 bellare,

1474 2870 1667 2906 contrahere,
1685 2876 1759 2906 etc.‚
1783 2869 1871 2910 quod
1896 2869 1973 2899 dans
1996 2868 2075 2899 mihi
2099 2869 2285 2906 consilium,
2310 2869 2465 2900 auxilium
2486 2870 2539 2902 vel

1473 2915 1615 2945 favorem
1638 2914 1678 2944 ad
1701 2920 1808 2944 actum
1826 2913 1918 2943 illum
1941 2913 2023 2944 licite
2039 2920 2198 2953 operatur,
2214 2913 2275 2944 nisi
2290 2913 2411 2945 ratione
2427 2920 2536 2952 status,

1474 2958 1579 2995 officii,
1595 2958 1646 2988 vel
1665 2957 1860 2994 huiusmodi,
1881 2957 2029 2988 reddatur
2051 2957 2110 2987 sibi
2124 2957 2183 2988 ista
2207 2957 2388 2998 cooperatio
2410 2958 2537 2989 illicita:

1474 3010 1509 3034 ut
1532 3002 1650 3033 clericis
1671 3002 1811 3032 redditur
1825 3001 1972 3032 illicitum
1988 3001 2151 3042 cooperari
2167 3001 2207 3032 ad
2223 3011 2351 3032 causam
2365 3001 2537 3042 sanguinis,

1474 3046 1619 3088 quamvis
1642 3046 1773 3082 iustam3
1798 3052 1829 3076 et
1851 3045 1884 3076 in
1908 3045 2075 3086 proposito
2099 3044 2296 3082 officialibus,
2316 3045 2371 3086 qui
2391 3052 2538 3078 tenentur

1474 3091 1514 3121 ad
1538 3090 1715 3122 custodiam
1738 3089 1888 3126 damnati,
1912 3089 2051 3120 redditur
2069 3089 2216 3120 illicitum
2235 3090 2399 3130 cooperari
2422 3089 2537 3131 quovis

1474 3135 1574 3165 modo
1598 3134 1638 3164 ad
1661 3133 1780 3174 fugam.

1530 3178 1571 3208 Et
1594 3178 1620 3208 si
1639 3177 1749 3218 opinio
1773 3177 1806 3207 in
1830 3176 2028 3216 praecedenti
2051 3177 2237 3217 quaestione
2252 3177 2269 3196 *
2292 3177 2331 3207 de
2349 3177 2434 3208 licita
2449 3176 2537 3208 effra-

1475 3221 1577 3252 ctione
1601 3221 1730 3252 carceris
1753 3231 1771 3251 a
1794 3221 1944 3251 damnato
1968 3227 2014 3251 est
2035 3230 2118 3257 vera,
2143 3230 2341 3262 consequens
2360 3227 2407 3252 est
2429 3227 2465 3252 ut
2486 3220 2536 3252 his

1474 3265 1529 3306 qui
1551 3265 1635 3296 licite
1658 3271 1869 3305 cooperantur
1887 3265 1928 3294 ad
1946 3264 2065 3304 fugam,
2088 3264 2181 3296 liceat
2204 3265 2368 3305 cooperari
2390 3265 2430 3295 ad
2453 3264 2536 3295 fran-

1474 3310 1615 3349 gendum
1629 3308 1757 3339 vincula
1775 3315 1806 3339 et
1829 3318 1974 3345 carceres,
1992 3309 2102 3340 eadem
2118 3308 2249 3346 ratione,
2267 3308 2535 3339 subministrando

1476 3353 1626 3383 damnato
1655 3352 1778 3383 incluso
1809 3352 1919 3382 limam
1949 3353 1999 3383 vel
2029 3353 2161 3393 aliquod
2189 3353 2438 3383 instrumentum
2467 3362 2547 3399 quo

1476 3396 1576 3447 possit
1605 3407 1637 3427 se
1659 3397 1820 3427 absolvere
1844 3407 1862 3426 a
1884 3396 2018 3428 vinculis
2041 3403 2072 3428 et
2095 3406 2225 3428 carcere.
2254 3414 2274 3419 -
2299 3397 2365 3427 Nec
2387 3395 2462 3427 hinc
2483 3406 2535 3427 ac-

1476 3441 1572 3481 cipias
1596 3451 1647 3471 me
1671 3440 1772 3471 dicere
1795 3441 1884 3481 quod
1906 3440 1997 3471 liceat
2019 3441 2087 3471 aliis
2110 3449 2294 3471 concurrere
2316 3439 2356 3470 ad
2379 3449 2535 3470 carcerem

1477 3491 1508 3515 et
1534 3484 1675 3524 frangere
1704 3484 1810 3515 illum:
1842 3485 1904 3515 hoc
1926 3485 2012 3515 enim
2035 3495 2092 3515 nec
2116 3483 2281 3515 somniavi.
2312 3483 2395 3514 Nam
2418 3483 2444 3514 si
2467 3493 2534 3514 non

1475 3528 1566 3559 liceat
1588 3529 1632 3559 ire
1660 3528 1699 3559 ad
1728 3528 1937 3569 frangendum
1967 3539 2069 3559 seram
2098 3528 2214 3558 domus
2243 3526 2398 3567 privatae,
2429 3528 2533 3558 multo

1476 3572 1582 3603 minus
1606 3573 1722 3603 domus
1745 3573 1900 3614 publicae.
1930 3573 2070 3604 Multum
2093 3571 2179 3602 enim
2202 3570 2294 3602 refert
2317 3571 2355 3601 ab
2378 3571 2463 3602 intus
2486 3571 2533 3602 in-

2562 3183 2572 3194 ·
2582 3181 2654 3206 Num.
2668 3183 2772 3211 praeced.

2834 3059 2860 4244 QYQQ-—-.-
2855 3029 2860 3036 .
2857 3008 2860 3015 .
