2860 4244
74 756 115 778 Ἐ
133 757 170 778 ist.
183 756 286 784 CXLIII,

18 787 22 797 ·‘
74 772 286 804 nl.1VadMa-

21 808 23 810 '
74 809 142 831 ced·
149 799 187 831 df.
199 815 250 831 mn.
258 809 289 830 Su·

16 882 17 886 ¹
74 835 286 890 rxefvauqeiimffiam'

74 923 151 945 Ἀη-
163 889 268 951 ρῦτιοαά.

39 2394 195 2423 *Siva-amns
219 2403 251 2421 ‚11
271 2402 278 2410 ·

1000 196 1266 242 QUAESTIO
1296 197 1415 243 LXII,
1444 197 1740 234 ARTICULUS
1770 199 1802 234 Il
2437 199 2487 244 43

365 288 402 322 4.
421 276 653 323 PRAETEREA,
674 275 734 312 ille
749 275 812 324 qui
830 274 988 334 impedit
1004 274 1168 322 aliquem
1184 275 1231 311 ab
1247 274 1373 323 aliquo
1400 274 1402 311 l
1429 275 1478 312 ad
1506 275 1781 312 restitutionem
1802 277 1939 313 famae.
1959 297 1983 304 -
2013 276 2098 313 Alio
2118 277 2251 323 mod0‚
2281 277 2417 313 falsum
2438 276 2492 313 di-

313 328 418 365 bono
435 329 708 378 consequendo
721 329 874 367 videtur
893 327 926 364 ei
939 325 956 356 Ρ
974 327 1138 364 auferre:
1168 327 1257 375 quia
1276 329 1377 376 quod
1401 331 1403 379 Ι
1430 330 1552 365 cendo
1574 336 1611 365 et
1629 329 1776 365 iniuste.
1799 330 1847 366 Et
1865 337 1956 366 tunc
1970 335 2120 366 tenetur
2134 329 2328 366 restituere
2347 330 2491 366 famam

314 381 502 418 modicum
522 382 631 428 deest,
652 382 777 430 quasi
787 377 880 418 nihzl
899 380 1024 417 deesse
1042 379 1199 425 videtur,
1228 387 1269 416 ut
1287 380 1375 417 Phi-
1401 384 1403 391 '
1430 381 1649 418 confitendo
1679 394 1719 418 se
1739 382 1877 418 falsum
1898 381 2044 419 dixisse.
2067 402 2090 409 -
2115 381 2251 418 Tertio
2273 382 2406 430 modo,
2426 394 2492 418 ve-

182 456 188 467 .
220 455 227 461 -
261 450 288 487 -,·
309 429 499 483 losophus
528 433 637 481 dicit,
666 433 704 470 in
734 435 765 470 ΙΙ
793 433 942 481 Physic.
963 432 983 454 ’¹‘
1012 432 1090 469 Sed
1123 445 1210 469 cum
1240 434 1374 481 aliquis
1401 450 1403 478 3
1431 446 1516 471 rum
1537 434 1698 471 dicendo
1724 435 1792 472 sed
1811 433 1966 472 iniuste:
1994 443 2087 484 puta
2107 447 2194 472 cum
2214 434 2349 484 aliquis
2368 434 2494 484 prodit

313 486 473 535 impedit
509 487 676 534 aliquem
711 498 759 524 ne
778 491 794 514 Υ
822 493 1078 534 consequatur
1114 486 1374 534 praebendam
1401 482 1403 536 ᾖ
1430 486 1575 523 crimen
1594 487 1745 524 alterius
1765 496 1897 525 contra
1925 488 2101 525 ordinem
2122 487 2305 525 debitum.
2335 488 2384 524 Et
2403 495 2494 525 tunc

312 541 375 576 vel
399 540 542 587 aliquid
564 538 795 585 huiusmodi,
818 550 896 574 non
909 538 1061 575 videtur
1076 539 1180 597 quod
1204 544 1403 576 teneatur
1402 562 1404 600 ι
1429 546 1578 575 tenetur
1606 540 1654 575 ad
1681 540 1956 577 restitutionem
1984 541 2110 577 famae
2139 547 2322 589 quantum
2355 547 2492 588 potest,

314 593 348 629 ei
368 592 416 629 ad
441 592 714 628 restitutionem
742 591 1003 639 praebendae.
1033 591 1123 640 quia
1141 591 1375 642 quandoque
1402 606 1404 639 g
1431 591 1511 628 sine
1530 591 1732 628 mendacio
1752 600 1898 630 tamen:
1919 601 2050 643 utpote
2066 593 2172 641 quod
2193 593 2291 629 dicat
2310 605 2351 629 se
2371 594 2470 629 male
2486 598 2494 613 ²

314 643 393 683 non
419 651 560 694 posset.
590 644 693 681 Non
711 655 800 691 ergo
830 643 1024 680 restituere
1054 644 1222 681 ablatum
1253 652 1307 681 est
1329 646 1404 691 de
1432 643 1579 691 dixisse,
1606 644 1671 680 vel
1697 645 1802 703 quod
1830 645 1964 682 iniuste
1990 658 2077 682 eum
2108 645 2371 683 diffamaverit.
2411 645 2493 691 Vel,

313 696 535 741 necessitate
564 696 706 734 salutis.

1402 675 1404 748 Ξ
1431 695 1462 734 3ἱ
1490 708 1569 733 non
1605 697 1725 744 possit
1752 698 1896 735 famam
1925 698 2141 745 restituere,
2172 698 2285 735 debet
2323 698 2357 735 ei
2391 698 2495 734 aliter

367 750 442 787 SED
461 761 609 787 CONTRA
631 761 698 787 EST
717 749 824 797 quod
846 749 1080 796 Augustinus
1110 750 1198 787 dicit
1215 749 1255 785 *z
1284 749 1376 786 Non
1402 754 1405 794 k
1432 761 1736 797 recompensare,
1763 750 1858 787 sicut
1879 759 1914 787 et
1937 751 1976 788 in
1995 751 2073 787 aliis
2094 751 2235 788 dictum
2260 759 2316 788 est
2330 751 2360 787 *.

312 802 508 839 dimittitur
519 807 731 850 peccatum,
761 802 833 839 nisi
858 803 1075 839 restituatur
1091 802 1259 839 ablatum
1277 799 1304 838 ὅ.

1484 803 1542 837 Ab
1562 813 1723 839 TERTIUM
1746 814 1932 840 morannum
1960 804 2065 852 quod
2094 804 2191 840 actio
2221 803 2494 840 contumeliam

366 855 595 892 Resposnso
624 866 808 892 mcENDUM
838 857 942 904 quod
971 855 1171 900 restitutio,
1201 854 1297 890 sicut
1325 853 1378 890 di-
1403 858 1405 902 ῂ
1430 854 1623 890 inferentis
1651 866 1730 891 non
1757 862 1883 914 potest
1910 856 1992 892 fieri
2020 863 2063 892 ut
2091 869 2169 892 non
2198 856 2319 892 fuerit.
2366 857 2497 892 Potest

309 915 416 954 ¹ctum
436 915 491 945 est
508 907 541 955 ³¹⁶,
564 915 619 944 est
637 916 743 944 actus
762 907 923 945 iustitiae
945 907 1255 953 commutativae,
1277 917 1405 954 quae

309 958 350 1006 in
370 962 539 1010 quadam
561 961 787 1010 aequalitate
808 959 985 998 consistit.
1005 960 1055 997 Et
1072 959 1160 996 ideo
1181 959 1405 1000 restituere.

311 1012 494 1062 importat
511 1014 764 1051 redditionem
783 1013 881 1052 illius
904 1012 959 1050 rei
978 1024 1076 1061 quae
1096 1011 1233 1048 iniuste
1253 1001 1405 1049 ablata'

313 1072 391 1103 est:
428 1067 483 1103 sic
519 1067 623 1104 enim
659 1078 728 1115 per
756 1066 928 1102 iteratam
957 1065 1039 1101 eius
1062 1069 1075 1085 ⁵
1105 1064 1376 1101 exhibitionem
1403 1048 1405 1130 Ξ

307 1120 519 1168 aequalitas
549 1125 756 1172 reparatur.
803 1119 841 1154 Sl
870 1129 965 1154 vero
995 1117 1090 1154 iuste
1120 1118 1288 1154 ablatum
1319 1117 1375 1164 sit,

304 1168 558 1232 maequahtas
587 1170 657 1209 erit
684 1169 756 1208 ut‘
786 1169 819 1207 ei
849 1169 1083 1207 restituatur.
1123 1169 1212 1219 quia
1240 1170 1377 1207 iustitia

304 1216 357 1274 in
376 1216 603 1274 aequalitate
633 1222 814 1262 consistit.
845 1223 946 1260 Cum
974 1223 1083 1272 igitur
1104 1235 1256 1261 servare
1277 1228 1295 1250 η
1322 1223 1377 1260 iu-

308 1277 450 1319 stiuam
478 1277 526 1315 sit
553 1277 601 1315 de
629 1276 852 1317 necessitate
881 1277 1021 1336 salutis,
1051 1288 1294 1324 consequens
1322 1283 1405 1325 est

255 1330 640 1393 Awdffistiniere
666 1330 705 1367 id
733 1330 839 1379 quod
867 1329 1004 1366 iniuste
1028 1330 1199 1390 ablatum
1229 1338 1285 1366 est
1312 1330 1376 1366 ali—

308 1383 392 1437 eui,
406 1382 461 1419 sit
487 1384 536 1420 de
565 1383 788 1420 necessitate
815 1383 958 1419 salutis.

307 1426 345 1453 ‘⁴¹'
343 1434 423 1484 An
443 1439 581 1484 ramum
608 1446 708 1480 ERGO
727 1446 913 1473 DICENDUM
937 1435 1042 1484 quod
1070 1434 1109 1471 in
1133 1435 1273 1483 quibus
1298 1446 1404 1473 non

307 1479 435 1541 fidtest
453 1489 740 1538 recompensari
759 1487 1018 1538 aequivalens,
1038 1487 1176 1525 sufficit
1195 1487 1300 1536 quod
1319 1500 1377 1525 re-

308 1551 599 1591 compensetur
608 1541 717 1590 quod
742 1540 924 1589 possibile
953 1548 1029 1578 est:
1073 1541 1169 1578 sicut
1203 1548 1311 1589 patet
1332 1541 1405 1578 de

306 1596 516 1633 ‘nonoribus
543 1595 609 1643 qui
633 1600 723 1631 sant
745 1595 798 1631 ad
823 1595 948 1634 Deum
977 1599 1012 1630 et
1037 1594 1090 1630 ad
1110 1599 1307 1641 parentes,
1336 1602 1378 1630 ut

272 1657 286 1696 ζ
307 1646 466 1694 Philoso
495 1648 568 1691 hus
588 1647 688 1694 dicit,
709 1645 750 1683 in
762 1647 849 1683 VIII
865 1647 985 1689 Ethic.
1001 1646 1022 1668 ⁸⁸
1050 1647 1099 1683 Et
1116 1647 1203 1683 ideo
1219 1647 1376 1695 quando

305 1698 363 1761 ,ἰᾶ
362 1700 464 1761 quo
511 1696 568 1738 est
584 1697 757 1747 ablatum
786 1698 866 1737 non
894 1707 950 1736 est
978 1698 1198 1736 restituibile
1225 1711 1295 1750 per
1314 1699 1377 1736 ali-

303 1742 401 1806 ’ἇῇἶᾱ
412 1742 586 1802 aequale,
602 1742 717 1794 'debet
730 1743 815 1791 fieri
829 1752 1138 1802 recompensatio
1154 1753 1275 1802 qualis
1289 1765 1376 1802 pos-

283 1832 293 1841 -›
307 1807 439 1850 sibilis
448 1815 519 1847 est.
547 1807 655 1867 Puta,
677 1818 767 1845 cum
782 1806 928 1854 aliquis
947 1805 1060 1843 alicui
1080 1805 1232 1843 abstulit
1254 1818 1377 1843 mem-

308 1861 436 1907 brum,
466 1861 581 1898 debet
605 1860 645 1896 ei
659 1871 954 1907 recompensare
972 1860 1036 1895 vel
1064 1858 1103 1895 in
1130 1859 1294 1907 pecunia
1313 1860 1375 1896 vel

306 1913 365 1952 irr-
375 1914 504 1967 aliquo
531 1914 691 1959 honore,
723 1912 960 1950 considerata
989 1911 1208 1948 conditione
1240 1912 1376 1949 utrius-

307 1955 390 2027 'que
410 1965 620 2022 personae,
651 1965 864 2003 secundum
893 1964 1091 2002 arbitrium
1119 1964 1264 2014 probi⁹
1291 1965 1375 2002 viri.

331 2017 421 2069 Aa
434 2031 627 2062 SECUNDUM
645 2031 832 2057 Dice-,unum
847 2019 951 2068 quod
971 2017 1107 2067 aliquis
1121 2025 1247 2067 potest
1266 2018 1376 2056 alicui

306 2051 452 2115 famam
469 2065 672 2121 tripliciter
694 2072 856 2109 auferre.
886 2072 973 2111 Uno
1003 2071 1136 2118 mod0‚
1155 2084 1295 2110 verum
1322 2071 1376 2109 di-

308 2132 432 2163 cendo
453 2133 490 2162 et
517 2126 635 2162 iuste:
663 2133 757 2173 puta
777 2137 866 2161 cum
894 2124 1029 2172 aliquis
1054 2124 1199 2161 crimen
1218 2124 1376 2161 alicuius

248 2230 249 2233 Ἴ
271 2229 276 2233 ,
306 2178 436 2237 prodit
453 2178 589 2232 ordine
605 2178 734 2215 debito
755 2185 928 2241 servato3
952 2178 1001 2213 Et
1019 2185 1111 2214 tunc
1128 2189 1208 2214 non
1227 2185 1377 2214 tenetur
1403 2217 1405 2219 ‚

345 2276 347 2278 .
891 2263 912 2282 *-

309 2326 317 2330 ,
361 2300 388 2335 β)
406 2301 514 2326 videtur
531 2301 566 2327 ei.
585 2314 604 2319 -
628 2301 735 2327 videtur
753 2300 822 2327 illud
845 2300 871 2325 ei
886 2279 946 2333 ΐῖὒ,
965 2300 1072 2326 videtur
1089 2301 1115 2326 ei
1140 2300 1168 2325 id
1192 2300 1251 2326 GH.

360 2337 388 2405 ἔξ
405 2335 651 2397 trigin-...fftczgigrtlmljti
663 2384 682 2390 -
707 2370 733 2395 in
755 2370 878 2403 Epistola
896 2370 934 2395 ad
958 2369 1063 2395 Maced.
1082 2368 1176 2399 XIIII,
1196 2378 1221 2404 q.
1237 2369 1264 2400 5,
1284 2370 1308 2395 si
1333 2377 1375 2395 res

306 2406 404 2436 atiena,
415 2409 531 2439 propter
542 2409 777 2439 qummpeceatum
792 2409 839 2435 est,
859 2406 938 2430 reddi
952 2406 1040 2437 possit
1057 2409 1084 2430 et
1096 2412 1149 2430 non
1167 2406 1302 2433 redditur,
1311 2413 1376 2438 poe-

304 2442 423 2470 uiuum
445 2449 499 2467 non
523 2441 619 2474 agitur
636 2441 684 2466 sed
705 2441 864 2469 simulatur-t

307 2540 483 2575 δηιίαἰὶιιν...
500 2547 619 2573 ablatum
639 2547 667 2572 Ρ.

1403 1151 1533 1211 Ξεὶῐετ.
1565 1170 1651 1208 Uno
1681 1170 1823 1216 modo,
1852 1171 1969 1208 iuste:

1431 913 1560 943 tamen
1579 907 1662 943 fieri
1689 914 1731 943 ut
1750 907 1829 944 eius
1854 907 2022 954 effectus,
2053 908 2193 945 scilicet
2222 908 2422 945 diminutio
2445 908 2496 944 di-

1403 959 1582 1018 gnitatis
1601 972 1788 1007 personae
1809 959 1848 998 in
1869 960 2050 1020 opinione
2069 961 2286 1007 hominum,
2302 968 2497 1009 reparetur

1403 1024 1500 1060 per
1529 1012 1803 1049 exhibitionem
1834 1014 2082 1050 reverentiae.

1485 1067 1543 1101 AD
1573 1077 1746 1107 QUARTUM
1773 1077 1959 1102 mensuum
1988 1066 2094 1114 quod
2122 1066 2257 1113 aliquis
2284 1073 2410 1114 potest
2428 1065 2496 1101 irn-

1403 1118 1561 1166 pedire
1582 1117 1747 1167 aliquem
1774 1129 1822 1154 ne
1851 1119 1991 1154 habeat
2019 1119 2293 1178 praebendam,
2319 1118 2497 1167 multipli-

2008 1179 2100 1220 puta
2129 1171 2170 1218 si,
2201 1171 2400 1208 intendens
2429 1172 2498 1207 ho-

1403 1236 1567 1279 norem
1586 1223 1660 1261 Dei
1673 1225 1735 1261 vel
1753 1223 1952 1262 utilitatem
1978 1224 2170 1272 ecclesiae,
2190 1232 2369 1272 procuret
2392 1224 2497 1272 quod

1403 1259 1541 1314 detur
1556 1277 1667 1314 alicui
1685 1289 1874 1337 personae
1890 1277 2063 1325 digniori.
2085 1278 2134 1314 Et
2148 1285 2237 1314 tunc
2253 1278 2356 1314 nullo
2377 1277 2496 1314 modo

1403 1337 1581 1367 tenetur
1603 1331 1650 1367 ad
1681 1330 1958 1367 restitutionem
1987 1331 2050 1367 vel
2078 1331 2126 1367 ad
2152 1330 2319 1378 aliquam
2349 1342 2498 1366 recom—

1403 1383 1697 1431 pensationem
1731 1383 1957 1420 faciendam.
1987 1403 2011 1410 -
2053 1383 2140 1419 Alio
2168 1383 2308 1430 modo,
2338 1383 2496 1420 iniuste:

1403 1439 1523 1486 puta
1546 1435 1576 1472 si
1595 1436 1766 1472 intendat
1787 1435 1868 1473 eius
1887 1443 2162 1473 nocumentum
2189 1448 2306 1485 quem
2327 1436 2496 1485 impedit,

1403 1496 1586 1537 propter
1615 1488 1748 1527 odium
1775 1490 1837 1525 vel
1866 1489 2074 1526 vindictam
2103 1497 2168 1526 aut
2199 1489 2342 1537 aliquid
2369 1489 2498 1526 huius-

1430 1541 1548 1578 modi.
1596 1542 1646 1578 Et
1673 1548 1781 1587 tunc,
1810 1542 1840 1578 si
1867 1541 2028 1590 impedit
2061 1554 2109 1578 ne
2137 1542 2360 1590 praebenda
2389 1543 2498 1579 detur

1403 1587 1559 1642 digno,
1589 1595 1794 1631 consulens
1822 1595 1928 1643 quod
1956 1607 2034 1631 non
2065 1594 2185 1641 detur,
2216 1603 2422 1643 antequam
2453 1594 2499 1631 sit

1403 1644 1627 1684 firmatum
1647 1648 1751 1695 quod
1781 1647 1972 1693 ei'detur3
2003 1655 2151 1684 tenetur
2170 1647 2327 1695 quidem
2357 1647 2405 1684 ad
2434 1647 2497 1683 ali-

1403 1707 1404 1743 }
1431 1711 1548 1748 quam
1586 1700 1998 1749 recompensationem,
2019 1700 2185 1749 pensatis
2215 1699 2498 1737 conditionibus

1402 1785 1404 1797 Ξ
1429 1765 1683 1802 personarum
1713 1761 1750 1790 et
1776 1753 1938 1801 negotii,
1970 1754 2183 1790 secundum
2211 1753 2406 1792 arbitrium
2440 1765 2498 1789 sa-

1403 1800 1404 1820 *
1429 1805 1587 1855 pientis;
1617 1818 1693 1843 non
1715 1815 1845 1844 tamen
1865 1814 2014 1844 tenetur
2034 1806 2081 1844 ad
2103 1807 2272 1855 aequale,
2293 1806 2384 1855 quia
2407 1806 2467 1842 ille
2481 1812 2498 1827 ¹

1430 1859 1606 1896 nondum
1643 1860 1766 1896 fuerat
1797 1860 1958 1908 adeptus
1997 1867 2032 1896 et
2064 1867 2212 1908 poterat
2245 1858 2499 1908 multipliciter

1429 1912 1618 1961 impediri.
1640 1933 1664 1940 —
1694 1912 1734 1949 Si
1752 1924 1847 1950 vero
1868 1913 1945 1949 iam
1974 1913 2171 1949 firmatum
2191 1913 2237 1949 sit
2256 1912 2363 1960 quod
2387 1911 2496 1949 alicui

1430 1965 1541 2002 detur
1568 1965 1809 2015 praebenda,
1841 1973 1878 2002 et
1906 1965 2055 2014 aliquis.
2073 1973 2229 2014 propter
2258 1977 2414 2002 causam
2443 1965 2498 2001 in-

1431 2018 1612 2069 debitam>
1637 2027 1818 2068 procuret
1844 2018 1950 2068 quod
1988 2027 2210 2066 revocetur,
2239 2019 2341 2056 idem
2371 2025 2426 2054 est
2454 2030 2498 2054 ac

1431 2071 1461 2108 si
1490 2071 1568 2108 iam
1596 2071 1769 2111 habitam
1797 2072 1831 2108 ei
1859 2072 2034 2108 auferret.
2077 2072 2127 2109 Et
2154 2071 2242 2109 ideo
2271 2078 2421 2109 tenetur
2449 2071 2499 2107 ad

1430 2124 1707 2161 restitutionem
1746 2125 1934 2173 aequalis:
1981 2132 2111 2161 tamen
2141 2125 2354 2162 secundum
2387 2135 2497 2160 suam

1430 2178 1661 2214 facultatem.

1479 2285 1604 2332 sj'sie...
1623 2301 1688 2325 eius.
1699 2314 1719 2319 -
1736 2301 1774 2326 sic
1793 2307 1846 2326 non
1866 2307 1920 2333 per
1938 2300 2108 2326 iterationem
2128 2300 2168 2324 vel
2187 2300 2220 2324 H.
2233 2313 2253 2319 -
2270 2299 2320 2324 Pro
2339 2299 2498 2331 aequalitas,

1428 2335 1576 2368 aequaliter
1594 2335 1762 2368 AEFGIKpC
1780 2340 1806 2361 et
1824 2343 1849 2360 a.

1482 2369 1508 2402 ζ)
1529 2373 1567 2396 ut.
1580 2384 1599 2390 —
1616 2371 1640 2395 si
1659 2370 1738 2401 DGL,
1751 2371 1776 2395 si
1789 2374 1820 2395 ut
1833 2371 1862 2395 F.
1877 2371 1988 2403 Aliquae
2011 2370 2137 2395 editiones
2158 2371 2261 2402 legunt:
2280 2370 2430 2403 aequalitas
2448 2370 2501 2394 erit

1402 2399 1404 2429 ¹,
1429 2409 1456 2431 et
1475 2406 1534 2430 ideo
1553 2413 1606 2430 mm
1626 2406 1802 2431 necessarium
1822 2406 1874 2430 erit
1893 2409 1923 2430 ut
1942 2410 1990 2430 etc.

890 2441 914 2466 si
931 2445 1020 2466 autem
1045 2441 1178 2466 veraciter
1194 2441 1296 2474 agitur,
1322 2449 1375 2467 non
1403 2449 1405 2473 ἢ

305 2477 456 2514 τμηίῆίὴιν
464 2480 605 2511 peccatum
619 2477 673 2502 nisi
685 2477 847 2502 restituatur
860 2476 993 2505 ablatum
1011 2476 1035 2501 si
1049 2480 1079 2501 ut
1091 2476 1154 2502 dixi
1167 2477 1274 2502 restitui
1287 2480 1377 2508 potest
1403 2477 1406 2513 ι

307 2520 361 2545 non
375 2512 523 2539 dimittitur
529 2515 670 2544 peccatum
686 2512 738 2537 nisi
756 2512 916 2538 restituatur
930 2511 1047 2537 ablatum
1067 2512 1107 2536 ed.
1121 2519 1146 2541 a,
1166 2517 1191 2536 et
1210 2512 1309 2536 omisso
1324 2519 1376 2536 non
1404 2531 1405 2536 ,

1482 2441 1509 2473 η)
1529 2448 1649 2467 servare.
1661 2455 1681 2460 —
1698 2448 1858 2466 conservare
1876 2441 1905 2466 P.

1484 2475 1509 2509 θ)
1523 2477 1644 2509 probi.-
1662 2477 1724 2501 boni
1744 2477 1807 2506 PDl.
1826 2485 1880 2503 om,
1899 2476 1947 2510 pC.

1485 2513 1503 2543 ι)
1525 2512 1601 2536 male.
1613 2525 1632 2530 -
1651 2512 1750 2537 malum
1770 2512 1823 2537 PK.

1486 2547 1511 2580 κ)
1532 2547 1585 2572 ille.
1598 2560 1617 2566 —
1636 2547 1708 2572 illam
1727 2548 1756 2572 Ρ.

988 2625 1322 2658 Commentario.
1345 2625 1597 2658 Cardinalis
1621 2625 1822 2658 Caietani

338 2717 360 2738 u
382 2706 516 2737 articulo
539 2706 644 2746 primo
668 2713 699 2737 et
721 2706 863 2736 secundo
887 2705 983 2736 simul
1006 2705 1200 2746 quaestionis
1225 2705 1378 2745 sexagesi-
1402 2731 1404 2740 ,

339 2750 579 2786 mesecundae,
595 2756 672 2781 nota
687 2751 776 2790 quod
793 2750 917 2780 codices
931 2749 1012 2780 circa
1024 2749 1217 2790 principium
1233 2749 1376 2789 corporis

309 2794 432 2826 articuli
451 2794 583 2825 secundi
606 2794 748 2834 corrupti
776 2800 861 2824 sunt.
892 2792 1006 2824 Deficit
1028 2793 1187 2834 siquidem
1210 2793 1377 2823 manifeste

308 2838 353 2869 ibi
369 2848 463 2869 causa
478 2847 515 2869 ex
531 2848 595 2878 qua
610 2838 764 2878 sequitur,
776 2837 820 2868 Et
835 2838 906 2868 ideo
921 2839 1092 2868 restituere
1107 2839 1260 2877 importat
1274 2837 1378 2868 reddi-

308 2933 356 2958 est
378 2927 477 2958 codex
498 2933 616 2957 rectus:
637 2935 697 2966 ego
713 2925 800 2956 enim
815 2925 968 2956 haetenus
987 2935 1054 2956 non
1069 2925 1187 2956 inveni.
1211 2925 1378 2966 Quidquid

308 2978 416 3002 nmen
439 2971 480 3001 de
500 2970 603 3001 littera
625 2970 680 3007 sit,
705 2970 832 3000 evidens
856 2976 903 3000 est
931 2970 1020 3010 quod
1047 2969 1202 3000 restitutio
1225 2969 1378 3009 importat

309 3023 418 3046 actum
426 3014 563 3046 iustitiae
579 3014 826 3045 commutativae
841 3014 897 3054 qui
916 3020 963 3044 est
977 3013 1106 3044 reddere
1125 3023 1193 3044 rem
1205 3020 1376 3053 acceptam,

308 3060 377 3090 rive
389 3059 429 3090 sit
444 3065 571 3099 accepta
587 3059 714 3096 iniuste,
726 3066 763 3089 ut
777 3058 810 3088 in
826 3057 913 3089 furto
926 3064 957 3088 et
971 3057 1104 3094 iniuriis,
1118 3057 1183 3088 sive
1198 3057 1238 3088 sit
1252 3064 1379 3098 accepta

306 3113 347 3144 ex
360 3104 525 3134 voluntate
548 3103 681 3139 domini,
698 3111 735 3134 ut
751 3103 785 3133 in
802 3109 918 3133 mutuo
933 3109 964 3133 et
981 3102 1147 3138 similibus,
1165 3108 1201 3132 ut
1219 3101 1253 3132 in
1271 3102 1376 3142 primo

309 3147 424 3178 dicitur
446 3147 590 3178 articulo.
613 3147 784 3179 Restitutio
807 3154 916 3178 tamen
938 3146 1057 3176 habens
1080 3156 1140 3186 pro
1157 3145 1286 3177 materia
1309 3156 1376 3176 rem

309 3192 447 3223 ablatam
461 3197 602 3222 versatur
615 3198 742 3222 tanturn
757 3191 837 3222 circa
852 3201 919 3221 rem
934 3190 1050 3221 iniuste
1065 3190 1213 3227 ablatam,
1230 3197 1266 3221 ut
1281 3190 1314 3221 in
1330 3201 1376 3221 se·

309 3236 417 3267 cundo
429 3235 563 3266 articulo
577 3235 680 3266 littera
693 3236 822 3275 probat:
837 3235 913 3276 quia
927 3235 1068 3265 ablatum
1083 3241 1211 3275 oportet
1225 3241 1280 3265 aut
1294 3235 1376 3266 iuste

309 3286 366 3311 aut
375 3280 492 3310 iniuste
504 3280 645 3310 ablatum
658 3287 737 3316 esse;
754 3286 785 3310 et
798 3279 890 3315 iuste,
901 3289 968 3310 non
981 3286 1028 3310 est
1041 3278 1282 3315 restituendum,
1295 3289 1376 3320 quo-

310 3324 398 3354 niam
419 3324 483 3355 hoc
501 3330 582 3355 esset
604 3330 714 3354 contra
729 3323 950 3364 aequalitatem
964 3323 1118 3359 iustitiae;
1142 3323 1169 3354 si
1183 3323 1310 3360 iniuste,
1328 3333 1378 3354 ae-

309 3368 446 3409 qualitas
459 3368 597 3399 iustitiae
612 3368 706 3408 exigit
721 3374 758 3398 ut
777 3367 968 3398 restituatur.
991 3367 1133 3407 Intellige
1149 3377 1223 3407 ergo
1239 3367 1374 3398 litteram

310 3413 441 3443 secundi
463 3412 585 3444 articuli
608 3422 675 3442 non
698 3412 738 3442 de
759 3411 957 3442 restitutione
979 3411 1172 3452 simpliciter,
1196 3411 1252 3442 sed
1275 3412 1314 3442 de
1329 3421 1375 3442 re-

309 3456 473 3487 stitutione
495 3456 600 3488 ablati.
624 3457 711 3487 Haec
735 3455 820 3486 enim
841 3461 1000 3486 contracta
1015 3462 1061 3486 est
1083 3455 1123 3486 ad
1145 3455 1311 3486 materiam
1333 3462 1375 3486 ta—

309 3500 391 3539 lem,
415 3500 532 3532 scilicet
554 3499 750 3532 ablatorum:
781 3499 835 3530 illa
857 3506 965 3530 autem
989 3499 1203 3530 communiter
1225 3510 1258 3530 se
1281 3500 1376 3530 habet
1400 3510 1402 3521 ¹

1429 2705 1469 2736 ad
1491 2705 1596 2736 ablata
1619 2712 1651 2735 et
1672 2705 1713 2734 ad
1736 2712 1850 2744 sponte
1874 2714 2022 2735 concessa
2045 2715 2101 2745 per
2119 2712 2280 2741 mutuum,
2306 2705 2497 2744 depositum,

1430 2749 1634 2787 locationem,
1650 2750 1708 2779 etc.
1733 2749 1774 2779 Et
1797 2749 1888 2785 forte,
1904 2749 1980 2789 quia
1997 2752 2120 2780 Auctor
2139 2748 2294 2790 supponit
2316 2758 2498 2779 sermonem

1429 2803 1526 2824 suum
1557 2803 1624 2824 esse
1651 2799 1850 2823 contractum
1878 2794 1917 2823 ad
1940 2793 2037 2823 talem
2059 2793 2223 2823 materiam
2253 2799 2383 2833 propter
2410 2803 2497 2832 prae-

1402 2853 1404 2876 ς
1429 2837 1565 2868 missum
1587 2837 1651 2867 iam
1675 2837 1796 2867 articuli
1819 2837 1960 2872 titulum,
1984 2837 2086 2867 littera
2113 2847 2180 2867 non
2203 2843 2250 2867 est
2273 2836 2440 2867 diminuta.

309 2884 426 2914 tionem
443 2882 532 2913 illius
554 2883 604 2912 rei
624 2891 707 2922 quae
730 2882 848 2912 iniuste
860 2882 969 2913 ablata
985 2886 1042 2912 est.
1067 2882 1159 2912 Unde
1175 2881 1376 2922 quaerendus
1402 2881 1404 2887 '

1486 2882 1526 2912 11.
1550 2882 1585 2911 In
1609 2881 1724 2911 eodem
1747 2881 1880 2911 arficulo
1905 2881 2062 2917 secundo,
2085 2881 2119 2911 in
2148 2879 2355 2921 responsione
2384 2882 2424 2911 ad
2451 2890 2497 2910 se-

1430 2926 1582 2962 cundum,
1599 2925 1696 2956 dubia
1711 2925 1778 2955 duo
1792 2932 1964 2956 occurrunt
1980 2925 2060 2956 circa
2075 2925 2165 2962 illud,
2182 2925 2300 2956 scilicet
2321 2925 2411 2966 quod
2434 2925 2497 2955 Iae-

1429 2970 1507 3000 dens
1530 2970 1665 3000 alterum
1691 2969 1724 2999 in
1748 2969 1833 2999 fama
1860 2968 1978 3000 falsum
2000 2969 2136 3000 dicendo
2163 2976 2288 3000 tenetur
2311 2970 2350 2999 ad
2374 2969 2497 3000 restitu-

1429 3013 1551 3044 tionem
1575 3013 1688 3044 famae.
1720 3013 1866 3044 Primum
1889 3021 1936 3044 est
1959 3014 1999 3043 de
2021 3023 2060 3044 eo
2084 3013 2140 3054 qui
2162 3013 2313 3044 indirecte
2335 3013 2432 3044 laedit
2454 3014 2496 3043 al-

1429 3058 1526 3089 terius
1542 3057 1672 3088 famam.
1695 3058 1786 3093 Puta,
1800 3057 2004 3088 denuntiatus
2021 3058 2071 3088 vel
2086 3064 2251 3088 accusatus
2267 3064 2369 3098 negat,
2385 3067 2496 3088 verum

1429 3109 1536 3133 tamen
1560 3109 1607 3133 est
1629 3101 1826 3132 commisisse
1840 3102 1873 3132 id
1897 3102 1936 3132 de
1950 3111 2016 3142 quo
2033 3109 2197 3132 accusatus
2219 3102 2270 3132 vel
2293 3102 2497 3132 denuntiatus

1429 3153 1476 3177 est
1499 3145 1590 3188 (tunc
1613 3156 1753 3186 namque
1776 3145 1926 3177 indirecte
1942 3152 2032 3176 notat
2055 3153 2272 3177 accusatorem
2295 3155 2351 3176 seu
2375 3146 2496 3176 denun—

1428 3191 1560 3222 tiantem
1584 3188 1790 3232 calumniae):
1814 3200 1854 3220 an
1869 3190 1927 3221 iste
1942 3190 2135 3221 mendaciter
2155 3201 2187 3220 se
2204 3200 2366 3226 excusans,
2383 3200 2419 3220 ac
2442 3200 2497 3230 per

1428 3236 1491 3266 hoc
1522 3234 1650 3266 alterius
1682 3234 1802 3265 famam
1835 3235 1980 3270 laedens,
2015 3241 2158 3265 teneatur
2191 3235 2230 3264 ad
2263 3234 2496 3265 restitutionem

1429 3279 1541 3310 famae.

1483 3323 1667 3354 Secundum
1683 3322 1818 3353 dubium
1832 3322 1851 3342 *
1869 3329 1915 3353 est
1930 3322 1968 3353 de
1982 3322 2122 3352 laesione
2139 3322 2241 3352 famae
2257 3321 2352 3352 etiam
2366 3322 2495 3352 menda·

1430 3367 1505 3398 citer
1528 3377 1547 3398 a
1569 3367 1673 3398 multo
1697 3373 1840 3406 tempore
1857 3374 1938 3403 ante,
1958 3376 2039 3407 quae
2063 3366 2134 3396 data
2150 3373 2197 3397 est
2213 3365 2377 3397 oblivioni.
2400 3366 2495 3397 Verbi

1429 3411 1537 3452 gratia,
1555 3411 1689 3442 Ioannes
1705 3410 1786 3441 falso
1802 3410 1927 3441 iactavit
1941 3420 1975 3440 se
1990 3411 2133 3451 quodam
2148 3417 2294 3450 tempore
2309 3410 2495 3450 cognovisse

1429 3456 1592 3486 carnaliter
1615 3455 1711 3486 talem
1735 3454 1915 3485 mulierem:
1939 3461 2014 3494 post
2035 3454 2155 3485 multos
2167 3458 2286 3485 ‘autem
2309 3464 2410 3485 annos
2430 3454 2494 3484 iam

1428 3509 1523 3530 senex
1542 3500 1686 3536 Ioannes,
1706 3499 1886 3529 recordatus
1902 3505 2106 3538 peccatorum
2122 3498 2351 3530 adolescentiae
2366 3508 2441 3529 suae
2465 3505 2495 3529 et

2524 750 2569 772 'In
2579 756 2640 778 resp.
2651 750 2679 772 ad
2691 757 2707 772 1.

2524 3328 2533 3337 ⁸
2548 3328 2583 3350 Cf.
2598 3334 2661 3350 num.
2678 3334 2707 3350 iv.
