<?xml version="1.0" encoding="UTF-8"?>
<!DOCTYPE html PUBLIC "-//W3C//DTD XHTML 1.0 Transitional//EN"
    "http://www.w3.org/TR/xhtml1/DTD/xhtml1-transitional.dtd">
<html xmlns="http://www.w3.org/1999/xhtml" xml:lang="en" lang="en">
 <head>
  <title>
</title>
<meta http-equiv="Content-Type" content="text/html;charset=utf-8" />
  <meta name='ocr-system' content='tesseract 3.04.00' />
  <meta name='ocr-capabilities' content='ocr_page ocr_carea ocr_par ocr_line ocrx_word'/>
</head>
<body>
  <div class='ocr_page' id='page_1' title='image "./operaomniaiussui09thom/operaomniaiussui09thom_0378.png"; bbox 0 0 2860 4244; ppageno 0'>
   <div class='ocr_carea' id='block_1_1' title="bbox 272 2027 288 2051">
    <p class='ocr_par' dir='ltr' id='par_1_1' title="bbox 272 2027 288 2051">
     <span class='ocr_line' id='line_1_1' title="bbox 272 2027 288 2051; baseline 0 0"><span class='ocrx_word' id='word_1_1' title='bbox 272 2027 288 2051; x_wconf 80' lang='grc' dir='ltr'>Υ</span> 
     </span>
    </p>
   </div>
   <div class='ocr_carea' id='block_1_2' title="bbox 175 2068 384 2118">
    <p class='ocr_par' dir='ltr' id='par_1_2' title="bbox 175 2068 384 2118">
     <span class='ocr_line' id='line_1_2' title="bbox 175 2068 384 2118; baseline -0.005 -1"><span class='ocrx_word' id='word_1_2' title='bbox 175 2068 310 2118; x_wconf 48' lang='lat' dir='ltr'>aLEKUiLtIVX</span> <span class='ocrx_word' id='word_1_3' title='bbox 314 2068 384 2095; x_wconf 68' lang='lat' dir='ltr'>LVII</span> 
     </span>
    </p>
   </div>
   <div class='ocr_carea' id='block_1_3' title="bbox 178 2549 388 2604">
    <p class='ocr_par' dir='ltr' id='par_1_3' title="bbox 178 2549 388 2604">
     <span class='ocr_line' id='line_1_3' title="bbox 178 2549 388 2574; baseline -0.014 0"><span class='ocrx_word' id='word_1_4' title='bbox 178 2554 187 2562; x_wconf 71' lang='lat'>⁸</span> <span class='ocrx_word' id='word_1_5' title='bbox 196 2552 269 2574; x_wconf 87' lang='lat' dir='ltr'>Serm.</span> <span class='ocrx_word' id='word_1_6' title='bbox 276 2549 388 2573; x_wconf 81' lang='lat' dir='ltr'>CLXXX.</span> 
     </span>
     <span class='ocr_line' id='line_1_4' title="bbox 179 2577 388 2604; baseline -0.01 -4"><span class='ocrx_word' id='word_1_7' title='bbox 179 2579 209 2600; x_wconf 85' lang='lat' dir='ltr'>al.</span> <span class='ocrx_word' id='word_1_8' title='bbox 221 2577 326 2604; x_wconf 81' lang='lat' dir='ltr'>XXVIII,</span> <span class='ocrx_word' id='word_1_9' title='bbox 338 2582 388 2604; x_wconf 73' lang='lat' dir='ltr'>cap.</span> 
     </span>
    </p>
   </div>
   <div class='ocr_carea' id='block_1_4' title="bbox 179 2611 249 2630">
    <p class='ocr_par' dir='ltr' id='par_1_4' title="bbox 179 2611 249 2630">
     <span class='ocr_line' id='line_1_5' title="bbox 179 2611 249 2630; baseline 0 -4"><span class='ocrx_word' id='word_1_10' title='bbox 179 2612 212 2630; x_wconf 80' lang='lat' dir='ltr'>tx,</span> <span class='ocrx_word' id='word_1_11' title='bbox 227 2611 249 2626; x_wconf 79' lang='grc' dir='ltr'>κ.</span> 
     </span>
    </p>
   </div>
   <div class='ocr_carea' id='block_1_5' title="bbox 183 2864 322 2893">
    <p class='ocr_par' dir='ltr' id='par_1_5' title="bbox 183 2864 322 2893">
     <span class='ocr_line' id='line_1_6' title="bbox 183 2864 322 2893; baseline 0.007 -8"><span class='ocrx_word' id='word_1_12' title='bbox 183 2866 190 2875; x_wconf 73' lang='lat'><strong>·</strong></span> <span class='ocrx_word' id='word_1_13' title='bbox 206 2864 272 2886; x_wconf 76' lang='lat' dir='ltr'>Vers.</span> <span class='ocrx_word' id='word_1_14' title='bbox 287 2871 322 2893; x_wconf 86' lang='lat'>37.</span> 
     </span>
    </p>
   </div>
   <div class='ocr_carea' id='block_1_6' title="bbox 1055 318 1931 369">
    <p class='ocr_par' dir='ltr' id='par_1_6' title="bbox 1055 318 1931 369">
     <span class='ocr_line' id='line_1_7' title="bbox 1055 318 1931 369; baseline -0.007 -9"><span class='ocrx_word' id='word_1_15' title='bbox 1055 322 1319 369; x_wconf 63' lang='lat' dir='ltr'>QUAEs‘sio</span> <span class='ocrx_word' id='word_1_16' title='bbox 1350 320 1523 367; x_wconf 87' lang='lat' dir='ltr'>xcv111‚</span> <span class='ocrx_word' id='word_1_17' title='bbox 1554 319 1850 356; x_wconf 78' lang='lat' dir='ltr'>ARTicuLUs</span> <span class='ocrx_word' id='word_1_18' title='bbox 1883 318 1931 354; x_wconf 80' lang='lat' dir='ltr'>lv</span> 
     </span>
    </p>
   </div>
   <div class='ocr_carea' id='block_1_7' title="bbox 1185 427 1804 477">
    <p class='ocr_par' dir='ltr' id='par_1_7' title="bbox 1185 427 1804 477">
     <span class='ocr_line' id='line_1_8' title="bbox 1185 427 1804 477; baseline -0.003 -7"><span class='ocrx_word' id='word_1_19' title='bbox 1185 427 1501 470; x_wconf 81' lang='lat' dir='ltr'>ARTICULUS</span> <span class='ocrx_word' id='word_1_20' title='bbox 1532 427 1804 477; x_wconf 86' lang='lat' dir='ltr'><strong>QUARTUS</strong></span> 
     </span>
    </p>
   </div>
   <div class='ocr_carea' id='block_1_8' title="bbox 738 518 2248 558">
    <p class='ocr_par' dir='ltr' id='par_1_8' title="bbox 738 518 2248 558">
     <span class='ocr_line' id='line_1_9' title="bbox 738 518 2248 558; baseline -0.007 -1"><span class='ocrx_word' id='word_1_21' title='bbox 738 527 890 557; x_wconf 89' lang='lat' dir='ltr'>UTRUM</span> <span class='ocrx_word' id='word_1_22' title='bbox 916 525 1083 555; x_wconf 86' lang='lat' dir='ltr'><strong>PECCET</strong></span> <span class='ocrx_word' id='word_1_23' title='bbox 1109 523 1203 553; x_wconf 89' lang='lat' dir='ltr'>ILLE</span> <span class='ocrx_word' id='word_1_24' title='bbox 1229 522 1302 558; x_wconf 89' lang='lat' dir='ltr'>QUI</span> <span class='ocrx_word' id='word_1_25' title='bbox 1329 520 1522 551; x_wconf 90' lang='lat' dir='ltr'>lNlUNGlT</span> <span class='ocrx_word' id='word_1_26' title='bbox 1547 520 1839 551; x_wconf 86' lang='lat' dir='ltr'>lURAMENTUM</span> <span class='ocrx_word' id='word_1_27' title='bbox 1863 520 1903 550; x_wconf 89' lang='lat' dir='ltr'>El</span> <span class='ocrx_word' id='word_1_28' title='bbox 1933 519 2007 556; x_wconf 93' lang='lat' dir='ltr'>QUI</span> <span class='ocrx_word' id='word_1_29' title='bbox 2032 518 2248 548; x_wconf 87' lang='lat' dir='ltr'>PERIURAT</span> 
     </span>
    </p>
   </div>
   <div class='ocr_carea' id='block_1_9' title="bbox 1023 598 1961 631">
    <p class='ocr_par' dir='ltr' id='par_1_9' title="bbox 1023 598 1961 631">
     <span class='ocr_line' id='line_1_10' title="bbox 1023 598 1961 631; baseline -0.003 -5"><span class='ocrx_word' id='word_1_30' title='bbox 1023 602 1053 626; x_wconf 83' lang='lat'>111</span> <span class='ocrx_word' id='word_1_31' title='bbox 1073 602 1155 629; x_wconf 74' lang='lat' dir='ltr'>Sent„</span> <span class='ocrx_word' id='word_1_32' title='bbox 1176 601 1233 625; x_wconf 87' lang='lat' dir='ltr'>dist.</span> <span class='ocrx_word' id='word_1_33' title='bbox 1253 608 1332 629; x_wconf 80' lang='lat' dir='ltr'>xxxix,</span> <span class='ocrx_word' id='word_1_34' title='bbox 1353 604 1398 624; x_wconf 86' lang='lat' dir='ltr'>art.</span> <span class='ocrx_word' id='word_1_35' title='bbox 1420 598 1443 629; x_wconf 84' lang='lat'>5,</span> <span class='ocrx_word' id='word_1_36' title='bbox 1463 598 1511 631; x_wconf 64' lang='lat' dir='ltr'>qu*</span> <span class='ocrx_word' id='word_1_37' title='bbox 1533 605 1562 628; x_wconf 81' lang='lat'>2;</span> <span class='ocrx_word' id='word_1_38' title='bbox 1580 598 1624 622; x_wconf 80' lang='lat' dir='ltr'>Ad</span> <span class='ocrx_word' id='word_1_39' title='bbox 1641 598 1728 627; x_wconf 69' lang='lat' dir='ltr'>Rom„</span> <span class='ocrx_word' id='word_1_40' title='bbox 1749 607 1803 631; x_wconf 81' lang='lat' dir='ltr'>cap.</span> <span class='ocrx_word' id='word_1_41' title='bbox 1823 606 1839 627; x_wconf 89' lang='grc'>1,</span> <span class='ocrx_word' id='word_1_42' title='bbox 1860 599 1916 623; x_wconf 87' lang='lat' dir='ltr'>lect.</span> <span class='ocrx_word' id='word_1_43' title='bbox 1936 606 1961 623; x_wconf 88' lang='lat' dir='ltr'>v.</span> 
     </span>
    </p>
   </div>
   <div class='ocr_carea' id='block_1_10' title="bbox 424 701 602 884">
    <p class='ocr_par' dir='ltr' id='par_1_10' title="bbox 424 701 602 884">
     <span class='ocr_line' id='line_1_11' title="bbox 424 701 602 884; baseline 0 0"><span class='ocrx_word' id='word_1_44' title='bbox 424 701 602 884; x_wconf 95' lang='lat' dir='ltr'>  </span> 
     </span>
    </p>
   </div>
   <div class='ocr_carea' id='block_1_11' title="bbox 423 678 1492 872">
    <p class='ocr_par' dir='ltr' id='par_1_11' title="bbox 423 678 1492 850">
     <span class='ocr_line' id='line_1_12' title="bbox 525 678 1491 737; baseline -0.008 -15.629"><span class='ocrx_word' id='word_1_45' title='bbox 525 721 540 734; x_wconf 24' lang='grc' dir='ltr'>Γ</span> <span class='ocrx_word' id='word_1_46' title='bbox 555 709 575 722; x_wconf 58' lang='lat'>›—</span> <span class='ocrx_word' id='word_1_47' title='bbox 619 697 640 721; x_wconf 90' lang='lat' dir='ltr'>D</span> <span class='ocrx_word' id='word_1_48' title='bbox 661 695 832 726; x_wconf 77' lang='lat' dir='ltr'>QUARTUM</span> <span class='ocrx_word' id='word_1_49' title='bbox 852 694 905 718; x_wconf 72' lang='lat' dir='ltr'>stc</span> <span class='ocrx_word' id='word_1_50' title='bbox 925 692 1165 718; x_wconf 76' lang='lat' dir='ltr'>PROCEDITUR.</span> <span class='ocrx_word' id='word_1_51' title='bbox 1181 679 1340 716; x_wconf 90' lang='lat' dir='ltr'>Videtur</span> <span class='ocrx_word' id='word_1_52' title='bbox 1360 678 1491 737; x_wconf 53' lang='lat' dir='ltr'>quod*</span> 
     </span>
     <span class='ocr_line' id='line_1_13' title="bbox 546 727 1492 790; baseline -0.007 -16.717"><span class='ocrx_word' id='word_1_53' title='bbox 546 730 592 787; x_wconf 42' lang='lat'>&#39;3⁷²3</span> <span class='ocrx_word' id='word_1_54' title='bbox 618 745 749 785; x_wconf 90' lang='lat' dir='ltr'>peccet</span> <span class='ocrx_word' id='word_1_55' title='bbox 779 736 838 772; x_wconf 89' lang='lat' dir='ltr'>ille</span> <span class='ocrx_word' id='word_1_56' title='bbox 867 735 931 782; x_wconf 88' lang='lat' dir='ltr'>qui</span> <span class='ocrx_word' id='word_1_57' title='bbox 961 734 1119 781; x_wconf 87' lang='lat' dir='ltr'>iniungit</span> <span class='ocrx_word' id='word_1_58' title='bbox 1146 733 1401 769; x_wconf 87' lang='lat' dir='ltr'>iuramentum</span> <span class='ocrx_word' id='word_1_59' title='bbox 1433 731 1464 767; x_wconf 91' lang='lat' dir='ltr'>ei</span> <span class='ocrx_word' id='word_1_60' title='bbox 1490 727 1492 790; x_wconf 69' lang='grc'>1</span> 
     </span>
     <span class='ocr_line' id='line_1_14' title="bbox 423 786 1463 872; baseline -0.006 -45"><span class='ocrx_word' id='word_1_61' title='bbox 423 794 447 850; x_wconf 47' lang='lat'>&#39;5</span> <span class='ocrx_word' id='word_1_62' title='bbox 443 789 525 872; x_wconf 21' lang='lat' dir='ltr'>‘hm</span> <span class='ocrx_word' id='word_1_63' title='bbox 528 811 537 816; x_wconf 45' lang='grc' dir='ltr'><em>ν</em></span> <span class='ocrx_word' id='word_1_64' title='bbox 519 788 681 847; x_wconf 54' lang='lat' dir='ltr'>(qui</span> <span class='ocrx_word' id='word_1_65' title='bbox 709 789 884 837; x_wconf 89' lang='lat' dir='ltr'>periurat.</span> <span class='ocrx_word' id='word_1_66' title='bbox 914 790 990 824; x_wconf 90' lang='lat' dir='ltr'>Aut</span> <span class='ocrx_word' id='word_1_67' title='bbox 1011 786 1109 823; x_wconf 89' lang='lat' dir='ltr'>enim</span> <span class='ocrx_word' id='word_1_68' title='bbox 1131 786 1199 822; x_wconf 94' lang='lat' dir='ltr'>scit</span> <span class='ocrx_word' id='word_1_69' title='bbox 1219 798 1307 822; x_wconf 91' lang='lat' dir='ltr'>eum</span> <span class='ocrx_word' id='word_1_70' title='bbox 1328 796 1463 822; x_wconf 89' lang='lat' dir='ltr'>verum</span> 
     </span>
    </p>
   </div>
   <div class='ocr_carea' id='block_1_12' title="bbox 408 835 1468 1048">
    <p class='ocr_par' dir='ltr' id='par_1_12' title="bbox 408 835 1468 1048">
     <span class='ocr_line' id='line_1_15' title="bbox 573 835 1464 887; baseline -0.006 -8"><span class='ocrx_word' id='word_1_71' title='bbox 573 835 751 887; x_wconf 27' lang='lat' dir='ltr'>Qiurare</span> <span class='ocrx_word' id='word_1_72' title='bbox 782 849 845 878; x_wconf 90' lang='lat' dir='ltr'>aut</span> <span class='ocrx_word' id='word_1_73' title='bbox 874 841 1021 877; x_wconf 84' lang='lat' dir='ltr'>falsum.</span> <span class='ocrx_word' id='word_1_74' title='bbox 1054 840 1092 876; x_wconf 87' lang='lat' dir='ltr'>Si</span> <span class='ocrx_word' id='word_1_75' title='bbox 1122 839 1190 875; x_wconf 92' lang='lat' dir='ltr'>scit</span> <span class='ocrx_word' id='word_1_76' title='bbox 1219 851 1304 875; x_wconf 92' lang='lat' dir='ltr'>eum</span> <span class='ocrx_word' id='word_1_77' title='bbox 1329 849 1464 875; x_wconf 86' lang='lat' dir='ltr'>verum</span> 
     </span>
     <span class='ocr_line' id='line_1_16' title="bbox 408 892 1466 943; baseline -0.004 -12"><span class='ocrx_word' id='word_1_78' title='bbox 408 896 539 940; x_wconf 83' lang='lat' dir='ltr'>iurare,</span> <span class='ocrx_word' id='word_1_79' title='bbox 562 907 630 943; x_wconf 89' lang='lat' dir='ltr'>pro</span> <span class='ocrx_word' id='word_1_80' title='bbox 660 895 776 931; x_wconf 92' lang='lat' dir='ltr'>nihilo</span> <span class='ocrx_word' id='word_1_81' title='bbox 799 895 831 930; x_wconf 92' lang='lat' dir='ltr'>ei</span> <span class='ocrx_word' id='word_1_82' title='bbox 851 893 1107 930; x_wconf 86' lang='lat' dir='ltr'>iuramentum</span> <span class='ocrx_word' id='word_1_83' title='bbox 1133 892 1302 940; x_wconf 87' lang='lat' dir='ltr'>iniungit.</span> <span class='ocrx_word' id='word_1_84' title='bbox 1333 892 1371 928; x_wconf 88' lang='lat' dir='ltr'>Si</span> <span class='ocrx_word' id='word_1_85' title='bbox 1401 903 1466 927; x_wconf 88' lang='lat' dir='ltr'>au-</span> 
     </span>
     <span class='ocr_line' id='line_1_17' title="bbox 408 945 1466 995; baseline -0.004 -11"><span class='ocrx_word' id='word_1_86' title='bbox 408 956 483 984; x_wconf 92' lang='lat' dir='ltr'>tem</span> <span class='ocrx_word' id='word_1_87' title='bbox 524 948 640 984; x_wconf 87' lang='lat' dir='ltr'>credit</span> <span class='ocrx_word' id='word_1_88' title='bbox 668 960 756 984; x_wconf 89' lang='lat' dir='ltr'>eum</span> <span class='ocrx_word' id='word_1_89' title='bbox 787 948 921 984; x_wconf 82' lang='lat' dir='ltr'>falsum</span> <span class='ocrx_word' id='word_1_90' title='bbox 950 947 1089 992; x_wconf 86' lang='lat' dir='ltr'>iurare,</span> <span class='ocrx_word' id='word_1_91' title='bbox 1120 953 1305 995; x_wconf 86' lang='lat' dir='ltr'>quantum</span> <span class='ocrx_word' id='word_1_92' title='bbox 1335 953 1390 981; x_wconf 91' lang='lat' dir='ltr'>est</span> <span class='ocrx_word' id='word_1_93' title='bbox 1419 945 1466 981; x_wconf 91' lang='lat' dir='ltr'>de</span> 
     </span>
     <span class='ocr_line' id='line_1_18' title="bbox 408 998 1468 1048; baseline -0.004 -11"><span class='ocrx_word' id='word_1_94' title='bbox 408 1014 467 1046; x_wconf 74' lang='lat' dir='ltr'>se,</span> <span class='ocrx_word' id='word_1_95' title='bbox 507 1000 648 1042; x_wconf 84' lang='lat' dir='ltr'>inducit</span> <span class='ocrx_word' id='word_1_96' title='bbox 685 1013 774 1037; x_wconf 91' lang='lat' dir='ltr'>eum</span> <span class='ocrx_word' id='word_1_97' title='bbox 810 1001 858 1037; x_wconf 88' lang='lat' dir='ltr'>ad</span> <span class='ocrx_word' id='word_1_98' title='bbox 891 1000 1142 1048; x_wconf 88' lang='lat' dir='ltr'>peccandum.</span> <span class='ocrx_word' id='word_1_99' title='bbox 1183 999 1284 1046; x_wconf 90' lang='lat' dir='ltr'>Ergo</span> <span class='ocrx_word' id='word_1_100' title='bbox 1318 998 1468 1035; x_wconf 89' lang='lat' dir='ltr'>videtur</span> 
     </span>
    </p>
   </div>
   <div class='ocr_carea' id='block_1_13' title="bbox 409 1051 1495 1102">
    <p class='ocr_par' dir='ltr' id='par_1_13' title="bbox 409 1051 1495 1102">
     <span class='ocr_line' id='line_1_19' title="bbox 409 1051 1495 1102; baseline -0.003 -12"><span class='ocrx_word' id='word_1_101' title='bbox 409 1054 512 1102; x_wconf 91' lang='lat' dir='ltr'>quod</span> <span class='ocrx_word' id='word_1_102' title='bbox 541 1055 642 1090; x_wconf 88' lang='lat' dir='ltr'>nullo</span> <span class='ocrx_word' id='word_1_103' title='bbox 671 1056 788 1090; x_wconf 89' lang='lat' dir='ltr'>modo</span> <span class='ocrx_word' id='word_1_104' title='bbox 818 1053 955 1090; x_wconf 89' lang='lat' dir='ltr'>debeat</span> <span class='ocrx_word' id='word_1_105' title='bbox 975 1053 1108 1100; x_wconf 88' lang='lat' dir='ltr'>aliquis</span> <span class='ocrx_word' id='word_1_106' title='bbox 1137 1052 1246 1088; x_wconf 88' lang='lat' dir='ltr'>alicui</span> <span class='ocrx_word' id='word_1_107' title='bbox 1275 1051 1468 1099; x_wconf 89' lang='lat' dir='ltr'>iniungere</span> <span class='ocrx_word' id='word_1_108' title='bbox 1494 1072 1495 1075; x_wconf 64' lang='lat'><em>=</em></span> 
     </span>
    </p>
   </div>
   <div class='ocr_carea' id='block_1_14' title="bbox 408 1107 674 1143">
    <p class='ocr_par' dir='ltr' id='par_1_14' title="bbox 408 1107 674 1143">
     <span class='ocr_line' id='line_1_20' title="bbox 408 1107 674 1143; baseline 0.004 -1"><span class='ocrx_word' id='word_1_109' title='bbox 408 1107 674 1143; x_wconf 85' lang='lat' dir='ltr'>iuramentum.</span> 
     </span>
    </p>
   </div>
   <div class='ocr_carea' id='block_1_15' title="bbox 463 1142 1496 1212">
    <p class='ocr_par' dir='ltr' id='par_1_15' title="bbox 463 1142 1496 1212">
     <span class='ocr_line' id='line_1_21' title="bbox 463 1142 1496 1212; baseline -0.001 -16"><span class='ocrx_word' id='word_1_110' title='bbox 463 1171 496 1196; x_wconf 89' lang='lat'>2.</span> <span class='ocrx_word' id='word_1_111' title='bbox 519 1161 751 1206; x_wconf 75' lang='lat' dir='ltr'>PRAETEREA,</span> <span class='ocrx_word' id='word_1_112' title='bbox 769 1159 1024 1196; x_wconf 91' lang='lat' dir='ltr'>iuramentum</span> <span class='ocrx_word' id='word_1_113' title='bbox 1042 1163 1058 1179; x_wconf 77' lang='lat'>‘²‘</span> <span class='ocrx_word' id='word_1_114' title='bbox 1078 1158 1202 1194; x_wconf 86' lang='lat' dir='ltr'>minus</span> <span class='ocrx_word' id='word_1_115' title='bbox 1223 1165 1278 1194; x_wconf 92' lang='lat' dir='ltr'>est</span> <span class='ocrx_word' id='word_1_116' title='bbox 1298 1157 1496 1212; x_wconf 88' lang='lat' dir='ltr'>accipere</span> <span class='ocrx_word' id='word_1_117' title='bbox 1494 1142 1495 1170; x_wconf 75' lang='grc'>1</span> 
     </span>
    </p>
   </div>
   <div class='ocr_carea' id='block_1_16' title="bbox 408 1210 1496 1261">
    <p class='ocr_par' dir='ltr' id='par_1_16' title="bbox 408 1210 1496 1261">
     <span class='ocr_line' id='line_1_22' title="bbox 408 1210 1496 1261; baseline -0.004 -12"><span class='ocrx_word' id='word_1_118' title='bbox 408 1213 456 1248; x_wconf 85' lang='lat' dir='ltr'>ab</span> <span class='ocrx_word' id='word_1_119' title='bbox 477 1212 604 1260; x_wconf 88' lang='lat' dir='ltr'>aliquo</span> <span class='ocrx_word' id='word_1_120' title='bbox 625 1225 740 1261; x_wconf 86' lang='lat' dir='ltr'>quam</span> <span class='ocrx_word' id='word_1_121' title='bbox 760 1212 1014 1249; x_wconf 86' lang='lat' dir='ltr'>iuramentum</span> <span class='ocrx_word' id='word_1_122' title='bbox 1036 1211 1229 1258; x_wconf 89' lang='lat' dir='ltr'>iniungere</span> <span class='ocrx_word' id='word_1_123' title='bbox 1248 1210 1370 1246; x_wconf 87' lang='lat' dir='ltr'>alicui.</span> <span class='ocrx_word' id='word_1_124' title='bbox 1393 1210 1496 1247; x_wconf 89' lang='lat' dir='ltr'>Sed</span> 
     </span>
    </p>
   </div>
   <div class='ocr_carea' id='block_1_17' title="bbox 409 1263 1496 1363">
    <p class='ocr_par' dir='ltr' id='par_1_17' title="bbox 409 1259 1496 1363">
     <span class='ocr_line' id='line_1_23' title="bbox 409 1263 1468 1313; baseline -0.004 -11"><span class='ocrx_word' id='word_1_125' title='bbox 409 1266 575 1313; x_wconf 89' lang='lat' dir='ltr'>recipere</span> <span class='ocrx_word' id='word_1_126' title='bbox 606 1267 859 1302; x_wconf 89' lang='lat' dir='ltr'>iuramentum</span> <span class='ocrx_word' id='word_1_127' title='bbox 888 1266 935 1302; x_wconf 86' lang='lat' dir='ltr'>ab</span> <span class='ocrx_word' id='word_1_128' title='bbox 965 1264 1089 1311; x_wconf 88' lang='lat' dir='ltr'>aliquo</span> <span class='ocrx_word' id='word_1_129' title='bbox 1110 1276 1188 1299; x_wconf 91' lang='lat' dir='ltr'>non</span> <span class='ocrx_word' id='word_1_130' title='bbox 1207 1263 1358 1299; x_wconf 88' lang='lat' dir='ltr'>videtur</span> <span class='ocrx_word' id='word_1_131' title='bbox 1386 1274 1468 1298; x_wconf 91' lang='lat' dir='ltr'>esse</span> 
     </span>
     <span class='ocr_line' id='line_1_24' title="bbox 1194 1315 1496 1363; baseline -0.003 -12"><span class='ocrx_word' id='word_1_132' title='bbox 1194 1315 1281 1363; x_wconf 89' lang='lat' dir='ltr'>quia</span> <span class='ocrx_word' id='word_1_133' title='bbox 1320 1315 1358 1352; x_wconf 89' lang='lat' dir='ltr'>in</span> <span class='ocrx_word' id='word_1_134' title='bbox 1395 1315 1496 1351; x_wconf 54' lang='lat' dir='ltr'>hoc*</span> 
     </span>
    </p>
   </div>
   <div class='ocr_carea' id='block_1_18' title="bbox 397 1317 1496 2003">
    <p class='ocr_par' dir='ltr' id='par_1_18' title="bbox 407 1317 1470 1526">
     <span class='ocr_line' id='line_1_25' title="bbox 408 1317 1154 1367; baseline -0.005 -12"><span class='ocrx_word' id='word_1_135' title='bbox 408 1318 571 1365; x_wconf 84' lang='lat' dir='ltr'>licitum,</span> <span class='ocrx_word' id='word_1_136' title='bbox 603 1327 638 1355; x_wconf 92' lang='lat' dir='ltr'>et</span> <span class='ocrx_word' id='word_1_137' title='bbox 666 1319 868 1367; x_wconf 87' lang='lat' dir='ltr'>praecipue</span> <span class='ocrx_word' id='word_1_138' title='bbox 903 1319 931 1354; x_wconf 91' lang='lat' dir='ltr'>si</span> <span class='ocrx_word' id='word_1_139' title='bbox 969 1317 1154 1365; x_wconf 89' lang='lat' dir='ltr'>periuret:</span> 
     </span>
     <span class='ocr_line' id='line_1_26' title="bbox 407 1367 1469 1419; baseline -0.005 -11"><span class='ocrx_word' id='word_1_140' title='bbox 407 1372 558 1409; x_wconf 88' lang='lat' dir='ltr'>videtur</span> <span class='ocrx_word' id='word_1_141' title='bbox 591 1372 802 1408; x_wconf 90' lang='lat' dir='ltr'>consentire</span> <span class='ocrx_word' id='word_1_142' title='bbox 839 1378 1008 1419; x_wconf 92' lang='lat' dir='ltr'>peccato.</span> <span class='ocrx_word' id='word_1_143' title='bbox 1049 1370 1150 1416; x_wconf 89' lang='lat' dir='ltr'>Ergo</span> <span class='ocrx_word' id='word_1_144' title='bbox 1178 1369 1329 1404; x_wconf 89' lang='lat' dir='ltr'>videtur</span> <span class='ocrx_word' id='word_1_145' title='bbox 1365 1367 1469 1416; x_wconf 93' lang='lat' dir='ltr'>quod</span> 
     </span>
     <span class='ocr_line' id='line_1_27' title="bbox 410 1419 1470 1471; baseline -0.004 -10"><span class='ocrx_word' id='word_1_146' title='bbox 410 1426 528 1462; x_wconf 91' lang='lat' dir='ltr'>multo</span> <span class='ocrx_word' id='word_1_147' title='bbox 559 1425 684 1461; x_wconf 87' lang='lat' dir='ltr'>minus</span> <span class='ocrx_word' id='word_1_148' title='bbox 712 1425 820 1461; x_wconf 91' lang='lat' dir='ltr'>liceat</span> <span class='ocrx_word' id='word_1_149' title='bbox 849 1423 995 1471; x_wconf 88' lang='lat' dir='ltr'><strong>exigere</strong></span> <span class='ocrx_word' id='word_1_150' title='bbox 1024 1422 1279 1458; x_wconf 86' lang='lat' dir='ltr'>iuramentum</span> <span class='ocrx_word' id='word_1_151' title='bbox 1304 1422 1352 1458; x_wconf 89' lang='lat' dir='ltr'>ab</span> <span class='ocrx_word' id='word_1_152' title='bbox 1382 1433 1429 1458; x_wconf 93' lang='lat' dir='ltr'>eo</span> <span class='ocrx_word' id='word_1_153' title='bbox 1455 1419 1470 1449; x_wconf 74' lang='grc' dir='ltr'><strong>β</strong></span> 
     </span>
     <span class='ocr_line' id='line_1_28' title="bbox 409 1478 676 1526; baseline 0.004 -13"><span class='ocrx_word' id='word_1_154' title='bbox 409 1478 472 1526; x_wconf 91' lang='lat' dir='ltr'>qui</span> <span class='ocrx_word' id='word_1_155' title='bbox 499 1478 676 1526; x_wconf 89' lang='lat' dir='ltr'>periurat.</span> 
     </span>
    </p>

    <p class='ocr_par' dir='ltr' id='par_1_19' title="bbox 397 1532 1471 1896">
     <span class='ocr_line' id='line_1_29' title="bbox 465 1532 760 1575; baseline -0.003 -8"><span class='ocrx_word' id='word_1_156' title='bbox 465 1532 497 1567; x_wconf 83' lang='lat'>3.</span> <span class='ocrx_word' id='word_1_157' title='bbox 520 1532 760 1575; x_wconf 80' lang='lat' dir='ltr'>PRAETEREA‚</span> 
     </span>
     <span class='ocr_line' id='line_1_30' title="bbox 409 1581 1496 1629; baseline -0.004 -9"><span class='ocrx_word' id='word_1_158' title='bbox 409 1584 549 1629; x_wconf 87' lang='lat' dir='ltr'>anima,</span> <span class='ocrx_word' id='word_1_159' title='bbox 571 1589 606 1620; x_wconf 88' lang='lat' dir='ltr'>et</span> <span class='ocrx_word' id='word_1_160' title='bbox 623 1583 783 1620; x_wconf 86' lang='lat' dir='ltr'>audierit</span> <span class='ocrx_word' id='word_1_161' title='bbox 800 1594 929 1619; x_wconf 81' lang='lat' dir='ltr'>vocem</span> <span class='ocrx_word' id='word_1_162' title='bbox 955 1582 1112 1618; x_wconf 88' lang='lat' dir='ltr'>iurantis</span> <span class='ocrx_word' id='word_1_163' title='bbox 1120 1581 1282 1629; x_wconf 85' lang='lat' dir='ltr'>falsum,</span> <span class='ocrx_word' id='word_1_164' title='bbox 1302 1581 1496 1628; x_wconf 87' lang='lat' dir='ltr'>testisque</span> 
     </span>
     <span class='ocr_line' id='line_1_31' title="bbox 397 1634 1472 1685; baseline -0.003 -12"><span class='ocrx_word' id='word_1_165' title='bbox 397 1638 523 1685; x_wconf 86' lang='lat' dir='ltr'>fuerit</span> <span class='ocrx_word' id='word_1_166' title='bbox 557 1637 658 1685; x_wconf 87' lang='lat' dir='ltr'>quod</span> <span class='ocrx_word' id='word_1_167' title='bbox 684 1642 750 1672; x_wconf 89' lang='lat' dir='ltr'>aut</span> <span class='ocrx_word' id='word_1_168' title='bbox 776 1636 852 1684; x_wconf 88' lang='lat' dir='ltr'>ipse</span> <span class='ocrx_word' id='word_1_169' title='bbox 879 1635 972 1672; x_wconf 77' lang='lat' dir='ltr'>vidit</span> <span class='ocrx_word' id='word_1_170' title='bbox 1003 1641 1069 1671; x_wconf 87' lang='lat' dir='ltr'>aut</span> <span class='ocrx_word' id='word_1_171' title='bbox 1096 1634 1264 1670; x_wconf 86' lang='lat' dir='ltr'>conscius</span> <span class='ocrx_word' id='word_1_172' title='bbox 1291 1639 1361 1679; x_wconf 79' lang='lat' dir='ltr'>est,</span> <span class='ocrx_word' id='word_1_173' title='bbox 1401 1634 1472 1670; x_wconf 88' lang='lat' dir='ltr'>nisi</span> 
     </span>
     <span class='ocr_line' id='line_1_32' title="bbox 409 1687 1470 1737; baseline -0.003 -11"><span class='ocrx_word' id='word_1_174' title='bbox 409 1690 638 1735; x_wconf 78' lang='lat' dir='ltr'>indicaverit,</span> <span class='ocrx_word' id='word_1_175' title='bbox 653 1689 821 1737; x_wconf 87' lang='lat' dir='ltr'>portabit</span> <span class='ocrx_word' id='word_1_176' title='bbox 839 1688 1069 1737; x_wconf 84' lang='lat' dir='ltr'>iniquitatem</span> <span class='ocrx_word' id='word_1_177' title='bbox 1093 1699 1223 1724; x_wconf 84' lang='lat' dir='ltr'>suam.-</span> <span class='ocrx_word' id='word_1_178' title='bbox 1254 1699 1298 1723; x_wconf 91' lang='lat' dir='ltr'>ex</span> <span class='ocrx_word' id='word_1_179' title='bbox 1319 1699 1395 1736; x_wconf 91' lang='lat' dir='ltr'>quo</span> <span class='ocrx_word' id='word_1_180' title='bbox 1415 1687 1470 1724; x_wconf 90' lang='lat' dir='ltr'>vi-</span> 
     </span>
     <span class='ocr_line' id='line_1_33' title="bbox 411 1740 1469 1791; baseline -0.003 -12"><span class='ocrx_word' id='word_1_181' title='bbox 411 1743 519 1780; x_wconf 87' lang='lat' dir='ltr'>detur</span> <span class='ocrx_word' id='word_1_182' title='bbox 546 1743 651 1791; x_wconf 90' lang='lat' dir='ltr'>quod</span> <span class='ocrx_word' id='word_1_183' title='bbox 680 1742 812 1790; x_wconf 88' lang='lat' dir='ltr'>aliquis</span> <span class='ocrx_word' id='word_1_184' title='bbox 842 1741 963 1778; x_wconf 91' lang='lat' dir='ltr'>sciens</span> <span class='ocrx_word' id='word_1_185' title='bbox 984 1741 1148 1789; x_wconf 85' lang='lat' dir='ltr'><strong>aliquem</strong></span> <span class='ocrx_word' id='word_1_186' title='bbox 1178 1740 1300 1777; x_wconf 86' lang='lat' dir='ltr'>iurare</span> <span class='ocrx_word' id='word_1_187' title='bbox 1321 1741 1469 1787; x_wconf 78' lang='lat' dir='ltr'>falsum,</span> 
     </span>
     <span class='ocr_line' id='line_1_34' title="bbox 410 1793 1471 1841; baseline -0.003 -9"><span class='ocrx_word' id='word_1_188' title='bbox 410 1803 582 1833; x_wconf 88' lang='lat' dir='ltr'>teneatur</span> <span class='ocrx_word' id='word_1_189' title='bbox 610 1807 698 1832; x_wconf 89' lang='lat' dir='ltr'>eum</span> <span class='ocrx_word' id='word_1_190' title='bbox 726 1807 916 1832; x_wconf 88' lang='lat' dir='ltr'>accusare.</span> <span class='ocrx_word' id='word_1_191' title='bbox 955 1795 1046 1831; x_wconf 90' lang='lat' dir='ltr'>Non</span> <span class='ocrx_word' id='word_1_192' title='bbox 1083 1793 1192 1841; x_wconf 88' lang='lat' dir='ltr'>igitur</span> <span class='ocrx_word' id='word_1_193' title='bbox 1228 1793 1312 1830; x_wconf 89' lang='lat' dir='ltr'>licet</span> <span class='ocrx_word' id='word_1_194' title='bbox 1348 1794 1395 1830; x_wconf 86' lang='lat' dir='ltr'>ab</span> <span class='ocrx_word' id='word_1_195' title='bbox 1426 1806 1471 1830; x_wconf 90' lang='lat' dir='ltr'>eo</span> 
     </span>
     <span class='ocr_line' id='line_1_35' title="bbox 411 1849 854 1896; baseline -0.002 -11"><span class='ocrx_word' id='word_1_196' title='bbox 411 1850 557 1896; x_wconf 87' lang='lat' dir='ltr'>exigere</span> <span class='ocrx_word' id='word_1_197' title='bbox 587 1849 854 1885; x_wconf 88' lang='lat' dir='ltr'>iuramentum.</span> 
     </span>
    </p>

    <p class='ocr_par' dir='ltr' id='par_1_20' title="bbox 410 1899 1473 2003">
     <span class='ocr_line' id='line_1_36' title="bbox 465 1899 1472 1948; baseline -0.004 -9"><span class='ocrx_word' id='word_1_198' title='bbox 465 1903 538 1939; x_wconf 79' lang='lat' dir='ltr'>SED</span> <span class='ocrx_word' id='word_1_199' title='bbox 565 1914 722 1947; x_wconf 79' lang='lat' dir='ltr'>CONTRA,</span> <span class='ocrx_word' id='word_1_200' title='bbox 748 1901 842 1937; x_wconf 89' lang='lat' dir='ltr'>sicut</span> <span class='ocrx_word' id='word_1_201' title='bbox 869 1907 1000 1948; x_wconf 91' lang='lat' dir='ltr'>peccat</span> <span class='ocrx_word' id='word_1_202' title='bbox 1019 1899 1078 1935; x_wconf 88' lang='lat' dir='ltr'>ille</span> <span class='ocrx_word' id='word_1_203' title='bbox 1107 1899 1171 1947; x_wconf 92' lang='lat' dir='ltr'>qui</span> <span class='ocrx_word' id='word_1_204' title='bbox 1200 1899 1335 1936; x_wconf 87' lang='lat' dir='ltr'>falsum</span> <span class='ocrx_word' id='word_1_205' title='bbox 1365 1900 1472 1946; x_wconf 77' lang='lat' dir='ltr'>iurat,</span> 
     </span>
     <span class='ocr_line' id='line_1_37' title="bbox 410 1952 1473 2003; baseline -0.003 -12"><span class='ocrx_word' id='word_1_206' title='bbox 410 1956 460 1992; x_wconf 91' lang='lat' dir='ltr'>ita</span> <span class='ocrx_word' id='word_1_207' title='bbox 488 1955 547 1991; x_wconf 90' lang='lat' dir='ltr'>ille</span> <span class='ocrx_word' id='word_1_208' title='bbox 577 1955 640 2003; x_wconf 89' lang='lat' dir='ltr'>qui</span> <span class='ocrx_word' id='word_1_209' title='bbox 666 1967 735 2003; x_wconf 91' lang='lat' dir='ltr'>per</span> <span class='ocrx_word' id='word_1_210' title='bbox 754 1955 866 1990; x_wconf 88' lang='lat' dir='ltr'>falsos</span> <span class='ocrx_word' id='word_1_211' title='bbox 886 1954 979 1990; x_wconf 92' lang='lat' dir='ltr'>deos</span> <span class='ocrx_word' id='word_1_212' title='bbox 999 1953 1107 1988; x_wconf 88' lang='lat' dir='ltr'>iurat.</span> <span class='ocrx_word' id='word_1_213' title='bbox 1139 1952 1214 1988; x_wconf 88' lang='lat' dir='ltr'>Sed</span> <span class='ocrx_word' id='word_1_214' title='bbox 1234 1952 1318 1989; x_wconf 91' lang='lat' dir='ltr'>licet</span> <span class='ocrx_word' id='word_1_215' title='bbox 1346 1953 1398 1989; x_wconf 88' lang='lat' dir='ltr'>uti</span> <span class='ocrx_word' id='word_1_216' title='bbox 1419 1953 1473 1989; x_wconf 90' lang='lat' dir='ltr'>iu-</span> 
     </span>
    </p>
   </div>
   <div class='ocr_carea' id='block_1_19' title="bbox 412 2005 1501 2056">
    <p class='ocr_par' dir='ltr' id='par_1_21' title="bbox 412 2005 1501 2056">
     <span class='ocr_line' id='line_1_38' title="bbox 412 2005 1501 2056; baseline -0.003 -12"><span class='ocrx_word' id='word_1_217' title='bbox 412 2016 583 2045; x_wconf 89' lang='lat' dir='ltr'>ramento</span> <span class='ocrx_word' id='word_1_218' title='bbox 609 2008 688 2044; x_wconf 90' lang='lat' dir='ltr'>eius</span> <span class='ocrx_word' id='word_1_219' title='bbox 717 2007 780 2056; x_wconf 91' lang='lat' dir='ltr'>qui</span> <span class='ocrx_word' id='word_1_220' title='bbox 809 2019 876 2056; x_wconf 91' lang='lat' dir='ltr'>per</span> <span class='ocrx_word' id='word_1_221' title='bbox 896 2006 1009 2042; x_wconf 88' lang='lat' dir='ltr'>falsos</span> <span class='ocrx_word' id='word_1_222' title='bbox 1040 2006 1132 2042; x_wconf 89' lang='lat' dir='ltr'>deos</span> <span class='ocrx_word' id='word_1_223' title='bbox 1154 2005 1249 2041; x_wconf 86' lang='lat' dir='ltr'>iurat</span> <span class='ocrx_word' id='word_1_224' title='bbox 1276 2010 1307 2041; x_wconf 66' lang='lat' dir='ltr'>Y:</span> <span class='ocrx_word' id='word_1_225' title='bbox 1337 2014 1378 2042; x_wconf 91' lang='lat' dir='ltr'>ut</span> <span class='ocrx_word' id='word_1_226' title='bbox 1397 2008 1474 2042; x_wconf 89' lang='lat' dir='ltr'>Au·</span> <span class='ocrx_word' id='word_1_227' title='bbox 1500 2031 1501 2035; x_wconf 65' lang='lat'>,</span> 
     </span>
    </p>
   </div>
   <div class='ocr_carea' id='block_1_20' title="bbox 410 2058 1474 2161">
    <p class='ocr_par' dir='ltr' id='par_1_22' title="bbox 410 2058 1474 2161">
     <span class='ocr_line' id='line_1_39' title="bbox 410 2058 1474 2109; baseline -0.002 -11"><span class='ocrx_word' id='word_1_228' title='bbox 410 2061 580 2109; x_wconf 88' lang='lat' dir='ltr'>gustinus</span> <span class='ocrx_word' id='word_1_229' title='bbox 610 2060 711 2106; x_wconf 83' lang='lat' dir='ltr'>dicit,</span> <span class='ocrx_word' id='word_1_230' title='bbox 741 2061 792 2096; x_wconf 89' lang='lat' dir='ltr'>ad</span> <span class='ocrx_word' id='word_1_231' title='bbox 817 2059 1049 2096; x_wconf 84' lang='lat' dir='ltr'><em>Publicolam</em></span> <span class='ocrx_word' id='word_1_232' title='bbox 1077 2058 1108 2094; x_wconf 67' lang='lat'>²⁶.</span> <span class='ocrx_word' id='word_1_233' title='bbox 1139 2059 1239 2106; x_wconf 89' lang='lat' dir='ltr'>Ergo</span> <span class='ocrx_word' id='word_1_234' title='bbox 1265 2058 1350 2095; x_wconf 92' lang='lat' dir='ltr'>licet</span> <span class='ocrx_word' id='word_1_235' title='bbox 1378 2059 1474 2096; x_wconf 90' lang='lat' dir='ltr'>iura-</span> 
     </span>
     <span class='ocr_line' id='line_1_40' title="bbox 411 2087 1307 2161; baseline -0.006 -9"><span class='ocrx_word' id='word_1_236' title='bbox 411 2122 583 2152; x_wconf 87' lang='lat' dir='ltr'>mentum</span> <span class='ocrx_word' id='word_1_237' title='bbox 615 2114 760 2161; x_wconf 82' lang='lat' dir='ltr'>exigere</span> <span class='ocrx_word' id='word_1_238' title='bbox 789 2114 836 2149; x_wconf 90' lang='lat' dir='ltr'>ab</span> <span class='ocrx_word' id='word_1_239' title='bbox 866 2125 912 2149; x_wconf 90' lang='lat' dir='ltr'>eo</span> <span class='ocrx_word' id='word_1_240' title='bbox 942 2111 1007 2160; x_wconf 92' lang='lat' dir='ltr'>qui</span> <span class='ocrx_word' id='word_1_241' title='bbox 1035 2087 1172 2148; x_wconf 50' lang='lat' dir='ltr'>fals&#39;um</span> <span class='ocrx_word' id='word_1_242' title='bbox 1201 2111 1307 2148; x_wconf 92' lang='lat' dir='ltr'>iurat.</span> 
     </span>
    </p>
   </div>
   <div class='ocr_carea' id='block_1_21' title="bbox 465 2157 1502 2213">
    <p class='ocr_par' dir='ltr' id='par_1_23' title="bbox 465 2157 1502 2213">
     <span class='ocr_line' id='line_1_41' title="bbox 465 2157 1502 2213; baseline -0.002 -9"><span class='ocrx_word' id='word_1_243' title='bbox 465 2168 689 2204; x_wconf 75' lang='lat' dir='ltr'>RESPONDEO</span> <span class='ocrx_word' id='word_1_244' title='bbox 710 2178 894 2203; x_wconf 79' lang='lat' dir='ltr'>DtCENnUM</span> <span class='ocrx_word' id='word_1_245' title='bbox 914 2165 1019 2213; x_wconf 91' lang='lat' dir='ltr'>quod</span> <span class='ocrx_word' id='word_1_246' title='bbox 1040 2164 1137 2200; x_wconf 87' lang='lat' dir='ltr'>circa</span> <span class='ocrx_word' id='word_1_247' title='bbox 1158 2177 1246 2201; x_wconf 91' lang='lat' dir='ltr'>eum</span> <span class='ocrx_word' id='word_1_248' title='bbox 1276 2164 1340 2213; x_wconf 90' lang='lat' dir='ltr'>qui</span> <span class='ocrx_word' id='word_1_249' title='bbox 1366 2164 1476 2213; x_wconf 88' lang='lat' dir='ltr'>exigit</span> <span class='ocrx_word' id='word_1_250' title='bbox 1500 2157 1502 2173; x_wconf 69' lang='lat'><strong>¹</strong></span> 
     </span>
    </p>
   </div>
   <div class='ocr_carea' id='block_1_22' title="bbox 412 2218 1476 2321">
    <p class='ocr_par' dir='ltr' id='par_1_24' title="bbox 412 2218 1476 2321">
     <span class='ocr_line' id='line_1_42' title="bbox 412 2218 1476 2266; baseline -0.002 -9"><span class='ocrx_word' id='word_1_251' title='bbox 412 2222 459 2257; x_wconf 89' lang='lat' dir='ltr'>ab</span> <span class='ocrx_word' id='word_1_252' title='bbox 480 2221 553 2257; x_wconf 90' lang='lat' dir='ltr'>alio</span> <span class='ocrx_word' id='word_1_253' title='bbox 574 2220 842 2265; x_wconf 87' lang='lat' dir='ltr'>iuramentum,</span> <span class='ocrx_word' id='word_1_254' title='bbox 873 2218 1180 2266; x_wconf 89' lang='lat' dir='ltr'>distinguendum</span> <span class='ocrx_word' id='word_1_255' title='bbox 1209 2218 1369 2254; x_wconf 89' lang='lat' dir='ltr'>videtur.</span> <span class='ocrx_word' id='word_1_256' title='bbox 1399 2220 1476 2255; x_wconf 90' lang='lat' dir='ltr'>Aut</span> 
     </span>
     <span class='ocr_line' id='line_1_43' title="bbox 413 2271 1474 2321; baseline -0.002 -11"><span class='ocrx_word' id='word_1_257' title='bbox 413 2274 514 2310; x_wconf 86' lang='lat' dir='ltr'>enim</span> <span class='ocrx_word' id='word_1_258' title='bbox 531 2273 638 2321; x_wconf 86' lang='lat' dir='ltr'>exigit</span> <span class='ocrx_word' id='word_1_259' title='bbox 653 2273 907 2309; x_wconf 86' lang='lat' dir='ltr'>iuramentum</span> <span class='ocrx_word' id='word_1_260' title='bbox 924 2284 993 2320; x_wconf 91' lang='lat' dir='ltr'>pro</span> <span class='ocrx_word' id='word_1_261' title='bbox 1014 2271 1140 2319; x_wconf 88' lang='lat' dir='ltr'>seipso</span> <span class='ocrx_word' id='word_1_262' title='bbox 1156 2271 1307 2320; x_wconf 90' lang='lat' dir='ltr'>propria</span> <span class='ocrx_word' id='word_1_263' title='bbox 1323 2279 1474 2319; x_wconf 91' lang='lat' dir='ltr'>sponte:</span> 
     </span>
    </p>
   </div>
   <div class='ocr_carea' id='block_1_23' title="bbox 413 2324 1501 2426">
    <p class='ocr_par' dir='ltr' id='par_1_25' title="bbox 413 2324 1501 2426">
     <span class='ocr_line' id='line_1_44' title="bbox 413 2324 1501 2374; baseline -0.002 -11"><span class='ocrx_word' id='word_1_264' title='bbox 413 2334 476 2363; x_wconf 91' lang='lat' dir='ltr'>aut</span> <span class='ocrx_word' id='word_1_265' title='bbox 505 2327 614 2374; x_wconf 86' lang='lat' dir='ltr'>exigit</span> <span class='ocrx_word' id='word_1_266' title='bbox 633 2326 888 2363; x_wconf 86' lang='lat' dir='ltr'>iuramentum</span> <span class='ocrx_word' id='word_1_267' title='bbox 909 2337 979 2373; x_wconf 93' lang='lat' dir='ltr'>pro</span> <span class='ocrx_word' id='word_1_268' title='bbox 1008 2324 1081 2360; x_wconf 89' lang='lat' dir='ltr'>alio</span> <span class='ocrx_word' id='word_1_269' title='bbox 1103 2336 1147 2360; x_wconf 89' lang='lat' dir='ltr'>ex</span> <span class='ocrx_word' id='word_1_270' title='bbox 1174 2324 1396 2360; x_wconf 86' lang='lat' dir='ltr'>necessitate</span> <span class='ocrx_word' id='word_1_271' title='bbox 1421 2324 1476 2361; x_wconf 86' lang='lat' dir='ltr'>of-</span> <span class='ocrx_word' id='word_1_272' title='bbox 1500 2333 1501 2348; x_wconf 73' lang='lat'>³</span> 
     </span>
     <span class='ocr_line' id='line_1_45' title="bbox 413 2377 1501 2426; baseline -0.003 -10"><span class='ocrx_word' id='word_1_273' title='bbox 413 2380 488 2417; x_wconf 92' lang='lat' dir='ltr'>ficii</span> <span class='ocrx_word' id='word_1_274' title='bbox 517 2379 586 2416; x_wconf 89' lang='lat' dir='ltr'>sibi</span> <span class='ocrx_word' id='word_1_275' title='bbox 617 2378 820 2416; x_wconf 86' lang='lat' dir='ltr'>commissi.</span> <span class='ocrx_word' id='word_1_276' title='bbox 851 2379 900 2414; x_wconf 93' lang='lat' dir='ltr'>Et</span> <span class='ocrx_word' id='word_1_277' title='bbox 927 2378 957 2414; x_wconf 90' lang='lat' dir='ltr'>si</span> <span class='ocrx_word' id='word_1_278' title='bbox 986 2377 1139 2426; x_wconf 89' lang='lat' dir='ltr'>quidem</span> <span class='ocrx_word' id='word_1_279' title='bbox 1170 2377 1304 2425; x_wconf 89' lang='lat' dir='ltr'>aliquis</span> <span class='ocrx_word' id='word_1_280' title='bbox 1327 2389 1397 2426; x_wconf 91' lang='lat' dir='ltr'>pro</span> <span class='ocrx_word' id='word_1_281' title='bbox 1418 2389 1475 2414; x_wconf 93' lang='grc'>38-</span> <span class='ocrx_word' id='word_1_282' title='bbox 1500 2415 1501 2418; x_wconf 57' lang='grc'>,</span> 
     </span>
    </p>
   </div>
   <div class='ocr_carea' id='block_1_24' title="bbox 413 2430 1502 2481">
    <p class='ocr_par' dir='ltr' id='par_1_26' title="bbox 413 2430 1502 2481">
     <span class='ocr_line' id='line_1_46' title="bbox 413 2430 1502 2481; baseline -0.002 -12"><span class='ocrx_word' id='word_1_283' title='bbox 413 2433 496 2481; x_wconf 90' lang='lat' dir='ltr'>ipso</span> <span class='ocrx_word' id='word_1_284' title='bbox 526 2432 636 2479; x_wconf 84' lang='lat' dir='ltr'>exigit</span> <span class='ocrx_word' id='word_1_285' title='bbox 656 2432 909 2468; x_wconf 88' lang='lat' dir='ltr'>iuramentum</span> <span class='ocrx_word' id='word_1_286' title='bbox 930 2439 1111 2478; x_wconf 82' lang='lat' dir='ltr'>tanquam</span> <span class='ocrx_word' id='word_1_287' title='bbox 1132 2442 1295 2478; x_wconf 87' lang='lat' dir='ltr'>persona</span> <span class='ocrx_word' id='word_1_288' title='bbox 1315 2430 1502 2478; x_wconf 32' lang='lat' dir='ltr'>privatas</span> 
     </span>
    </p>
   </div>
   <div class='ocr_carea' id='block_1_25' title="bbox 415 2483 1502 2533">
    <p class='ocr_par' dir='ltr' id='par_1_27' title="bbox 415 2483 1502 2533">
     <span class='ocr_line' id='line_1_47' title="bbox 415 2483 1502 2533; baseline -0.002 -11"><span class='ocrx_word' id='word_1_289' title='bbox 415 2486 721 2533; x_wconf 86' lang='lat' dir='ltr'>distinguendum</span> <span class='ocrx_word' id='word_1_290' title='bbox 758 2484 926 2528; x_wconf 85' lang='lat' dir='ltr'>videtur,</span> <span class='ocrx_word' id='word_1_291' title='bbox 965 2492 1006 2519; x_wconf 91' lang='lat' dir='ltr'>ut</span> <span class='ocrx_word' id='word_1_292' title='bbox 1034 2483 1266 2530; x_wconf 83' lang='lat' dir='ltr'>Augustinus</span> <span class='ocrx_word' id='word_1_293' title='bbox 1300 2483 1408 2531; x_wconf 84' lang='lat' dir='ltr'>dicit,</span> <span class='ocrx_word' id='word_1_294' title='bbox 1439 2484 1502 2520; x_wconf 49' lang='lat' dir='ltr'>in*</span> 
     </span>
    </p>
   </div>
   <div class='ocr_carea' id='block_1_26' title="bbox 405 2536 1480 3009">
    <p class='ocr_par' dir='ltr' id='par_1_28' title="bbox 405 2536 1480 3009">
     <span class='ocr_line' id='line_1_48' title="bbox 415 2536 1475 2576; baseline -0.003 0"><span class='ocrx_word' id='word_1_295' title='bbox 415 2551 590 2576; x_wconf 88' lang='lat' dir='ltr'>sermone</span> <span class='ocrx_word' id='word_1_296' title='bbox 619 2539 664 2574; x_wconf 91' lang='lat' dir='ltr'>de</span> <span class='ocrx_word' id='word_1_297' title='bbox 690 2537 871 2574; x_wconf 78' lang='lat' dir='ltr'>Per-iuriis</span> <span class='ocrx_word' id='word_1_298' title='bbox 898 2536 928 2572; x_wconf 80' lang='grc'>*.</span> <span class='ocrx_word' id='word_1_299' title='bbox 968 2537 1010 2572; x_wconf 93' lang='lat' dir='ltr'>Si</span> <span class='ocrx_word' id='word_1_300' title='bbox 1035 2537 1133 2572; x_wconf 88' lang='lat' dir='ltr'>enim</span> <span class='ocrx_word' id='word_1_301' title='bbox 1163 2537 1276 2572; x_wconf 89' lang='lat' dir='ltr'>nescit</span> <span class='ocrx_word' id='word_1_302' title='bbox 1308 2548 1392 2573; x_wconf 88' lang='lat' dir='ltr'>eum</span> <span class='ocrx_word' id='word_1_303' title='bbox 1422 2537 1475 2573; x_wconf 87' lang='lat' dir='ltr'>iu-</span> 
     </span>
     <span class='ocr_line' id='line_1_49' title="bbox 415 2589 1478 2639; baseline -0.003 -11"><span class='ocrx_word' id='word_1_304' title='bbox 415 2598 587 2629; x_wconf 86' lang='lat' dir='ltr'>raturum</span> <span class='ocrx_word' id='word_1_305' title='bbox 606 2591 773 2639; x_wconf 82' lang='lat' dir='ltr'>falsum,</span> <span class='ocrx_word' id='word_1_306' title='bbox 803 2596 838 2626; x_wconf 83' lang='lat' dir='ltr'>et</span> <span class='ocrx_word' id='word_1_307' title='bbox 864 2590 945 2625; x_wconf 88' lang='lat' dir='ltr'>ideo</span> <span class='ocrx_word' id='word_1_308' title='bbox 974 2589 1070 2633; x_wconf 80' lang='lat' dir='ltr'>dicit,</span> <span class='ocrx_word' id='word_1_309' title='bbox 1103 2604 1121 2621; x_wconf 83' lang='lat'>«</span> <span class='ocrx_word' id='word_1_310' title='bbox 1143 2590 1236 2625; x_wconf 84' lang='lat' dir='ltr'>Iura</span> <span class='ocrx_word' id='word_1_311' title='bbox 1266 2590 1359 2625; x_wconf 87' lang='lat' dir='ltr'>mihi</span> <span class='ocrx_word' id='word_1_312' title='bbox 1379 2605 1412 2634; x_wconf 76' lang='grc'>»,</span> <span class='ocrx_word' id='word_1_313' title='bbox 1439 2596 1478 2625; x_wconf 88' lang='lat' dir='ltr'>ut</span> 
     </span>
     <span class='ocr_line' id='line_1_50' title="bbox 405 2643 1476 2693; baseline -0.005 -11"><span class='ocrx_word' id='word_1_314' title='bbox 405 2646 505 2693; x_wconf 87' lang='lat' dir='ltr'>fides</span> <span class='ocrx_word' id='word_1_315' title='bbox 533 2645 567 2681; x_wconf 92' lang='lat' dir='ltr'>ei</span> <span class='ocrx_word' id='word_1_316' title='bbox 593 2645 648 2690; x_wconf 86' lang='lat' dir='ltr'>sit,</span> <span class='ocrx_word' id='word_1_317' title='bbox 679 2655 751 2680; x_wconf 91' lang='lat' dir='ltr'>non</span> <span class='ocrx_word' id='word_1_318' title='bbox 782 2649 834 2679; x_wconf 91' lang='lat' dir='ltr'>est</span> <span class='ocrx_word' id='word_1_319' title='bbox 865 2647 1085 2690; x_wconf 86' lang='lat' dir='ltr'>peccatum:</span> <span class='ocrx_word' id='word_1_320' title='bbox 1113 2647 1236 2678; x_wconf 90' lang='lat' dir='ltr'>tamen</span> <span class='ocrx_word' id='word_1_321' title='bbox 1266 2647 1319 2678; x_wconf 87' lang='lat' dir='ltr'>est</span> <span class='ocrx_word' id='word_1_322' title='bbox 1344 2643 1476 2678; x_wconf 85' lang='lat' dir='ltr'>huma-</span> 
     </span>
     <span class='ocr_line' id='line_1_51' title="bbox 417 2694 1478 2745; baseline -0.004 -10"><span class='ocrx_word' id='word_1_323' title='bbox 417 2711 466 2735; x_wconf 89' lang='lat' dir='ltr'>na</span> <span class='ocrx_word' id='word_1_324' title='bbox 495 2698 656 2742; x_wconf 69' lang='lat' dir='ltr'>tentatio,</span> <span class='ocrx_word' id='word_1_325' title='bbox 681 2696 769 2745; x_wconf 87' lang='lat' dir='ltr'>quia</span> <span class='ocrx_word' id='word_1_326' title='bbox 793 2695 933 2732; x_wconf 89' lang='lat' dir='ltr'>scilicet</span> <span class='ocrx_word' id='word_1_327' title='bbox 959 2694 1131 2743; x_wconf 91' lang='lat' dir='ltr'>procedit</span> <span class='ocrx_word' id='word_1_328' title='bbox 1159 2707 1204 2731; x_wconf 92' lang='lat' dir='ltr'>ex</span> <span class='ocrx_word' id='word_1_329' title='bbox 1227 2695 1395 2742; x_wconf 89' lang='lat' dir='ltr'>quadam</span> <span class='ocrx_word' id='word_1_330' title='bbox 1424 2695 1478 2731; x_wconf 91' lang='lat' dir='ltr'>in-</span> 
     </span>
     <span class='ocr_line' id='line_1_52' title="bbox 417 2747 1477 2797; baseline -0.005 -9"><span class='ocrx_word' id='word_1_331' title='bbox 417 2751 613 2796; x_wconf 86' lang='lat' dir='ltr'>firmitate,</span> <span class='ocrx_word' id='word_1_332' title='bbox 644 2762 718 2797; x_wconf 90' lang='lat' dir='ltr'>qua</span> <span class='ocrx_word' id='word_1_333' title='bbox 745 2750 865 2786; x_wconf 91' lang='lat' dir='ltr'>homo</span> <span class='ocrx_word' id='word_1_334' title='bbox 900 2747 1044 2785; x_wconf 88' lang='lat' dir='ltr'>dubitat</span> <span class='ocrx_word' id='word_1_335' title='bbox 1079 2748 1194 2784; x_wconf 92' lang='lat' dir='ltr'>alium</span> <span class='ocrx_word' id='word_1_336' title='bbox 1231 2759 1312 2784; x_wconf 91' lang='lat' dir='ltr'>esse</span> <span class='ocrx_word' id='word_1_337' title='bbox 1340 2760 1477 2784; x_wconf 88' lang='lat' dir='ltr'>verum</span> 
     </span>
     <span class='ocr_line' id='line_1_53' title="bbox 418 2799 1479 2849; baseline -0.004 -8"><span class='ocrx_word' id='word_1_338' title='bbox 418 2805 619 2841; x_wconf 89' lang='lat' dir='ltr'>dicturum.</span> <span class='ocrx_word' id='word_1_339' title='bbox 647 2804 699 2839; x_wconf 88' lang='lat' dir='ltr'>Et</span> <span class='ocrx_word' id='word_1_340' title='bbox 723 2803 794 2839; x_wconf 83' lang='lat' dir='ltr'>hoc</span> <span class='ocrx_word' id='word_1_341' title='bbox 821 2807 874 2838; x_wconf 88' lang='lat' dir='ltr'>est</span> <span class='ocrx_word' id='word_1_342' title='bbox 900 2801 991 2838; x_wconf 86' lang='lat' dir='ltr'>illud</span> <span class='ocrx_word' id='word_1_343' title='bbox 1024 2801 1166 2837; x_wconf 87' lang='lat' dir='ltr'>malum</span> <span class='ocrx_word' id='word_1_344' title='bbox 1186 2799 1199 2822; x_wconf 67' lang='grc' dir='ltr'><strong>ὃ</strong></span> <span class='ocrx_word' id='word_1_345' title='bbox 1228 2801 1274 2837; x_wconf 86' lang='lat' dir='ltr'>de</span> <span class='ocrx_word' id='word_1_346' title='bbox 1301 2813 1374 2849; x_wconf 83' lang='lat' dir='ltr'>quo</span> <span class='ocrx_word' id='word_1_347' title='bbox 1401 2802 1479 2838; x_wconf 90' lang='lat' dir='ltr'>Do-</span> 
     </span>
     <span class='ocr_line' id='line_1_54' title="bbox 418 2854 1478 2902; baseline -0.003 -8"><span class='ocrx_word' id='word_1_348' title='bbox 418 2859 541 2894; x_wconf 84' lang='lat' dir='ltr'>minus</span> <span class='ocrx_word' id='word_1_349' title='bbox 568 2857 670 2901; x_wconf 84' lang='lat' dir='ltr'>dicit,</span> <span class='ocrx_word' id='word_1_350' title='bbox 699 2855 836 2892; x_wconf 87' lang='lat' dir='ltr'>Matth.</span> <span class='ocrx_word' id='word_1_351' title='bbox 866 2866 890 2890; x_wconf 92' lang='lat' dir='ltr'><strong>v</strong></span> <span class='ocrx_word' id='word_1_352' title='bbox 907 2854 942 2890; x_wconf 74' lang='grc' dir='ltr'>*ε</span> <span class='ocrx_word' id='word_1_353' title='bbox 976 2869 994 2886; x_wconf 83' lang='grc'>&lt;&lt;</span> <span class='ocrx_word' id='word_1_354' title='bbox 1021 2854 1131 2895; x_wconf 87' lang='lat' dir='ltr'>Quod</span> <span class='ocrx_word' id='word_1_355' title='bbox 1156 2854 1317 2902; x_wconf 86' lang='lat' dir='ltr'>amplius</span> <span class='ocrx_word' id='word_1_356' title='bbox 1344 2859 1416 2899; x_wconf 84' lang='lat' dir='ltr'>est,</span> <span class='ocrx_word' id='word_1_357' title='bbox 1455 2866 1478 2891; x_wconf 88' lang='lat' dir='ltr'>a</span> 
     </span>
     <span class='ocr_line' id='line_1_55' title="bbox 418 2907 1480 2955; baseline -0.004 -8"><span class='ocrx_word' id='word_1_358' title='bbox 418 2911 518 2947; x_wconf 91' lang='lat' dir='ltr'>malo</span> <span class='ocrx_word' id='word_1_359' title='bbox 555 2915 608 2946; x_wconf 92' lang='lat' dir='ltr'>est</span> <span class='ocrx_word' id='word_1_360' title='bbox 630 2924 662 2945; x_wconf 85' lang='lat'>».</span> <span class='ocrx_word' id='word_1_361' title='bbox 697 2909 739 2944; x_wconf 87' lang='lat' dir='ltr'>Si</span> <span class='ocrx_word' id='word_1_362' title='bbox 773 2913 896 2945; x_wconf 86' lang='lat' dir='ltr'>autem</span> <span class='ocrx_word' id='word_1_363' title='bbox 933 2907 1001 2944; x_wconf 90' lang='lat' dir='ltr'>scit</span> <span class='ocrx_word' id='word_1_364' title='bbox 1031 2919 1116 2943; x_wconf 88' lang='lat' dir='ltr'>eum</span> <span class='ocrx_word' id='word_1_365' title='bbox 1142 2907 1302 2955; x_wconf 86' lang='lat' dir='ltr'>fecisse,</span> <span class='ocrx_word' id='word_1_366' title='bbox 1341 2907 1480 2944; x_wconf 89' lang='lat' dir='ltr'>scilicet</span> 
     </span>
     <span class='ocr_line' id='line_1_56' title="bbox 419 2960 1066 3009; baseline -0.006 -9"><span class='ocrx_word' id='word_1_367' title='bbox 419 2963 647 3000; x_wconf 87' lang='lat' dir='ltr'>contrarium</span> <span class='ocrx_word' id='word_1_368' title='bbox 693 2961 773 2998; x_wconf 86' lang='lat' dir='ltr'>eius</span> <span class='ocrx_word' id='word_1_369' title='bbox 811 2961 916 3009; x_wconf 88' lang='lat' dir='ltr'>quod</span> <span class='ocrx_word' id='word_1_370' title='bbox 952 2960 1066 3006; x_wconf 84' lang='lat' dir='ltr'>iurat,</span> 
     </span>
    </p>
   </div>
   <div class='ocr_carea' id='block_1_27' title="bbox 792 1527 1496 1575">
    <p class='ocr_par' dir='ltr' id='par_1_29' title="bbox 792 1527 1496 1575">
     <span class='ocr_line' id='line_1_57' title="bbox 792 1527 1496 1575; baseline -0.004 -9"><span class='ocrx_word' id='word_1_371' title='bbox 792 1529 926 1566; x_wconf 87' lang='lat' dir='ltr'>dicitur</span> <span class='ocrx_word' id='word_1_372' title='bbox 954 1529 1070 1565; x_wconf 80' lang='lat' dir='ltr'>Levit.</span> <span class='ocrx_word' id='word_1_373' title='bbox 1096 1540 1119 1563; x_wconf 94' lang='lat' dir='ltr'><strong>v</strong></span> <span class='ocrx_word' id='word_1_374' title='bbox 1137 1527 1174 1564; x_wconf 77' lang='lat' dir='ltr'>*s</span> <span class='ocrx_word' id='word_1_375' title='bbox 1203 1528 1246 1564; x_wconf 91' lang='lat' dir='ltr'>Si</span> <span class='ocrx_word' id='word_1_376' title='bbox 1256 1527 1471 1575; x_wconf 79' lang='lat' dir='ltr'>peccaverit</span> <span class='ocrx_word' id='word_1_377' title='bbox 1495 1568 1496 1573; x_wconf 19' lang='grc'>1</span> 
     </span>
    </p>
   </div>
   <div class='ocr_carea' id='block_1_28' title="bbox 1106 2961 1509 3009">
    <p class='ocr_par' dir='ltr' id='par_1_30' title="bbox 1106 2961 1509 3009">
     <span class='ocr_line' id='line_1_58' title="bbox 1106 2961 1509 3009; baseline 0 -13"><span class='ocrx_word' id='word_1_378' title='bbox 1106 2966 1142 2996; x_wconf 86' lang='lat' dir='ltr'>et</span> <span class='ocrx_word' id='word_1_379' title='bbox 1171 2961 1272 3009; x_wconf 83' lang='lat' dir='ltr'>cogit</span> <span class='ocrx_word' id='word_1_380' title='bbox 1303 2972 1388 2996; x_wconf 87' lang='lat' dir='ltr'>eum</span> <span class='ocrx_word' id='word_1_381' title='bbox 1426 2961 1481 2996; x_wconf 91' lang='lat' dir='ltr'>iu·</span> <span class='ocrx_word' id='word_1_382' title='bbox 1507 2972 1509 2977; x_wconf 77' lang='grc'>’</span> 
     </span>
    </p>
   </div>
   <div class='ocr_carea' id='block_1_29' title="bbox 1491 676 2644 3010">
    <p class='ocr_par' dir='ltr' id='par_1_31' title="bbox 1491 676 2584 1096">
     <span class='ocr_line' id='line_1_59' title="bbox 1519 676 2583 724; baseline 0.001 -11"><span class='ocrx_word' id='word_1_383' title='bbox 1519 689 1618 722; x_wconf 84' lang='lat' dir='ltr'>rare,</span> <span class='ocrx_word' id='word_1_384' title='bbox 1638 678 1825 714; x_wconf 82' lang='lat' dir='ltr'>homicida</span> <span class='ocrx_word' id='word_1_385' title='bbox 1854 683 1917 714; x_wconf 88' lang='lat' dir='ltr'>est.</span> <span class='ocrx_word' id='word_1_386' title='bbox 1955 677 2025 714; x_wconf 91' lang='lat' dir='ltr'>Ille</span> <span class='ocrx_word' id='word_1_387' title='bbox 2053 677 2152 713; x_wconf 87' lang='lat' dir='ltr'>enim</span> <span class='ocrx_word' id='word_1_388' title='bbox 2181 676 2226 712; x_wconf 90' lang='lat' dir='ltr'>de</span> <span class='ocrx_word' id='word_1_389' title='bbox 2252 687 2320 712; x_wconf 88' lang='lat' dir='ltr'>suo</span> <span class='ocrx_word' id='word_1_390' title='bbox 2342 676 2514 724; x_wconf 86' lang='lat' dir='ltr'>periurio</span> <span class='ocrx_word' id='word_1_391' title='bbox 2543 689 2583 714; x_wconf 91' lang='lat' dir='ltr'>se</span> 
     </span>
     <span class='ocr_line' id='line_1_60' title="bbox 1520 727 2581 778; baseline -0.001 -12"><span class='ocrx_word' id='word_1_392' title='bbox 1520 730 1716 766; x_wconf 88' lang='lat' dir='ltr'>interimit:</span> <span class='ocrx_word' id='word_1_393' title='bbox 1743 731 1809 767; x_wconf 91' lang='lat' dir='ltr'>sed</span> <span class='ocrx_word' id='word_1_394' title='bbox 1835 731 1900 767; x_wconf 87' lang='lat' dir='ltr'>iste</span> <span class='ocrx_word' id='word_1_395' title='bbox 1928 742 2083 767; x_wconf 88' lang='lat' dir='ltr'>manum</span> <span class='ocrx_word' id='word_1_396' title='bbox 2109 727 2359 776; x_wconf 82' lang='lat' dir='ltr'>interficientis</span> <span class='ocrx_word' id='word_1_397' title='bbox 2387 730 2581 778; x_wconf 83' lang='lat' dir='ltr'>impressit.</span> 
     </span>
     <span class='ocr_line' id='line_1_61' title="bbox 1491 783 2582 842; baseline 0.001 -23"><span class='ocrx_word' id='word_1_398' title='bbox 1491 793 1493 835; x_wconf 73' lang='grc'>1</span> <span class='ocrx_word' id='word_1_399' title='bbox 1575 783 1614 819; x_wconf 88' lang='lat' dir='ltr'>Si</span> <span class='ocrx_word' id='word_1_400' title='bbox 1645 791 1770 819; x_wconf 89' lang='lat' dir='ltr'>autem</span> <span class='ocrx_word' id='word_1_401' title='bbox 1793 783 1956 830; x_wconf 66' lang='lat' dir='ltr'>aliquis*</span> <span class='ocrx_word' id='word_1_402' title='bbox 1978 783 2098 830; x_wconf 91' lang='lat' dir='ltr'>exigat</span> <span class='ocrx_word' id='word_1_403' title='bbox 2120 783 2375 819; x_wconf 90' lang='lat' dir='ltr'>iuramentum</span> <span class='ocrx_word' id='word_1_404' title='bbox 2399 790 2582 842; x_wconf 89' lang='lat' dir='ltr'>tanquam</span> 
     </span>
     <span class='ocr_line' id='line_1_62' title="bbox 1491 835 2581 889; baseline 0.001 -17"><span class='ocrx_word' id='word_1_405' title='bbox 1491 838 1494 889; x_wconf 91' lang='grc'>1</span> <span class='ocrx_word' id='word_1_406' title='bbox 1520 848 1684 884; x_wconf 88' lang='lat' dir='ltr'>persona</span> <span class='ocrx_word' id='word_1_407' title='bbox 1704 836 1865 884; x_wconf 87' lang='lat' dir='ltr'>publica,</span> <span class='ocrx_word' id='word_1_408' title='bbox 1887 836 2097 872; x_wconf 91' lang='lat' dir='ltr'>secundum</span> <span class='ocrx_word' id='word_1_409' title='bbox 2114 836 2218 883; x_wconf 92' lang='lat' dir='ltr'>quod</span> <span class='ocrx_word' id='word_1_410' title='bbox 2239 835 2348 883; x_wconf 88' lang='lat' dir='ltr'>exigit</span> <span class='ocrx_word' id='word_1_411' title='bbox 2368 836 2488 872; x_wconf 92' lang='lat' dir='ltr'>ordo</span> <span class='ocrx_word' id='word_1_412' title='bbox 2480 836 2581 876; x_wconf 90' lang='lat' dir='ltr'>1uris</span> 
     </span>
     <span class='ocr_line' id='line_1_63' title="bbox 1492 878 2583 938; baseline 0.004 -16"><span class='ocrx_word' id='word_1_413' title='bbox 1492 895 1493 922; x_wconf 67' lang='grc'>1</span> <span class='ocrx_word' id='word_1_414' title='bbox 1521 890 1567 926; x_wconf 86' lang='grc'>3(1</span> <span class='ocrx_word' id='word_1_415' title='bbox 1598 889 1818 937; x_wconf 89' lang='lat' dir='ltr'>petitionem</span> <span class='ocrx_word' id='word_1_416' title='bbox 1845 888 2006 934; x_wconf 82' lang='lat' dir='ltr'>alterius,</span> <span class='ocrx_word' id='word_1_417' title='bbox 2036 900 2114 924; x_wconf 92' lang='lat' dir='ltr'>non</span> <span class='ocrx_word' id='word_1_418' title='bbox 2132 888 2283 925; x_wconf 90' lang='lat' dir='ltr'>videtur</span> <span class='ocrx_word' id='word_1_419' title='bbox 2311 901 2393 925; x_wconf 91' lang='lat' dir='ltr'>esse</span> <span class='ocrx_word' id='word_1_420' title='bbox 2414 888 2450 925; x_wconf 89' lang='lat' dir='ltr'>in</span> <span class='ocrx_word' id='word_1_421' title='bbox 2473 878 2583 938; x_wconf 74' lang='lat' dir='ltr'>culpa</span> 
     </span>
     <span class='ocr_line' id='line_1_64' title="bbox 1522 940 2583 990; baseline 0.001 -12"><span class='ocrx_word' id='word_1_422' title='bbox 1522 942 1552 979; x_wconf 88' lang='lat' dir='ltr'>si</span> <span class='ocrx_word' id='word_1_423' title='bbox 1580 942 1660 990; x_wconf 91' lang='lat' dir='ltr'>ipse</span> <span class='ocrx_word' id='word_1_424' title='bbox 1689 942 1948 978; x_wconf 88' lang='lat' dir='ltr'>iuramentum</span> <span class='ocrx_word' id='word_1_425' title='bbox 1978 941 2098 988; x_wconf 85' lang='lat' dir='ltr'>exigat</span> <span class='ocrx_word' id='word_1_426' title='bbox 2117 940 2149 988; x_wconf 70' lang='lat'>²⁸,</span> <span class='ocrx_word' id='word_1_427' title='bbox 2178 941 2259 978; x_wconf 86' lang='lat' dir='ltr'>sive</span> <span class='ocrx_word' id='word_1_428' title='bbox 2288 942 2380 978; x_wconf 88' lang='lat' dir='ltr'>sciat</span> <span class='ocrx_word' id='word_1_429' title='bbox 2400 954 2489 978; x_wconf 89' lang='lat' dir='ltr'>eum</span> <span class='ocrx_word' id='word_1_430' title='bbox 2519 943 2583 979; x_wconf 87' lang='lat' dir='ltr'>fal-</span> 
     </span>
     <span class='ocr_line' id='line_1_65' title="bbox 1522 993 2584 1041; baseline 0.001 -10"><span class='ocrx_word' id='word_1_431' title='bbox 1522 1008 1606 1032; x_wconf 90' lang='lat' dir='ltr'>sum</span> <span class='ocrx_word' id='word_1_432' title='bbox 1636 995 1759 1031; x_wconf 88' lang='lat' dir='ltr'>iurare</span> <span class='ocrx_word' id='word_1_433' title='bbox 1798 995 1878 1031; x_wconf 93' lang='lat' dir='ltr'>sive</span> <span class='ocrx_word' id='word_1_434' title='bbox 1914 1006 2072 1031; x_wconf 89' lang='lat' dir='ltr'>verum:</span> <span class='ocrx_word' id='word_1_435' title='bbox 2103 993 2191 1041; x_wconf 87' lang='lat' dir='ltr'>quia</span> <span class='ocrx_word' id='word_1_436' title='bbox 2228 1006 2307 1030; x_wconf 92' lang='lat' dir='ltr'>non</span> <span class='ocrx_word' id='word_1_437' title='bbox 2334 994 2483 1032; x_wconf 89' lang='lat' dir='ltr'>videtur</span> <span class='ocrx_word' id='word_1_438' title='bbox 2523 996 2584 1032; x_wconf 90' lang='lat' dir='ltr'>ille</span> 
     </span>
     <span class='ocr_line' id='line_1_66' title="bbox 1523 1046 2476 1096; baseline 0.001 -12"><span class='ocrx_word' id='word_1_439' title='bbox 1523 1048 1682 1096; x_wconf 85' lang='lat' dir='ltr'>exigere,</span> <span class='ocrx_word' id='word_1_440' title='bbox 1713 1049 1779 1085; x_wconf 90' lang='lat' dir='ltr'>sed</span> <span class='ocrx_word' id='word_1_441' title='bbox 1809 1048 1868 1084; x_wconf 93' lang='lat' dir='ltr'>ille</span> <span class='ocrx_word' id='word_1_442' title='bbox 1897 1048 1945 1084; x_wconf 92' lang='lat' dir='ltr'>ad</span> <span class='ocrx_word' id='word_1_443' title='bbox 1975 1047 2080 1084; x_wconf 91' lang='lat' dir='ltr'>cuius</span> <span class='ocrx_word' id='word_1_444' title='bbox 2109 1046 2324 1084; x_wconf 87' lang='lat' dir='ltr'>instantiam</span> <span class='ocrx_word' id='word_1_445' title='bbox 2355 1047 2476 1095; x_wconf 88' lang='lat' dir='ltr'>exigit.</span> 
     </span>
    </p>

    <p class='ocr_par' dir='ltr' id='par_1_32' title="bbox 1523 1100 2588 1414">
     <span class='ocr_line' id='line_1_67' title="bbox 1576 1100 2584 1150; baseline 0.001 -13"><span class='ocrx_word' id='word_1_446' title='bbox 1576 1104 1634 1138; x_wconf 86' lang='lat' dir='ltr'>AD</span> <span class='ocrx_word' id='word_1_447' title='bbox 1655 1113 1791 1138; x_wconf 77' lang='lat' dir='ltr'>PRIMUM</span> <span class='ocrx_word' id='word_1_448' title='bbox 1807 1112 1905 1138; x_wconf 81' lang='lat' dir='ltr'>ERoo</span> <span class='ocrx_word' id='word_1_449' title='bbox 1924 1112 2108 1137; x_wconf 76' lang='lat' dir='ltr'>mcENDUM</span> <span class='ocrx_word' id='word_1_450' title='bbox 2124 1101 2228 1149; x_wconf 92' lang='lat' dir='ltr'>quod</span> <span class='ocrx_word' id='word_1_451' title='bbox 2244 1100 2407 1136; x_wconf 93' lang='lat' dir='ltr'>obiectio</span> <span class='ocrx_word' id='word_1_452' title='bbox 2423 1101 2484 1137; x_wconf 90' lang='lat' dir='ltr'>illa</span> <span class='ocrx_word' id='word_1_453' title='bbox 2498 1113 2584 1150; x_wconf 93' lang='lat' dir='ltr'>pro-</span> 
     </span>
     <span class='ocr_line' id='line_1_68' title="bbox 1524 1153 2583 1212; baseline 0 -22"><span class='ocrx_word' id='word_1_454' title='bbox 1524 1154 1621 1191; x_wconf 91' lang='lat' dir='ltr'>cedit</span> <span class='ocrx_word' id='word_1_455' title='bbox 1648 1155 1803 1203; x_wconf 90' lang='lat' dir='ltr'>quando</span> <span class='ocrx_word' id='word_1_456' title='bbox 1838 1166 1908 1203; x_wconf 94' lang='lat' dir='ltr'>pro</span> <span class='ocrx_word' id='word_1_457' title='bbox 1938 1166 1977 1190; x_wconf 92' lang='lat' dir='ltr'>se</span> <span class='ocrx_word' id='word_1_458' title='bbox 2007 1153 2141 1212; x_wconf 81' lang='lat' dir='ltr'>aliquis</span> <span class='ocrx_word' id='word_1_459' title='bbox 2180 1153 2290 1201; x_wconf 86' lang='lat' dir='ltr'>exigit</span> <span class='ocrx_word' id='word_1_460' title='bbox 2317 1153 2583 1191; x_wconf 88' lang='lat' dir='ltr'>iuramentum.</span> 
     </span>
     <span class='ocr_line' id='line_1_69' title="bbox 1523 1206 2584 1255; baseline 0.001 -12"><span class='ocrx_word' id='word_1_461' title='bbox 1523 1208 1571 1243; x_wconf 91' lang='lat' dir='ltr'>Et</span> <span class='ocrx_word' id='word_1_462' title='bbox 1599 1216 1728 1244; x_wconf 89' lang='lat' dir='ltr'>tamen</span> <span class='ocrx_word' id='word_1_463' title='bbox 1757 1220 1835 1244; x_wconf 90' lang='lat' dir='ltr'>non</span> <span class='ocrx_word' id='word_1_464' title='bbox 1864 1219 2016 1255; x_wconf 89' lang='lat' dir='ltr'>semper</span> <span class='ocrx_word' id='word_1_465' title='bbox 2051 1206 2120 1242; x_wconf 90' lang='lat' dir='ltr'>scit</span> <span class='ocrx_word' id='word_1_466' title='bbox 2156 1218 2246 1242; x_wconf 91' lang='lat' dir='ltr'>eum</span> <span class='ocrx_word' id='word_1_467' title='bbox 2275 1207 2397 1243; x_wconf 87' lang='lat' dir='ltr'>iurare</span> <span class='ocrx_word' id='word_1_468' title='bbox 2426 1219 2584 1254; x_wconf 86' lang='lat' dir='ltr'>verum,</span> 
     </span>
     <span class='ocr_line' id='line_1_70' title="bbox 1523 1259 2588 1308; baseline 0.001 -12"><span class='ocrx_word' id='word_1_469' title='bbox 1523 1261 1584 1296; x_wconf 88' lang='lat' dir='ltr'>vel</span> <span class='ocrx_word' id='word_1_470' title='bbox 1613 1261 1767 1297; x_wconf 89' lang='lat' dir='ltr'>falsum:</span> <span class='ocrx_word' id='word_1_471' title='bbox 1799 1261 1865 1297; x_wconf 89' lang='lat' dir='ltr'>sed</span> <span class='ocrx_word' id='word_1_472' title='bbox 1895 1260 2130 1308; x_wconf 88' lang='lat' dir='ltr'>quandoque</span> <span class='ocrx_word' id='word_1_473' title='bbox 2159 1259 2304 1296; x_wconf 91' lang='lat' dir='ltr'>dubitat</span> <span class='ocrx_word' id='word_1_474' title='bbox 2333 1261 2379 1297; x_wconf 92' lang='lat' dir='ltr'>de</span> <span class='ocrx_word' id='word_1_475' title='bbox 2409 1261 2520 1307; x_wconf 85' lang='lat' dir='ltr'>facto,</span> <span class='ocrx_word' id='word_1_476' title='bbox 2551 1269 2588 1297; x_wconf 89' lang='lat' dir='ltr'>et</span> 
     </span>
     <span class='ocr_line' id='line_1_71' title="bbox 1524 1313 2585 1358; baseline 0.001 -9"><span class='ocrx_word' id='word_1_477' title='bbox 1524 1313 1641 1350; x_wconf 90' lang='lat' dir='ltr'>credit</span> <span class='ocrx_word' id='word_1_478' title='bbox 1670 1325 1758 1349; x_wconf 90' lang='lat' dir='ltr'>eum</span> <span class='ocrx_word' id='word_1_479' title='bbox 1787 1325 1923 1349; x_wconf 89' lang='lat' dir='ltr'>verum</span> <span class='ocrx_word' id='word_1_480' title='bbox 1954 1314 2177 1358; x_wconf 87' lang='lat' dir='ltr'>iuraturum,</span> <span class='ocrx_word' id='word_1_481' title='bbox 2208 1321 2244 1350; x_wconf 89' lang='lat' dir='ltr'>et</span> <span class='ocrx_word' id='word_1_482' title='bbox 2272 1320 2361 1350; x_wconf 89' lang='lat' dir='ltr'>tunc</span> <span class='ocrx_word' id='word_1_483' title='bbox 2389 1314 2437 1351; x_wconf 89' lang='lat' dir='ltr'>ad</span> <span class='ocrx_word' id='word_1_484' title='bbox 2466 1314 2585 1351; x_wconf 88' lang='lat' dir='ltr'>maio-</span> 
     </span>
     <span class='ocr_line' id='line_1_72' title="bbox 1523 1366 2332 1414; baseline 0.002 -12"><span class='ocrx_word' id='word_1_485' title='bbox 1523 1378 1603 1402; x_wconf 92' lang='lat' dir='ltr'>rem</span> <span class='ocrx_word' id='word_1_486' title='bbox 1634 1366 1898 1403; x_wconf 89' lang='lat' dir='ltr'>certitudinem</span> <span class='ocrx_word' id='word_1_487' title='bbox 1928 1366 2039 1414; x_wconf 89' lang='lat' dir='ltr'>exigit</span> <span class='ocrx_word' id='word_1_488' title='bbox 2067 1366 2332 1404; x_wconf 87' lang='lat' dir='ltr'>iuramentum.</span> 
     </span>
    </p>

    <p class='ocr_par' dir='ltr' id='par_1_33' title="bbox 1495 1419 2591 1785">
     <span class='ocr_line' id='line_1_73' title="bbox 1576 1419 2587 1468; baseline 0.003 -14"><span class='ocrx_word' id='word_1_489' title='bbox 1576 1421 1635 1454; x_wconf 83' lang='lat' dir='ltr'>AD</span> <span class='ocrx_word' id='word_1_490' title='bbox 1664 1430 1855 1456; x_wconf 79' lang='lat' dir='ltr'>SECUNDUM</span> <span class='ocrx_word' id='word_1_491' title='bbox 1879 1430 2064 1455; x_wconf 85' lang='lat' dir='ltr'>DlCENDUM</span> <span class='ocrx_word' id='word_1_492' title='bbox 2093 1419 2209 1466; x_wconf 90' lang='lat' dir='ltr'>quod,</span> <span class='ocrx_word' id='word_1_493' title='bbox 2231 1419 2326 1456; x_wconf 90' lang='lat' dir='ltr'>sicut</span> <span class='ocrx_word' id='word_1_494' title='bbox 2353 1421 2587 1468; x_wconf 71' lang='lat' dir='ltr'>Alugustinus</span> 
     </span>
     <span class='ocr_line' id='line_1_74' title="bbox 1524 1471 2589 1519; baseline 0.003 -11"><span class='ocrx_word' id='word_1_495' title='bbox 1524 1471 1632 1518; x_wconf 84' lang='lat' dir='ltr'>dicit,</span> <span class='ocrx_word' id='word_1_496' title='bbox 1668 1473 1720 1508; x_wconf 90' lang='lat' dir='ltr'>ad</span> <span class='ocrx_word' id='word_1_497' title='bbox 1749 1472 1984 1508; x_wconf 86' lang='lat' dir='ltr'>Publicolam</span> <span class='ocrx_word' id='word_1_498' title='bbox 2014 1474 2050 1518; x_wconf 72' lang='lat'>*⁷</span> <span class='ocrx_word' id='word_1_499' title='bbox 2080 1472 2252 1519; x_wconf 85' lang='lat' dir='ltr'>quamvis</span> <span class='ocrx_word' id='word_1_500' title='bbox 2285 1473 2424 1510; x_wconf 88' lang='lat' dir='ltr'>dictum</span> <span class='ocrx_word' id='word_1_501' title='bbox 2459 1474 2508 1510; x_wconf 88' lang='lat' dir='ltr'>sit</span> <span class='ocrx_word' id='word_1_502' title='bbox 2542 1486 2589 1511; x_wconf 87' lang='lat' dir='ltr'>ne</span> 
     </span>
     <span class='ocr_line' id='line_1_75' title="bbox 1523 1523 2588 1574; baseline 0.003 -13"><span class='ocrx_word' id='word_1_503' title='bbox 1523 1526 1702 1571; x_wconf 85' lang='lat' dir='ltr'>iuremus,</span> <span class='ocrx_word' id='word_1_504' title='bbox 1732 1537 1925 1574; x_wconf 86' lang='lat' dir='ltr'>nunquam</span> <span class='ocrx_word' id='word_1_505' title='bbox 1955 1523 1967 1549; x_wconf 62' lang='grc' dir='ltr'>ζ</span> <span class='ocrx_word' id='word_1_506' title='bbox 1995 1536 2055 1561; x_wconf 85' lang='lat' dir='ltr'>me</span> <span class='ocrx_word' id='word_1_507' title='bbox 2078 1525 2115 1561; x_wconf 92' lang='lat' dir='ltr'>in</span> <span class='ocrx_word' id='word_1_508' title='bbox 2145 1525 2347 1573; x_wconf 85' lang='lat' dir='ltr'>Scripturis</span> <span class='ocrx_word' id='word_1_509' title='bbox 2373 1527 2511 1563; x_wconf 89' lang='lat' dir='ltr'>sanctis</span> <span class='ocrx_word' id='word_1_510' title='bbox 2539 1527 2588 1564; x_wconf 80' lang='lat' dir='ltr'>le-</span> 
     </span>
     <span class='ocr_line' id='line_1_76' title="bbox 1495 1578 2588 1629; baseline 0.002 -14"><span class='ocrx_word' id='word_1_511' title='bbox 1495 1594 1496 1628; x_wconf 75' lang='grc'>1</span> <span class='ocrx_word' id='word_1_512' title='bbox 1522 1579 1622 1628; x_wconf 81' lang='lat' dir='ltr'>gisse</span> <span class='ocrx_word' id='word_1_513' title='bbox 1641 1579 1796 1615; x_wconf 88' lang='lat' dir='ltr'>memini</span> <span class='ocrx_word' id='word_1_514' title='bbox 1819 1590 1865 1615; x_wconf 88' lang='lat' dir='ltr'>ne</span> <span class='ocrx_word' id='word_1_515' title='bbox 1883 1579 1931 1614; x_wconf 88' lang='lat' dir='ltr'>ab</span> <span class='ocrx_word' id='word_1_516' title='bbox 1950 1578 2076 1626; x_wconf 83' lang='lat' dir='ltr'>aliquo</span> <span class='ocrx_word' id='word_1_517' title='bbox 2097 1578 2322 1615; x_wconf 88' lang='lat' dir='ltr'>iurationem</span> <span class='ocrx_word' id='word_1_518' title='bbox 2346 1580 2588 1629; x_wconf 88' lang='lat' dir='ltr'>accipiamus</span> 
     </span>
     <span class='ocr_line' id='line_1_77' title="bbox 1495 1629 2590 1700; baseline 0.001 -31"><span class='ocrx_word' id='word_1_519' title='bbox 1495 1629 1497 1700; x_wconf 91' lang='grc'>1</span> <span class='ocrx_word' id='word_1_520' title='bbox 1524 1632 1635 1669; x_wconf 92' lang='lat' dir='ltr'>Unde</span> <span class='ocrx_word' id='word_1_521' title='bbox 1654 1631 1714 1667; x_wconf 91' lang='lat' dir='ltr'>ille</span> <span class='ocrx_word' id='word_1_522' title='bbox 1734 1631 1798 1679; x_wconf 92' lang='lat' dir='ltr'>qui</span> <span class='ocrx_word' id='word_1_523' title='bbox 1819 1631 2043 1668; x_wconf 88' lang='lat' dir='ltr'>iurationem</span> <span class='ocrx_word' id='word_1_524' title='bbox 2070 1631 2201 1680; x_wconf 92' lang='lat' dir='ltr'>recipit</span> <span class='ocrx_word' id='word_1_525' title='bbox 2229 1644 2306 1668; x_wconf 91' lang='lat' dir='ltr'>non</span> <span class='ocrx_word' id='word_1_526' title='bbox 2334 1641 2488 1680; x_wconf 89' lang='lat' dir='ltr'>peccat:</span> <span class='ocrx_word' id='word_1_527' title='bbox 2519 1633 2590 1670; x_wconf 86' lang='lat' dir='ltr'>nisi</span> 
     </span>
     <span class='ocr_line' id='line_1_78' title="bbox 1496 1673 2591 1744; baseline 0.002 -22"><span class='ocrx_word' id='word_1_528' title='bbox 1496 1673 1497 1736; x_wconf 95' lang='grc'>1</span> <span class='ocrx_word' id='word_1_529' title='bbox 1525 1685 1620 1722; x_wconf 87' lang='lat' dir='ltr'>forte</span> <span class='ocrx_word' id='word_1_530' title='bbox 1649 1684 1803 1733; x_wconf 89' lang='lat' dir='ltr'>quando</span> <span class='ocrx_word' id='word_1_531' title='bbox 1832 1684 1986 1744; x_wconf 86' lang='lat' dir='ltr'>propria</span> <span class='ocrx_word' id='word_1_532' title='bbox 2015 1692 2150 1733; x_wconf 90' lang='lat' dir='ltr'>sponte</span> <span class='ocrx_word' id='word_1_533' title='bbox 2180 1686 2227 1722; x_wconf 84' lang='lat' dir='ltr'>ad</span> <span class='ocrx_word' id='word_1_534' title='bbox 2257 1685 2462 1724; x_wconf 92' lang='lat' dir='ltr'>iurandum</span> <span class='ocrx_word' id='word_1_535' title='bbox 2491 1686 2591 1734; x_wconf 87' lang='lat' dir='ltr'>cogit</span> 
     </span>
     <span class='ocr_line' id='line_1_79' title="bbox 1496 1727 2375 1785; baseline 0 -11"><span class='ocrx_word' id='word_1_536' title='bbox 1496 1727 1498 1763; x_wconf 81' lang='grc'>1</span> <span class='ocrx_word' id='word_1_537' title='bbox 1526 1750 1614 1775; x_wconf 91' lang='lat' dir='ltr'>eum</span> <span class='ocrx_word' id='word_1_538' title='bbox 1644 1750 1761 1785; x_wconf 90' lang='lat' dir='ltr'>quem</span> <span class='ocrx_word' id='word_1_539' title='bbox 1791 1738 1858 1774; x_wconf 90' lang='lat' dir='ltr'>scit</span> <span class='ocrx_word' id='word_1_540' title='bbox 1886 1738 2023 1774; x_wconf 89' lang='lat' dir='ltr'>falsum</span> <span class='ocrx_word' id='word_1_541' title='bbox 2052 1737 2276 1775; x_wconf 91' lang='lat' dir='ltr'>iuraturum</span> <span class='ocrx_word' id='word_1_542' title='bbox 2373 1750 2375 1752; x_wconf 91' lang='lat'>·</span> 
     </span>
    </p>

    <p class='ocr_par' dir='ltr' id='par_1_34' title="bbox 1498 1791 2594 2371">
     <span class='ocr_line' id='line_1_80' title="bbox 1579 1791 2590 1840; baseline 0.003 -13"><span class='ocrx_word' id='word_1_543' title='bbox 1579 1793 1637 1827; x_wconf 85' lang='lat' dir='ltr'>AD</span> <span class='ocrx_word' id='word_1_544' title='bbox 1665 1802 1826 1827; x_wconf 75' lang='lat' dir='ltr'>TERT1UM</span> <span class='ocrx_word' id='word_1_545' title='bbox 1854 1802 2038 1828; x_wconf 79' lang='lat' dir='ltr'>DtCENDUM</span> <span class='ocrx_word' id='word_1_546' title='bbox 2065 1793 2188 1839; x_wconf 87' lang='lat' dir='ltr'>quod,</span> <span class='ocrx_word' id='word_1_547' title='bbox 2224 1791 2320 1828; x_wconf 92' lang='lat' dir='ltr'>sicut</span> <span class='ocrx_word' id='word_1_548' title='bbox 2357 1793 2590 1840; x_wconf 90' lang='lat' dir='ltr'>Augustinus</span> 
     </span>
     <span class='ocr_line' id='line_1_81' title="bbox 1498 1843 2590 1893; baseline 0.003 -13"><span class='ocrx_word' id='word_1_549' title='bbox 1498 1845 1508 1892; x_wconf 60' lang='lat' dir='ltr'><em>f</em></span> <span class='ocrx_word' id='word_1_550' title='bbox 1527 1844 1615 1881; x_wconf 84' lang='lat' dir='ltr'>dicit</span> <span class='ocrx_word' id='word_1_551' title='bbox 1633 1843 1664 1891; x_wconf 72' lang='lat'>³¹⁸,</span> <span class='ocrx_word' id='word_1_552' title='bbox 1686 1845 1843 1892; x_wconf 85' lang='lat' dir='ltr'>Moyses</span> <span class='ocrx_word' id='word_1_553' title='bbox 1872 1856 1950 1880; x_wconf 91' lang='lat' dir='ltr'>non</span> <span class='ocrx_word' id='word_1_554' title='bbox 1975 1845 2156 1892; x_wconf 83' lang='lat' dir='ltr'>expressit</span> <span class='ocrx_word' id='word_1_555' title='bbox 2183 1844 2221 1880; x_wconf 93' lang='lat' dir='ltr'>in</span> <span class='ocrx_word' id='word_1_556' title='bbox 2239 1845 2433 1893; x_wconf 88' lang='lat' dir='ltr'>praedicta</span> <span class='ocrx_word' id='word_1_557' title='bbox 2461 1855 2590 1883; x_wconf 89' lang='lat' dir='ltr'>aucto-</span> 
     </span>
     <span class='ocr_line' id='line_1_82' title="bbox 1527 1896 2592 1946; baseline 0.004 -13"><span class='ocrx_word' id='word_1_558' title='bbox 1527 1898 1634 1934; x_wconf 88' lang='lat' dir='ltr'>ritate</span> <span class='ocrx_word' id='word_1_559' title='bbox 1667 1897 1726 1933; x_wconf 92' lang='lat' dir='ltr'>cui</span> <span class='ocrx_word' id='word_1_560' title='bbox 1755 1896 1800 1933; x_wconf 91' lang='lat' dir='ltr'>sit</span> <span class='ocrx_word' id='word_1_561' title='bbox 1828 1896 2073 1934; x_wconf 89' lang='lat' dir='ltr'>indicandum</span> <span class='ocrx_word' id='word_1_562' title='bbox 2108 1897 2316 1946; x_wconf 85' lang='lat' dir='ltr'>periurium</span> <span class='ocrx_word' id='word_1_563' title='bbox 2350 1898 2512 1937; x_wconf 83' lang='lat' dir='ltr'>alterius.</span> <span class='ocrx_word' id='word_1_564' title='bbox 2543 1900 2592 1937; x_wconf 90' lang='lat' dir='ltr'>Et</span> 
     </span>
     <span class='ocr_line' id='line_1_83' title="bbox 1527 1949 2595 2001; baseline 0.003 -14"><span class='ocrx_word' id='word_1_565' title='bbox 1527 1951 1614 1988; x_wconf 92' lang='lat' dir='ltr'>ideo</span> <span class='ocrx_word' id='word_1_566' title='bbox 1635 1950 1850 1998; x_wconf 88' lang='lat' dir='ltr'>intelligitur</span> <span class='ocrx_word' id='word_1_567' title='bbox 1870 1949 1973 1998; x_wconf 91' lang='lat' dir='ltr'>quod</span> <span class='ocrx_word' id='word_1_568' title='bbox 1995 1950 2133 1986; x_wconf 87' lang='lat' dir='ltr'>debeat</span> <span class='ocrx_word' id='word_1_569' title='bbox 2160 1950 2316 1988; x_wconf 88' lang='lat' dir='ltr'>indicari</span> <span class='ocrx_word' id='word_1_570' title='bbox 2337 1956 2355 1978; x_wconf 68' lang='grc' dir='ltr'><strong>η</strong></span> <span class='ocrx_word' id='word_1_571' title='bbox 2375 1951 2509 1989; x_wconf 86' lang='lat' dir='ltr'>talibus</span> <span class='ocrx_word' id='word_1_572' title='bbox 2527 1953 2595 2001; x_wconf 84' lang='lat' dir='ltr'>qui</span> 
     </span>
     <span class='ocr_line' id='line_1_84' title="bbox 1500 2002 2593 2060; baseline 0.001 -19.025"><span class='ocrx_word' id='word_1_573' title='bbox 1500 2004 1652 2060; x_wconf 84' lang='lat' dir='ltr'>magis</span> <span class='ocrx_word' id='word_1_574' title='bbox 1674 2009 1834 2051; x_wconf 83' lang='lat' dir='ltr'>possunt</span> <span class='ocrx_word' id='word_1_575' title='bbox 1853 2004 2033 2051; x_wconf 87' lang='lat' dir='ltr'>prodesse</span> <span class='ocrx_word' id='word_1_576' title='bbox 2069 2014 2182 2051; x_wconf 86' lang='lat' dir='ltr'>quam</span> <span class='ocrx_word' id='word_1_577' title='bbox 2212 2005 2339 2041; x_wconf 86' lang='lat' dir='ltr'>obesse</span> <span class='ocrx_word' id='word_1_578' title='bbox 2367 2002 2539 2052; x_wconf 86' lang='lat' dir='ltr'>periuro.</span> <span class='ocrx_word' id='word_1_579' title='bbox 2568 2026 2593 2035; x_wconf 92' lang='lat'>-</span> 
     </span>
     <span class='ocr_line' id='line_1_85' title="bbox 1500 2046 2594 2105; baseline 0.003 -12.082"><span class='ocrx_word' id='word_1_580' title='bbox 1500 2046 1708 2094; x_wconf 71' lang='grc'>181111111181·</span> <span class='ocrx_word' id='word_1_581' title='bbox 1736 2057 1849 2093; x_wconf 90' lang='lat' dir='ltr'>etiarn</span> <span class='ocrx_word' id='word_1_582' title='bbox 1878 2069 1956 2093; x_wconf 92' lang='lat' dir='ltr'>non</span> <span class='ocrx_word' id='word_1_583' title='bbox 1983 2056 2164 2105; x_wconf 90' lang='lat' dir='ltr'>expressit</span> <span class='ocrx_word' id='word_1_584' title='bbox 2189 2069 2266 2104; x_wconf 94' lang='lat' dir='ltr'>quo</span> <span class='ocrx_word' id='word_1_585' title='bbox 2296 2057 2430 2094; x_wconf 91' lang='lat' dir='ltr'>ordine</span> <span class='ocrx_word' id='word_1_586' title='bbox 2456 2058 2594 2096; x_wconf 86' lang='lat' dir='ltr'>debeat</span> 
     </span>
     <span class='ocr_line' id='line_1_86' title="bbox 1500 2092 2592 2150; baseline 0.005 -6"><span class='ocrx_word' id='word_1_587' title='bbox 1500 2092 1770 2150; x_wconf 61' lang='lat' dir='ltr'>{manifestare</span> <span class='ocrx_word' id='word_1_588' title='bbox 1799 2107 1822 2146; x_wconf 66' lang='grc' dir='ltr'>θ.</span> <span class='ocrx_word' id='word_1_589' title='bbox 1853 2110 1902 2146; x_wconf 91' lang='lat' dir='ltr'>Et</span> <span class='ocrx_word' id='word_1_590' title='bbox 1936 2109 2023 2146; x_wconf 91' lang='lat' dir='ltr'>ideo</span> <span class='ocrx_word' id='word_1_591' title='bbox 2060 2109 2212 2146; x_wconf 86' lang='lat' dir='ltr'>videtur</span> <span class='ocrx_word' id='word_1_592' title='bbox 2246 2111 2458 2148; x_wconf 86' lang='lat' dir='ltr'>servandus</span> <span class='ocrx_word' id='word_1_593' title='bbox 2496 2112 2592 2149; x_wconf 92' lang='lat' dir='ltr'>ordo</span> 
     </span>
     <span class='ocr_line' id='line_1_87' title="bbox 1530 2162 2592 2211; baseline 0.003 -11"><span class='ocrx_word' id='word_1_594' title='bbox 1530 2163 1789 2211; x_wconf 84' lang='lat' dir='ltr'>evangelicus,</span> <span class='ocrx_word' id='word_1_595' title='bbox 1821 2162 1850 2199; x_wconf 91' lang='lat' dir='ltr'>si</span> <span class='ocrx_word' id='word_1_596' title='bbox 1883 2162 1929 2199; x_wconf 88' lang='lat' dir='ltr'>sit</span> <span class='ocrx_word' id='word_1_597' title='bbox 1957 2170 2155 2211; x_wconf 90' lang='lat' dir='ltr'>peccatum</span> <span class='ocrx_word' id='word_1_598' title='bbox 2185 2163 2339 2211; x_wconf 89' lang='lat' dir='ltr'>periurii</span> <span class='ocrx_word' id='word_1_599' title='bbox 2378 2165 2592 2203; x_wconf 86' lang='lat' dir='ltr'>occultum:</span> 
     </span>
     <span class='ocr_line' id='line_1_88' title="bbox 1529 2216 2592 2265; baseline 0.003 -12"><span class='ocrx_word' id='word_1_600' title='bbox 1529 2225 1565 2253; x_wconf 92' lang='lat' dir='ltr'>et</span> <span class='ocrx_word' id='word_1_601' title='bbox 1593 2216 1797 2265; x_wconf 89' lang='lat' dir='ltr'>praecipue</span> <span class='ocrx_word' id='word_1_602' title='bbox 1826 2216 1981 2263; x_wconf 92' lang='lat' dir='ltr'>quando</span> <span class='ocrx_word' id='word_1_603' title='bbox 2010 2228 2088 2252; x_wconf 94' lang='lat' dir='ltr'>non</span> <span class='ocrx_word' id='word_1_604' title='bbox 2108 2217 2229 2264; x_wconf 91' lang='lat' dir='ltr'>vergit</span> <span class='ocrx_word' id='word_1_605' title='bbox 2256 2216 2292 2254; x_wconf 90' lang='lat' dir='ltr'>in</span> <span class='ocrx_word' id='word_1_606' title='bbox 2323 2217 2592 2256; x_wconf 89' lang='lat' dir='ltr'>detrimentum</span> 
     </span>
     <span class='ocr_line' id='line_1_89' title="bbox 1529 2268 2592 2317; baseline 0.003 -10"><span class='ocrx_word' id='word_1_607' title='bbox 1529 2270 1691 2317; x_wconf 90' lang='lat' dir='ltr'>alterius</span> <span class='ocrx_word' id='word_1_608' title='bbox 1713 2269 1800 2317; x_wconf 91' lang='lat' dir='ltr'>quia</span> <span class='ocrx_word' id='word_1_609' title='bbox 1821 2268 1858 2305; x_wconf 93' lang='lat' dir='ltr'>in</span> <span class='ocrx_word' id='word_1_610' title='bbox 1878 2269 1941 2305; x_wconf 87' lang='lat' dir='ltr'>tali</span> <span class='ocrx_word' id='word_1_611' title='bbox 1962 2281 2050 2306; x_wconf 89' lang='lat' dir='ltr'>casu</span> <span class='ocrx_word' id='word_1_612' title='bbox 2074 2282 2152 2306; x_wconf 89' lang='lat' dir='ltr'>non</span> <span class='ocrx_word' id='word_1_613' title='bbox 2171 2270 2329 2307; x_wconf 90' lang='lat' dir='ltr'>haberet</span> <span class='ocrx_word' id='word_1_614' title='bbox 2347 2272 2476 2309; x_wconf 89' lang='lat' dir='ltr'>locum</span> <span class='ocrx_word' id='word_1_615' title='bbox 2497 2272 2592 2311; x_wconf 90' lang='lat' dir='ltr'>ordo</span> 
     </span>
     <span class='ocr_line' id='line_1_90' title="bbox 1529 2322 2310 2396; baseline 0 -36"><span class='ocrx_word' id='word_1_616' title='bbox 1529 2322 1781 2370; x_wconf 80' lang='lat' dir='ltr'>evangelicus,</span> <span class='ocrx_word' id='word_1_617' title='bbox 1810 2330 1852 2358; x_wconf 91' lang='lat' dir='ltr'>ut</span> <span class='ocrx_word' id='word_1_618' title='bbox 1849 2334 1994 2396; x_wconf 62' lang='lat' dir='ltr'>*supra</span> <span class='ocrx_word' id='word_1_619' title='bbox 2021 2322 2041 2344; x_wconf 77' lang='lat'>’¹‘</span> <span class='ocrx_word' id='word_1_620' title='bbox 2071 2323 2213 2359; x_wconf 89' lang='lat' dir='ltr'>dictum</span> <span class='ocrx_word' id='word_1_621' title='bbox 2242 2331 2310 2360; x_wconf 90' lang='lat' dir='ltr'>est.</span> 
     </span>
    </p>

    <p class='ocr_par' dir='ltr' id='par_1_35' title="bbox 1503 2374 2644 3010">
     <span class='ocr_line' id='line_1_91' title="bbox 1582 2374 2644 2427; baseline 0.002 -14"><span class='ocrx_word' id='word_1_622' title='bbox 1582 2378 1640 2413; x_wconf 85' lang='lat' dir='ltr'>AD</span> <span class='ocrx_word' id='word_1_623' title='bbox 1661 2374 1869 2418; x_wconf 74' lang='lat' dir='ltr'>QUARTUM*</span> <span class='ocrx_word' id='word_1_624' title='bbox 1889 2387 2073 2413; x_wconf 81' lang='lat' dir='ltr'>DICENDUM</span> <span class='ocrx_word' id='word_1_625' title='bbox 2093 2376 2198 2424; x_wconf 92' lang='lat' dir='ltr'>quod</span> <span class='ocrx_word' id='word_1_626' title='bbox 2218 2376 2303 2414; x_wconf 89' lang='lat' dir='ltr'>licet</span> <span class='ocrx_word' id='word_1_627' title='bbox 2316 2377 2370 2414; x_wconf 92' lang='lat' dir='ltr'>uti</span> <span class='ocrx_word' id='word_1_628' title='bbox 2385 2378 2487 2414; x_wconf 89' lang='lat' dir='ltr'>malo</span> <span class='ocrx_word' id='word_1_629' title='bbox 2506 2390 2644 2427; x_wconf 76' lang='lat' dir='ltr'>pro-tr</span> 
     </span>
     <span class='ocr_line' id='line_1_92' title="bbox 1529 2428 2595 2478; baseline 0.002 -12"><span class='ocrx_word' id='word_1_630' title='bbox 1529 2438 1611 2478; x_wconf 92' lang='lat' dir='ltr'>pter</span> <span class='ocrx_word' id='word_1_631' title='bbox 1631 2430 1790 2474; x_wconf 87' lang='lat' dir='ltr'>bonum,</span> <span class='ocrx_word' id='word_1_632' title='bbox 1812 2428 1907 2465; x_wconf 90' lang='lat' dir='ltr'>sicut</span> <span class='ocrx_word' id='word_1_633' title='bbox 1928 2437 1963 2465; x_wconf 92' lang='lat' dir='ltr'>et</span> <span class='ocrx_word' id='word_1_634' title='bbox 1982 2430 2087 2465; x_wconf 90' lang='lat' dir='ltr'>Deus</span> <span class='ocrx_word' id='word_1_635' title='bbox 2107 2429 2237 2466; x_wconf 86' lang='lat' dir='ltr'>utitur:</span> <span class='ocrx_word' id='word_1_636' title='bbox 2263 2442 2340 2466; x_wconf 91' lang='lat' dir='ltr'>non</span> <span class='ocrx_word' id='word_1_637' title='bbox 2361 2439 2490 2468; x_wconf 87' lang='lat' dir='ltr'>tamen</span> <span class='ocrx_word' id='word_1_638' title='bbox 2510 2431 2595 2468; x_wconf 89' lang='lat' dir='ltr'>licet</span> 
     </span>
     <span class='ocr_line' id='line_1_93' title="bbox 1530 2458 2594 2532; baseline 0.002 -12"><span class='ocrx_word' id='word_1_639' title='bbox 1530 2483 1695 2531; x_wconf 87' lang='lat' dir='ltr'>aliquem</span> <span class='ocrx_word' id='word_1_640' title='bbox 1716 2483 1765 2519; x_wconf 88' lang='lat' dir='ltr'>ad</span> <span class='ocrx_word' id='word_1_641' title='bbox 1782 2458 1929 2518; x_wconf 73' lang='lat' dir='ltr'>&#39;malum</span> <span class='ocrx_word' id='word_1_642' title='bbox 1958 2482 2148 2518; x_wconf 90' lang='lat' dir='ltr'>inducere.</span> <span class='ocrx_word' id='word_1_643' title='bbox 2179 2483 2290 2520; x_wconf 90' lang='lat' dir='ltr'>Unde</span> <span class='ocrx_word' id='word_1_644' title='bbox 2316 2483 2402 2520; x_wconf 90' lang='lat' dir='ltr'>licet</span> <span class='ocrx_word' id='word_1_645' title='bbox 2429 2484 2509 2521; x_wconf 90' lang='lat' dir='ltr'>eius</span> <span class='ocrx_word' id='word_1_646' title='bbox 2529 2485 2594 2532; x_wconf 89' lang='lat' dir='ltr'>qui</span> 
     </span>
     <span class='ocr_line' id='line_1_94' title="bbox 1530 2535 2595 2584; baseline 0.002 -12"><span class='ocrx_word' id='word_1_647' title='bbox 1530 2543 1681 2584; x_wconf 85' lang='lat' dir='ltr'>paratus</span> <span class='ocrx_word' id='word_1_648' title='bbox 1702 2543 1757 2572; x_wconf 89' lang='lat' dir='ltr'>est</span> <span class='ocrx_word' id='word_1_649' title='bbox 1776 2547 1844 2583; x_wconf 89' lang='lat' dir='ltr'>per</span> <span class='ocrx_word' id='word_1_650' title='bbox 1863 2535 1977 2571; x_wconf 81' lang='lat' dir='ltr'>falsos</span> <span class='ocrx_word' id='word_1_651' title='bbox 1997 2535 2117 2571; x_wconf 89' lang='lat' dir='ltr'>deos&#39;</span> <span class='ocrx_word' id='word_1_652' title='bbox 2110 2547 2244 2582; x_wconf 79' lang='lat' dir='ltr'>iurare,</span> <span class='ocrx_word' id='word_1_653' title='bbox 2261 2535 2516 2574; x_wconf 86' lang='lat' dir='ltr'>iuramentum</span> <span class='ocrx_word' id='word_1_654' title='bbox 2538 2550 2595 2574; x_wconf 92' lang='grc'>18-</span> 
     </span>
     <span class='ocr_line' id='line_1_95' title="bbox 1531 2588 2594 2639; baseline 0.003 -14"><span class='ocrx_word' id='word_1_655' title='bbox 1531 2589 1676 2637; x_wconf 84' lang='lat' dir='ltr'>cipere:</span> <span class='ocrx_word' id='word_1_656' title='bbox 1699 2600 1776 2624; x_wconf 92' lang='lat' dir='ltr'>non</span> <span class='ocrx_word' id='word_1_657' title='bbox 1791 2595 1919 2624; x_wconf 90' lang='lat' dir='ltr'>tamen</span> <span class='ocrx_word' id='word_1_658' title='bbox 1936 2588 2020 2623; x_wconf 89' lang='lat' dir='ltr'>licet</span> <span class='ocrx_word' id='word_1_659' title='bbox 2035 2600 2123 2624; x_wconf 89' lang='lat' dir='ltr'>eum</span> <span class='ocrx_word' id='word_1_660' title='bbox 2139 2588 2318 2625; x_wconf 89' lang='lat' dir='ltr'>inducere</span> <span class='ocrx_word' id='word_1_661' title='bbox 2336 2590 2384 2626; x_wconf 87' lang='lat' dir='ltr'>ad</span> <span class='ocrx_word' id='word_1_662' title='bbox 2398 2591 2473 2626; x_wconf 94' lang='lat' dir='ltr'>hoc</span> <span class='ocrx_word' id='word_1_663' title='bbox 2489 2590 2594 2639; x_wconf 91' lang='lat' dir='ltr'>quod</span> 
     </span>
     <span class='ocr_line' id='line_1_96' title="bbox 1531 2640 2596 2690; baseline 0.004 -13"><span class='ocrx_word' id='word_1_664' title='bbox 1531 2654 1599 2690; x_wconf 91' lang='lat' dir='ltr'>per</span> <span class='ocrx_word' id='word_1_665' title='bbox 1620 2642 1733 2677; x_wconf 86' lang='lat' dir='ltr'>falsos</span> <span class='ocrx_word' id='word_1_666' title='bbox 1754 2640 1846 2677; x_wconf 91' lang='lat' dir='ltr'>deos</span> <span class='ocrx_word' id='word_1_667' title='bbox 1866 2640 1971 2676; x_wconf 90' lang='lat' dir='ltr'>iuret.</span> <span class='ocrx_word' id='word_1_668' title='bbox 1989 2661 2012 2667; x_wconf 95' lang='lat'>—</span> <span class='ocrx_word' id='word_1_669' title='bbox 2027 2641 2111 2677; x_wconf 85' lang='lat' dir='ltr'>Alia</span> <span class='ocrx_word' id='word_1_670' title='bbox 2129 2649 2258 2678; x_wconf 85' lang='lat' dir='ltr'>tamen</span> <span class='ocrx_word' id='word_1_671' title='bbox 2279 2642 2371 2679; x_wconf 89' lang='lat' dir='ltr'>ratio</span> <span class='ocrx_word' id='word_1_672' title='bbox 2394 2655 2475 2680; x_wconf 89' lang='lat' dir='ltr'>esse</span> <span class='ocrx_word' id='word_1_673' title='bbox 2490 2644 2596 2681; x_wconf 89' lang='lat' dir='ltr'>vide-</span> 
     </span>
     <span class='ocr_line' id='line_1_97' title="bbox 1530 2693 2596 2743; baseline 0.002 -11"><span class='ocrx_word' id='word_1_674' title='bbox 1530 2695 1642 2732; x_wconf 88' lang='lat' dir='ltr'>turin</span> <span class='ocrx_word' id='word_1_675' title='bbox 1664 2706 1710 2730; x_wconf 90' lang='lat' dir='ltr'>eo</span> <span class='ocrx_word' id='word_1_676' title='bbox 1735 2693 1800 2742; x_wconf 91' lang='lat' dir='ltr'>qui</span> <span class='ocrx_word' id='word_1_677' title='bbox 1819 2705 1887 2742; x_wconf 88' lang='lat' dir='ltr'>per</span> <span class='ocrx_word' id='word_1_678' title='bbox 1905 2706 2040 2730; x_wconf 87' lang='lat' dir='ltr'>verum</span> <span class='ocrx_word' id='word_1_679' title='bbox 2059 2695 2187 2731; x_wconf 91' lang='lat' dir='ltr'>Deum</span> <span class='ocrx_word' id='word_1_680' title='bbox 2208 2695 2343 2732; x_wconf 86' lang='lat' dir='ltr'>falsum</span> <span class='ocrx_word' id='word_1_681' title='bbox 2363 2696 2470 2733; x_wconf 88' lang='lat' dir='ltr'>iurat.</span> <span class='ocrx_word' id='word_1_682' title='bbox 2496 2697 2596 2743; x_wconf 85' lang='lat' dir='ltr'>Quia</span> 
     </span>
     <span class='ocr_line' id='line_1_98' title="bbox 1503 2747 2596 2798; baseline 0.001 -12"><span class='ocrx_word' id='word_1_683' title='bbox 1503 2766 1505 2787; x_wconf 74' lang='lat' dir='ltr'>i</span> <span class='ocrx_word' id='word_1_684' title='bbox 1532 2748 1570 2784; x_wconf 92' lang='lat' dir='ltr'>in</span> <span class='ocrx_word' id='word_1_685' title='bbox 1590 2747 1653 2784; x_wconf 87' lang='lat' dir='ltr'>tali</span> <span class='ocrx_word' id='word_1_686' title='bbox 1673 2747 1886 2783; x_wconf 88' lang='lat' dir='ltr'>iuramento</span> <span class='ocrx_word' id='word_1_687' title='bbox 1903 2747 2008 2783; x_wconf 89' lang='lat' dir='ltr'>deest</span> <span class='ocrx_word' id='word_1_688' title='bbox 2027 2747 2173 2784; x_wconf 90' lang='lat' dir='ltr'>bonum</span> <span class='ocrx_word' id='word_1_689' title='bbox 2193 2748 2295 2794; x_wconf 90' lang='lat' dir='ltr'>fidei,</span> <span class='ocrx_word' id='word_1_690' title='bbox 2312 2761 2389 2798; x_wconf 88' lang='lat' dir='ltr'>qua</span> <span class='ocrx_word' id='word_1_691' title='bbox 2402 2749 2518 2786; x_wconf 90' lang='lat' dir='ltr'>utitur</span> <span class='ocrx_word' id='word_1_692' title='bbox 2533 2750 2596 2787; x_wconf 80' lang='lat' dir='ltr'>ali-</span> 
     </span>
     <span class='ocr_line' id='line_1_99' title="bbox 1504 2800 2596 2850; baseline 0.004 -13"><span class='ocrx_word' id='word_1_693' title='bbox 1504 2831 1506 2850; x_wconf 73' lang='lat'><em>÷</em></span> <span class='ocrx_word' id='word_1_694' title='bbox 1533 2800 1615 2850; x_wconf 91' lang='lat' dir='ltr'>quis</span> <span class='ocrx_word' id='word_1_695' title='bbox 1635 2800 1673 2837; x_wconf 92' lang='lat' dir='ltr'>in</span> <span class='ocrx_word' id='word_1_696' title='bbox 1692 2800 1904 2836; x_wconf 86' lang='lat' dir='ltr'>iuramento</span> <span class='ocrx_word' id='word_1_697' title='bbox 1925 2800 2021 2836; x_wconf 88' lang='lat' dir='ltr'>illius</span> <span class='ocrx_word' id='word_1_698' title='bbox 2042 2800 2104 2849; x_wconf 89' lang='lat' dir='ltr'>qui</span> <span class='ocrx_word' id='word_1_699' title='bbox 2122 2813 2258 2838; x_wconf 90' lang='lat' dir='ltr'>verum</span> <span class='ocrx_word' id='word_1_700' title='bbox 2278 2814 2347 2850; x_wconf 91' lang='lat' dir='ltr'>per</span> <span class='ocrx_word' id='word_1_701' title='bbox 2367 2802 2482 2840; x_wconf 89' lang='lat' dir='ltr'>falsos</span> <span class='ocrx_word' id='word_1_702' title='bbox 2501 2802 2596 2843; x_wconf 84' lang='lat' dir='ltr'>deos</span> 
     </span>
     <span class='ocr_line' id='line_1_100' title="bbox 1505 2851 2596 2900; baseline 0.005 -11"><span class='ocrx_word' id='word_1_703' title='bbox 1505 2851 1507 2886; x_wconf 78' lang='grc' dir='ltr'><strong>ἶ</strong></span> <span class='ocrx_word' id='word_1_704' title='bbox 1533 2855 1641 2900; x_wconf 87' lang='lat' dir='ltr'>iurat,</span> <span class='ocrx_word' id='word_1_705' title='bbox 1658 2861 1698 2889; x_wconf 91' lang='lat' dir='ltr'>ut</span> <span class='ocrx_word' id='word_1_706' title='bbox 1717 2853 1949 2900; x_wconf 88' lang='lat' dir='ltr'>Augustinus</span> <span class='ocrx_word' id='word_1_707' title='bbox 1974 2853 2073 2899; x_wconf 89' lang='lat' dir='ltr'>dicit,</span> <span class='ocrx_word' id='word_1_708' title='bbox 2090 2854 2141 2890; x_wconf 85' lang='lat' dir='ltr'>ad</span> <span class='ocrx_word' id='word_1_709' title='bbox 2158 2854 2402 2892; x_wconf 84' lang='lat' dir='ltr'>Publicolam.</span> <span class='ocrx_word' id='word_1_710' title='bbox 2427 2856 2540 2893; x_wconf 85' lang='lat' dir='ltr'>Unde</span> <span class='ocrx_word' id='word_1_711' title='bbox 2557 2857 2596 2894; x_wconf 90' lang='lat' dir='ltr'>in</span> 
     </span>
     <span class='ocr_line' id='line_1_101' title="bbox 1533 2906 2596 2957; baseline 0.003 -14"><span class='ocrx_word' id='word_1_712' title='bbox 1533 2907 1746 2944; x_wconf 89' lang='lat' dir='ltr'>iuramento</span> <span class='ocrx_word' id='word_1_713' title='bbox 1763 2906 1840 2943; x_wconf 87' lang='lat' dir='ltr'>eius</span> <span class='ocrx_word' id='word_1_714' title='bbox 1861 2906 1925 2954; x_wconf 91' lang='lat' dir='ltr'>qui</span> <span class='ocrx_word' id='word_1_715' title='bbox 1945 2906 2080 2943; x_wconf 88' lang='lat' dir='ltr'>falsum</span> <span class='ocrx_word' id='word_1_716' title='bbox 2097 2919 2166 2955; x_wconf 91' lang='lat' dir='ltr'>per</span> <span class='ocrx_word' id='word_1_717' title='bbox 2184 2920 2320 2945; x_wconf 90' lang='lat' dir='ltr'>verum</span> <span class='ocrx_word' id='word_1_718' title='bbox 2340 2909 2468 2946; x_wconf 88' lang='lat' dir='ltr'>Deum</span> <span class='ocrx_word' id='word_1_719' title='bbox 2488 2909 2596 2957; x_wconf 88' lang='lat' dir='ltr'>iurat,</span> 
     </span>
     <span class='ocr_line' id='line_1_102' title="bbox 1535 2957 2596 3010; baseline 0.003 -13"><span class='ocrx_word' id='word_1_720' title='bbox 1535 2972 1613 2997; x_wconf 89' lang='lat' dir='ltr'>non</span> <span class='ocrx_word' id='word_1_721' title='bbox 1644 2959 1793 2996; x_wconf 89' lang='lat' dir='ltr'>videtur</span> <span class='ocrx_word' id='word_1_722' title='bbox 1821 2971 1903 2996; x_wconf 89' lang='lat' dir='ltr'>esse</span> <span class='ocrx_word' id='word_1_723' title='bbox 1932 2959 2086 3008; x_wconf 89' lang='lat' dir='ltr'>aliquod</span> <span class='ocrx_word' id='word_1_724' title='bbox 2115 2961 2261 2998; x_wconf 89' lang='lat' dir='ltr'>bonum</span> <span class='ocrx_word' id='word_1_725' title='bbox 2291 2957 2368 3010; x_wconf 87' lang='lat' dir='ltr'>quo</span> <span class='ocrx_word' id='word_1_726' title='bbox 2395 2962 2449 2999; x_wconf 90' lang='lat' dir='ltr'>uti</span> <span class='ocrx_word' id='word_1_727' title='bbox 2476 2962 2596 3000; x_wconf 82' lang='lat' dir='ltr'>liceat.</span> 
     </span>
    </p>
   </div>
   <div class='ocr_carea' id='block_1_30' title="bbox 1109 3036 1694 3045">
    <p class='ocr_par' dir='ltr' id='par_1_36' title="bbox 1109 3036 1694 3045">
     <span class='ocr_line' id='line_1_103' title="bbox 1109 3036 1694 3045; baseline 0 0"><span class='ocrx_word' id='word_1_728' title='bbox 1109 3036 1694 3045; x_wconf 95' lang='lat' dir='ltr'> </span> 
     </span>
    </p>
   </div>
   <div class='ocr_carea' id='block_1_31' title="bbox 422 3074 1482 3248">
    <p class='ocr_par' dir='ltr' id='par_1_37' title="bbox 422 3074 1482 3178">
     <span class='ocr_line' id='line_1_104' title="bbox 475 3074 1482 3108; baseline 0 -9"><span class='ocrx_word' id='word_1_729' title='bbox 475 3076 500 3105; x_wconf 79' lang='grc' dir='ltr'>α)</span> <span class='ocrx_word' id='word_1_730' title='bbox 522 3076 708 3099; x_wconf 83' lang='lat' dir='ltr'>iuramentum.</span> <span class='ocrx_word' id='word_1_731' title='bbox 726 3088 745 3092; x_wconf 98' lang='lat'><em>-</em></span> <span class='ocrx_word' id='word_1_732' title='bbox 763 3075 824 3098; x_wconf 86' lang='lat' dir='ltr'>Post</span> <span class='ocrx_word' id='word_1_733' title='bbox 843 3077 882 3098; x_wconf 88' lang='lat' dir='ltr'>est</span> <span class='ocrx_word' id='word_1_734' title='bbox 901 3080 1000 3107; x_wconf 89' lang='lat' dir='ltr'>ponunt</span> <span class='ocrx_word' id='word_1_735' title='bbox 1019 3074 1065 3105; x_wconf 89' lang='lat' dir='ltr'>IL,</span> <span class='ocrx_word' id='word_1_736' title='bbox 1085 3080 1145 3107; x_wconf 86' lang='lat' dir='ltr'>post</span> <span class='ocrx_word' id='word_1_737' title='bbox 1163 3075 1283 3106; x_wconf 81' lang='lat' dir='ltr'>accipere</span> <span class='ocrx_word' id='word_1_738' title='bbox 1302 3075 1330 3105; x_wconf 78' lang='lat' dir='ltr'>P,</span> <span class='ocrx_word' id='word_1_739' title='bbox 1350 3081 1409 3108; x_wconf 84' lang='lat' dir='ltr'>post</span> <span class='ocrx_word' id='word_1_740' title='bbox 1431 3075 1482 3100; x_wconf 85' lang='lat' dir='ltr'>ali-</span> 
     </span>
     <span class='ocr_line' id='line_1_105' title="bbox 422 3111 762 3178; baseline -0.009 -8"><span class='ocrx_word' id='word_1_741' title='bbox 422 3111 589 3178; x_wconf 47' lang='lat' dir='ltr'>quossi).eo.—</span> <span class='ocrx_word' id='word_1_742' title='bbox 608 3144 697 3176; x_wconf 81' lang='lat' dir='ltr'>aliquo</span> <span class='ocrx_word' id='word_1_743' title='bbox 717 3144 762 3168; x_wconf 85' lang='lat' dir='ltr'>Pa.</span> 
     </span>
    </p>

    <p class='ocr_par' dir='ltr' id='par_1_38' title="bbox 475 3179 1025 3213">
     <span class='ocr_line' id='line_1_106' title="bbox 475 3179 1025 3213; baseline -0.002 -9"><span class='ocrx_word' id='word_1_744' title='bbox 475 3182 501 3213; x_wconf 89' lang='grc' dir='ltr'>γ)</span> <span class='ocrx_word' id='word_1_745' title='bbox 523 3180 602 3204; x_wconf 84' lang='lat' dir='ltr'>Sed...</span> <span class='ocrx_word' id='word_1_746' title='bbox 622 3180 733 3203; x_wconf 83' lang='lat' dir='ltr'>iurat.—</span> <span class='ocrx_word' id='word_1_747' title='bbox 752 3179 812 3203; x_wconf 88' lang='lat' dir='ltr'>Om.</span> <span class='ocrx_word' id='word_1_748' title='bbox 831 3179 937 3210; x_wconf 81' lang='lat' dir='ltr'>PELpK</span> <span class='ocrx_word' id='word_1_749' title='bbox 958 3185 982 3203; x_wconf 90' lang='lat' dir='ltr'>et</span> <span class='ocrx_word' id='word_1_750' title='bbox 1000 3187 1025 3204; x_wconf 89' lang='grc' dir='ltr'>α.</span> 
     </span>
    </p>

    <p class='ocr_par' dir='ltr' id='par_1_39' title="bbox 477 3214 924 3248">
     <span class='ocr_line' id='line_1_107' title="bbox 477 3214 924 3248; baseline -0.002 -9"><span class='ocrx_word' id='word_1_751' title='bbox 477 3215 501 3248; x_wconf 78' lang='grc' dir='ltr'>ὃ)</span> <span class='ocrx_word' id='word_1_752' title='bbox 522 3216 630 3240; x_wconf 86' lang='lat' dir='ltr'>malum.</span> <span class='ocrx_word' id='word_1_753' title='bbox 643 3229 662 3233; x_wconf 83' lang='lat'>-</span> <span class='ocrx_word' id='word_1_754' title='bbox 681 3214 858 3238; x_wconf 79' lang='lat' dir='ltr'>iuramentum</span> <span class='ocrx_word' id='word_1_755' title='bbox 879 3214 924 3238; x_wconf 86' lang='lat' dir='ltr'>Pa.</span> 
     </span>
    </p>
   </div>
   <div class='ocr_carea' id='block_1_32' title="bbox 1588 3073 2295 3213">
    <p class='ocr_par' dir='ltr' id='par_1_40' title="bbox 1588 3073 2295 3142">
     <span class='ocr_line' id='line_1_108' title="bbox 1589 3073 2295 3108; baseline 0.001 -9"><span class='ocrx_word' id='word_1_756' title='bbox 1589 3074 1611 3106; x_wconf 87' lang='grc' dir='ltr'>ε)</span> <span class='ocrx_word' id='word_1_757' title='bbox 1631 3074 1736 3107; x_wconf 81' lang='lat' dir='ltr'>aliquis.</span> <span class='ocrx_word' id='word_1_758' title='bbox 1748 3087 1767 3093; x_wconf 97' lang='lat'><em>-</em></span> <span class='ocrx_word' id='word_1_759' title='bbox 1785 3074 1870 3098; x_wconf 83' lang='lat' dir='ltr'>iudex</span> <span class='ocrx_word' id='word_1_760' title='bbox 1889 3073 1920 3104; x_wconf 86' lang='lat' dir='ltr'>G,</span> <span class='ocrx_word' id='word_1_761' title='bbox 1939 3073 2037 3106; x_wconf 76' lang='lat' dir='ltr'>aliquis</span> <span class='ocrx_word' id='word_1_762' title='bbox 2056 3074 2141 3099; x_wconf 83' lang='lat' dir='ltr'>iudex</span> <span class='ocrx_word' id='word_1_763' title='bbox 2152 3075 2246 3108; x_wconf 77' lang='lat' dir='ltr'>factus</span> <span class='ocrx_word' id='word_1_764' title='bbox 2264 3075 2295 3100; x_wconf 95' lang='lat' dir='ltr'>D.</span> 
     </span>
     <span class='ocr_line' id='line_1_109' title="bbox 1588 3109 2050 3142; baseline -0.002 -8"><span class='ocrx_word' id='word_1_765' title='bbox 1588 3109 1613 3142; x_wconf 83' lang='grc' dir='ltr'>ζ)</span> <span class='ocrx_word' id='word_1_766' title='bbox 1634 3114 1777 3142; x_wconf 82' lang='lat' dir='ltr'>nunquam.</span> <span class='ocrx_word' id='word_1_767' title='bbox 1791 3123 1809 3128; x_wconf 91' lang='lat'><em>-</em></span> <span class='ocrx_word' id='word_1_768' title='bbox 1827 3112 1915 3134; x_wconf 82' lang='lat' dir='ltr'>tamen</span> <span class='ocrx_word' id='word_1_769' title='bbox 1935 3109 2004 3134; x_wconf 79' lang='lat' dir='ltr'>addit</span> <span class='ocrx_word' id='word_1_770' title='bbox 2021 3109 2050 3134; x_wconf 87' lang='lat' dir='ltr'>P.</span> 
     </span>
    </p>

    <p class='ocr_par' dir='ltr' id='par_1_41' title="bbox 1588 3144 2262 3213">
     <span class='ocr_line' id='line_1_110' title="bbox 1588 3144 2262 3176; baseline 0.003 -7"><span class='ocrx_word' id='word_1_771' title='bbox 1588 3146 1615 3176; x_wconf 91' lang='grc' dir='ltr'>η)</span> <span class='ocrx_word' id='word_1_772' title='bbox 1636 3145 1759 3170; x_wconf 82' lang='lat' dir='ltr'>indicari.</span> <span class='ocrx_word' id='word_1_773' title='bbox 1771 3158 1790 3163; x_wconf 93' lang='lat'><em>-</em></span> <span class='ocrx_word' id='word_1_774' title='bbox 1809 3144 1928 3170; x_wconf 82' lang='lat' dir='ltr'>indicare</span> <span class='ocrx_word' id='word_1_775' title='bbox 1947 3144 2047 3174; x_wconf 83' lang='lat' dir='ltr'>BCDH,</span> <span class='ocrx_word' id='word_1_776' title='bbox 2067 3145 2213 3170; x_wconf 77' lang='lat' dir='ltr'>indicarem</span> <span class='ocrx_word' id='word_1_777' title='bbox 2233 3145 2262 3171; x_wconf 88' lang='lat' dir='ltr'>F.</span> 
     </span>
     <span class='ocr_line' id='line_1_111' title="bbox 1589 3178 2079 3213; baseline 0.002 -10"><span class='ocrx_word' id='word_1_778' title='bbox 1589 3178 1614 3212; x_wconf 79' lang='grc' dir='ltr'>θ)</span> <span class='ocrx_word' id='word_1_779' title='bbox 1635 3180 1814 3213; x_wconf 80' lang='lat' dir='ltr'>manifestare.</span> <span class='ocrx_word' id='word_1_780' title='bbox 1826 3194 1845 3198; x_wconf 97' lang='lat'><em>-</em></span> <span class='ocrx_word' id='word_1_781' title='bbox 1863 3180 2032 3213; x_wconf 79' lang='lat' dir='ltr'>manifestari</span> <span class='ocrx_word' id='word_1_782' title='bbox 2051 3180 2079 3204; x_wconf 88' lang='lat' dir='ltr'>P.</span> 
     </span>
    </p>
   </div>
   <div class='ocr_carea' id='block_1_33' title="bbox 1092 3252 1919 3317">
    <p class='ocr_par' dir='ltr' id='par_1_42' title="bbox 1092 3252 1919 3317">
     <span class='ocr_line' id='line_1_112' title="bbox 1092 3252 1919 3317; baseline 0.001 -2"><span class='ocrx_word' id='word_1_783' title='bbox 1092 3283 1424 3316; x_wconf 59' lang='lat' dir='ltr'>Commentariun</span> <span class='ocrx_word' id='word_1_784' title='bbox 1445 3252 1695 3316; x_wconf 66' lang='lat' dir='ltr'>Cardjxialis</span> <span class='ocrx_word' id='word_1_785' title='bbox 1717 3284 1919 3317; x_wconf 76' lang='lat' dir='ltr'>Caietani</span> 
     </span>
    </p>
   </div>
   <div class='ocr_carea' id='block_1_34' title="bbox 429 3361 1486 3579">
    <p class='ocr_par' dir='ltr' id='par_1_43' title="bbox 429 3361 1486 3579">
     <span class='ocr_line' id='line_1_113' title="bbox 457 3361 1486 3403; baseline -0.002 -9"><span class='ocrx_word' id='word_1_786' title='bbox 457 3374 476 3394; x_wconf 76' lang='lat' dir='ltr'>N</span> <span class='ocrx_word' id='word_1_787' title='bbox 500 3364 632 3394; x_wconf 86' lang='lat' dir='ltr'>articulo</span> <span class='ocrx_word' id='word_1_788' title='bbox 657 3369 779 3403; x_wconf 83' lang='lat' dir='ltr'>quarto,</span> <span class='ocrx_word' id='word_1_789' title='bbox 800 3361 832 3392; x_wconf 89' lang='lat' dir='ltr'>in</span> <span class='ocrx_word' id='word_1_790' title='bbox 849 3361 1055 3401; x_wconf 87' lang='lat' dir='ltr'>responsione</span> <span class='ocrx_word' id='word_1_791' title='bbox 1073 3362 1111 3390; x_wconf 92' lang='lat' dir='ltr'>ad</span> <span class='ocrx_word' id='word_1_792' title='bbox 1129 3368 1288 3401; x_wconf 87' lang='lat' dir='ltr'>quartum,</span> <span class='ocrx_word' id='word_1_793' title='bbox 1306 3369 1381 3392; x_wconf 84' lang='lat' dir='ltr'>nota</span> <span class='ocrx_word' id='word_1_794' title='bbox 1397 3362 1486 3402; x_wconf 89' lang='lat' dir='ltr'>quod</span> 
     </span>
     <span class='ocr_line' id='line_1_114' title="bbox 430 3377 1485 3448; baseline 0 -12"><span class='ocrx_word' id='word_1_795' title='bbox 430 3377 602 3448; x_wconf 83' lang='lat' dir='ltr'>Iquamvis</span> <span class='ocrx_word' id='word_1_796' title='bbox 621 3407 711 3437; x_wconf 87' lang='lat' dir='ltr'>liceat</span> <span class='ocrx_word' id='word_1_797' title='bbox 728 3406 772 3437; x_wconf 91' lang='lat' dir='ltr'>uti</span> <span class='ocrx_word' id='word_1_798' title='bbox 790 3406 968 3436; x_wconf 87' lang='lat' dir='ltr'>iuramento</span> <span class='ocrx_word' id='word_1_799' title='bbox 985 3405 1115 3435; x_wconf 84' lang='lat' dir='ltr'>iurantis</span> <span class='ocrx_word' id='word_1_800' title='bbox 1135 3415 1190 3445; x_wconf 87' lang='lat' dir='ltr'>per</span> <span class='ocrx_word' id='word_1_801' title='bbox 1206 3405 1300 3436; x_wconf 86' lang='lat' dir='ltr'>falsos</span> <span class='ocrx_word' id='word_1_802' title='bbox 1317 3406 1403 3442; x_wconf 90' lang='lat' dir='ltr'>deos,</span> <span class='ocrx_word' id='word_1_803' title='bbox 1419 3416 1485 3436; x_wconf 90' lang='lat' dir='ltr'>non</span> 
     </span>
     <span class='ocr_line' id='line_1_115' title="bbox 429 3449 1486 3490; baseline -0.003 -8"><span class='ocrx_word' id='word_1_804' title='bbox 429 3459 534 3482; x_wconf 84' lang='lat' dir='ltr'>tamen</span> <span class='ocrx_word' id='word_1_805' title='bbox 557 3452 629 3482; x_wconf 86' lang='lat' dir='ltr'>licet</span> <span class='ocrx_word' id='word_1_806' title='bbox 643 3451 790 3481; x_wconf 87' lang='lat' dir='ltr'>inducere</span> <span class='ocrx_word' id='word_1_807' title='bbox 806 3450 899 3480; x_wconf 88' lang='lat' dir='ltr'>etiam</span> <span class='ocrx_word' id='word_1_808' title='bbox 916 3456 1062 3490; x_wconf 83' lang='lat' dir='ltr'>paratum</span> <span class='ocrx_word' id='word_1_809' title='bbox 1078 3449 1116 3479; x_wconf 84' lang='lat' dir='ltr'>ad</span> <span class='ocrx_word' id='word_1_810' title='bbox 1132 3449 1302 3480; x_wconf 86' lang='lat' dir='ltr'>iurandum</span> <span class='ocrx_word' id='word_1_811' title='bbox 1319 3459 1374 3490; x_wconf 90' lang='lat' dir='ltr'>per</span> <span class='ocrx_word' id='word_1_812' title='bbox 1391 3449 1486 3480; x_wconf 83' lang='lat' dir='ltr'>falsos</span> 
     </span>
     <span class='ocr_line' id='line_1_116' title="bbox 429 3493 1485 3534; baseline -0.003 -8"><span class='ocrx_word' id='word_1_813' title='bbox 429 3496 514 3526; x_wconf 89' lang='lat' dir='ltr'>deos.</span> <span class='ocrx_word' id='word_1_814' title='bbox 546 3496 586 3526; x_wconf 90' lang='lat' dir='ltr'>Et</span> <span class='ocrx_word' id='word_1_815' title='bbox 608 3495 693 3525; x_wconf 90' lang='lat' dir='ltr'>idem</span> <span class='ocrx_word' id='word_1_816' title='bbox 720 3502 766 3525; x_wconf 87' lang='lat' dir='ltr'>est</span> <span class='ocrx_word' id='word_1_817' title='bbox 788 3494 942 3525; x_wconf 88' lang='lat' dir='ltr'>iudicium</span> <span class='ocrx_word' id='word_1_818' title='bbox 967 3494 1004 3525; x_wconf 85' lang='lat' dir='ltr'>de</span> <span class='ocrx_word' id='word_1_819' title='bbox 1028 3503 1234 3534; x_wconf 89' lang='lat' dir='ltr'>quocumque</span> <span class='ocrx_word' id='word_1_820' title='bbox 1258 3494 1319 3524; x_wconf 85' lang='lat' dir='ltr'>alio</span> <span class='ocrx_word' id='word_1_821' title='bbox 1340 3493 1485 3524; x_wconf 87' lang='lat' dir='ltr'>crimine:</span> 
     </span>
     <span class='ocr_line' id='line_1_117' title="bbox 429 3538 1485 3579; baseline -0.001 -10"><span class='ocrx_word' id='word_1_822' title='bbox 429 3540 570 3570; x_wconf 86' lang='lat' dir='ltr'>videlicet</span> <span class='ocrx_word' id='word_1_823' title='bbox 585 3540 673 3579; x_wconf 91' lang='lat' dir='ltr'>quod</span> <span class='ocrx_word' id='word_1_824' title='bbox 689 3549 753 3568; x_wconf 90' lang='lat' dir='ltr'>non</span> <span class='ocrx_word' id='word_1_825' title='bbox 770 3539 840 3569; x_wconf 90' lang='lat' dir='ltr'>licet</span> <span class='ocrx_word' id='word_1_826' title='bbox 856 3538 1004 3579; x_wconf 84' lang='lat' dir='ltr'>aliquem,</span> <span class='ocrx_word' id='word_1_827' title='bbox 1019 3545 1315 3578; x_wconf 87' lang='lat' dir='ltr'>quantumcumque</span> <span class='ocrx_word' id='word_1_828' title='bbox 1330 3545 1485 3578; x_wconf 83' lang='lat' dir='ltr'>paratum,</span> 
     </span>
    </p>
   </div>
   <div class='ocr_carea' id='block_1_35' title="bbox 1512 3362 2601 3534">
    <p class='ocr_par' dir='ltr' id='par_1_44' title="bbox 1512 3362 2601 3534">
     <span class='ocr_line' id='line_1_118' title="bbox 1540 3362 2601 3402; baseline 0 -10"><span class='ocrx_word' id='word_1_829' title='bbox 1540 3362 1579 3392; x_wconf 84' lang='lat' dir='ltr'>ad</span> <span class='ocrx_word' id='word_1_830' title='bbox 1599 3362 1715 3392; x_wconf 89' lang='lat' dir='ltr'>crimen</span> <span class='ocrx_word' id='word_1_831' title='bbox 1740 3372 1912 3402; x_wconf 85' lang='lat' dir='ltr'>provocare</span> <span class='ocrx_word' id='word_1_832' title='bbox 1929 3369 1984 3393; x_wconf 80' lang='lat' dir='ltr'>aut</span> <span class='ocrx_word' id='word_1_833' title='bbox 1998 3363 2127 3394; x_wconf 82' lang='lat' dir='ltr'>incitare</span> <span class='ocrx_word' id='word_1_834' title='bbox 2142 3364 2181 3394; x_wconf 82' lang='lat' dir='ltr'>ad</span> <span class='ocrx_word' id='word_1_835' title='bbox 2196 3364 2286 3396; x_wconf 87' lang='lat' dir='ltr'>illud.</span> <span class='ocrx_word' id='word_1_836' title='bbox 2310 3364 2352 3395; x_wconf 89' lang='lat' dir='ltr'>Et</span> <span class='ocrx_word' id='word_1_837' title='bbox 2374 3363 2521 3394; x_wconf 86' lang='lat' dir='ltr'>omnium</span> <span class='ocrx_word' id='word_1_838' title='bbox 2537 3372 2601 3393; x_wconf 80' lang='lat' dir='ltr'>una</span> 
     </span>
     <span class='ocr_line' id='line_1_119' title="bbox 1541 3406 2600 3449; baseline 0.001 -13"><span class='ocrx_word' id='word_1_839' title='bbox 1541 3413 1586 3436; x_wconf 92' lang='lat' dir='ltr'>est</span> <span class='ocrx_word' id='word_1_840' title='bbox 1610 3406 1790 3436; x_wconf 87' lang='lat' dir='ltr'>communis</span> <span class='ocrx_word' id='word_1_841' title='bbox 1814 3406 1910 3437; x_wconf 82' lang='lat' dir='ltr'>ratio:</span> <span class='ocrx_word' id='word_1_842' title='bbox 1936 3407 2011 3447; x_wconf 79' lang='lat' dir='ltr'>quia</span> <span class='ocrx_word' id='word_1_843' title='bbox 2034 3408 2128 3449; x_wconf 78' lang='lat' dir='ltr'>digni</span> <span class='ocrx_word' id='word_1_844' title='bbox 2141 3413 2217 3439; x_wconf 80' lang='lat' dir='ltr'>sunt</span> <span class='ocrx_word' id='word_1_845' title='bbox 2231 3413 2334 3439; x_wconf 84' lang='lat' dir='ltr'>morte</span> <span class='ocrx_word' id='word_1_846' title='bbox 2348 3417 2410 3438; x_wconf 85' lang='lat' dir='ltr'>non</span> <span class='ocrx_word' id='word_1_847' title='bbox 2426 3408 2529 3438; x_wconf 84' lang='lat' dir='ltr'>solum</span> <span class='ocrx_word' id='word_1_848' title='bbox 2545 3408 2600 3447; x_wconf 85' lang='lat' dir='ltr'>qui</span> 
     </span>
     <span class='ocr_line' id='line_1_120' title="bbox 1512 3450 2492 3497; baseline 0.002 -17"><span class='ocrx_word' id='word_1_849' title='bbox 1512 3482 1514 3497; x_wconf 33' lang='grc'>1</span> <span class='ocrx_word' id='word_1_850' title='bbox 1531 3450 1665 3490; x_wconf 85' lang='lat' dir='ltr'>faciunt</span> <span class='ocrx_word' id='word_1_851' title='bbox 1687 3451 1785 3488; x_wconf 89' lang='lat' dir='ltr'>mala,</span> <span class='ocrx_word' id='word_1_852' title='bbox 1808 3451 1864 3481; x_wconf 90' lang='lat' dir='ltr'>sed</span> <span class='ocrx_word' id='word_1_853' title='bbox 1887 3452 1982 3481; x_wconf 87' lang='lat' dir='ltr'>etiam</span> <span class='ocrx_word' id='word_1_854' title='bbox 2007 3453 2062 3492; x_wconf 85' lang='lat' dir='ltr'>qui</span> <span class='ocrx_word' id='word_1_855' title='bbox 2080 3453 2280 3483; x_wconf 81' lang='lat' dir='ltr'>consentiunt</span> <span class='ocrx_word' id='word_1_856' title='bbox 2294 3451 2492 3492; x_wconf 75' lang='lat' dir='ltr'>facientibus</span> 
     </span>
     <span class='ocr_line' id='line_1_121' title="bbox 1539 3494 2433 3534; baseline 0.001 -10"><span class='ocrx_word' id='word_1_857' title='bbox 1539 3494 1624 3524; x_wconf 88' lang='lat' dir='ltr'>idem</span> <span class='ocrx_word' id='word_1_858' title='bbox 1649 3501 1694 3525; x_wconf 89' lang='lat' dir='ltr'>est</span> <span class='ocrx_word' id='word_1_859' title='bbox 1717 3495 1755 3525; x_wconf 90' lang='lat' dir='ltr'>de</span> <span class='ocrx_word' id='word_1_860' title='bbox 1779 3495 2039 3534; x_wconf 86' lang='lat' dir='ltr'>cooperatoribus</span> <span class='ocrx_word' id='word_1_861' title='bbox 2063 3496 2102 3526; x_wconf 81' lang='lat' dir='ltr'>ad</span> <span class='ocrx_word' id='word_1_862' title='bbox 2125 3496 2248 3527; x_wconf 85' lang='lat' dir='ltr'>malum</span> <span class='ocrx_word' id='word_1_863' title='bbox 2270 3495 2433 3526; x_wconf 87' lang='lat' dir='ltr'>iudicium.</span> 
     </span>
    </p>
   </div>
   <div class='ocr_carea' id='block_1_36' title="bbox 2506 3450 2600 3481">
    <p class='ocr_par' dir='ltr' id='par_1_45' title="bbox 2506 3450 2600 3481">
     <span class='ocr_line' id='line_1_122' title="bbox 2506 3450 2600 3481; baseline 0 0"><span class='ocrx_word' id='word_1_864' title='bbox 2506 3450 2600 3481; x_wconf 81' lang='lat' dir='ltr'>*.Et</span> 
     </span>
    </p>
   </div>
   <div class='ocr_carea' id='block_1_37' title="bbox 1502 2509 1516 3574">
    <p class='ocr_par' dir='ltr' id='par_1_46' title="bbox 1502 2509 1516 3574">
     <span class='ocr_line' id='line_1_123' title="bbox 1502 2509 1516 3574; baseline 0 0"><span class='ocrx_word' id='word_1_865' title='bbox 1502 2509 1516 3574; x_wconf 95' lang='lat' dir='ltr'> </span> 
     </span>
    </p>
   </div>
   <div class='ocr_carea' id='block_1_38' title="bbox 2610 949 2733 971">
    <p class='ocr_par' dir='ltr' id='par_1_47' title="bbox 2610 949 2733 971">
     <span class='ocr_line' id='line_1_124' title="bbox 2610 949 2733 971; baseline -0.01 0.255"><span class='ocrx_word' id='word_1_866' title='bbox 2610 949 2664 971; x_wconf 84' lang='lat' dir='ltr'>·D.</span> <span class='ocrx_word' id='word_1_867' title='bbox 2678 949 2733 971; x_wconf 80' lang='lat'><strong>800.</strong></span> 
     </span>
    </p>
   </div>
   <div class='ocr_carea' id='block_1_39' title="bbox 2615 1482 2828 1533">
    <p class='ocr_par' dir='ltr' id='par_1_48' title="bbox 2615 1482 2828 1533">
     <span class='ocr_line' id='line_1_125' title="bbox 2615 1482 2828 1533; baseline -0.009 -27"><span class='ocrx_word' id='word_1_868' title='bbox 2615 1483 2758 1533; x_wconf 44' lang='grc' dir='ltr'>ἑωίὲιιτς.</span> <span class='ocrx_word' id='word_1_869' title='bbox 2779 1482 2828 1505; x_wconf 79' lang='lat' dir='ltr'>Sed</span> 
     </span>
    </p>
   </div>
   <div class='ocr_carea' id='block_1_40' title="bbox 2618 1852 2829 1907">
    <p class='ocr_par' dir='ltr' id='par_1_49' title="bbox 2618 1852 2829 1907">
     <span class='ocr_line' id='line_1_126' title="bbox 2618 1852 2829 1881; baseline -0.005 -6"><span class='ocrx_word' id='word_1_870' title='bbox 2618 1853 2628 1864; x_wconf 90' lang='grc'>’</span> <span class='ocrx_word' id='word_1_871' title='bbox 2643 1852 2688 1881; x_wconf 84' lang='lat' dir='ltr'>Qq.</span> <span class='ocrx_word' id='word_1_872' title='bbox 2704 1853 2729 1874; x_wconf 69' lang='lat' dir='ltr'>tn</span> <span class='ocrx_word' id='word_1_873' title='bbox 2747 1852 2829 1879; x_wconf 71' lang='lat' dir='ltr'>Lem&#39;e„</span> 
     </span>
     <span class='ocr_line' id='line_1_127' title="bbox 2618 1885 2689 1907; baseline 0 -6"><span class='ocrx_word' id='word_1_874' title='bbox 2618 1885 2658 1907; x_wconf 80' lang='lat' dir='ltr'>qu.</span> <span class='ocrx_word' id='word_1_875' title='bbox 2672 1885 2689 1901; x_wconf 88' lang='grc' dir='ltr'>ι.</span> 
     </span>
    </p>
   </div>
   <div class='ocr_carea' id='block_1_41' title="bbox 2621 2313 2833 2405">
    <p class='ocr_par' dir='ltr' id='par_1_50' title="bbox 2621 2313 2833 2405">
     <span class='ocr_line' id='line_1_128' title="bbox 2621 2313 2833 2342; baseline 0 -6"><span class='ocrx_word' id='word_1_876' title='bbox 2621 2313 2689 2342; x_wconf 78' lang='lat' dir='ltr'>⁸Qu.</span> <span class='ocrx_word' id='word_1_877' title='bbox 2698 2319 2780 2341; x_wconf 66' lang='lat' dir='ltr'>xxxin,</span> <span class='ocrx_word' id='word_1_878' title='bbox 2789 2317 2833 2336; x_wconf 77' lang='lat' dir='ltr'>nrt.</span> 
     </span>
     <span class='ocr_line' id='line_1_129' title="bbox 2621 2347 2832 2405; baseline -0.005 -6.995"><span class='ocrx_word' id='word_1_879' title='bbox 2621 2347 2644 2386; x_wconf 73' lang='grc'>’7</span> <span class='ocrx_word' id='word_1_880' title='bbox 2621 2377 2700 2405; x_wconf 64' lang='lat' dir='ltr'>Arg’.</span> <span class='ocrx_word' id='word_1_881' title='bbox 2715 2376 2764 2398; x_wconf 79' lang='lat' dir='ltr'>Sed</span> <span class='ocrx_word' id='word_1_882' title='bbox 2777 2381 2832 2397; x_wconf 77' lang='lat' dir='ltr'>con-</span> 
     </span>
    </p>
   </div>
   <div class='ocr_carea' id='block_1_42' title="bbox 2628 3445 2838 3502">
    <p class='ocr_par' dir='ltr' id='par_1_51' title="bbox 2628 3445 2838 3502">
     <span class='ocr_line' id='line_1_130' title="bbox 2628 3445 2838 3474; baseline 0 -6"><span class='ocrx_word' id='word_1_883' title='bbox 2628 3445 2753 3468; x_wconf 17' lang='lat' dir='ltr'>&amp;Adnun-</span> <span class='ocrx_word' id='word_1_884' title='bbox 2762 3450 2812 3474; x_wconf 72' lang='grc' dir='ltr'>σιμ.</span> <span class='ocrx_word' id='word_1_885' title='bbox 2821 3450 2838 3471; x_wconf 84' lang='grc' dir='ltr'>ι.</span> 
     </span>
     <span class='ocr_line' id='line_1_131' title="bbox 2628 3477 2734 3502; baseline 0 -8"><span class='ocrx_word' id='word_1_886' title='bbox 2628 3478 2688 3494; x_wconf 76' lang='lat' dir='ltr'>ven.</span> <span class='ocrx_word' id='word_1_887' title='bbox 2701 3477 2734 3502; x_wconf 77' lang='lat'>3²·</span> 
     </span>
    </p>
   </div>
  </div>
 </body>
</html>
