2860 4244
267 493 270 496 Δ
307 457 562 493 clesiasficorum,
583 467 678 498 super
693 458 808 498 quibus
831 457 915 496 Papa
938 456 1031 486 habet
1053 455 1282 495 plenitudinem
1306 467 1363 496 po-
1389 476 1390 480 ,

72 987 83 999 ⁴
100 986 128 1008 Di
146 1001 152 1008 .
173 986 204 1018 L,
225 993 281 1013 xvn,

72 1013 103 1035 de
150 1018 212 1034 erue
222 1013 281 1041 Reg-

71 1039 187 1068 ἡνί’-,55
194 1045 232 1068 ¹5¹.
241 1045 281 1068 ¹55·

23 1903 26 1906 ’
73 1908 86 1920 ·
97 1895 166 1930 vnn.
179 1906 214 1932 ιθ.

251 1957 256 1962 '
313 1954 388 1992 Sed
411 1953 562 1992 cuilibet
581 1955 760 1992 convenit
780 1956 1006 1992 confirmare
1027 1955 1169 1992 dictum
1189 1967 1315 2001 suum,
1339 1962 1375 1991 et

74 2222 250 2272 mim&
259 2223 285 2271 {3²

74 2265 174 2299 xuvl'
185 2287 197 2293 ·
217 2255 286 2298 332}

24 2320 25 2323 ,
76 2302 139 2332 Opp.
162 2301 284 2356 Caunum.

943 247 1208 294 QUAESTIO
1239 247 1451 294 Lxxxlx,
1483 247 1777 284 ARTICULUS
1806 247 1841 283 x

305 326 338 358 in
360 325 543 356 iuramentis
567 325 691 356 coactis.
716 326 756 356 Et
780 332 912 366 utraque
927 325 978 355 via
996 324 1094 355 utitur
1116 324 1255 355 Ecclesia
1270 325 1303 355 in
1318 335 1364 355 re·
1387 326 1389 339 ¹

305 369 461 401 laxatione
488 369 666 400 iuramenti.
698 370 802 400 Prima
828 369 974 411 quidem,
998 368 1031 398 in
1059 368 1278 399 distributione
1308 379 1362 399 seu

307 413 540 454 dispensatione
571 420 601 444 et
630 423 735 444 rerum
759 413 1037 444 ecclesiasticarum
1060 419 1091 442 et
1113 411 1293 442 officiorum
1317 423 1364 443 ec-
1388 424 1390 442 ς

306 501 424 532 testatis
447 501 479 531 in
503 501 716 541 dispensando
740 510 795 531 seu
813 500 1038 531 distribuendo.
1063 499 1104 529 Et
1126 499 1187 530 hoc
1204 500 1302 529 modo
1319 510 1365 530 re-

306 545 400 575 laxari
423 551 557 585 possunt
578 545 755 575 iuramenta
779 544 859 574 facta
882 554 900 573 a
923 542 1111 574 beneficiatis
1135 543 1173 573 de
1197 544 1289 573 rebus
1308 544 1365 573 Ec·
1389 553 1392 585 1

308 589 427 624 clesiae.
453 589 640 629 disponente
662 589 748 629 Papa
771 588 859 618 aliter
882 587 920 617 de
943 588 1036 618 rebus
1060 586 1130 616 illis.
1162 587 1202 616 Et
1225 587 1367 617 similiter
1390 592 1392 628 Ἰ

307 633 484 664 iuramenta
507 633 545 663 de
569 631 766 663 conferendis
782 638 838 661 aut
853 630 1058 670 suscipiendis
1073 629 1240 666 beneficiis,
1256 630 1366 660 officiis
1390 629 1392 638 ”

308 684 363 708 aut
385 677 531 716 gradibus
555 675 786 710 ecclesiasticis,
811 674 854 704 sic
878 674 1072 705 relaxantur:
1104 681 1139 704 ut
1162 674 1278 714 pluries
1301 673 1367 704 fieri

307 720 452 750 videmus
471 720 548 750 dum
568 719 744 749 relaxantur
759 718 935 750 iuramenta
955 718 1200 748 baccalariorum
1226 718 1259 748 in
1281 718 1368 748 theo-

308 764 392 803 logia
415 764 454 793 de
475 772 543 794 non
565 762 862 802 suscipiendo'alibi
883 761 1107 801 magisterium.
1132 762 1289 793 Omnium
1313 771 1367 792 au-

309 814 374 838 tem
401 807 518 837 horum
541 816 635 836 causa
658 813 705 837 est
733 806 808 846 quie
838 806 914 836 haec
939 806 983 836 ita
1006 807 1141 836 subsunt
1167 805 1368 836 inferioribus

308 850 516 891 potestatibus
540 856 575 880 ut
598 850 682 890 Papa
705 850 743 880 sit
768 850 867 890 magis
891 857 1003 890 potens
1027 860 1122 890 super
1145 850 1220 880 haec
1244 850 1368 890 dispen-

309 895 422 930 sanda,
447 893 678 930 distribuenda,
703 894 945 930 committenda,
974 894 1160 930 inhibenda,
1190 893 1367 925 communi-
1392 883 1393 906 ³

309 939 417 974 canda,
441 948 539 979 quam
562 948 782 979 quaecumque
798 937 928 968 inferior
945 945 1083 978 potestas
1106 945 1172 968 tam
1195 937 1368 978 personalis
1392 940 1394 954 ¹

308 992 406 1023 quam
423 981 602 1022 collegialis,
620 989 655 1013 ut
671 982 752 1012 nulli
767 983 919 1012 iniuriam
928 982 1037 1023 faciat
1053 981 1168 1012 utendo
1184 982 1255 1011 iure
1270 991 1328 1011 suo
1340 978 1366 1011 *.
1392 980 1394 1016 ἱ

309 1027 413 1056 Immo
437 1026 470 1056 in
494 1026 563 1066 ipso
587 1026 765 1056 iuramento
789 1025 973 1065 intelligitur
991 1035 1116 1065 semper
1134 1024 1303 1064 superioris
1318 1025 1368 1054 ius
1392 1029 1394 1048 ν’

309 1078 490 1110 exceptum:
510 1077 546 1100 ut
561 1076 647 1110 patet
661 1070 764 1106 Extra,
781 1070 822 1100 de
835 1070 1062 1105 Iureiurando,
1080 1078 1147 1108 cap.
1160 1069 1334 1098 Venientes.
1347 1085 1367 1091 —

309 1115 454 1146 Secunda
477 1122 584 1145 autem
606 1114 668 1149 via,
694 1114 810 1144 scilicet
832 1123 869 1144 ex
891 1113 1021 1153 publico
1040 1112 1164 1148 officio,
1188 1112 1286 1142 utitur
1309 1112 1370 1142 Ec-
1393 1114 1395 1148 ξ

310 1159 402 1189 clesia
425 1159 618 1199 quandoque
641 1157 772 1198 quidem
789 1157 823 1187 in
846 1166 985 1196 poenam
1001 1157 1068 1187 eius
1087 1157 1138 1187 cui
1153 1156 1368 1186 iuramentum
1393 1174 1395 1183 ι

310 1210 375 1233 erat
396 1203 590 1243 praestitum,
615 1209 651 1232 ut
673 1208 758 1241 patet
781 1201 819 1230 de
842 1201 1032 1230 relaxatione
1056 1200 1223 1231 iuramenti
1242 1200 1369 1230 exhibiti
1394 1227 1395 1238 ,

310 1245 593 1280 excommunicem,
616 1245 686 1280 XV,
709 1254 763 1285 qu.
783 1255 824 1280 vr,
849 1254 917 1284 cap.
934 1245 1003 1275 Nos
1024 1250 1222 1282 sanctorum,
1247 1251 1277 1275 et
1300 1254 1367 1284 cap.
1393 1242 1396 1269 l

2400 249 2475 295 289

1416 325 1567 363 Iuratos;
1589 326 1782 366 quandoque
1805 335 1880 356 vero
1904 332 1934 355 et
1957 325 1989 355 in
2013 334 2151 365 poenam
2174 332 2204 355 et
2227 325 2259 355 in
2284 325 2394 355 odium
2418 326 2476 356 hu-

1417 379 1528 400 manae
1545 370 1699 406 saevifiae,
1717 377 1752 400 ut
1775 369 1810 401 fit
1831 369 1864 399 in
1879 369 2067 399 relaxatione
2083 369 2335 400 iuramentorurn
2351 377 2477 400 coacto-

1417 423 1499 451 rum,
1524 420 1559 444 ut
1582 420 1667 453 patet
1690 414 1792 449 Extra,
1817 413 1856 444 de
1872 413 2099 450 Iureiurando,
2124 423 2191 453 cap.
2208 413 2244 443 Si
2260 421 2353 451 vero,·
2375 423 2477 454 quan-

1417 457 1524 497 doque
1548 467 1622 487 vero
1651 465 1779 497 propter
1806 457 1930 488 bonum
1960 457 2142 497 publicum,
2175 457 2229 487 sed
2253 457 2302 487 hic
2329 467 2408 498 opus
2431 463 2477 487 est

1416 501 1496 538 sale,
1521 511 1559 530 ne
1583 501 1731 541 cuiquam
1754 500 1808 532 fiat
1831 501 2069 541 praeiudicium.

1474 544 1625 574 indirecte
1649 553 1755 575 autem
1779 545 1954 575 relaxantur
1970 546 2008 575 ab
2025 545 2164 575 Ecclesia
2179 545 2354 575 iuramenta
2371 554 2407 575 ex
2423 555 2479 574 na—

1419 587 1510 617 turali
1535 589 1679 628 sequela:
1708 596 1759 625 ut,
1784 589 1810 619 si
1833 589 1963 629 deponit
1986 589 2182 629 episcopum,
2207 599 2243 619 ex
2266 589 2399 620 naturali
2431 599 2476 618 se-

1418 631 1512 671 quela
1527 641 1639 661 omnes
1654 632 1831 663 iuramento
1848 633 1986 663 adstricti
1999 633 2044 663 illi
2061 640 2216 673 quatenus
2233 633 2394 673 episcopo,
2412 642 2477 662 non

1418 681 1564 704 tenentur
1581 675 1607 705 ei
1625 676 1770 716 amplius.
1796 677 1836 707 Et
1859 677 2001 707 similiter
2017 677 2041 707 si
2058 684 2200 707 removet
2215 683 2330 708 statuta
2345 677 2477 708 alicuius

1418 717 1576 758 religionis
1599 719 1647 749 vel
1671 720 1804 760 collegii,
1829 731 1865 750 ex
1889 720 2020 751 naturali
2036 721 2163 761 sequela
2179 731 2244 751 non
2258 728 2404 752 tenentur
2422 720 2478 761 qui

1392 792 1393 802 η
1418 769 1574 792 voverunt
1597 770 1651 793 aut
1674 764 1816 794 iurarunt
1839 774 1958 795 servare
1982 771 2110 795 statuta:
2135 765 2210 805 qula
2232 775 2298 795 non
2315 772 2390 796 sunt
2411 775 2477 795 am-

1419 806 1503 846 plius
1518 812 1644 836 statuta.
1659 807 1700 837 Et
1715 807 1855 838 similiter
1871 808 1896 838 si
1911 809 2012 849 privat
2025 809 2106 839 iuste
2122 818 2227 849 regem
2242 819 2349 849 regno,
2365 818 2478 839 omnes

1419 849 1475 890 qui
1498 849 1543 879 illi
1568 859 1719 889 personae
1733 851 1912 882 iuraverant
1934 862 1966 882 se
1990 852 2113 883 foturos
2128 853 2220 883 illum
2234 853 2267 883 in
2283 863 2391 893 regno,
2411 863 2478 883 non

1419 900 1567 923 tenentur
1582 895 1733 934 amplius:
1754 896 1829 935 quia
1844 905 1880 926 ex
1896 896 1957 926 hoc
1973 896 2042 935 ipso
2057 897 2146 937 quod
2164 897 2319 928 iudicatus
2335 897 2416 927 iuste
2432 903 2479 927 est

1419 936 1569 976 indignus
1582 947 1688 976 regno,
1704 939 1809 968 nullus
1822 946 1944 969 tenetur
1956 949 2030 970 eum
2043 940 2179 980 amplius
2192 940 2297 971 fovere
2308 941 2340 971 in
2352 941 2476 971 eodem.

1476 980 1651 1011 Consuevit
1674 989 1789 1018 tamen,
1814 990 1849 1012 ut
1862 983 1995 1019 videtur,
2020 984 2167 1020 Ecclesia,
2193 991 2223 1015 et
2246 985 2374 1025 quando
2399 985 2478 1014 dire-

1421 1031 1468 1054 cte
1497 1032 1527 1054 et
1556 1025 1686 1065 quando
1716 1026 1864 1056 indirecte
1888 1027 2003 1058 relaxat
2025 1027 2257 1064 iuramentum,
2282 1029 2478 1059 mentionem

1420 1067 1520 1098 facere
1544 1069 1583 1099 de
1606 1069 1676 1099 talis
1699 1070 1816 1100 vinculi
1840 1070 2046 1107 relaxatione,
2071 1079 2107 1101 ut
2130 1081 2166 1101 ex
2190 1073 2316 1103 scientia
2343 1079 2479 1112 potesta-

1421 1118 1485 1142 tem
1509 1112 1651 1143 habentis
1674 1114 1865 1153 intelligatur
1887 1115 2057 1153 procedere
2080 1115 2237 1152 relaxatio,
2262 1126 2301 1146 ne
2317 1116 2478 1156 subreptio

1422 1163 1615 1197 opponatur.

1476 1201 1516 1231 Et
1539 1201 1577 1230 de
1600 1200 1681 1231 votis
1705 1207 1736 1231 et
1759 1201 1942 1232 iuramentis
1967 1212 2024 1242 pro
2049 1212 2133 1233 nunc
2157 1203 2236 1234 dicta
2262 1203 2425 1239 sufficiant,
2449 1210 2479 1234 et

1421 1254 1480 1283 pro
1504 1250 1571 1275 tota
1593 1245 1651 1275 hac
1675 1245 1858 1285 quaestione
1883 1246 2171 1286 octogesimanona.

1107 1389 1423 1431 ARTICULUS
1454 1389 1704 1430 DECIMUS
1750 1431 1754 1435 .

564 1481 720 1512 UTRUM
744 1481 1036 1522 IURAMENTUM
1061 1481 1327 1512 IMPEDIATUR
1350 1481 1432 1512 PER
1455 1482 1653 1518 ALIQUAM
1677 1481 1982 1513 CONDITIONEM
2006 1483 2228 1514 PERSONAE

1234 1533 1319 1563 VEL
1342 1533 1558 1564 TEMPORIS

929 1610 958 1634 111
979 1610 1062 1639 Sent„
1083 1611 1140 1635 dist.
1159 1618 1240 1641 xxx1x,
1260 1611 1355 1642 Expos.
1374 1610 1448 1641 Litt.;
1467 1611 1512 1635 Ad
1530 1611 1605 1639 Heb„
1624 1618 1679 1643 cap.
1699 1618 1732 1640 vr,
1752 1611 1810 1636 lect.
1827 1618 1862 1635 iv.

346 1707 359 1733 x,
521 1702 544 1727 n
563 1701 725 1727 DECIMUM
745 1701 798 1726 stc
818 1701 1057 1727 PROCEDITUR.
1087 1689 1247 1726 Videtur
1266 1688 1370 1738 quod

339 1745 374 1789 Έ,
450 1774 459 1793 N
492 1788 495 1790 ,
521 1743 775 1780 iuramentum
792 1755 870 1779 non
885 1743 1113 1791 impedIatur
1124 1743 1370 1792 peraliquam
1398 1740 1400 1754 '

330 1801 366 1842 ’,γ
389 1813 444 1831 ψ
461 1782 493 1839 'ig
507 1795 781 1833 conditionem
807 1808 995 1844 personae
1013 1797 1076 1832 vel
1096 1795 1290 1844 temporis.
1312 1797 1372 1832 Iu-

370 1826 457 1877 ζ’*
482 1842 739 1886 ramentum
769 1849 871 1885 enim
900 1849 952 1886 ad
968 1849 1292 1898 confirmationem
1318 1849 1371 1885 in-

313 1901 481 1939 ducitur:
518 1898 560 1939 ut
586 1910 689 1951 patet
716 1914 785 1951 per
811 1903 1053 1950 Apostolum,
1082 1902 1134 1938 ad
1161 1902 1262 1938 Heb.
1282 1914 1318 1938 Vl
1340 1903 1370 1938 ²¹².

362 1750 392 1775 ’Ἄ

361 1789 377 1804 ,Μ

442 1735 502 1787 rr,

313 2007 482 2057 quolibet
495 2015 681 2056 tempore.
706 2009 808 2056 Ergo
823 2009 972 2045 videtur
986 2008 1091 2057 quod
1116 2008 1372 2044 iuramentum

312 2072 391 2098 non
410 2060 638 2109 impediatur
655 2069 812 2110 propter
827 2062 994 2109 aliquam
1011 2060 1268 2098 conditionem
1288 2073 1372 2109 per·
1399 2061 1400 2066 ’

312 2125 431 2151 sonae
459 2115 521 2150 vel
549 2115 745 2163 temporis.

367 2177 402 2203 2.
418 2167 652 2214 Palmam,
673 2167 797 2204 maius
817 2174 872 2203 est
886 2167 1008 2203 iurare
1025 2178 1094 2215 per
1108 2167 1235 2203 Deum
1256 2178 1372 2215 quam

313 2230 382 2268 per
409 2219 636 2268 Evangelia:
674 2220 778 2257 unde
813 2220 1110 2268 Chrysostomus
1147 2219 1235 2256 dicit
1259 2219 1294 2256 ³⁸:
1333 2220 1374 2256 Si

313 2272 441 2320 aliqua
469 2284 586 2310 causa
608 2274 737 2319 fuerit,
766 2273 955 2310 modicum
982 2272 1129 2309 videtur
1150 2273 1283 2319 facere
1310 2273 1376 2321 qui

313 2325 416 2362 iurat
435 2336 508 2373 per
527 2327 670 2363 Deum:
699 2326 765 2374 qui
789 2332 914 2362 autem
934 2331 952 2347 ‘²
980 2326 1082 2362 iurat
1101 2337 1174 2374 per
1195 2326 1373 2375 Evange-

313 2378 418 2423 lium,
447 2379 571 2415 maius
589 2379 732 2427 aliquid
744 2379 887 2427 fecisse
904 2379 1060 2415 videtur.
1093 2379 1236 2420 Quibus
1253 2379 1373 2415 dicen-

313 2431 403 2468 dum
431 2437 505 2468 estc
533 2432 652 2478 Stulti,
682 2433 899 2480 Scripturae
919 2437 1076 2479 propter
1098 2432 1223 2468 Deum
1239 2432 1374 2479 factae

312 2489 416 2530 sunt,
446 2497 521 2521 non
550 2486 654 2521 Deus
683 2491 841 2533 propter
873 2485 1096 2532 Scripturas.
1136 2484 1214 2528 Sed
1251 2484 1374 2522 cuius-

313 2536 404 2574 libet
432 2537 658 2574 conditionis
685 2550 891 2586 personae,
921 2545 958 2574 et
986 2537 1154 2586 quolibet
1181 2546 1373 2586 tempore,

313 2589 352 2626 in
377 2590 573 2627 communi
601 2591 792 2627 locutione
821 2598 1103 2627 consueverunt
1121 2588 1136 2619 β
1159 2591 1282 2627 iurare
1306 2603 1375 2640 per

314 2643 453 2680 Deum.
489 2643 590 2691 Ergo
620 2645 739 2681 multo
767 2644 887 2692 magis
915 2643 1058 2680 licitum
1088 2651 1142 2680 est
1170 2643 1223 2680 eis
1251 2643 1374 2681 iurare

314 2707 383 2745 per
410 2696 631 2744 Evangelia.

371 2749 404 2785 3.
425 2749 658 2796 PRAETEREA,
687 2748 789 2785 idem
818 2761 896 2786 non
921 2757 1096 2786 causatur
1116 2760 1160 2785 ex
1180 2749 1374 2787 contrariis

316 2801 454 2838 causis:
475 2801 565 2849 quia
584 2801 793 2839 contrariae
813 2813 949 2838 causae
973 2810 1060 2839 sunt
1084 2801 1373 2840 contrariorum.

316 2854 394 2891 Sed
422 2854 536 2903 aliqui
564 2855 812 2891 excluduntur
838 2867 861 2891 a
888 2855 1102 2892 iuramento
1130 2862 1287 2904 propter
1311 2855 1374 2893 de-

315 2907 456 2944 fectum
485 2919 692 2955 personae:
722 2907 818 2944 sicut
844 2907 952 2956 pueri
975 2915 1061 2945 ante
1086 2908 1374 2956 quatuordecim

316 2971 450 3003 annos,
468 2967 503 2996 et
522 2960 635 2997 etiam
655 2959 704 2997 illi
721 2960 784 3008 qui
804 2961 922 2997 semel
941 2961 1092 2998 fuerunt
1105 2961 1257 3009 periuri.
1282 2961 1374 2998 Non

317 3024 406 3061 ergo
425 3012 576 3050 videtur
595 3013 698 3062 quod
726 3013 840 3061 aliqui
866 3013 1141 3062 prohibeantur
1167 3013 1291 3051 iurare
1313 3015 1375 3051 vel

315 3073 472 3115 propter
486 3065 719 3114 dignitatem,
739 3066 836 3103 sicut
850 3066 990 3113 clerici;
1012 3074 1077 3104 aut
1093 3066 1207 3103 etiam
1222 3075 1377 3116 propter

315 3118 498 3168 temporis
526 3119 817 3156 solemnitatem.

368 3183 406 3219 4.
415 3172 649 3219 PRAETEREA,
665 3173 790 3209 nullus
804 3172 925 3210 homo
935 3172 1071 3209 vivens
1085 3172 1124 3209 in
1138 3173 1214 3209 hoc
1227 3173 1373 3209 mundo
1402 3185 1403 3196 ¹

317 3232 372 3261 est
402 3232 527 3262 tantae
557 3224 743 3273 dignitatis
771 3225 866 3262 sicut
893 3226 1016 3273 angeli
1043 3231 1079 3262 Y:
1110 3225 1244 3262 dicitur
1272 3226 1372 3263 enim
1402 3230 1403 3242 ¹

316 3278 450 3314 Matth.
471 3277 541 3314 xl*
566 3278 671 3326 quod
695 3278 761 3326 qui
790 3278 916 3315 minor
947 3284 1001 3315 est
1030 3278 1067 3315 in
1101 3290 1220 3328 regno
1253 3279 1373 3316 caelo-

316 3342 402 3367 rum
427 3331 552 3367 maior
576 3337 631 3368 est
647 3331 723 3376 illo,
744 3331 884 3368 scilicet
903 3333 1045 3368 Ioanne
1066 3331 1232 3380 Baptista
1252 3332 1377 3369 adhuc
1402 3325 1403 3372 l

369 3444 397 3477 α)
416 3444 463 3476 qui
480 3447 579 3469 autem.
590 3458 608 3463 —
626 3451 706 3476 quam
724 3444 754 3473 Β,
773 3444 819 3476 qui
835 3443 1010 3476 ACEFHIsK,
1031 3452 1110 3486 quam
1128 3445 1175 3477 qui
1198 3445 1286 3477 GLpK
1306 3450 1331 3469 et
1349 3452 1376 3475 x,

316 3479 363 3504 sed
380 3480 426 3512 qui
445 3480 515 3505 PDa.
529 3494 546 3498 —
566 3480 616 3504 Pro
636 3478 821 3512 Euangelium,
843 3479 991 3512 Evangelia
1009 3480 1061 3505 Ρα.’

369 3513 394 3547 β)
413 3518 615 3541 consueverunt.
632 3528 650 3533 -
667 3514 834 3540 consueverit
851 3514 981 3546 BEFGpC
1000 3519 1026 3539 et
1042 3522 1069 3546 κ,
1093 3518 1247 3540 consuetum
1271 3518 1311 3539 est
1329 3515 1374 3543 sA,

317 3549 423 3575 abrasae
441 3550 515 3583 pAK.

457 3602 567 3627 Sumus
585 3602 686 3627 Tutor..
706 3601 738 3627 D.
750 3601 865 3626 Tuosne
878 3601 911 3627 T.
929 3601 972 3627 VI.

1424 1689 1463 1725 in
1492 1689 1639 1726 mundo
1671 1690 1837 1726 vivente.
1869 1691 1945 1727 Sed
1975 1692 2108 1738 angelo
2134 1694 2312 1729 convenit
2340 1693 2480 1730 iurare:

1427 1742 1562 1779 dicitur
1599 1742 1701 1778 enim
1742 1744 1859 1790 Apoc.
1894 1755 1917 1779 x
1945 1743 1964 1764 '¹‘
2001 1746 2105 1791 quod
2142 1745 2301 1793 angelus
2345 1747 2485 1783 iuravit

1398 1796 1400 1809 ¹
1419 1806 1493 1843 per
1515 1796 1756 1832 viventemin
1782 1796 1932 1832 saecula
1951 1797 2199 1833 saeculorum.
2230 1799 2330 1845 Ergo
2359 1800 2482 1835 nullus

1426 1849 1546 1884 homo
1566 1856 1721 1896 propter
1745 1848 1963 1895 dignitatem
1984 1850 2096 1886 debet
2117 1851 2284 1887 excusari
2305 1849 2317 1872 δ
2346 1863 2367 1887 a
2386 1852 2483 1888 iura-

1427 1909 1570 1937 mento.

1481 1954 1556 1990 SED
1576 1965 1720 1990 CONTRA
1749 1966 1815 1990 EST
1834 1954 1937 2002 quod
1964 1955 2125 1991 habetur
2144 1957 2188 2002 11,
2210 1968 2272 2004 qu.
2294 1968 2316 1992 v
2330 1956 2365 1993 *ε
2395 1957 2483 1993 Pre-

1425 2007 1564 2054 sbyter,
1593 2007 1673 2043 vice
1700 2007 1918 2052 iuramenti,
1942 2019 2015 2055 per
2040 2013 2209 2044 sanctam
2242 2011 2484 2046 consecratio-

1427 2072 1512 2096 nem
1531 2060 1793 2109 interrogetur.
1815 2061 1863 2096 Et
1878 2061 1996 2107 XXII,
2013 2073 2076 2108 qu,
2092 2073 2116 2097 v
2129 2061 2160 2108 *,
2177 2061 2326 2098 dicitur:
2345 2063 2484 2099 Nullus

1399 2136 1401 2146 ι
1427 2125 1476 2149 ex
1503 2112 1748 2149 ecclesiastico
1782 2114 1912 2150 ordine
1948 2114 2123 2161 cuiquam
2156 2114 2252 2150 laico
2281 2115 2482 2163 quidquam

1425 2177 1539 2214 super
1564 2171 1694 2202 sancta
1721 2166 1932 2215 Evangelia
1961 2167 2089 2203 iurare
2109 2173 2341 2215 praesumat.

1480 2220 1706 2255 RESPONDEO
1739 2230 1922 2256 DICENDUM
1950 2219 2054 2267 quod
2091 2219 2129 2256 in
2157 2219 2369 2257 iuramento
2406 2221 2483 2257 duo

1426 2279 1514 2308 sunt
1543 2271 1830 2308 consideranda.
1860 2272 1989 2309 Unum
2019 2272 2175 2320 quidem
2206 2284 2249 2309 ex
2275 2281 2379 2321 parte
2400 2274 2483 2320 Dei,

1428 2324 1814 2376 cuiusotestimonium
1834 2325 2033 2361 inducitur.
2060 2326 2108 2362 Et
2127 2334 2310 2373 quantum
2329 2326 2379 2363 ad
2396 2327 2483 2371 hoc⁷

1428 2378 1588 2415 debetur
1624 2376 1838 2414 iuramento
1866 2378 2033 2414 maxima
2063 2379 2283 2415 reverentia.
2324 2379 2372 2415 Et
2398 2391 2485 2427 pro-

1426 2438 1510 2479 pter
1536 2431 1611 2468 hoc
1631 2442 1653 2467 a
1672 2431 1883 2467 iuramento
1905 2432 2154 2468 excluduntur
2174 2439 2209 2467 et
2227 2436 2239 2452 ε
2267 2431 2374 2479 pueri
2399 2440 2485 2468 ante

1428 2495 1550 2520 annos
1563 2483 1770 2533 pubertatis
1780 2483 1810 2529 ²⁸,
1828 2484 1890 2532 qui
1910 2496 1987 2520 non
2005 2491 2189 2531 coguntur
2208 2484 2255 2521 ad
2270 2484 2484 2532 iurandum,

1428 2536 1517 2585 quia
1544 2536 1718 2573 nondum
1754 2537 1897 2573 habent
1932 2537 2142 2585 perfectum
2171 2531 2283 2574 usum
2322 2538 2484 2584 rationis,

1429 2602 1507 2638 quo
1534 2589 1681 2638 possint
1710 2602 1798 2625 cum
1831 2590 2042 2626 reverentia
2071 2590 2197 2627 debita
2232 2591 2485 2627 iuramentum

1428 2650 1636 2692 praestare:
1658 2650 1694 2678 et
1715 2643 1848 2678 iterum
1869 2643 2008 2690 periuri
2023 2643 2054 2689 ³¹²,
2080 2644 2143 2691 qui
2164 2645 2211 2680 ad
2231 2643 2485 2680 iuramentum

1428 2708 1507 2732 non
1539 2695 1797 2742 admittuntur,
1824 2695 1911 2744 quia
1941 2708 1986 2732 ex
2014 2697 2207 2732 retroactis
2234 2697 2487 2745 praesumitur

1429 2750 1533 2798 quod
1563 2748 1729 2785 debitam
1757 2749 2007 2785 reverentiam
2035 2749 2247 2786 iuramento
2279 2762 2355 2786 non
2385 2750 2485 2785 exhi-

1429 2803 1583 2841 bebunt.
1615 2803 1664 2838 Et
1690 2809 1846 2849 propter
1873 2802 1947 2837 hoc
1968 2801 2091 2848 etiam,
2120 2809 2162 2838 ut
2188 2802 2400 2838 iuramento
2423 2802 2486 2838 de-

1429 2855 1506 2891 bita
1534 2854 1746 2891 reverentia
1775 2853 2005 2900 exhibeatur,
2033 2854 2166 2891 dicitur
2184 2856 2302 2902 XXII,
2323 2867 2386 2903 qu.
2406 2854 2484 2890 v*:

1427 2908 1640 2944 Honestum
1669 2913 1723 2943 est
1749 2912 1789 2942 ut
1806 2907 1871 2955 qui
1893 2907 1929 2943 in
1949 2907 2086 2943 sanctis
2113 2907 2225 2943 audet
2251 2908 2390 2953 iurare,
2415 2908 2486 2943 hoc

1429 2961 1574 2997 ieiunus
1585 2960 1724 3008 saciat,
1745 2971 1830 2996 cum
1863 2960 1968 2995 omni
1984 2960 2172 2996 honestate
2190 2966 2225 2996 et
2249 2961 2382 2996 timore
2399 2960 2483 2996 Dei.

1482 3013 1597 3050 Aliud
1625 3020 1753 3049 autem
1782 3019 1838 3048 est
1865 3012 2183 3049 considerandum
2213 3024 2257 3049 ex
2284 3021 2388 3061 parte
2416 3013 2485 3049 ho-

1429 3066 1554 3113 minis,
1576 3066 1681 3102 cuius
1702 3065 1843 3102 dictum
1872 3065 2084 3102 iuramento
2107 3066 2364 3102 confirmatur.
2395 3066 2485 3102 Non

1430 3119 1531 3156 enim
1560 3118 1700 3166 indiget
1728 3118 1869 3155 dictum
1898 3118 2064 3155 hominis
2094 3118 2382 3155 confirmatione
2416 3118 2485 3154 nisi

1430 3172 1519 3221 quia
1547 3172 1594 3209 de
1619 3184 1665 3208 eo
1687 3171 1886 3208 dubitatur.
1918 3172 2003 3207 Hoc
2032 3179 2158 3208 autem
2187 3172 2341 3219 derogat
2369 3171 2484 3218 digni-

1429 3225 1493 3262 tati
1512 3237 1712 3274 personae,
1728 3232 1770 3260 ut
1789 3223 1980 3261 dubitetur
1999 3224 2046 3261 de
2059 3224 2216 3261 veritate
2237 3235 2366 3260 eorum
2387 3235 2484 3271 quae

1430 3278 1529 3316 dicit.
1550 3279 1599 3314 Et
1617 3278 1705 3315 ideo
1724 3277 1896 3325 personis
1916 3289 2076 3324 magnae
2097 3276 2281 3324 dignitatis
2300 3288 2377 3312 non
2395 3288 2483 3312 con-

1428 3331 1533 3368 venit
1555 3331 1689 3367 iurare.
1719 3331 1879 3378 Propter
1906 3329 2010 3377 quod
2039 3329 2172 3366 dicitur
2196 3330 2239 3375 II,
2261 3341 2324 3376 qu.
2344 3340 2379 3375 v,
2401 3341 2481 3378 cap.

1482 3446 1509 3477 γ)
1528 3444 1654 3477 angeli.-
1671 3444 1782 3476 angelus
1802 3443 1848 3466 Ρα.

1482 3478 1506 3512 ὃ)
1526 3479 1602 3504 debet
1620 3478 1753 3504 excusari.
1768 3491 1787 3496 -
1801 3480 1891 3509 potest
1909 3483 1936 3501 se
1954 3482 2084 3500 excusare
2103 3475 2161 3501 GH.

1482 3515 1503 3546 ε)
1523 3517 1557 3539 et.
1570 3528 1590 3533 -
1608 3514 1688 3539 etiam
1708 3514 1739 3544 A,
1758 3520 1811 3537 om.
1830 3512 1900 3536 PDa.

2509 1758 2519 1767 ⁸
2534 1756 2600 1778 Vers.
2616 1757 2637 1778 6.

2511 1966 2520 1975 ⁸
2542 1965 2598 1987 Can.
2621 1965 2649 1986 Si
2669 1966 2721 1994 quis

2508 1991 2639 2019 presbyter.

2511 2071 2520 2079 ⁸
2535 2069 2591 2091 Can.
2608 2070 2697 2092 Nullus.

2610 2444 2620 2460 ε

2513 2493 2523 2502 ⁸
2544 2492 2612 2514 Caus-

2640 2493 2704 2514 xxu
2717 2510 2722 2519 ‚

2513 2525 2551 2546 qu.
2566 2525 2588 2545 v,
2598 2525 2648 2540 can.
2662 2519 2722 2541 Par-

2513 2546 2561 2566 vuli
2574 2549 2595 2567 et
2610 2552 2661 2573 sqq.

2514 2655 2523 2664 ⁸
2530 2654 2598 2681 ibid„
2605 2660 2654 2676 can.
2662 2654 2721 2675 Par-

2513 2681 2568 2702 vuli.

2513 2858 2605 2880 ’Can-

2640 2858 2721 2880 Hone-
