2860 4244
214 918 224 927 ⁸
238 918 289 939 Art.
311 917 338 942 6.
354 918 425 940 Com-

215 948 285 966 ment.
301 950 364 966 num.
380 950 394 965 ι.

213 1446 223 1456 '⁸
239 1445 286 1473 Qu.
305 1451 421 1472 cxxxvnr,

214 1475 256 1494 art.
270 1478 290 1500 5.

461 267 531 302 186
1082 260 1347 307 QUAESTIO
1377 260 1553 307 LXXXI,
1582 259 1877 297 ARTICULUS
1905 260 1991 296 VIII

456 354 552 384 opera
567 345 628 374 hoc
652 343 820 378 declarans,
845 341 960 378 subdit,
978 350 1042 380 per
1064 340 1144 369 bona
1171 338 1326 378 quaedam
1351 347 1448 377 opera
1472 337 1514 368 ad

455 389 574 419 cultum
598 388 738 418 divinum
756 386 962 426 pertinentia.
988 383 1061 413 Fuit
1084 389 1191 412 autem
1208 381 1349 421 specialis
1372 381 1451 411 ratio
1476 381 1514 411 de

454 432 612 472 religionis
629 431 734 471 potius
747 439 844 470 quam
859 429 992 458 aliarum
1008 427 1162 456 virtutum
1178 426 1348 456 moralium
1365 425 1514 465 operibus

455 475 630 506 declarandi
661 474 749 514 quod
774 473 947 512 disponunt
970 471 1151 506 hominem,
1176 469 1249 510 quia
1274 475 1348 500 sunt
1375 469 1415 499 ad
1438 469 1514 499 alte·
1539 481 1540 487 ¹

454 528 542 550 rum:
574 528 669 559 opera
693 518 778 548 enim
804 515 1070 551 mansuetudinis,
1095 513 1319 554 temperantiae
1347 520 1377 544 et
1404 513 1513 544 huius-

454 563 542 594 modi
566 562 730 593 manifeste
753 561 927 600 disponunt
951 559 1115 588 hominem
1138 558 1170 588 in
1194 567 1236 588 se.

509 608 556 637 Ex
571 607 628 637 hac
643 612 749 636 autern
769 603 939 634 differentia
959 609 1044 643 patet
1067 603 1156 643 quod
1175 601 1267 632 multi
1284 608 1358 632 sunt
1376 601 1512 642 religiosi

453 652 508 692 qui
532 661 598 681 non
621 657 694 680 sunt
722 648 836 679 sancti:
868 657 979 678 omnes
1008 654 1115 678 autem
1143 646 1241 677 sancti
1264 653 1338 677 sunt
1365 645 1512 685 religiosi.

453 695 517 733 Qui
541 694 626 725 enirn
649 692 862 728 caeremoniis,
887 690 1044 722 sacrificiis
1068 698 1099 721 et
1121 690 1307 721 huiusmodi
1325 697 1445 726 vacant,
1466 700 1513 720 re-
1539 714 1540 719 ,

450 738 554 778 ligiosi
579 737 682 768 vocari
705 743 853 776 possunt:
886 736 984 766 sancti
1007 742 1115 766 autem
1138 745 1358 776 nequaquam,
1384 734 1443 764 nisi
1467 744 1513 764 se-

452 783 604 822 metipsos
628 781 814 812 intrinsecus
838 790 893 820 per
916 780 992 810 haec
1015 780 1085 810 Deo
1110 779 1278 820 applicent.

507 827 544 857 11.
571 827 605 856 In
625 825 831 865 responsione
855 825 894 854 ad
917 824 1058 864 primum
1074 823 1214 854 eiusdem
1232 823 1354 854 articuli
1378 822 1512 853 dubium

452 870 596 907 occurrit,
617 880 683 910 quo
702 875 796 909 pacto
813 868 969 905 sanctitas,
994 875 1030 899 ut
1052 868 1086 898 in
1107 868 1209 899 littera
1232 867 1354 904 dicitur,
1379 867 1513 907 imperat

451 915 571 945 actibus
595 914 729 944 aliarum
751 913 916 950 virtutum,
934 922 1008 943 cum
1037 913 1158 943 dictum
1187 912 1258 943 sit*
1281 912 1370 952 quod
1395 911 1514 942 iustitia

450 959 557 999 legalis
580 959 714 999 imperat
736 957 890 998 religioni.
915 957 1052 997 Oportet
1075 957 1160 987 enim
1183 957 1392 997 imperantem
1415 955 1512 986 virtu-

451 1010 515 1034 tem
540 1003 737 1043 superiorem
762 1011 828 1033 esse
851 1002 1013 1042 imperata.

506 1047 555 1078 Ad
579 1047 641 1078 hoc
665 1046 777 1077 dicitur
800 1046 889 1087 quod
912 1045 1118 1076 manifestum
1137 1051 1183 1075 est
1205 1045 1329 1075 bonum
1352 1043 1513 1083 religionis

452 1102 487 1122 ex
510 1098 597 1132 parte
621 1090 752 1122 subiecti
776 1100 842 1121 esse
865 1097 988 1130 partem
1011 1089 1088 1120 boni
1113 1088 1309 1125 communis,
1335 1094 1365 1118 et
1388 1087 1512 1118 ordina-

451 1136 513 1166 bile
537 1136 576 1166 ad
600 1136 724 1166 bonum
748 1143 935 1166 commune:
961 1141 991 1165 et
1013 1140 1181 1174 propterea
1202 1132 1356 1163 iustitiam
1378 1132 1513 1172 legalem

449 1180 603 1220 imperare
627 1179 781 1219 religioni.
805 1197 826 1202 -
850 1178 1055 1209 Manifestum
1070 1187 1178 1208 rursus
1194 1184 1240 1208 est
1258 1176 1411 1207 iustitiam
1428 1176 1512 1216 lega·-

451 1224 516 1255 lem
544 1223 750 1255 mundificare
774 1230 931 1254 mentem:
961 1233 997 1253 ac
1019 1232 1076 1263 per
1098 1222 1175 1258 hoc,
1199 1220 1347 1261 imperari
1377 1230 1471 1260 posse
1494 1230 1513 1249 a

451 1268 612 1300 sanctitate
636 1269 676 1299 ad
699 1267 813 1298 mentis
837 1266 1133 1301 sanctificationem,
1167 1265 1248 1295 sicut
1270 1263 1513 1304 temperantiam

451 1320 482 1343 et
504 1313 636 1344 aliarum
659 1312 812 1342 virtutum
835 1317 932 1341 actus.
953 1328 974 1333 -
993 1309 1198 1340 Manifestum
1221 1318 1352 1349 quoque
1375 1307 1513 1347 amplius

451 1363 497 1388 est
515 1357 604 1398 quod
623 1356 756 1397 quilibet
769 1355 892 1385 virtutis
908 1361 1005 1390 actus,
1023 1363 1082 1393 pro
1102 1359 1222 1393 quanto
1241 1352 1319 1382 liber
1335 1358 1390 1388 est,
1408 1358 1514 1392 potest

450 1402 508 1431 sub
532 1407 608 1432 voto
634 1400 758 1431 cadere:
784 1409 819 1429 ac
842 1408 898 1439 per
920 1398 990 1434 hoc,
1016 1397 1147 1428 materia
1170 1395 1341 1428 sanctitatis
1364 1402 1420 1427 aut
1442 1395 1512 1426 reli-

449 1445 552 1485 gionis
577 1454 660 1481 esse,
686 1444 776 1475 cuius
800 1450 913 1473 votum
941 1448 987 1472 est
1015 1448 1122 1478 actus,
1147 1447 1183 1472 ut
1205 1441 1287 1471 infra
1305 1439 1322 1459 *
1345 1447 1447 1480 patet;
1478 1450 1514 1471 ac

449 1499 505 1529 per
527 1489 599 1526 hoc,
619 1488 767 1529 imperari
787 1498 804 1518 a
823 1486 995 1518 sanctitate.
1015 1503 1036 1509 —
1057 1486 1104 1516 Ex
1127 1485 1244 1527 quibus
1263 1484 1407 1526 sequitur
1425 1484 1512 1525 quod

1568 347 1605 367 ex
1627 337 1688 368 hoc
1712 338 1818 368 solum
1849 338 1938 379 quod
1961 347 2025 368 una
2047 337 2146 367 virtus
2176 343 2281 377 potest
2303 337 2457 377 imperare
2480 337 2562 368 actui
2587 337 2628 367 al-

1567 381 1673 417 terius,
1697 391 1764 412 non
1787 381 1951 413 efficaciter
1973 381 2114 421 arguitur
2135 380 2285 411 virtutem
2308 381 2396 411 illam
2419 391 2486 412 esse
2508 381 2628 422 simpli-

1567 425 1642 455 citer
1664 426 1819 466 priorem:
1845 426 1988 466 alioquin
2011 424 2120 465 religio
2145 431 2225 455 esset
2248 425 2334 465 prior
2356 424 2427 462 fide,
2453 435 2527 455 cum
2551 435 2627 456 con-

1565 468 1665 508 tingat
1691 479 1806 500 vovere
1833 477 1939 500 actum
1968 469 2051 500 fidei.
2086 468 2251 508 Contingit
2273 478 2411 509 namque
2434 469 2497 500 hoc
2520 479 2557 499 ex
2580 479 2627 500 re—

1565 512 1699 543 flexione
1737 521 1867 544 actuum
1901 514 2025 544 animae
2055 523 2150 553 supra
2183 513 2319 553 seipsos:
2356 519 2387 543 et
2421 512 2531 552 religio
2571 523 2626 544 seu

1565 557 1711 588 sanctitas
1734 557 1796 588 hoc
1819 558 1947 588 sortitur
1970 567 2007 588 ex
2026 567 2085 588 suo
2106 556 2210 597 priore
2225 556 2297 593 fine,
2322 556 2378 597 qui
2403 563 2450 588 est
2471 557 2570 596 Deus,
2586 557 2627 588 ad

1566 611 1663 642 quern
1687 601 1795 632 omnia
1814 601 1923 632 multis
1944 607 2082 641 possunt
2105 600 2210 632 referri
2234 600 2350 632 modis.

1622 645 1874 676 eoncedendum
1890 652 1936 676 est
1955 645 2051 685 igitur
2073 646 2163 686 quod
2181 645 2328 675 sanctitas
2343 645 2478 685 imperat
2492 643 2628 676 iustitiae

1564 689 1667 729 legali,
1692 695 1723 719 et
1746 699 1763 719 e
1785 696 1905 726 contra,
1929 690 2076 730 quamvis
2099 689 2324 720 diversimode:
2349 689 2424 729 quia
2442 687 2561 719 iustitia
2583 687 2627 720 le-

1564 733 1642 773 galis
1660 733 1795 774 imperat
1817 733 1850 764 in
1867 733 1977 764 ordine
2001 734 2041 764 ad
2057 743 2229 764 commune
2248 734 2388 770 bonum;
2412 732 2557 764 sanctitas
2573 742 2628 763 au-

1565 785 1630 808 tem
1654 777 1686 807 in
1710 777 1820 807 ordine
1844 778 1884 808 ad
1906 777 2012 808 Deum
2035 784 2071 808 ut
2094 777 2265 809 sanctitatis
2288 776 2395 808 finem.
2419 777 2460 808 Et
2482 777 2628 818 quamvis

1566 822 1742 852 secundum
1772 821 1850 862 quid
1879 821 1938 851 hae
1961 822 2091 852 virtutes
2114 831 2147 852 se
2171 821 2306 852 habeant
2327 828 2363 852 ut
2386 821 2569 852 excedentes
2599 827 2630 852 et

1566 875 1723 902 excessae,
1749 865 1933 905 simpliciter
1954 871 2060 895 tamen
2083 865 2201 896 iustitia
2223 865 2330 905 legalis
2358 865 2466 905 potior
2488 871 2519 896 et
2541 865 2629 906 prior

1565 910 1698 941 videtur.
1729 910 1817 940 Turn
1845 909 1919 950 quia
1947 915 2053 940 totum
2083 909 2256 949 praefertur
2283 909 2373 949 parti.
2397 927 2418 932 —
2442 910 2531 940 Tum
2553 909 2629 950 quia

1566 965 1602 985 ex
1626 954 1750 985 obiecto
1774 954 1981 984 nobilitantur
2004 960 2035 984 et
2061 953 2247 984 ordinantur
2275 953 2458 993 simpliciter
2486 953 2626 984 virtutes.

1565 999 1735 1030 Obiectum
1755 1005 1862 1029 autem
1876 997 2013 1028 iustitiae
2035 997 2144 1037 legalis
2159 1003 2206 1028 est
2229 1007 2402 1028 commune
2418 998 2550 1034 bonum,
2568 998 2627 1029 sub

1566 1053 1631 1084 quo
1655 1042 1935 1083 comprehenditur
1958 1042 2052 1072 etiarn
2075 1041 2155 1072 illud
2177 1041 2364 1082 particulare
2386 1041 2511 1072 bonum
2539 1041 2628 1083 quod

1565 1095 1611 1118 est
1629 1086 1789 1127 religionis
1805 1086 1976 1118 obiectum.
2001 1086 2134 1127 Propter
2148 1086 2238 1126 quod
2260 1095 2327 1116 non
2346 1091 2393 1115 est
2415 1085 2628 1127 propinquius

1565 1132 1652 1168 Deo,
1677 1131 1792 1162 ultimo
1819 1130 1891 1168 fini,
1916 1129 2076 1170 religionis
2099 1130 2229 1161 materia
2258 1139 2314 1160 seu
2338 1128 2500 1160 obiectum
2529 1139 2628 1170 quam

1564 1175 1700 1206 iustitiae
1726 1175 1836 1215 legalis
1859 1175 2037 1211 obiectum,
2062 1174 2122 1205 nisi
2145 1174 2227 1205 sicut
2253 1173 2421 1215 proprium
2444 1173 2626 1211 communi,

1564 1226 1620 1250 aut
1645 1229 1718 1259 pars
1740 1219 1838 1250 totius
1861 1219 1936 1250 toti:
1968 1219 2059 1260 quod
2087 1218 2221 1259 pertinet
2247 1219 2288 1249 ad
2311 1218 2476 1249 abusivam
2498 1228 2629 1259 compa-

1564 1263 1730 1294 rationem.
1751 1263 1792 1294 Et
1807 1270 1974 1303 propterea
1989 1263 2110 1294 dictum
2127 1269 2173 1293 est
2183 1262 2202 1282 *
2216 1263 2306 1304 quod
2320 1265 2443 1294 Auctor
2457 1271 2523 1293 uon
2539 1272 2628 1294 com·
2657 1267 2668 1278 '

1564 1307 1685 1347 paravit
1698 1306 1884 1347 religionem
1899 1306 2036 1338 iustitiae
2050 1306 2143 1347 legali
2167 1317 2242 1338 curn
2264 1307 2412 1348 praetulit
2433 1316 2504 1338 eam
2520 1306 2628 1338 ceteris

1565 1350 1753 1381 moralibus:
1771 1351 1927 1392 quoniam
1938 1350 2086 1381 nobilitas
2101 1350 2198 1391 partis
2212 1361 2279 1382 non
2292 1350 2505 1382 condividitur
2520 1357 2629 1382 contra

1566 1395 1766 1426 nobilitatem
1788 1395 1896 1431 totius,
1917 1395 1973 1425 sed
1995 1394 2122 1425 alterius
2145 1394 2250 1435 partis.
2274 1395 2316 1426 Et
2328 1395 2407 1426 ratio
2421 1395 2571 1426 Auctoris
2589 1395 2629 1425 de

1568 1438 1840 1480 approximatione
1863 1438 1976 1469 maiori
1999 1439 2039 1469 ad
2061 1437 2168 1475 finem,
2193 1448 2260 1469 non
2275 1439 2370 1470 habet
2391 1439 2502 1471 locum
2524 1448 2629 1480 respe-

1568 1491 1620 1515 ctu
1645 1483 1760 1514 obiecti
1783 1483 1919 1514 iustitiae
1942 1483 2060 1524 legalis,
2085 1483 2197 1514 eadem
2219 1483 2351 1515 ratione.

2852 2590 2860 2830 .--.-.-....-„--,.-
2839 2482 2860 2583 -.1⁵-..⁶
2852 2399 2860 2476 ....„-...

2843 3413 2860 4065 mas-m—-fflflfi—mu
2853 3316 2860 3394 .-.φήῃ
2853 3233 2860 3309 ,-...-
2855 3180 2860 3207 Α..
