2860 4244
894 314 898 318 «
931 289 1197 336 QUAESTIO
1228 290 1442 339 LXXXIX,
1471 291 1767 328 ARTICULUS
1795 292 1863 328 VII

304 366 422 397 dicere:
447 366 510 397 Ubi
534 367 621 397 nulla
640 374 695 403 est,
712 377 770 398 nec
786 377 853 398 esse
869 367 961 398 debet
982 366 1164 407 promissio,
1183 367 1224 397 ibi
1242 368 1367 398 nullum

305 417 352 441 est
381 410 598 441 iuramentum
627 411 882 452 promissorium.
911 411 974 442 Sed
996 410 1022 441 si
1045 411 1216 450 promissio
1237 422 1302 442 non
1318 412 1366 448 sit,

304 463 342 484 ex
364 454 450 490 dolo,
475 455 586 485 debeat
608 463 714 486 tamen
733 465 810 492 esse,
834 462 865 486 et
887 456 1101 486 iuramentum
1125 455 1299 492 intervenit,
1324 457 1367 486 ibi

304 504 351 528 est
373 498 588 530 iuramentum
612 499 856 539 promissorium
875 498 1101 540 obligatorium
1121 500 1160 529 ad
1184 500 1366 539 promissio-

303 551 378 572 nem
401 542 433 572 in
457 543 612 584 praesenti
635 551 666 575 et
688 544 907 574 executionem
933 543 967 573 in
990 543 1108 573 futuro.
1140 543 1294 584 Alioquin
1318 544 1366 575 iu-

302 587 436 617 ramenti
451 587 498 618 vis
516 587 640 627 periret,
657 594 688 618 et
705 587 920 618 iuramentum
936 587 1032 617 simul
1047 594 1127 617 esset
1142 594 1172 618 et
1188 597 1252 618 non
1269 595 1364 619 esset:

302 630 378 670 quia
401 630 426 661 si
451 641 517 662 non
539 632 668 671 obligat,
692 638 838 668 nonest,
863 638 893 662 et
912 631 938 661 si
953 637 1008 667 est,
1033 631 1166 671 obligat;
1191 631 1223 661 in
1248 642 1365 673 propo-

302 674 362 705 sito
377 682 485 706 autem
505 682 586 706 esset
607 682 639 706 et
660 685 727 705 non
743 675 904 716 obligaret,
928 684 963 705 ac
986 685 1042 715 per
1058 675 1119 706 hoc
1143 682 1222 706 esset
1246 683 1276 706 et
1299 686 1365 707 non

303 725 395 749 esset.

356 762 426 793 XX.
441 762 620 793 Dicendum
643 769 689 793 est
704 772 795 802 ergo:
825 762 857 793 Si
872 763 993 793 iuratur
1013 763 1121 793 animo
1142 763 1275 800 iurandi,
1293 763 1366 794 licet

301 815 367 835 non
389 806 593 846 promittendi
610 816 668 836 nec
683 807 880 843 observandi,
898 814 983 838 tenet
1001 807 1215 838 iuramentum
1231 818 1297 838 non
1314 817 1364 838 so-

300 849 369 880 lum
398 849 432 880 in
455 849 526 880 foro
545 850 699 887 iudiciali,
723 851 778 881 sed
802 851 834 881 in
859 851 930 882 foro
950 851 1169 888 conscientiae,
1194 858 1225 882 et
1246 851 1365 891 obligat

299 893 340 923 ad
364 894 608 925 observandum.
632 895 674 925 Et
696 895 774 926 ratio
791 902 838 926 est
860 895 935 936 quia
949 896 1008 926 sub
1024 896 1203 926 iuramento
1227 895 1363 935 promis-

299 937 384 967 sorio
409 938 589 969 continetur
611 938 717 970 futura
737 939 879 970 executio
904 940 1030 970 duobus
1046 940 1166 970 modis:
1190 939 1308 969 scilicet
1330 939 1362 969 in

299 990 356 1011 sua
372 991 475 1018 causa,
493 993 575 1023 quae
591 990 637 1014 est
660 984 830 1023 promissio
854 993 1015 1024 praesens3
1041 990 1071 1014 et
1089 984 1122 1014 in
1138 983 1249 1022 seipsa,
1274 983 1363 1023 quod

298 1024 415 1057 scilicet
438 1033 576 1067 ponatur
589 1027 621 1057 in
639 1037 705 1058 esse
721 1034 866 1068 tempore
881 1027 1002 1058 futuro.
1026 1027 1066 1058 Et
1086 1027 1227 1067 primum
1245 1026 1362 1057 horum

298 1075 384 1109 patet
407 1071 582 1102 manifeste.
613 1071 797 1102 Secundum
820 1081 895 1102 vero
926 1072 1078 1112 probatur
1106 1070 1228 1101 ratione
1252 1077 1282 1100 et
1305 1080 1361 1101 au-

298 1114 451 1146 ctoritate.
475 1115 569 1146 Ratio
593 1122 640 1146 est
662 1115 738 1156 quia
761 1116 787 1146 si
805 1115 1020 1146 iuramentum
1037 1115 1160 1145 caderet
1183 1124 1278 1154 super
1293 1124 1362 1145 exe-

299 1157 427 1189 cutione
453 1159 486 1190 in
509 1170 567 1190 sua
591 1169 684 1190 causa
706 1166 850 1195 tantum,
874 1159 1090 1189 iuramentum
1118 1158 1362 1198 promissorium

298 1211 465 1243 nunquam
484 1204 655 1234 violaretur
678 1213 715 1233 ex
737 1203 860 1233 defectu
881 1202 1089 1234 executionis:
1114 1203 1203 1243 quod
1227 1209 1273 1233 est
1295 1213 1360 1233 ma-

298 1245 410 1277 nifeste
435 1246 560 1278 falsum.
593 1247 748 1277 Probatur
775 1246 912 1287 sequela.
945 1247 1028 1284 Quia
1056 1256 1166 1277 sensus
1193 1246 1361 1278 iuramenti

297 1290 495 1330 promissorii
518 1297 608 1327 esset,
632 1291 712 1321 Iuro
735 1300 786 1321 me
801 1292 1012 1331 promittere:
1034 1291 1090 1332 qui
1114 1291 1199 1321 enim
1223 1290 1306 1322 iurat
1328 1302 1361 1322 se

296 1334 497 1374 promittere,
521 1335 604 1365 iurat
626 1334 845 1365 executionem
868 1335 1017 1375 promissi
1040 1335 1072 1365 in
1097 1345 1154 1366 sua
1178 1345 1271 1365 causa
1294 1342 1361 1366 tan-

295 1383 375 1408 tum.
399 1378 479 1409 Tale
494 1386 602 1421 autem
616 1379 841 1416 iuramentum,
859 1379 985 1416 scilicet,
1001 1379 1080 1410 Iuro
1097 1389 1147 1410 me
1159 1380 1358 1420 promittere,

252 1453 277 1457 ,ἶ
294 1431 365 1455 non
387 1422 511 1463 obflgat
538 1423 597 1453 nisi
627 1424 667 1454 ad
690 1423 852 1455 veritatem
881 1424 1097 1460 assertoriam,
1125 1423 1242 1454 scilicet
1271 1425 1360 1464 quod

293 1475 406 1496 verum
430 1466 470 1498 sit
493 1477 544 1498 me
568 1468 762 1508 promittere,
786 1475 822 1498 ut
844 1474 940 1508 patet.
964 1470 1011 1498 Ac
1034 1477 1090 1508 per
1112 1468 1184 1503 hoc,
1209 1467 1234 1497 si
1251 1467 1294 1498 sic
1310 1468 1359 1499 iu-

293 1519 366 1541 rans
387 1510 421 1541 in
444 1511 572 1542 veritate
595 1512 757 1552 promisit,
771 1512 1006 1543 consummavit
1024 1521 1106 1552 opus
1121 1511 1304 1542 iuramenti:
1329 1519 1360 1543 et

294 1553 321 1584 si
344 1556 556 1595 postmodum
578 1556 720 1596 poenitet
743 1556 927 1596 promisisse
950 1563 981 1587 et
1004 1565 1069 1586 non
1094 1562 1205 1592 servat,
1230 1565 1297 1586 non
1313 1563 1360 1587 est

292 1598 448 1638 periurus,
465 1600 540 1641 quia
554 1610 621 1631 non
636 1600 750 1631 iuravit
764 1610 797 1631 se
811 1607 1018 1636 servaturum,
1042 1599 1096 1630 sed
1115 1609 1148 1630 se
1164 1599 1358 1639 promittere,

293 1643 383 1684 quod
406 1643 466 1675 fuit
488 1654 609 1676 verum.
641 1645 683 1675 Et
705 1645 753 1675 sic
777 1644 884 1675 nullus
911 1644 968 1675 erit
998 1643 1142 1684 periurus
1173 1653 1210 1674 ex
1234 1643 1358 1675 defectu

293 1687 522 1719 observationis
544 1688 714 1720 iuramenti
736 1688 944 1729 promissorii.
969 1688 1084 1725 Immo,
1108 1688 1134 1718 si
1156 1695 1238 1718 recte
1259 1688 1358 1729 inspi-

292 1730 402 1768 cietur,
425 1732 568 1773 sequitur
582 1742 619 1763 ex
637 1733 697 1763 hac
713 1733 866 1773 opinione
890 1733 979 1774 quod
999 1732 1126 1763 nullum
1142 1732 1357 1764 iuramentum

292 1775 351 1806 erit
365 1776 621 1815 promissorium,
637 1777 692 1807 sed
709 1777 818 1808 omnia
832 1784 906 1808 sunt
920 1777 1095 1807 assertoria.
1120 1777 1162 1807 Et
1177 1776 1288 1808 accidit
1306 1777 1358 1808 hic

291 1829 378 1851 error
400 1820 476 1861 quia
498 1830 564 1851 non
580 1821 767 1853 discernitur
789 1821 963 1852 differentia
977 1821 1058 1852 inter
1072 1821 1149 1857 duo,
1174 1820 1291 1852 scilicet
1309 1821 1357 1852 iu-

291 1871 472 1895 ramentum
495 1865 750 1906 promissorium,
774 1873 806 1897 et
825 1866 1041 1896 iuramentum
1057 1865 1261 1896 assertorium
1285 1876 1358 1906 pro-

290 1907 460 1940 missionis.
483 1910 567 1940 Nam
583 1910 786 1941 assertorium
809 1909 1029 1951 promissionis
1051 1915 1097 1940 est
1119 1909 1201 1940 sicut
1223 1917 1357 1941 asserto-

290 1952 375 1984 rium
390 1953 584 1991 intentionis,
600 1954 782 1991 locutionis,
804 1961 835 1985 et
857 1954 994 1985 aliorum
1010 1961 1141 1985 actuum
1157 1961 1355 1985 nostrorum:

291 2003 323 2028 et
345 1997 420 2038 quia
443 1998 586 2029 executio
617 1998 795 2030 continetur
821 1998 854 2029 in
878 2005 994 2029 asserta
1023 1997 1235 2038 promissione
1265 2005 1301 2029 ut
1323 1999 1355 2029 in

291 2051 401 2078 causa,
426 2041 516 2079 ideo,
540 2049 576 2074 ut
599 2042 719 2074 dictum
744 2049 806 2079 est,
830 2042 891 2074 tale
913 2042 1129 2073 iuramentum
1152 2052 1219 2073 non
1242 2050 1288 2073 est
1317 2044 1356 2074 de

291 2085 476 2117 executione
499 2086 560 2117 nisi
582 2086 615 2117 in
640 2097 698 2118 sua
721 2097 824 2118 causa.
850 2087 1068 2118 Iuramentum
1083 2096 1158 2117 vero
1182 2086 1356 2126 promisso-

290 2129 375 2160 rium
398 2139 464 2161 non
488 2131 596 2162 solum
618 2131 739 2172 obligat
761 2131 801 2162 ad
824 2131 1030 2162 assertionem
1053 2131 1284 2171 promissionis,
1302 2133 1356 2162 sed

290 2174 331 2204 ad
346 2175 566 2206 executionem
589 2176 772 2216 ponendam
787 2175 820 2206 in
836 2185 904 2206 esse
922 2175 1031 2206 futuro
1051 2182 1209 2215 tempore:
1234 2182 1265 2206 et
1282 2175 1355 2207 ideo

290 2218 316 2248 si
340 2228 407 2249 non
430 2219 615 2250 observatur
637 2220 815 2251 omittendo
838 2220 1057 2251 executionem
1079 2219 1231 2256 iuratam,
1252 2220 1355 2260 periu-

290 2261 375 2293 rium
397 2262 581 2300 incurritur;
612 2264 693 2295 sicut
715 2265 741 2295 si
765 2274 831 2294 non
855 2271 995 2295 servatur
1017 2263 1194 2294 omittendo
1219 2264 1354 2303 promis-

290 2306 415 2338 sionem
438 2304 607 2344 assertam,
632 2308 806 2349 periurium
830 2308 1007 2339 incurritur.
1037 2308 1127 2339 Patet
1149 2307 1245 2348 igitur
1267 2310 1355 2349 quod

289 2351 506 2383 iuramentum
529 2352 774 2392 promissorium
801 2353 1005 2392 obligativam
1026 2352 1092 2382 vim
1116 2351 1210 2382 habet
1240 2362 1277 2382 ex
1300 2363 1355 2383 na-

290 2401 363 2427 tura
385 2394 442 2426 sila
465 2396 505 2427 ad
527 2397 610 2427 duo:
641 2397 759 2428 scilicet
785 2397 825 2427 ad
855 2396 1101 2437 promissionem
1125 2403 1162 2427 ut
1188 2403 1353 2434 assertam,

290 2439 380 2481 quod
402 2439 537 2471 includit
563 2441 677 2472 habere
700 2441 766 2472 vim
789 2441 828 2471 ad
855 2441 1075 2472 executionem
1105 2440 1138 2470 in
1161 2450 1218 2470 sua
1242 2450 1354 2478 causa;

290 2490 323 2515 et
343 2483 384 2514 ad
403 2485 622 2516 executionem
636 2485 667 2516 in
685 2485 797 2525 seipsa,
818 2492 853 2515 ut
872 2485 989 2516 scilicet
1011 2491 1150 2525 ponatur
1164 2484 1197 2514 in
1214 2494 1292 2515 esse.
1315 2485 1356 2516 Et

290 2535 459 2569 propterea
478 2529 504 2559 si
520 2529 677 2568 omissum
693 2529 753 2560 fuit
776 2529 926 2569 primum,
950 2529 1068 2560 scilicet
1092 2528 1272 2568 promissio,
1290 2539 1355 2559 non

290 2572 433 2614 sequitur
455 2574 545 2614 quod
568 2574 782 2605 omittendum
798 2573 838 2604 sit
853 2574 1039 2610 secundum,
1055 2572 1172 2604 scilicet
1195 2573 1355 2603 executio:

291 2617 346 2648 sed
376 2617 484 2657 potius
512 2618 600 2658 quod
624 2618 729 2659 primo
753 2618 839 2648 malo
862 2618 994 2648 addetur
1016 2617 1194 2648 secundum
1217 2618 1354 2655 malum,

291 2661 469 2692 omittendo
492 2661 525 2692 in
547 2662 656 2693 futuro
680 2662 909 2693 executionem.

346 2706 526 2736 Auctoritas
541 2713 587 2737 est
608 2707 705 2738 sancti
723 2706 871 2737 Thomae
886 2706 921 2736 in
939 2706 1002 2738 hoc
1024 2705 1158 2736 articulo
1174 2705 1207 2735 in
1225 2715 1356 2745 respon—

291 2750 381 2780 sione
405 2749 444 2779 ad
467 2749 618 2790 primum,
642 2751 696 2781 ubi
730 2750 810 2781 clare
833 2750 929 2781 habes
952 2750 1034 2780 hanc
1058 2749 1293 2780 distinctionem
1317 2751 1355 2780 de

291 2793 420 2824 veritate
443 2794 636 2825 executionis
650 2795 683 2825 in
706 2805 764 2825 sua
782 2804 886 2832 causa,
902 2794 952 2824 vel
970 2794 1003 2824 in
1019 2793 1134 2833 seipsa;
1159 2801 1189 2824 et
1211 2792 1355 2824 differen-

291 2838 370 2868 tiam
387 2837 468 2868 inter
490 2838 623 2878 simplex
645 2839 778 2869 verbum
798 2839 836 2868 de
852 2838 977 2874 futuro,
1002 2845 1031 2869 et
1055 2837 1233 2868 iuramento
1250 2836 1355 2868 firma-

292 2889 379 2918 tum,
404 2882 493 2922 quod
516 2882 633 2913 scilicet
656 2883 696 2912 ad
718 2882 798 2913 illud
821 2881 935 2912 sufficit
950 2881 1062 2912 veritas
1086 2881 1184 2911 futuri
1200 2881 1232 2911 in
1249 2891 1354 2918 causa,

293 2926 332 2956 ad
355 2926 418 2956 hoc
442 2933 549 2957 autern
574 2927 654 2957 ultra
676 2926 739 2956 hoc
762 2925 894 2966 exigitur
920 2926 1033 2956 veritas
1057 2925 1155 2955 futuri
1177 2925 1208 2955 in
1233 2925 1353 2965 seipso,

293 2969 368 3011 quia
388 2970 562 3012 obligatur,
582 2970 695 3011 inquit,
715 2970 808 3000 homo
831 2975 867 3000 ut
881 2969 991 3011 faciat
1006 2979 1074 3000 esse
1089 2979 1199 3000 verum
1217 2969 1250 2999 id
1271 2969 1356 3009 quod

293 3015 423 3046 iuravit.
449 3015 536 3052 Quid
560 3014 683 3050 clarius,
707 3013 852 3055 quamvis
874 3010 986 3044 breve?

348 3058 396 3089 Ex
411 3059 527 3100 quibus
546 3065 632 3099 patet
647 3058 766 3089 solutio
786 3058 984 3088 obiectorum
1000 3056 1032 3087 in
1053 3056 1246 3087 contrarium
1261 3056 1294 3093 *;
1325 3063 1356 3087 et

292 3113 390 3143 quam
413 3104 494 3133 bene
517 3103 638 3134 dicatur
655 3103 693 3143 *in
715 3102 817 3133 littera
841 3102 930 3142 quod
954 3102 1067 3132 iurans
1083 3101 1115 3131 in
1132 3101 1204 3132 dolo
1227 3105 1355 3131 tenetur

291 3157 425 3178 servare
447 3148 663 3178 iuramentum
679 3147 852 3178 secundum
868 3155 984 3177 sanum
1005 3145 1198 3176 intellectum
1215 3145 1284 3175 eius
1303 3146 1356 3175 cui

287 3196 497 3232 praestatum
526 3198 557 3222 et
579 3201 678 3232 quam
699 3191 780 3222 bene
803 3190 914 3221 dixerit
936 3190 1075 3220 Isidorus
1098 3189 1187 3230 quod
1209 3189 1353 3220 dolosum

293 3236 508 3266 iuramentum
532 3236 623 3266 Deus
644 3236 710 3276 ipse
732 3234 885 3276 intelligit
906 3235 989 3265 sicut
1011 3233 1066 3264 ille
1088 3234 1140 3264 cui
1156 3234 1287 3264 iuratur
1293 3241 1306 3271 ;
1329 3233 1354 3263 si

292 3280 378 3310 enim
401 3280 488 3311 Deus
511 3280 555 3310 sic
577 3279 699 3319 accipit,
722 3278 755 3310 in
779 3278 850 3309 foro
874 3277 1082 3309 conscientiae
1106 3277 1234 3318 obligat.

347 3324 430 3355 XXI.
456 3324 488 3355 Si
511 3331 620 3354 autem
641 3323 733 3354 tertio
752 3322 852 3353 modo
874 3322 996 3353 iuratur
1009 3321 1036 3358 *,
1053 3321 1170 3352 scilicet
1185 3322 1255 3352 solo
1272 3328 1354 3352 exte-

292 3368 368 3399 riori
391 3375 472 3404 actu,
497 3368 564 3398 sine
579 3367 688 3398 animo
703 3366 900 3403 observandi,
924 3366 992 3397 sine
1007 3365 1115 3397 animo
1138 3365 1354 3406 promittendi,

293 3411 360 3443 sine
384 3412 492 3443 animo
514 3412 648 3448 iurandi,
672 3418 748 3442 tunc
771 3410 860 3441 nulla
882 3417 929 3442 est
950 3409 1102 3450 obligatio
1124 3420 1161 3440 ex
1175 3409 1354 3440 iuramento

293 3456 334 3487 ad
353 3457 571 3488 executionem
586 3457 619 3486 in
640 3455 711 3486 foro
728 3454 937 3486 conscientiae
953 3453 1113 3484 absolute:
1136 3454 1212 3495 quia
1228 3453 1355 3484 nullum

294 3507 341 3531 est
362 3500 395 3531 in
411 3501 540 3532 veritate
554 3500 778 3536 iuramentum,
803 3499 856 3529 sed
873 3498 905 3529 in
920 3498 1102 3539 apparentia
1124 3504 1260 3529 tantum.
1285 3497 1355 3528 Dixi

294 3550 412 3582 autem,
435 3545 594 3577 absolute:
617 3544 692 3585 quia
715 3553 752 3574 ex
775 3542 996 3583 suppositione
1020 3541 1157 3572 scandali
1180 3541 1291 3572 iudicis
1306 3542 1357 3572 vel

293 3589 390 3628 partis
413 3589 562 3629 exigentis
586 3588 700 3619 servari
722 3588 953 3622 iuramentum,
977 3592 1101 3617 tenetur
1130 3585 1163 3616 in
1186 3585 1257 3616 foro
1281 3595 1357 3616 con-

294 3632 440 3664 scientiae
463 3634 628 3664 observare
650 3639 779 3673 propter
801 3631 1015 3662 iuramentum
1039 3629 1181 3666 exterius,
1206 3639 1246 3660 ne
1269 3639 1356 3660 scan-

2403 293 2476 329 285

1421 368 1542 405 dalizet,
1566 376 1723 410 quantum
1746 379 1783 400 ex
1798 379 1831 400 se
1846 376 1901 406 est,
1925 369 2087 401 audientes
2111 380 2177 400 non
2193 370 2307 400 servari
2322 369 2477 400 iuramen-

1421 420 1498 443 tum.
1530 414 1642 455 Neque
1665 414 1750 444 enim
1778 420 1915 444 meretur
1942 421 1978 444 ut
2008 414 2113 445 credas
2137 413 2196 444 sibi
2219 414 2334 444 dicenti
2357 424 2390 444 se
2413 424 2478 451 non

1419 467 1456 487 ex
1477 457 1584 488 animo
1608 457 1742 488 iurasse:
1774 458 1829 488 sed
1852 458 1910 488 sibi
1933 458 1993 498 ipsi
2016 458 2153 498 imputet
2179 458 2268 499 quod
2291 468 2323 488 se
2347 458 2390 489 sic
2412 458 2478 488 illa-

1419 508 1556 541 queavit.

1471 545 1569 576 XXII.
1594 545 1629 575 In
1649 546 1759 576 eadem
1782 546 1988 586 responsione
2012 546 2050 576 ad
2074 552 2240 587 quartum,
2265 546 2400 576 dubium
2424 556 2477 577 oc-

1418 588 1528 624 currit,
1552 599 1593 618 an
1615 589 1721 619 iurans
1748 597 1854 620 coacte
1878 589 1971 620 alicui
2001 589 2204 620 simulatoriis
2226 590 2344 626 verbis,
2369 590 2476 621 animo

1418 642 1483 662 non
1506 642 1539 662 se
1562 633 1722 672 obligandi
1745 643 1802 664 nec
1825 634 2030 674 adimplendi,
2054 641 2161 673 peccet
2183 634 2356 665 mortaliter
2372 634 2477 665 siciu-

1417 676 1525 706 rando.
1557 677 1597 706 Et
1625 684 1671 707 est
1694 677 1774 707 ratio
1797 678 1885 708 dubii
1915 678 1989 718 quia
2012 678 2143 719 quidam
2166 678 2358 718 scripserunt
2387 679 2476 719 quod

1417 730 1491 756 non,
1508 719 1534 749 si
1557 720 1651 751 habet
1674 721 1813 761 aliquam
1832 721 1958 752 tacitam
1975 722 2007 752 in
2024 730 2130 754 mente
2144 722 2370 759 conditionem,
2388 730 2474 763 puta,

1415 765 1444 794 si
1464 763 1588 794 debebo.
1614 765 1708 794 Verbi
1731 765 1837 804 gratia,
1861 765 1943 796 iurat
1966 767 2038 796 dare
2060 766 2174 797 latroni
2198 773 2326 797 centum
2345 776 2473 798 aureos:

1416 807 1446 837 in
1471 814 1577 838 mente
1605 814 1711 838 tamen
1735 819 1791 839 sua
1817 809 1966 846 intendit,
1990 811 2020 841 si
2047 820 2117 840 sum
2148 810 2326 851 obligatus,
2351 817 2382 841 et
2408 821 2473 842 non

1415 851 1511 882 aliter.
1536 852 1576 882 Et
1592 851 1724 882 afferunt
1746 853 1834 893 quod
1856 854 1928 884 licet
1943 854 1999 890 uti,
2023 861 2106 884 extra
2120 854 2283 889 iudicium.
2300 854 2474 886 simulatio-

1416 895 1507 925 nibus
1531 895 1732 932 huiusmodi,
1758 903 1793 927 ut
1823 904 1907 936 patet
1930 898 2035 934 XXII,
2060 908 2115 938 qu.
2130 909 2167 934 11,
2192 908 2259 938 cap.
2281 898 2412 937 Utilem,
2437 909 2474 930 ex

1415 939 1600 970 auctoritate
1616 940 1805 980 Hieronymi
1819 941 1845 971 *.
1863 958 1883 964 -
1900 941 1935 971 In
1951 942 2138 982 oppositum
2154 949 2261 972 autem
2277 949 2322 973 est
2337 942 2412 983 quia
2425 943 2473 973 iu-

1416 990 1596 1015 ramentum
1619 984 1754 1014 mendax
1777 991 1823 1014 est
1846 985 1988 1015 mortale.

1469 1027 1519 1057 Ad
1543 1027 1604 1058 hoc
1628 1027 1740 1058 dicitur
1762 1028 1851 1068 quod
1875 1028 1924 1059 hic
1947 1035 1993 1059 est
2016 1039 2098 1069 opus
2122 1029 2238 1069 duplici
2263 1029 2471 1062 distinctione.

1414 1071 1518 1101 Prima
1541 1078 1588 1102 est
1614 1072 1653 1102 de
1675 1071 1777 1102 verbis
1805 1082 1886 1113 quae
1912 1073 1943 1102 in
1968 1073 2152 1103 huiusmodi
2175 1073 2357 1105 iuramentis
2386 1085 2472 1105 assu-

1415 1122 1560 1146 muntur:
1594 1115 1748 1156 quoniam
1771 1123 1825 1146 aut
1848 1123 1922 1147 sunt
1944 1116 2035 1153 falsa;
2060 1124 2114 1147 aut
2137 1124 2210 1148 sunt
2233 1118 2338 1157 plures
2362 1128 2472 1149 sensus

1414 1159 1569 1196 habentia,
1592 1166 1622 1190 et
1645 1159 1678 1190 in
1694 1170 1760 1190 uno
1777 1170 1849 1190 vera
1872 1167 1903 1191 et
1918 1161 1949 1190 in
1967 1160 2029 1190 alio
2046 1160 2135 1196 falsa;
2160 1167 2215 1191 aut
2233 1162 2375 1192 absolute
2389 1172 2471 1199 vera,

1413 1204 1467 1234 sed
1491 1205 1535 1234 sic
1551 1203 1718 1235 artificiose
1735 1204 1912 1244 composita
1933 1211 1969 1235 ut
1992 1205 2122 1235 audiens
2138 1205 2236 1235 alium
2253 1215 2390 1242 sensum,
2407 1216 2472 1236 non

1414 1258 1523 1278 verum
1540 1248 1680 1288 accipiat.
1700 1265 1720 1271 —
1740 1248 1885 1279 Secunda
1904 1249 2062 1279 distinctio
2079 1255 2124 1279 est
2143 1249 2217 1289 quia
2232 1256 2287 1280 aut
2306 1257 2353 1279 est
2368 1259 2472 1280 sermo

1412 1292 1444 1322 in
1467 1292 1597 1323 materia
1626 1292 1841 1332 praeiudiciali
1864 1293 1967 1330 alteri,
1992 1300 2028 1324 ut
2051 1299 2125 1323 sunt
2148 1293 2341 1333 emptiones,
2365 1294 2473 1324 vendi-

1412 1336 1531 1372 tiones,
1555 1343 1643 1367 actus
1666 1336 1793 1373 iudicii,
1818 1343 1848 1367 et
1877 1337 2081 1368 huiusmodi:
2113 1343 2168 1367 aut
2195 1337 2261 1367 sine
2285 1337 2473 1378 cuiusquam

1413 1380 1615 1420 praeiudicio.

1466 1425 1508 1455 Et
1530 1431 1606 1455 tunc
1626 1424 1739 1455 dicitur
1754 1426 1843 1465 quod
1858 1425 1891 1455 in
1907 1434 2111 1465 quacumque
2127 1425 2257 1455 materia
2273 1425 2322 1462 sit,
2339 1426 2364 1455 si
2380 1426 2473 1456 verba

1412 1475 1486 1499 sunt
1502 1468 1589 1505 falsa,
1606 1469 1667 1500 tale
1683 1469 1898 1500 iuramentum
1918 1476 1963 1499 est
1987 1476 2151 1509 peccatum
2167 1469 2310 1500 mortale.
2334 1470 2375 1500 Et
2394 1470 2472 1500 ratio

1411 1520 1457 1544 est
1473 1513 1548 1553 quia
1562 1513 1606 1543 ibi
1625 1519 1671 1543 est
1693 1513 1892 1543 mendacium
1909 1514 2089 1544 iuramento
2095 1513 2267 1554 firmatum
2279 1513 2312 1543 *ε
2337 1514 2411 1554 quia
2429 1514 2472 1544 ibi

1411 1563 1458 1588 est
1470 1557 1565 1598 salsa
1582 1558 1666 1588 vocis
1680 1557 1884 1597 signficatio,
1901 1567 1972 1588 cum
1996 1558 2167 1587 intentione
2180 1557 2326 1598 fallendi
2340 1558 2367 1594 *‚
2391 1558 2472 1588 iura-

1412 1607 1520 1631 mento
1544 1600 1677 1631 firmata.
1702 1601 1794 1631 Unde
1818 1601 1915 1637 XXII,
1939 1611 1993 1641 qu.
2010 1611 2042 1637 11,
2067 1611 2134 1641 cap.
2152 1602 2191 1631 In
2206 1601 2290 1639 dolo,
2311 1601 2385 1632 dicit
2403 1604 2470 1632 Au—

1411 1645 1600 1685 gustinus*:
1621 1645 1660 1675 In
1682 1645 1755 1675 dolo
1771 1646 1859 1675 iurat
1881 1646 1936 1685 qui
1953 1645 2050 1675 aliter
2056 1644 2214 1685 facturus
2229 1651 2275 1676 est
2290 1655 2384 1686 quam
2395 1656 2471 1686 pro-

1412 1690 1516 1720 mittit.
1537 1689 1599 1720 Ubi
1619 1689 1796 1725 Gratianus,
1816 1689 1848 1719 in
1865 1689 2007 1729 sequenti
2025 1699 2103 1728 cap„
2120 1699 2280 1728 exponens
2300 1689 2389 1720 dicit:
2410 1690 2472 1721 Ille

1412 1734 1444 1764 in
1466 1733 1540 1764 dolo
1556 1734 1654 1770 iurat,
1679 1738 1736 1764 aut
1751 1733 1948 1764 mendaciter
1963 1734 2134 1773 promittit,
2152 1734 2184 1763 in
2201 1734 2293 1763 cuius
2308 1739 2412 1764 mente
2427 1740 2474 1765 est

1412 1787 1474 1808 non
1497 1778 1544 1808 sic
1565 1787 1601 1808 se
1616 1776 1790 1818 facturum
1815 1782 1850 1808 ut
1866 1778 2036 1817 promittit.
2068 1777 2133 1807 Nec
2157 1784 2321 1808 excusatur
2344 1785 2473 1818 propter

1410 1821 1597 1862 implicitam
1629 1821 1885 1852 subauditionem
1916 1822 1949 1852 in
1979 1827 2084 1851 mente
2114 1827 2282 1852 retentam:
2318 1822 2470 1862 quoniam

1411 1865 1596 1897 huiusmodi
1619 1865 1799 1896 subauditio
1823 1875 1889 1896 non
1913 1872 2039 1896 excusat
2061 1865 2139 1906 quin
2163 1864 2202 1895 sit
2224 1865 2301 1895 falsa
2323 1865 2409 1896 vocis
2433 1866 2472 1896 si-

1411 1909 1570 1950 gnificatio
1595 1919 1668 1940 cum
1695 1910 1872 1940 intentione
1904 1909 2048 1945 fallendi;
2071 1919 2146 1939 nam
2174 1916 2296 1940 constat
2319 1910 2406 1950 quod
2430 1910 2472 1940 ibi

1411 1961 1457 1985 est
1480 1954 1557 1984 falsa
1579 1954 1666 1984 vocis
1689 1953 1874 1994 significatio
1891 1961 1922 1985 et
1944 1953 2077 1984 intentio
2102 1953 2228 1983 fallendi
2248 1954 2349 1990 illum,
2366 1961 2402 1984 ut
2426 1954 2471 1984 in-

1411 1998 1530 2038 telligat
1559 1997 1617 2028 sibi
1645 1998 1788 2038 promitti
1819 1998 1908 2039 quod
1939 1998 1998 2028 iste
2021 2007 2086 2028 non
2116 1997 2298 2037 promittere
2328 1998 2470 2030 intendit.

1411 2043 1460 2079 Et,
1485 2042 1626 2078 breviter,
1642 2042 1794 2073 habeatur
1830 2052 1888 2082 pro
1920 2041 2086 2072 universali
2116 2042 2224 2081 regula
2254 2043 2352 2083 quod,
2382 2052 2471 2072 men-

1410 2087 1500 2117 dacio
1531 2086 1764 2123 interveniente,
1796 2096 1920 2126 semper
1950 2086 2165 2116 iuramentum
2189 2093 2235 2116 est
2264 2086 2406 2116 mortale.
2431 2087 2472 2117 Et

1411 2131 1485 2172 quia
1508 2131 1702 2171 ubicumque
1717 2129 1821 2161 deficit
1836 2130 1961 2161 animus
1982 2129 2187 2170 promittendi
2210 2137 2263 2160 aut
2283 2131 2468 2160 observandi

1410 2176 1442 2206 in
1458 2175 1637 2205 iuramento
1653 2175 1872 2215 promissorio,
1889 2174 2055 2205 intervenit
2070 2174 2281 2211 mendacium,
2298 2174 2370 2204 ideo
2388 2185 2469 2205 sem-

1412 2230 1465 2260 per
1488 2226 1535 2250 est
1557 2219 1701 2249 mortale.

1465 2263 1528 2294 Ubi
1552 2270 1660 2293 autem
1683 2262 1787 2293 deficit
1806 2262 1901 2293 etiam
1917 2262 2041 2293 animus
2056 2262 2189 2298 iurandi,
2214 2269 2244 2293 et
2267 2262 2374 2292 solum
2388 2270 2470 2293 exte—

1410 2307 1500 2338 rioris
1519 2307 1687 2338 iuramenti
1703 2307 1884 2347 apparentia
1899 2307 2074 2343 intervenit,
2090 2306 2223 2337 mortale
2246 2316 2376 2347 quoque
2399 2317 2469 2347 pec-

1410 2359 1514 2383 catum
1535 2358 1594 2383 est.
1618 2352 1659 2382 Et
1682 2351 1761 2382 ratio
1777 2358 1824 2382 est
1845 2351 1921 2392 quia
1939 2351 2073 2382 exterius
2095 2351 2311 2381 iuramentum
2334 2351 2470 2390 applica-

1409 2404 1460 2427 tur
1475 2396 1652 2432 mendacio,
1665 2395 1754 2436 quod
1769 2402 1815 2426 est
1829 2395 1959 2425 materia
1975 2395 2108 2425 omnino
2125 2394 2279 2425 contraria
2291 2394 2470 2426 iuramento

1410 2447 1475 2471 tam
1495 2440 1635 2470 interiori
1654 2450 1752 2480 quarn
1776 2439 1929 2470 exteriori.
1954 2439 2051 2475 Sicut,
2068 2439 2093 2469 si
2116 2438 2188 2479 quis
2212 2448 2277 2469 non
2293 2439 2400 2468 animo
2418 2449 2470 2469 co-

1408 2484 1503 2520 lendi,
1527 2484 1582 2514 sed
1605 2485 1674 2514 solo
1699 2491 1769 2514 actu
1795 2483 1938 2514 exteriori
1962 2483 2078 2514 coleret
2101 2483 2196 2518 idola,
2221 2489 2256 2513 ut
2280 2483 2318 2512 de
2340 2484 2471 2514 Marcel-

1409 2529 1475 2558 lino
1507 2528 1668 2564 dicitur*‚
1693 2535 1835 2567 peccaret
1862 2527 2053 2564 mortaliter,
2078 2527 2152 2568 quia
2182 2533 2288 2557 actum
2312 2527 2470 2557 exterioris

1410 2573 1514 2603 cultus
1537 2572 1708 2612 applicaret
1733 2572 1782 2602 cui
1807 2581 1872 2602 non
1896 2572 2003 2608 debet;
2034 2571 2077 2602 ita
2104 2571 2136 2601 in
2167 2571 2334 2611 proposito
2363 2578 2469 2602 actum

1410 2616 1569 2651 exterioris
1592 2616 1778 2652 iuramenti,
1802 2615 1858 2656 qui
1881 2623 1927 2646 est
1953 2622 2041 2646 actus
2063 2615 2187 2651 latriae,
2211 2615 2382 2655 applicaret
2405 2626 2470 2645 ma-

1409 2661 1502 2691 teriae
1526 2660 1708 2696 contrariae,
1731 2660 1848 2690 scilicet
1871 2660 2047 2695 mendacio,
2072 2659 2150 2689 dum
2173 2659 2297 2695 diceret,
2320 2660 2410 2690 Deus
2425 2666 2472 2690 est

1410 2705 1487 2735 mihi
1515 2706 1603 2735 testis
1633 2704 1718 2744 quod
1743 2705 1790 2735 sic
1810 2704 1954 2744 faciam,
1981 2710 2011 2734 et
2034 2713 2100 2733 non
2123 2703 2258 2733 intendit
2280 2703 2389 2733 facere.
2414 2704 2470 2734 Est

1409 2749 1495 2779 enim
1518 2749 1580 2779 hoc
1611 2748 1755 2778 exhibere
1783 2748 1853 2778 Deo
1880 2747 2113 2778 irreverentiam
2137 2757 2242 2777 coram
2265 2747 2468 2783 hominibus,

1409 2793 1524 2834 quibus
1548 2792 1751 2822 mendacium
1777 2791 1979 2822 manifestum
2009 2790 2075 2821 fieri
2100 2791 2192 2821 debet
2218 2791 2250 2820 in
2274 2801 2339 2821 non
2363 2792 2469 2821 obser-

1409 2837 1528 2873 vando;
1553 2843 1583 2867 et
1606 2836 1758 2876 scriptum
1774 2842 1820 2866 est
1835 2835 1866 2865 *:
1895 2835 2093 2875 Quicumque
2111 2844 2160 2864 me
2179 2834 2341 2865 erubuerit
2359 2845 2467 2865 coram

1409 2881 1597 2919 hominibus,
1621 2880 1706 2910 hunc
1729 2885 1759 2910 et
1781 2880 1884 2910 Filius
1906 2880 2042 2910 hominis
2060 2878 2220 2909 erubescet
2243 2888 2350 2909 coram
2368 2889 2467 2920 ange-

1409 2925 1449 2955 lis
1470 2925 1542 2954 Dei.

1453 2968 1485 2998 Si
1508 2977 1583 2998 vero
1608 2978 1674 2998 non
1693 2966 1904 2998 interveniunt
1926 2967 2019 2997 verba
2042 2966 2127 3002 falsa,
2152 2966 2205 2996 sed
2229 2966 2334 3006 plures
2357 2976 2467 2997 sensus

1409 3011 1554 3043 habentia
1578 3018 1609 3042 et
1630 3012 1663 3042 in
1687 3021 1753 3041 uno
1777 3021 1849 3041 vera
1873 3018 1903 3041 et
1926 3011 1988 3040 alio
2012 3010 2106 3049 falsa,
2131 3017 2161 3040 et
2183 3020 2201 3040 a
2223 3010 2345 3040 iurante
2367 3011 2466 3041 inten-

1409 3056 1527 3087 duntur
1550 3055 1582 3085 in
1606 3066 1699 3086 sensu
1724 3065 1789 3096 quo
1814 3061 1888 3085 sunt
1909 3063 1996 3085 vera:
2022 3054 2046 3084 si
2070 3064 2135 3084 non
2155 3060 2201 3084 est
2224 3054 2256 3084 in
2279 3054 2397 3085 iudicio
2414 3062 2468 3086 aut

1409 3100 1537 3131 materia
1560 3099 1790 3140 praeiudiciali,
1814 3098 1959 3139 quamvis
1982 3098 2021 3129 sit
2042 3098 2175 3129 intentio
2200 3105 2236 3129 ut
2258 3098 2389 3129 audiens
2413 3099 2468 3129 fal-

1408 3145 1505 3180 latur,
1534 3144 1651 3184 absque
1679 3149 1808 3184 peccato
1839 3142 1965 3173 mortali
1992 3141 2027 3173 fit
2053 3142 2114 3173 tale
2136 3143 2368 3179 iuramentum,
2393 3143 2468 3183 quia

1408 3189 1520 3219 veritas
1544 3194 1574 3218 et
1596 3188 1714 3219 iustitia
1737 3187 1867 3223 adsunt,
1890 3187 1963 3217 licet
1985 3186 2130 3217 discretio
2154 3186 2290 3222 deficiat,
2314 3187 2467 3227 quoniam

1409 3243 1475 3263 non
1498 3232 1590 3262 debet
1619 3231 1763 3262 divinum
1786 3230 2004 3262 testimonium
2033 3230 2081 3261 his
2104 3230 2273 3261 immisceri
2296 3230 2387 3270 quasi
2410 3231 2467 3261 du-

1409 3276 1608 3317 plicitatibus.

1464 3320 1498 3351 Si
1519 3327 1628 3351 autem
1650 3319 1815 3350 artificiose
1839 3318 2014 3360 composita
2037 3319 2130 3348 verba
2153 3317 2300 3348 dicuntur
2323 3327 2396 3348 cum
2418 3318 2467 3348 iu-

1410 3371 1570 3401 ramento,
1594 3373 1667 3395 vera
1698 3363 1828 3405 quidem
1858 3363 1912 3393 sed
1936 3373 2001 3393 non
2026 3361 2228 3402 penetrabilia
2258 3362 2296 3392 ab
2319 3361 2466 3393 audiente

1411 3408 1469 3439 nisi
1499 3408 1596 3439 falso:
1629 3414 1767 3439 cessante
1790 3406 1982 3448 praeiudicio
2005 3405 2080 3436 iuris
2108 3412 2138 3436 et
2161 3405 2315 3442 hominis,
2347 3406 2467 3447 absque

1409 3459 1539 3493 peccato
1568 3451 1635 3482 fieri
1664 3458 1769 3492 potest
1777 3460 1785 3488 ;
1818 3451 1970 3492 quoniam
2001 3449 2155 3490 contingit
2182 3449 2258 3479 huic
2286 3449 2466 3481 iuramento

1410 3507 1521 3527 omnes
1540 3504 1601 3528 tres
1617 3497 1725 3526 adesse
1741 3495 1882 3531 comites,
1899 3504 1971 3525 cum
1991 3493 2108 3525 scilicet
2126 3503 2163 3524 ex
2181 3493 2357 3524 rationabili
2373 3504 2467 3524 causa

1410 3540 1454 3571 fit.
1477 3541 1544 3571 Nec
1571 3541 1697 3571 obstant
1719 3540 1813 3570 verba
1829 3537 1938 3568 Isidori
1965 3537 2057 3568 allata
2071 3537 2098 3574 *‚
2114 3537 2239 3574 scilicet,
2259 3537 2468 3579 Quacumque

1409 3590 1481 3615 arte
1496 3585 1663 3616 verborum
1680 3591 1754 3615 etc.:
1771 3582 1924 3624 quoniam
1940 3581 2140 3622 intelligenda
2155 3588 2230 3612 sunt
2245 3582 2374 3623 quando
2389 3582 2466 3613 falsa

1410 3635 1464 3659 aut
1487 3628 1717 3669 praeiudicialia
1740 3634 1822 3663 sunt,
1846 3626 1998 3667 quoniam
2023 3626 2133 3657 dolosa
2157 3632 2230 3657 sunt
2252 3633 2336 3657 tunc.

2500 943 2510 952 ⁸
2536 942 2662 966 Commeat.
2687 946 2712 966 in

2500 968 2544 997 Ep.
2555 969 2589 991 ad
2597 969 2660 997 Gal„
2671 971 2711 992 lib.

2500 995 2587 1050 h-ssap.
2608 1003 2636 1023 u,
2653 1003 2711 1020 vers.

2500 1512 2510 1521 ⁸
2524 1511 2560 1532 Cf.
2576 1517 2615 1539 qu.
2629 1517 2710 1538 xcvxu,

2499 1541 2576 1585 ‘1³:12¹’
2590 1537 2641 1559 Sed
2655 1544 2710 1560 con-

2500 1590 2709 1617 ·Cf.qu.ex,m.1.

2498 1648 2509 1657 ⁸
2526 1646 2631 1668 Cassiod.
2642 1647 2710 1669 ian.

2499 1679 2567 1699 xxm,
2581 1679 2640 1695 vers.
2654 1681 2678 1700 ⁴-

2498 2528 2508 2538 ⁸
2518 2527 2554 2549 Cf.
2562 2534 2601 2555 qu.
2611 2534 2657 2554 xm,
2665 2532 2708 2550 art.

2499 2560 2519 2579 2.
2536 2554 2666 2576 Comment.

2494 2836 2504 2845 '
2525 2835 2580 2856 Luc.
2601 2841 2650 2862 eap.
2674 2841 2705 2861 ix,

2494 2867 2554 2883 vers.
2562 2861 2598 2887 πᾶς
2607 2867 2658 2889 cap.
2664 2868 2706 2887 ιιι,

2494 2894 2554 2909 vers.
2571 2893 2593 2915 9.

2493 3541 2504 3551 ⁸
2518 3540 2588 3562 Num.
2602 3547 2658 3563 xvir.
