2860 4244
162 305 172 314 ⁸
183 303 240 325 Gen.
253 308 304 330 cap.
314 309 371 330 xxu,

162 336 220 351 vers.
235 335 258 357 9,
273 335 304 351 ιο.

259 361 274 390 ζ

160 1704 214 1758 Dius}
218 1705 261 1753 ‘nii'
257 1704 315 1758 13v‘i‘
320 1704 371 1759 ffiss'

160 1763 252 1805 ·’.Τειῐ
277 1783 372 1806 Comm.

161 1816 248 1836 xxxvn,
257 1815 311 1832 ul.-
301 1810 371 1833 -Did.

162 1837 201 1859 lib.
213 1826 252 1862 X1⁷,
265 1843 315 1864 cap.
330 1843 372 1863 vu,

162 1870 184 1885 n.
195 1870 222 1890 43
233 1869 314 1891 cap-x,
323 1869 345 1885 n.
355 1870 372 1885 1.

165 2769 215 2791 ’Ca
235 2785 240 2790 .
254 2775 292 2796 vn,
303 2775 325 2791 n.
337 2776 354 2791 1.
364 2781 374 2786 -

166 2796 189 2818 S.
237 2811 243 2817 .
258 2796 310 2819 lect.
323 2802 366 2818 ιιι.

400 220 475 256 216

400 305 499 334 stum
527 298 751 346 inquantum
779 297 858 344 ipse
879 296 1026 331 oblatus
1046 302 1101 330 est
1120 293 1157 329 in
1177 291 1404 328 sacrificium
1423 291 1454 327 ⁹¹⁶.

400 350 511 387 Unde
549 362 626 386 non
657 350 856 397 oportebat
892 355 932 383 ut
960 346 1186 394 significaret
1214 343 1225 369 ζ
1254 343 1362 392 quasi
1399 356 1456 380 sa-

402 402 583 440 crificium
614 402 787 438 offerens.

453 534 477 566 ζ)
492 535 663 567 significaret.
672 546 691 552 -
704 533 758 564 ipse
772 532 936 565 significaret
949 530 980 560 G,
995 529 1160 562 sacrificaret
1172 529 1203 558 D,
1219 528 1418 562 significaretur
1431 528 1458 552 P.

1043 215 1308 263 QUAESTIO
1338 214 1531 260 LXXXV,
1561 215 1855 252 ARTICULUS
1885 215 1917 250 II

1564 293 1622 327 An
1636 303 1796 329 TERTIUM
1812 304 1996 328 DICENDUM
2014 292 2119 340 quod
2137 291 2347 339 significare
2364 299 2570 341 conceptus

1512 355 1601 379 suos
1631 351 1686 380 est
1722 345 1868 381 homini
1905 345 2095 381 naturale:
2135 344 2202 382 sed
2232 345 2494 382 determinatio
2524 345 2570 381 si-

1511 407 1673 443 gnorum
1704 405 1758 433 est
1786 397 1998 434 secundum
2028 397 2243 434 humanum
2271 397 2462 446 placitum.

1067 608 1400 641 Commentaria
1422 605 1675 639 Cardinans
1696 606 1897 640 Caietam

429 701 449 720 N
465 689 595 720 articulo
607 689 716 738 *primo
739 689 933 729 quaestionis
958 687 1298 728 octogesimaequintae
1322 685 1455 716 dubium

403 703 565 764 Ioccurrit
588 734 667 764 circa
689 733 881 783 principium
898 732 1039 772 corporis
1063 731 1200 762 articuli:
1226 741 1265 761 an
1286 730 1403 761 scilicet
1419 730 1457 760 sit

398 787 509 808 verum
533 777 621 818 quod
645 777 793 807 naturalis
816 777 895 808 ratio
913 776 1007 807 dictet
1030 775 1154 806 homini
1177 775 1266 816 quod
1290 774 1383 805 alicui
1404 784 1456 804 su-

399 821 511 861 periori
544 821 711 857 subdatur,
737 831 754 851 a
777 831 843 862 quo
868 828 956 861 egeat
986 820 1127 851 adiuvari
1156 827 1186 850 et
1209 819 1315 859 dirigi,
1340 825 1371 849 et
1397 818 1458 848 hoc

398 872 527 906 propter
550 865 689 896 defectus
716 875 798 906 quos
821 865 854 895 in
878 865 982 905 seipso
1006 865 1108 895 sentit.
1133 864 1266 895 Videtur
1288 862 1373 893 enim
1397 863 1457 893 hoc

398 919 464 939 esse
480 909 606 940 falsum.
630 910 793 947 Quoniam
809 917 864 941 aut
880 917 926 940 est
942 919 1046 939 sermo
1063 908 1101 939 de
1117 908 1290 939 defectibus
1307 907 1457 947 corporiS‚

398 961 452 984 aut
476 954 513 984 de
537 954 709 985 defectibus
732 954 865 990 animae,
890 960 945 984 aut
967 953 1142 994 utriusque.
1170 953 1232 983 Sed
1255 958 1385 992 propter
1408 951 1458 981 de-

397 998 497 1028 fectus
521 998 662 1038 corporis
692 1008 758 1028 non
781 998 876 1029 dictat
898 997 1048 1028 naturalis
1071 997 1150 1028 ratio
1177 996 1343 1027 hominem
1366 1005 1458 1035 supe-

396 1042 472 1072 riori
495 1042 631 1073 adiutori
654 1052 689 1073 ac
713 1042 858 1073 directori
874 1042 994 1073 subiici.
1019 1042 1107 1072 Tum
1130 1041 1205 1082 quia
1228 1040 1368 1070 defectus
1392 1049 1459 1070 cor-

398 1086 483 1126 poris
500 1096 687 1118 communes
704 1093 778 1117 sunt
800 1087 892 1117 nobis
915 1094 946 1117 et
968 1086 1035 1116 aliis
1051 1085 1249 1116 animalibus.
1274 1085 1362 1115 Tum
1385 1083 1459 1124 quia

399 1129 537 1161 defectus
553 1131 694 1171 corporis
718 1141 782 1161 non
807 1132 928 1161 ducunt
951 1130 1010 1160 nisi
1032 1131 1072 1160 ad
1096 1139 1211 1169 corpus
1235 1128 1301 1158 sine
1325 1127 1458 1163 defectu,

398 1175 491 1215 quale
515 1182 560 1206 est
584 1185 698 1215 corpus
723 1176 863 1206 caeleste.
887 1177 916 1205 A
940 1174 1125 1214 corporibus
1149 1180 1257 1203 autem
1280 1181 1346 1202 non
1370 1182 1459 1211 expe-

399 1226 520 1250 ctamus
544 1219 764 1250 directionem:
795 1219 941 1259 quamvis
965 1218 1159 1248 adiutorium
1190 1227 1227 1246 ex
1250 1216 1459 1255 applicatione

399 1264 590 1300 eorundem,
615 1271 651 1295 ut
674 1270 759 1303 patet
782 1274 818 1293 ex
833 1262 1066 1293 illuminatione
1089 1267 1120 1291 et
1142 1259 1317 1290 medicinis.
1341 1277 1362 1282 —
1385 1259 1460 1289 Pro-

398 1314 467 1347 pter
490 1307 629 1338 defectus
652 1318 726 1338 vero
751 1307 884 1342 animae,
908 1306 1016 1347 quoad
1039 1311 1160 1355 partem
1183 1302 1404 1344 perceptivam,
1421 1303 1459 1333 ad

397 1352 507 1382 lumen
522 1352 696 1382 intellectus
712 1351 831 1390 agentis
847 1360 1008 1381 recurrens
1023 1349 1112 1379 sistit.
1137 1348 1254 1385 Quoad
1273 1354 1461 1395 potestatem

397 1405 472 1425 vero
496 1395 716 1446 appetitivam,
741 1395 929 1425 recurrendo
954 1394 993 1424 ad
1017 1392 1146 1424 rationis
1170 1392 1312 1432 regulam
1335 1398 1460 1422 natura-

398 1440 468 1470 liter
496 1440 585 1471 sistit.
611 1457 632 1462 —
659 1440 777 1470 Neuter
802 1449 876 1479 ergo
905 1437 1088 1478 singillatim
1116 1443 1171 1467 aut
1198 1436 1293 1467 simul
1320 1435 1460 1467 defectus

398 1484 532 1514 naturali
556 1483 722 1514 dictamine
747 1483 833 1513 ducit
856 1483 1022 1514 hominem
1045 1489 1081 1513 ut
1105 1487 1276 1521 cognoscat
1299 1490 1331 1511 se
1350 1480 1461 1511 subiici

397 1528 491 1559 alicui
514 1528 669 1568 superiori
691 1534 831 1564 naturae,
851 1538 868 1558 a
891 1537 956 1568 qua
979 1526 1119 1557 adiuvari
1143 1532 1174 1556 et
1199 1525 1289 1565 dirigi
1313 1525 1461 1565 indigeat.

453 1573 494 1603 Et
517 1572 730 1604 confirmatur.
755 1572 840 1609 Quia
862 1572 951 1613 quod
974 1570 1123 1602 naturalis
1142 1570 1222 1601 ratio
1238 1570 1333 1600 dictat
1355 1569 1460 1600 omni-

398 1617 457 1647 bus
481 1617 665 1648 hominibus
689 1626 861 1647 commune
885 1623 940 1647 est.
966 1615 1100 1647 Constat
1114 1621 1222 1645 autem
1241 1614 1361 1644 multos
1377 1614 1461 1644 viros

396 1661 526 1692 illustris
549 1661 666 1702 ingenii
689 1671 755 1691 non
779 1660 839 1690 nisi
862 1666 991 1701 propter
1006 1660 1121 1699 vulgus
1140 1658 1379 1690 sacrificandum
1396 1668 1462 1689 esse

398 1706 468 1736 Deo
491 1706 639 1736 sensisse:
668 1711 704 1736 ut
727 1705 844 1736 Seneca
868 1705 907 1735 de
930 1704 1035 1744 seipso
1060 1703 1134 1734 dicit
1148 1703 1179 1739 *;
1205 1710 1235 1733 et
1257 1703 1461 1739 Aristoteles,

398 1750 431 1780 in
454 1750 511 1780 XII
526 1750 708 1790 Metaphys.
725 1749 751 1786 *‚
777 1749 890 1780 sentire
913 1749 1045 1779 videtur.
1077 1750 1296 1788 Averroesque
1320 1757 1463 1788 expresse

398 1794 484 1834 idem
515 1794 623 1830 sentit,
652 1794 780 1825 ibidem.
809 1794 864 1830 Et,
889 1793 1037 1829 breviter,
1066 1802 1179 1822 omnes
1209 1797 1357 1832 negantes
1386 1791 1463 1822 divi-

399 1848 474 1868 nam
497 1838 729 1879 providentiam
753 1838 833 1869 circa
855 1837 1026 1868 hominum
1050 1836 1223 1876 singulares
1247 1842 1334 1866 actus
1358 1836 1463 1876 singu-

398 1883 516 1919 lariter,
541 1883 603 1913 hoc
627 1883 775 1914 sentiunt.
800 1883 874 1912 Non
898 1889 944 1912 est
966 1881 1062 1921 igitur
1084 1881 1146 1911 hoc
1170 1881 1208 1911 de
1231 1880 1299 1911 iure
1322 1886 1462 1916 naturae,

400 1927 533 1957 naturali
556 1926 677 1958 ratione
701 1927 863 1957 dictatum.

454 1972 492 2002 II.
517 1972 567 2002 Ad
591 1971 652 2002 hoc
675 1971 788 2001 dicitur
817 1970 906 2011 quod
929 1969 1008 2000 ratio
1037 1976 1142 2009 potest
1168 1968 1229 1999 dici
1257 1968 1407 1999 naturalis
1430 1969 1462 1999 in

399 2015 542 2055 practicis
562 2015 737 2056 dupliciter.
761 2015 879 2051 Primo,
899 2014 952 2044 illa
971 2013 1111 2054 cognitio
1130 2023 1222 2054 quae,
1246 2020 1399 2054 tanquam
1418 2013 1463 2043 in-

399 2060 473 2096 dita,
491 2060 595 2090 statim
615 2066 669 2090 aut
692 2059 782 2100 quasi
802 2059 907 2090 statim
927 2058 1051 2089 homini
1066 2058 1168 2088 adest:
1194 2064 1229 2088 ut
1252 2058 1341 2098 quod
1363 2058 1463 2088 homo

399 2104 491 2134 debet
513 2104 632 2140 vestiri,
657 2104 749 2134 debet
772 2103 911 2134 habitare
935 2102 1038 2139 domi,
1063 2101 1144 2132 alere
1167 2100 1284 2138 filium,
1307 2102 1464 2133 honorare

398 2155 536 2188 patrem,
562 2155 592 2179 et
619 2148 814 2179 huiusmodi.
846 2148 886 2178 Et
914 2147 984 2178 talis
1011 2146 1151 2186 cognitio
1180 2146 1293 2177 dicitur
1316 2147 1464 2178 naturalis

400 2203 436 2223 ex
460 2193 575 2223 modo:
601 2192 675 2233 quia
698 2192 780 2223 inest
802 2192 842 2222 ad
865 2192 1001 2222 modum
1025 2197 1164 2221 naturae.
1189 2191 1231 2221 Et
1249 2191 1329 2221 ratio
1349 2190 1392 2222 sic
1409 2201 1463 2222 na-

399 2237 507 2267 turalis
531 2237 733 2277 distinguitur
756 2243 865 2267 contra
888 2236 1045 2267 rationem
1067 2235 1296 2275 investigatam.

456 2281 602 2312 Secundo
619 2288 727 2312 autem
746 2281 845 2311 modo
862 2280 941 2311 ratio
965 2279 1079 2310 dicitur
1096 2279 1246 2310 naturalis
1265 2289 1282 2309 a
1302 2286 1413 2310 natura
1430 2286 1465 2310 ut

400 2325 570 2366 principio:
596 2326 671 2366 quia
689 2325 807 2356 scilicet
828 2325 961 2355 habetur
978 2335 1014 2355 ex
1027 2324 1142 2355 virtute
1162 2323 1312 2354 naturalis
1335 2324 1465 2355 luminis

399 2370 588 2410 proveniens
612 2370 663 2400 vel
686 2369 846 2410 acquisita.
871 2370 912 2399 Et
935 2369 978 2399 sic
999 2368 1078 2399 ratio
1095 2368 1245 2398 naturalis
1264 2367 1466 2408 distinguitur

401 2421 431 2445 et
455 2421 564 2446 contra
580 2414 861 2454 supernaturalem,
887 2420 916 2443 et
940 2419 1048 2443 contra
1063 2412 1275 2443 voluntariam
1291 2412 1464 2443 rationem:

401 2466 431 2489 et
455 2459 596 2489 continet
619 2459 676 2488 sub
701 2468 733 2488 se
761 2467 891 2488 omnem
916 2457 1132 2496 cognitionem
1162 2466 1259 2497 quarn
1284 2466 1320 2486 ex
1342 2457 1464 2487 lumine

400 2503 577 2533 intellectus
601 2502 733 2542 agentis,
759 2502 864 2532 statim
886 2501 936 2531 vel
960 2501 1163 2531 discurrendo
1188 2507 1218 2531 et
1241 2500 1380 2531 multum
1403 2508 1466 2532 stu-

402 2547 517 2583 dendo,
531 2554 598 2583 etc„
623 2546 736 2577 habere
760 2555 942 2586 possumus.
968 2545 1009 2575 Et
1031 2545 1093 2575 hoc
1107 2544 1207 2575 modo
1231 2544 1382 2576 intellexit
1399 2547 1465 2576 Au-

402 2598 469 2622 ctor
493 2591 599 2622 dicens
622 2590 711 2632 quod
735 2591 818 2621 ratio
838 2589 998 2620 naturalis
1019 2590 1126 2620 dictat.
1152 2589 1197 2619 Ita
1220 2589 1309 2629 quod
1331 2589 1464 2620 intentio

402 2646 459 2666 sua
483 2643 528 2666 est
551 2636 640 2676 quod
663 2634 743 2665 ratio
767 2634 927 2669 naturalis,
952 2641 987 2663 ut
1010 2633 1213 2673 distinguitur
1237 2639 1345 2663 contra
1360 2644 1466 2675 super-

402 2680 593 2716 naturalem,
618 2679 720 2720 qualis
743 2685 789 2708 est
817 2679 867 2708 lex
897 2677 1014 2714 divina;
1046 2684 1076 2708 et
1105 2684 1214 2708 contra
1237 2677 1463 2715 voluntariam,

402 2724 504 2765 qualis
528 2730 574 2754 est
595 2724 645 2754 lex
667 2722 803 2764 positiva
826 2720 928 2765 (quae
951 2721 1022 2752 ideo
1051 2721 1164 2752 dicitur
1186 2722 1364 2752 voluntaria
1391 2722 1466 2763 quia

403 2779 423 2799 a
440 2769 601 2809 principio
625 2767 704 2798 nihil
726 2766 846 2807 differt,
871 2773 907 2797 ut
930 2765 1043 2796 dicitur
1067 2766 1095 2796 V
1111 2766 1213 2796 Ethic.
1230 2765 1276 2808 *):
1301 2766 1370 2796 talis
1386 2767 1464 2798 ratio

404 2812 498 2843 dictat
521 2811 644 2843 homini
667 2812 756 2852 quod
780 2810 925 2842 subditur
947 2810 1041 2841 alicui
1065 2809 1229 2850 superiori,
1248 2817 1305 2841 etc.

460 2857 509 2887 Ad
533 2857 623 2887 cuius
646 2856 851 2891 evidentiam,
876 2855 955 2886 scito
984 2854 1072 2894 quod
1099 2854 1178 2885 ratio
1208 2854 1327 2885 dictans
1351 2853 1466 2885 sacrifi-

405 2901 489 2931 cium
505 2907 551 2931 est
566 2901 644 2932 ratio
660 2900 833 2941 procedens
849 2910 886 2930 ex
901 2898 1009 2930 multis
1028 2898 1221 2939 praemissis:
1242 2898 1358 2930 scilicet
1376 2899 1465 2940 quod

1508 685 1540 715 in
1558 692 1669 716 natura
1693 693 1738 716 est
1761 686 1892 727 aliquod
1915 697 2118 728 supremum;
2144 694 2174 718 et
2197 688 2286 728 quod
2308 687 2388 718 illud
2411 688 2575 728 cognoscit

1510 730 1568 759 hos
1593 736 1718 760 nostros
1742 730 1913 770 singulares
1937 738 2024 762 actus
2048 731 2258 772 singulariter;
2283 739 2314 762 et
2337 732 2426 773 quod
2449 732 2573 763 benefa—

1511 781 1579 805 ctor
1602 780 1708 804 noster
1737 780 1783 805 est
1805 775 1838 804 in
1862 774 2082 826 singularibus.
2113 776 2155 806 Et
2181 775 2336 817 quoniam
2365 776 2442 807 haec
2466 776 2577 807 omnia

1510 818 1629 849 ratione
1647 818 1780 849 naturali
1800 819 1950 858 cognosci
1972 826 2117 860 possunt,
2133 819 2206 850 ideo
2222 820 2301 850 ratio
2317 820 2477 857 naturalis,
2497 820 2577 852 fulta

1510 869 1558 893 tot
1577 862 1705 898 notitiis,
1723 862 1818 893 dictat
1836 862 1969 899 homini,
1986 863 2042 904 qui
2058 874 2091 894 se
2107 863 2200 894 sentit
2219 863 2449 901 defectuosum,
2467 865 2576 906 quoad

1512 906 1651 937 animam
1674 906 1850 947 praecipue,
1875 917 1908 937 se
1924 907 2017 938 subdi
2037 907 2192 948 superiori
2208 907 2344 938 adiutori
2367 915 2398 939 et
2421 908 2575 945 directori‚

1512 961 1610 992 quem
1632 951 1738 981 Deum
1761 951 1905 982 dicimus.

1569 995 1621 1026 111.
1645 996 1696 1026 Ad
1718 996 1859 1036 primum
1876 1005 1950 1035 ergo
1971 995 2200 1026 obiectorum*
2224 995 2338 1027 dicitur
2360 997 2448 1036 quod
2472 1006 2577 1028 sermo
2603 1003 2614 1015 ·

1513 1049 1659 1080 praesens
1683 1047 1728 1070 est
1752 1040 1790 1070 de
1810 1039 1982 1071 defectibus
2006 1040 2146 1070 hominis
2169 1039 2347 1070 secundum
2370 1040 2523 1077 animam,
2547 1048 2578 1072 et

1514 1084 1656 1124 corporis
1679 1085 1712 1114 in
1732 1084 1842 1115 ordine
1866 1085 1906 1114 ad
1919 1084 2069 1115 animam.
2094 1084 2135 1114 Et
2157 1084 2246 1124 quod
2269 1084 2346 1124 quia
2367 1083 2479 1121 horno,
2503 1095 2577 1116 cum

1512 1134 1582 1159 toto
1604 1128 1726 1159 lumine
1745 1129 1921 1159 intellectus
1937 1128 2057 1168 agentis
2082 1135 2112 1159 et
2135 1128 2386 1169 dependentibus
2401 1129 2440 1159 ab
2459 1138 2508 1166 eo,
2527 1129 2578 1160 de-

1513 1171 1604 1203 ficere
1628 1182 1660 1202 se
1684 1173 1898 1213 experimento
1921 1173 2015 1203 sentit
2037 1179 2068 1203 et
2084 1172 2123 1203 ⁴in
2147 1172 2328 1213 cognitione
2352 1179 2382 1203 et
2404 1173 2438 1203 in
2453 1172 2579 1204 rectitu-

1513 1216 1585 1246 dine
1609 1217 1784 1256 appetitus;
1809 1224 1840 1247 et
1864 1216 2010 1247 deficiens
2032 1216 2065 1247 in
2083 1217 2192 1258 aliquo
2215 1217 2396 1248 naturaliter
2418 1217 2579 1248 reducitur

1514 1260 1553 1290 ad
1575 1260 1757 1291 indeficiens
1780 1267 1933 1301 tanquam
1957 1261 2138 1303 dependens
2161 1261 2200 1291 ab
2223 1261 2294 1292 illo:
2319 1261 2392 1291 ideo
2416 1261 2580 1302 cognoscit

1514 1314 1547 1334 se
1570 1304 1681 1335 subiici
1704 1304 1797 1335 alicui
1821 1304 1976 1344 superiori
1998 1304 2208 1341 indeficienti;
2238 1316 2274 1336 ac
2297 1315 2353 1345 per
2374 1305 2450 1342 hoc,
2475 1316 2578 1337 recur-

1513 1348 1649 1379 rendum
1678 1348 1718 1378 ad
1747 1348 1840 1379 illum
1872 1355 1908 1379 ut
1938 1348 2117 1379 adiutorem
2144 1356 2175 1379 et
2203 1349 2400 1380 directorem.
2433 1350 2474 1380 Et
2504 1350 2579 1382 dato

1514 1393 1603 1433 quod
1626 1393 1703 1423 haec
1726 1402 1792 1423 non
1816 1392 1945 1423 dictaret
1968 1392 2118 1423 naturalis
2133 1392 2212 1423 ratio
2235 1399 2388 1434 tanquam
2403 1394 2579 1425 necessario

1513 1437 1599 1474 scita,
1625 1438 1736 1469 saltem
1759 1444 1913 1478 tanquam
1935 1436 2132 1467 rationabilia
2155 1436 2259 1468 dictat.
2284 1437 2319 1467 In
2334 1438 2507 1469 moralibus
2523 1448 2579 1470 au-

1514 1488 1579 1512 tem
1602 1491 1667 1512 non
1692 1487 1819 1522 oportet
1841 1488 1983 1521 expetere
2007 1480 2228 1512 certitudinem
2243 1481 2508 1519 mathematicam,
2525 1482 2581 1514 sed

1514 1525 1712 1556 rationabilia
1735 1525 1895 1556 sufficiunt
1913 1525 1939 1556 *.

1571 1570 1622 1600 Ad
1637 1569 1913 1601 confirmationem
1927 1579 2003 1600 vero
2027 1569 2141 1600 dicitur
2156 1569 2333 1610 dupliciter.
2356 1569 2475 1607 Primo,
2492 1571 2582 1612 quod

1515 1614 1577 1645 hoc
1601 1614 1758 1645 dictamen
1781 1624 1847 1645 esse
1871 1624 2043 1644 commune
2071 1619 2202 1644 testatur
2225 1614 2334 1654 quod,
2358 1621 2394 1645 ut
2424 1614 2458 1645 in
2480 1613 2583 1647 littera

1515 1658 1629 1689 dicitur
1642 1658 1675 1689 in
1691 1658 1899 1699 responsione
1915 1658 1955 1688 ad
1977 1658 2128 1699 primum,
2148 1668 2260 1688 omnes
2278 1658 2491 1690 communiter
2506 1668 2582 1690 con-

1514 1703 1647 1734 veniunt
1675 1703 1709 1733 in
1737 1703 1798 1734 hoc
1828 1703 1918 1744 quod
1947 1701 2136 1733 sacrificium
2163 1702 2321 1734 offeratur.
2352 1703 2450 1741 Quod
2474 1709 2582 1735 autem

1515 1748 1647 1788 qnidam
1674 1747 1736 1779 hoc
1763 1754 1895 1787 negent,
1921 1747 2075 1786 contingit
2102 1757 2139 1777 ex
2163 1746 2228 1777 hoc
2255 1747 2361 1788 quod,
2385 1747 2526 1779 dicentes
2547 1757 2583 1780 se

1516 1801 1584 1822 esse
1605 1793 1774 1832 sapientes,
1799 1792 1890 1822 stulti
1903 1791 1992 1832 facti
2009 1796 2095 1828 sunt,
2121 1797 2157 1822 ut
2180 1790 2295 1822 dicitur
2316 1792 2360 1822 ad
2373 1792 2466 1824 Rom.
2482 1802 2494 1822 1
2508 1791 2535 1824 *.
2559 1809 2581 1816 -

1516 1836 1590 1867 Alio
1613 1846 1688 1866 vero
1713 1836 1812 1866 modo
1837 1835 1950 1866 dicitur
1974 1835 2064 1876 quod
2087 1845 2123 1865 ea
2145 1845 2228 1875 quae
2251 1842 2325 1866 sunt
2348 1836 2388 1866 de
2411 1835 2581 1868 dictamine

1517 1880 1651 1911 naturali
1679 1887 1715 1911 ut
1738 1880 1908 1920 principia,
1933 1885 2007 1910 sunt
2037 1879 2187 1910 omnibus
2211 1879 2406 1910 communia.
2437 1880 2484 1911 Ea
2506 1889 2582 1912 vero

1517 1935 1599 1966 quae
1622 1931 1696 1955 sunt
1725 1925 1764 1955 de
1791 1924 1961 1955 dictamine
1986 1923 2120 1954 naturali
2149 1929 2185 1954 ut
2209 1923 2430 1955 conclusiones
2457 1923 2583 1956 investi-

1516 1976 1623 2009 gatae,
1647 1979 1714 1999 non
1738 1969 1956 1999 conceduntur
1978 1968 2017 1998 ab
2041 1968 2210 2003 omnibus:
2235 1967 2311 2009 quia
2334 1977 2392 1998 nec
2415 1968 2453 1998 ab
2478 1969 2582 2000 omni-

1517 2014 1576 2044 bus
1596 2020 1841 2053 cognoscuntur.
1867 2013 1918 2043 Sic
1940 2019 2048 2043 autem
2063 2012 2103 2042 ad
2127 2012 2284 2043 dictamen
2299 2012 2441 2043 naturale
2464 2018 2584 2054 spectat

1510 2057 1688 2088 sacrificare
1711 2058 1800 2094 Deo,
1825 2063 1856 2088 et
1888 2067 1954 2087 non
1978 2056 2083 2097 primo
2107 2057 2216 2088 modo.
2257 2057 2299 2087 Et
2327 2062 2494 2098 propterea
2516 2067 2585 2089 non

1518 2109 1565 2133 est
1599 2102 1717 2132 mirum
1748 2102 1774 2132 si
1805 2101 1898 2132 multi
1929 2102 2088 2142 sapientes
2121 2101 2217 2132 huius
2250 2101 2363 2132 mundi
2397 2111 2462 2132 nou
2497 2110 2583 2134 aece-

1518 2153 1608 2188 ptant
1630 2146 1703 2177 hoc.

1574 2190 1627 2222 IV.
1652 2190 1687 2220 In
1711 2190 1825 2220 eodem
1848 2189 1991 2226 articulo,
2016 2195 2092 2220 nota
2115 2189 2204 2229 quod
2227 2191 2349 2220 Auctor
2379 2198 2447 2220 non
2476 2189 2584 2221 solum

1518 2235 1657 2266 ostendit
1679 2234 1769 2275 quod
1793 2234 1832 2264 ad
1854 2234 1904 2264 ius
1919 2234 2060 2264 naturale
2083 2239 2202 2273 spectat
2225 2233 2345 2264 oblatio
2361 2232 2513 2271 sacrificii,
2529 2233 2585 2265 sed

1518 2279 1614 2310 etiam
1636 2279 1726 2319 quod
1749 2277 1869 2309 oblatio
1893 2277 2035 2309 sacrificii
2057 2277 2228 2309 exterioris.
2259 2278 2343 2309 Nam
2365 2284 2490 2319 poterat
2512 2278 2585 2320 quin

1518 2323 1620 2354 dicere
1643 2323 1733 2364 quod
1756 2323 1836 2359 Deo,
1861 2328 1972 2363 utpote
1987 2322 2207 2353 intellectualis
2223 2329 2365 2361 naturae,
2388 2321 2504 2354 sufficit
2525 2323 2584 2354 ob-

1516 2368 1594 2399 latio
1614 2367 1728 2398 mentis
1747 2367 1885 2398 interior.
1910 2367 1951 2397 Et
1974 2373 2141 2407 propterea
2161 2369 2292 2403 Auctor,
2309 2377 2346 2398 ex
2362 2376 2401 2397 eo
2420 2367 2510 2408 quod
2527 2377 2585 2399 na-

1517 2412 1617 2443 turale
1633 2419 1679 2442 est
1694 2411 1818 2442 homini
1834 2411 2006 2451 exprimere
2022 2411 2204 2442 interiorem
2220 2418 2362 2442 mentem
2377 2410 2584 2443 exterioribus

1517 2456 1614 2496 signis
1637 2456 1712 2497 quia
1732 2466 1750 2486 a
1772 2455 1971 2486 sensibilibus
1996 2454 2212 2495 cognitionem
2233 2455 2355 2495 accipit,
2380 2455 2473 2486 docet
2495 2455 2585 2498 quod

1517 2500 1590 2531 ideo
1615 2500 1756 2531 naturale
1779 2509 1910 2540 quoque
1926 2506 1973 2530 est
1995 2499 2160 2529 hominem
2182 2499 2365 2530 interiorem
2388 2499 2584 2530 oblationem

1518 2544 1632 2575 mentis
1656 2544 1799 2575 exteriori
1823 2543 1985 2574 oblatione
2004 2543 2167 2583 explicare.
2193 2544 2234 2574 Et
2255 2545 2336 2575 bene
2351 2544 2476 2575 adverte
2495 2543 2585 2585 quod

1502 2599 1585 2625 ,non
1609 2598 1646 2619 ex
1668 2595 1755 2628 parte
1779 2588 1987 2624 necessitatis,
2011 2587 2086 2628 quia
2110 2587 2227 2619 scilicet
2254 2588 2341 2619 alteri
2365 2588 2490 2619 homini
2518 2597 2585 2620 non

1519 2643 1691 2673 possumus
1715 2632 1887 2673 exprimere
1911 2632 1999 2662 aliter
2022 2639 2163 2663 mentem
2182 2639 2324 2663 nostram
2347 2632 2408 2663 nisi
2431 2632 2585 2664 sensibili-

1519 2678 1578 2708 bus
1596 2677 1705 2717 signis:
1726 2677 1780 2707 sed
1796 2687 1833 2707 ex
1852 2683 1938 2717 parte
1954 2676 2172 2713 naturalitatis,
2189 2676 2264 2717 quia
2280 2676 2396 2708 scilicet
2413 2676 2586 2718 exprimere

1519 2731 1575 2762 per
1598 2721 1755 2752 sensibilia
1771 2721 1859 2761 signa
1882 2721 2022 2752 naturale
2039 2727 2085 2752 est
2107 2720 2231 2751 homini
2254 2721 2328 2762 quia
2351 2731 2370 2752 a
2385 2721 2586 2753 sensibilibus

1518 2765 1631 2806 accipit
1654 2765 1884 2805 cognitionem,
1909 2768 2031 2796 Auctor
2053 2765 2214 2806 processit.
2240 2765 2405 2803 Quoniam
2427 2765 2508 2797 ratio
2531 2775 2586 2797 ne-

1521 2809 1669 2841 cessitatis
1686 2820 1751 2840 non
1767 2810 1861 2840 habet
1878 2810 1988 2840 locum
2005 2816 2149 2850 respectu
2165 2810 2235 2846 Dei,
2254 2810 2310 2851 qui
2326 2811 2470 2841 intuetur
2484 2809 2584 2842 cor*2

1520 2855 1575 2885 sed
1591 2854 1712 2894 optime
1727 2854 1837 2885 locum
1852 2854 1946 2885 habet
1962 2854 2041 2885 ratio
2057 2854 2265 2886 naturalitatis
2280 2864 2317 2886 ex
2332 2861 2419 2895 parte
2435 2854 2584 2892 hominis,

1520 2898 1575 2939 qui
1599 2898 1689 2929 offert
1712 2898 1910 2930 sacrificium.

1166 3062 1483 3104 ARTICULUS
1513 3061 1813 3104 SECUNDUS

858 3156 1013 3187 UTRUM
1036 3155 1130 3186 som
1155 3155 1308 3186 SUMMO
1331 3155 1419 3186 1)Εο
1444 3155 1510 3186 SIT
1534 3155 1808 3186 sAcmFlcmM
1831 3154 2127 3186 OFFERENDUM

687 3235 778 3266 Supra,
798 3241 842 3267 qu.
861 3241 958 3263 Lxxxxv,
978 3238 1023 3258 art.
1046 3241 1067 3263 ι.
1086 3234 1118 3258 ad
1141 3241 1166 3264 1;
1186 3233 1259 3264 infra,
1279 3241 1323 3266 qu.
1341 3240 1414 3263 xmv,
1433 3238 1479 3258 art.
1500 3240 1530 3263 23
1549 3233 1572 3258 1²
1591 3233 1647 3264 11⁸⁶,

1667 3241 1711 3266 qu.
1730 3240 1773 3265 cn,
1793 3238 1839 3258 art.
1860 3233 1888 3264 3;
1908 3233 2039 3259 lurcont.
2061 3235 2148 3264 Gent„
2163 3241 2219 3267 cap.
2239 3241 2300 3265 cxx;

1148 3269 1178 3293 In
1198 3269 1296 3294 Psalm.
1314 3275 1405 3299 xxvm3
1423 3268 1467 3293 Aa
1485 3268 1571 3297 Rom„
1592 3276 1648 3302 cap.
1667 3276 1685 3300 1,
1705 3269 1764 3294 lect.
1782 3276 1826 3293 vn.

554 3375 567 3386 f
600 3373 602 3375 >
618 3361 639 3385 n
655 3360 844 3385 SECUNDUM
859 3359 912 3385 sm
928 3359 1167 3385 moerim-rua.
1183 3347 1342 3384 Videtur
1358 3347 1460 3396 quod

1512 3347 1583 3384 illis
1602 3347 1648 3384 sit
1666 3347 1893 3384 sacrificium
1918 3347 2162 3385 offerendum
2185 3347 2249 3396 qui
2269 3346 2471 3385 divinitatis
2492 3358 2581 3383 con-

459 3392 481 3408 ””
524 3389 595 3450 ''3‘ss
618 3414 695 3438 non
733 3401 802 3438 soli
842 3413 995 3438 summo
1033 3401 1117 3437 Deo
1156 3400 1201 3437 sit
1235 3399 1460 3436 sacrificium
1514 3407 1633 3437 sortes
1652 3401 1759 3437 fiunt.
1791 3400 1867 3437 Sed
1888 3400 2000 3437 etiarn
2027 3400 2145 3438 sancti
2166 3399 2341 3438 homines
2367 3400 2582 3448 efficiuntur

588 3454 871 3491 offerendum.
893 3454 992 3491 Cum
1011 3453 1113 3490 enirn
1134 3452 1361 3491 sacrificium
1376 3454 1460 3490 Deo
1513 3453 1662 3490 divinae
1688 3459 1847 3491 naturae
1874 3459 2084 3500 consortes,
2113 3461 2155 3490 ut
2186 3452 2320 3491 dicitur
2348 3453 2379 3489 11
2401 3451 2577 3490 Petri1*:

737 3507 744 3514 ‘
992 3506 999 3513 ’
1818 3506 1824 3512 '
1885 3507 1891 3513 '
2195 3506 2202 3512 '
2230 3505 2237 3512 ”
2311 3505 2444 3556 :Ego
2477 3505 2580 3543 dixi:
2607 3519 2630 3542 ε.

2606 1525 2666 1627 ‘⁵3'

2609 1797 2620 1808 ⁸
2633 1795 2702 1818 Vere.
2715 1800 2750 1818 aa.

2611 2807 2823 2864 25:⁶⁸⁹·m’
2858 2828 2860 2855 ;

2607 3452 2860 3551 {Zmaj
