2860 4244
447 224 497 272 78
1105 225 1371 271 QUAESTIO
1401 225 1534 272 LXIV,
1562 227 1857 264 ARTICULUS
1885 227 1970 264 VIII

446 308 577 341 propter
598 302 660 332 hoc
683 302 772 342 quod
794 301 872 332 illud
897 308 942 332 est
960 301 1096 332 volitum
1116 311 1172 340 per
1188 311 1230 337 se,
1254 302 1316 332 hoc
1331 308 1439 332 autem
1453 309 1507 332 aut
1532 313 1534 336 ι
1560 303 1631 343 quis
1654 303 1704 334 sit.
1731 305 1897 342 Quantum
1920 311 2026 336 tamen
2054 306 2094 335 ad
2122 305 2341 337 auctoritatem
2364 306 2566 347 dispensandi
2588 306 2622 337 in

446 346 537 376 nullo
560 346 659 376 modo
683 352 737 376 aut
759 345 792 375 in
814 355 907 376 causa
929 352 1053 376 tantum
1076 352 1106 376 et
1131 345 1280 375 indirecte
1302 345 1397 375 habet
1417 345 1507 376 voliti
1532 337 1535 375 l
1560 346 1782 386 irregularitate
1805 349 1944 379 multum
1967 348 2072 379 refert:
2096 349 2172 390 quia
2198 349 2383 390 privilegiati
2406 351 2522 392 quibus
2546 360 2621 384 con-

446 390 602 420 rationem
621 387 671 431 (ut
693 395 778 429 patet
800 399 837 420 ex
859 389 921 419 hoc
944 389 1042 429 quod,
1059 389 1096 419 de
1116 388 1290 419 homicidio
1310 389 1426 420 casuali
1446 389 1507 419 dis·
1533 392 1535 394 '
1561 399 1685 421 cessum
1707 398 1754 422 est
1776 392 1955 432 dispensare
1979 403 2054 424 cum
2068 393 2290 433 irregularibus
2313 393 2374 425 nisi
2388 394 2428 425 sit
2458 405 2495 426 ex
2517 394 2621 424 homi-

446 439 609 472 putantes,
634 432 831 472 distinguunt
854 433 892 463 de
916 432 1009 462 dante
1033 442 1164 472 operam
1186 432 1230 463 rei
1252 432 1354 463 licitae
1377 433 1427 463 vel
1449 433 1508 463 illi-
1534 437 1535 469 l
1561 433 1644 464 cidio
1672 435 1851 467 voluntario
1884 443 2043 468 contracta
2072 437 2301 476 irregularitas,
2333 444 2467 478 possunt
2496 438 2621 478 dispen-

447 475 555 518 citae);
586 483 653 507 tota
675 476 771 516 igitur
798 475 995 507 coordinatio
1021 475 1140 507 horum
1169 476 1419 507 homicidiorum
1449 477 1508 507 sub
1534 472 1536 507 ἕ
1562 487 1629 508 sare
1652 487 1728 509 curn
1742 479 1962 520 irregularibus
1982 487 2111 521 propter
2133 479 2343 512 homicidium
2363 483 2486 513 casuale
2507 491 2622 522 quam-

447 520 563 551 casuali
577 520 751 550 homicidio
771 519 1058 559 comprehenditur.
1082 520 1123 551 Et
1137 520 1200 550 hoc
1214 527 1371 561 quantum
1387 521 1427 551 ad
1442 521 1508 552 cul·
1562 521 1609 551 vis
1640 522 1796 563 culpabile
1809 547 1816 560 ,
1841 524 1905 555 sive
1929 525 2035 554 dando
2066 534 2198 565 operam
2227 525 2272 556 rei
2297 524 2400 556 licitae
2424 525 2491 557 sine
2517 525 2622 556 debita

446 574 521 604 pam
545 564 630 604 parvi
651 571 705 594 aut
722 563 800 594 nihil
819 562 920 599 refert,
939 563 1117 594 dummodo
1140 563 1301 595 homicida
1324 564 1356 594 in
1379 565 1507 596 veritate
1534 579 1537 605 Ι
1562 565 1702 597 adhibita
1724 566 1893 607 diligentia,
1918 568 1982 599 sive
2006 569 2112 599 dando
2136 578 2267 609 operam
2290 569 2334 600 rei
2356 569 2491 601 illicitae.

2547 2207 2623 2227 *ubist
