2860 4238
91 356 100 365 ¹
114 355 180 376 Vers.
198 354 230 376 18.

90 432 165 481 ἐει-πρ.
173 438 212 458 vn,
221 437 273 460 n.13

152 459 175 479 h.
195 459 246 480 lect.
261 464 291 479 xv

89 850 100 862 ⁸
113 850 140 872 In
152 855 214 878 resp.
231 849 260 871 nd
275 855 292 871 ι.

34 2251 46 2280 f
84 2236 175 2291 ἷοῗῖῗ·
180 2242 231 2286 lg
242 2243 296 2285 ’nt

85 2279 142 2313 lon..
151 2295 207 2313 ιιι.

146 2332 186 2355 ‘gu
192 2332 250 2350 nrt.

181 2360 215 2378 ,οι
233 2366 246 2374 ,Δ

182 2547 198 2581 β

84 2662 96 2674 ⁰
116 2661 165 2693 Cap
194 2667 247 2689 xm,
266 2662 294 2683 al.

54 2705 58 2710 2
84 2691 295 2715 xvn,1nvet.xxxi.

85 2820 163 2842 Quid
177 2820 217 2842 lib.
232 2819 296 2847 vm,

85 2836 296 2878 enp.x1.ynt,al.

84 2878 144 2898 xxx,
186 2873 210 2895 in
249 2876 295 2895 vet.

84 2905 185 2922 mvxuc

183 2935 200 2962 Τ

35 3099 37 3102 ⁴
87 3079 97 3090 '
106 3078 155 3106 Qu.
173 3083 227 3100 xxiv
236 3094 242 3105 ‚
253 3081 295 3099 nrt.

85 3110 119 3129 υς
144 3110 168 3126 ιι.
176 3108 295 3132 mnan.

33 3142 36 3146 ·
103 3147 110 3156 ‚
174 3131 222 3153 11⁸·
231 3146 237 3158 ,
256 3137 295 3159 qn.

31 3183 34 3184 .
85 3163 157 3184 uxn,
173 3161 215 3179 art.
229 3163 250 3186 5-

1014 216 1279 262 QUAESTIO
1310 218 1430 264 CXII,
1459 219 1753 256 ARTICULUS
1784 220 1813 255 ΙΙ

329 291 482 339 naliter,
516 293 740 352 inquantum
778 294 825 331 de
855 294 992 331 divitiis
1031 294 1164 343 aliquis
1206 295 1384 343 superbit.
1412 296 1413 360 J
1442 308 1521 332 non
1549 297 1674 333 solum
1712 305 1865 346 propter
1892 298 2071 356 gloriam,
2102 298 2169 334 sed
2198 298 2309 335 etiam
2345 307 2499 347 propter

328 345 439 382 Unde
460 353 496 382 et
523 346 723 393 signanter,
742 347 855 384 Prov.
883 348 1107 394 vn1*,opes
1135 347 1309 384 dicuntur
1326 360 1386 384 su·
1412 333 1600 407 Jlucrum,
1631 349 1694 408 qui
1723 349 1770 386 de
1798 350 1928 398 seipsis
1955 351 2102 398 fingunt
2131 363 2175 387 ea
2204 363 2249 387 ex
2277 351 2415 398 quibus
2444 353 2498 388 lu-

290 399 475 447 perbae.
506 419 530 426 -
557 398 643 436 Alio
673 399 813 445 modo,
842 411 911 448 per
947 399 1108 436 modurn
1137 400 1240 436 finis:
1276 400 1385 449 quia,
1412 400 1415 462 J
1443 401 1536 437 erari
1557 402 1700 449 possint
1718 407 1743 448 ²,
1764 410 1853 450 puta
1881 403 1986 451 quod
2009 403 2081 440 sint
2107 404 2250 450 medici,
2269 404 2328 440 vel
2354 405 2498 453 sapien-

294 458 369 486 -ut
396 450 530 488 dicitur
566 451 604 487 in
633 452 687 488 IV
710 452 830 488 Ethic.
851 451 890 498 ³⁸,
919 451 1034 500 aliqui
1068 452 1213 500 seipsos
1250 453 1415 502 iactant!
1443 459 1495 490 tes
1523 459 1560 490 et
1585 455 1704 491 divini
1730 453 1754 490 ζ.

2418 221 2493 268 435

380 565 402 596 ε)
416 564 531 596 possint.
549 577 568 583 -·
581 567 696 596 possunt
715 564 859 594 PCEGHL,
875 565 962 596 possit
979 565 1010 596 D,
1026 569 1136 597 possent
1155 567 1194 591 ed.
1214 574 1240 602 α.Ι
1413 567 1416 593 Ι
1494 566 1519 601 ζ)
1539 570 1565 591 et
1583 567 1676 593 divini.
1693 581 1713 587 —
1730 569 1772 594 vel
1790 569 1875 594 divini
1893 570 1999 601 PAGK;
2019 571 2059 595 vel
2077 570 2179 595 domini
2197 571 2231 595 H.

1001 644 1333 678 commentat-ia
1354 645 1605 678 cardinalis
1627 646 1828 679 Caietam

330 731 376 793 IN
400 721 531 751 articulo
555 721 659 761 primo
675 722 869 773 quaestionis
892 724 1289 754 centesimaeduodecimae
1309 730 1385 754 nota
1411 733 1414 765 J
1438 724 1526 754 modi
1543 724 1847 762 manifestationem,
1869 734 1898 756 et
1914 727 2107 777 quandoque
2125 728 2221 764 mala,
2235 735 2363 768 propter
2379 729 2500 759 malum

357 765 434 796 duo.
452 765 570 801 Primo,
584 766 672 805 quod
688 766 928 802 iactantia‚1icet
943 768 1050 808 quoad
1065 767 1212 798 vocabuli
1229 777 1325 798 usum
1342 767 1388 797 di-
1412 768 1414 806 ξ
1438 774 1493 798 aut
1515 777 1634 798 vanum
1656 768 1762 799 finem.
1793 770 1834 800 Et
1856 777 2022 810 propterea
2045 771 2078 801 in
2101 772 2184 802 calce
2208 772 2349 812 corporis
2378 772 2500 803 articuli

326 815 414 839 catur
427 809 521 840 etiam
539 809 577 839 de
595 811 806 841 ostentatione
817 811 882 841 veri
898 821 992 851 supra
1009 812 1195 851 opinionem
1211 821 1266 842 seu
1280 810 1386 850 cogni·
1412 815 1415 873 J
1438 811 1638 842 concluditur
1661 813 1750 852 quod
1779 814 1932 844 iaetantia
1949 816 2084 864 proprie
2111 816 2196 846 dicta
2219 817 2389 866 opponitur
2418 818 2498 847 veri-

325 852 447 883 tionem
470 852 616 889 aliorum,
630 860 666 884 ut
690 854 728 884 de
744 856 883 885 Assuero
905 855 1018 886 dicitur
1032 856 1064 891 *;
1089 862 1195 886 tamen
1209 850 1415 885 secundum
1439 856 1497 885 tati
1513 865 1577 894 per
1600 856 1726 886 modum
1751 866 1909 888 excessus.
1934 858 1974 888 Et
1994 858 2037 888 sic
2061 859 2099 889 de
2122 859 2267 889 iactantia
2292 859 2383 890 estin
2400 860 2500 890 littera

325 905 402 932 rem,
426 904 522 936 prout
545 904 591 928 est
614 907 733 928 nomen
756 899 823 929 vitii
847 909 883 929 ex
907 909 966 929 suo
989 909 1102 949 genere
1130 897 1188 940 (sic
1212 899 1297 929 enirn
1321 905 1387 928 tan·
1414 886 1416 942 J
1440 899 1580 939 reliquus
1605 909 1720 930 sermo.

324 947 394 970 tum
417 941 544 981 proprie
567 940 727 983 sumitur),
752 952 818 972 non
841 942 955 973 dicitur
978 943 1038 973 nisi
1062 944 1100 973 de
1129 942 1280 982 opposito
1308 942 1388 972 veri-
1414 944 1416 956 “
1495 943 1653 979 Secundo,
1678 944 1767 984 quod
1790 954 1827 974 ex
1851 945 2056 984 responsione
2080 947 2118 976 ad
2142 947 2319 977 secundum
2348 947 2447 977 discas
2471 954 2501 978 et

324 984 395 1014 tatis
418 994 474 1024 per
497 985 632 1015 modum
649 995 805 1016 excessus:
830 987 984 1027 quoniam
1001 986 1044 1017 sic
1067 993 1192 1017 tantum
1209 993 1255 1016 est
1270 993 1388 1016 nomen
1414 985 1417 1022 ἰ
1441 987 1630 1023 discernere,
1655 994 1685 1017 et
1707 987 1835 1028 proprie
1857 988 1958 1028 loqui.
1989 990 2072 1019 Nam
2102 990 2220 1029 species
2249 991 2411 1030 superbiae
2435 1001 2500 1021 non

323 1028 391 1058 vitii
407 1038 443 1059 ex
463 1039 523 1059 suo
543 1039 666 1070 genere.
690 1029 869 1060 ostentatio
889 1040 1028 1071 namque
1042 1030 1107 1060 veri
1124 1040 1219 1069 supra
1236 1030 1390 1069 cognitio·
1415 1029 1418 1071 J
1440 1031 1595 1067 iactantia,
1607 1031 1662 1061 sed
1679 1031 1855 1070 arrogantia
1871 1031 1956 1062 intus
1973 1040 2036 1063 est:
2055 1043 2136 1073 quae
2153 1033 2330 1074 frequenter
2347 1045 2439 1065 causa
2456 1042 2502 1065 est

324 1081 399 1102 nem
415 1072 552 1103 aliorum
573 1082 638 1103 non
662 1080 708 1104 est
725 1074 810 1104 mala
833 1083 870 1104 ex
889 1083 948 1104 suo
965 1083 1090 1114 genere.
1116 1075 1170 1104 sed
1195 1075 1389 1115 quandoque
1416 1074 1417 1114 J
1440 1075 1615 1111 iactantiae,
1632 1085 1714 1115 quae
1730 1075 1849 1115 species
1865 1083 1911 1106 est
1926 1076 2093 1107 mendacii.
2113 1078 2153 1107 Et
2168 1078 2321 1118 quoniam
2338 1089 2370 1108 se
2386 1079 2502 1109 habent

325 1116 424 1150 bona,
449 1116 536 1147 iuxta
558 1117 775 1148 necessitatem
799 1125 854 1148 aut
877 1117 1045 1148 utilitatem
1075 1117 1251 1158 exigentem
1281 1118 1390 1150 huius·
1416 1116 1418 1148 l
1444 1125 1479 1149 ut
1502 1129 1595 1149 causa
1619 1126 1649 1149 et
1670 1118 1813 1155 effectus,
1838 1119 1910 1150 ideo
1935 1130 2038 1150 unum
2061 1121 2139 1161 poni
2167 1121 2324 1152 invenitur
2346 1132 2404 1162 pro
2429 1123 2500 1152 alio.

463 1282 556 1303 .-W-v
587 1278 592 1279 ⁷
1086 1262 1404 1305 ARTICULUS
1438 1263 1738 1305 SECUNDUS

357 1454 420 1494 ,μμ
444 1459 450 1470 ’-
464 1468 511 1498 aq
536 1429 561 1479 o
573 1453 765 1479 SECUNDUM
780 1453 833 1479 Sic
848 1453 1090 1480 PROCEDlTUR.
1107 1442 1268 1480 Videtur
1282 1442 1387 1490 quod

371 1492 444 1544 *ἓξ
472 1495 509 1550 ’4
537 1494 712 1531 iactantia
740 1494 787 1531 sit
812 1502 1013 1543 peccatum
1041 1495 1212 1532 mortale.
1242 1495 1388 1532 Dicitur

195 1542 218 1556 ¹⁴
243 1545 257 1566 ‘v
279 1574 282 1579 .
326 1535 465 1599 4572}ss
490 1551 520 1595 rJ‘
538 1547 640 1584 enim
666 1548 780 1584 Prov.
800 1559 909 1584 xxvm
927 1547 968 1569 *·
1003 1547 1076 1589 Qui
1092 1560 1132 1584 se
1150 1548 1265 1584 iactat
1281 1554 1317 1584 et
1333 1548 1386 1585 di-

387 1628 394 1633 —-
474 1612 481 1624 ²
503 1598 639 1646 latai
659 1600 788 1650 iurgia
805 1600 975 1637 concitat.
1007 1600 1083 1637 Sed
1104 1601 1292 1638 concitare
1313 1601 1386 1637 iur—

323 1642 384 1701 gia
412 1660 468 1690 est
495 1660 697 1700 peccatum
718 1653 896 1690 mortale:
926 1653 1126 1690 detestatur
1153 1653 1255 1691 enim
1283 1645 1415 1690 Deus

323 1717 387 1744 eos
402 1706 470 1754 qui
485 1706 673 1743 seminant
688 1706 906 1752 discordias,
926 1714 968 1743 ut
985 1707 1146 1743 habetur
1163 1708 1276 1744 Prov.
1297 1719 1334 1743 vi
1354 1706 1385 1743 *.

323 1759 428 1807 Ergo
455 1758 632 1795 iactantia
661 1766 717 1795 est
744 1767 944 1807 peccatum
975 1760 1146 1796 mortale.

326 1827 341 1850 ·.
378 1822 414 1848 2.
444 1812 685 1859 PRAETEREA,
716 1823 832 1848 omne
862 1812 966 1861 quod
994 1812 1216 1861 prohibetur
1240 1812 1276 1849 in
1305 1813 1387 1860 lege

324 1863 397 1906 Dfei
416 1871 474 1905 est
490 1872 692 1919 peccatum
712 1866 883 1902 mortale.
914 1865 991 1902 Sed
1011 1878 1125 1914 super
1153 1865 1245 1902 illud
1269 1865 1386 1902 Eccli.

325 1929 361 1958 vt
379 1916 420 1964 ²¹⁸,
449 1916 547 1954 Non
578 1923 612 1957 te
638 1917 796 1954 extollas
825 1918 862 1955 in
891 1918 1117 1967 cogitatione
1143 1924 1208 1955 tua
1238 1923 1267 1965 α,
1298 1917 1388 1955 dicit
1414 1915 1415 1969 J

323 1970 464 2009 Glossa
481 1969 518 2006 *ε
545 1971 771 2007 lactantium
791 1977 827 2007 et
842 1971 1056 2019 superbiam
1070 1971 1254 2020 prohibet.
1285 1971 1387 2019 Ergo

324 2023 500 2062 iactantia
527 2030 584 2061 est
611 2031 812 2072 peccatum
841 2025 1012 2060 mortale.

325 2080 326 2084 ’
380 2077 415 2113 3.
444 2077 680 2124 PRAETEREA,
706 2076 881 2114 iactantia
910 2084 966 2113 est
993 2076 1236 2113 mendacium
1266 2077 1387 2124 quod-

324 2120 428 2179 dam.
457 2129 550 2179 Non
579 2137 633 2166 est
662 2137 789 2166 autem
815 2129 1060 2167 mendacium
1090 2129 1305 2166 officiosum
1325 2131 1387 2167 vel
1413 2156 1415 2179 ι

323 2182 512 2226 iocosum.
542 2181 660 2229 Quod
677 2190 781 2231 patet
810 2195 855 2219 ex
882 2183 960 2220 fine
980 2182 1181 2220 mendacii.
1213 2182 1326 2229 Quia,
1346 2190 1387 2219 ut
1413 2185 1415 2211 ῖ

323 2235 581 2295 Philosophus
610 2235 709 2281 dicit,
738 2235 777 2272 in
807 2236 858 2272 IV
884 2236 1004 2273 Ethic.
1025 2235 1063 2280 ²⁸,
1093 2236 1252 2272 iactator
1267 2236 1389 2285 fingit

321 2289 370 2326 de
391 2300 432 2325 se
449 2289 598 2325 maiora
617 2289 867 2339 existentibus,
889 2289 1120 2348 quandoque
1141 2288 1278 2325 nullius
1295 2300 1387 2338 gra-

285 2364 288 2369 .
284 2330 387 2387 iia,
407 2342 650 2391 quandoque
670 2335 799 2378 autem
819 2342 937 2390 gratia
963 2341 1112 2391 gloriae
1138 2341 1198 2378 vel
1219 2341 1383 2387 honoris,

323 2394 556 2444 quandoque
572 2402 699 2431 autem
719 2394 836 2442 gratia
855 2395 1021 2444 argenti:
1041 2402 1077 2431 et
1091 2394 1144 2431 sic
1159 2401 1261 2442 patet
1281 2370 1385 2442 quod

323 2460 448 2496 neque
469 2456 524 2484 est
539 2447 813 2484 mendacium
805 2460 991 2493 1ocosum,
1009 2460 1133 2495 neque
1154 2447 1383 2484 officiosum.

322 2501 434 2539 Unde
462 2501 685 2549 relinquitur
720 2501 825 2548 quod
854 2513 1008 2549 semper
1040 2501 1085 2536 sit
1112 2500 1384 2549 perniciosum.

322 2553 483 2591 Videtur
515 2566 604 2601 ergo
633 2565 788 2602 semper
816 2566 898 2590 esse
933 2552 947 2583 β
975 2560 1176 2602 peccatum
1212 2554 1384 2590 mortale.

378 2607 452 2644 SED
472 2618 619 2644 CONTRA
644 2618 710 2643 EST
731 2607 836 2655 quod
865 2606 1039 2644 iactantia
1067 2606 1182 2643 oritur
1211 2617 1255 2641 ex
1283 2605 1385 2643 inani

323 2660 460 2708 gloria,
482 2660 695 2697 secundum
712 2660 952 2707 Gregorium,
968 2660 1092 2696 XXXI
1108 2658 1252 2695 Moral.
1266 2660 1286 2679 ’¹‘
1308 2659 1384 2695 Sed
1411 2688 1412 2695 ,

322 2713 445 2750 inanis
473 2713 592 2760 gloria
620 2725 698 2749 non
726 2724 879 2760 semper
907 2719 963 2749 est
989 2719 1189 2760 peccatum
1210 2713 1383 2759 mortale,

324 2766 391 2802 sed
429 2765 663 2813 quandoque
697 2765 867 2824 veniale,
897 2765 1001 2813 quod
1028 2765 1149 2801 vitare
1187 2771 1243 2800 est
1274 2765 1385 2800 valde

322 2819 598 2868 perfectorum:
629 2817 716 2855 dicit
741 2818 842 2854 enim
871 2817 1077 2865 Gregorius
1095 2817 1116 2839 *
1144 2817 1247 2864 quod
1276 2817 1386 2853 valde

317 2873 573 2932 perfectorum
602 2877 656 2907 est
679 2870 733 2906 sic
760 2876 903 2907 ostenso
922 2875 938 2898 Υ
967 2882 1079 2918 opere
1101 2869 1276 2906 Auctoris
1302 2870 1384 2918 glo-

324 2925 422 2962 riam
450 2936 632 2973 quaerere
656 2929 697 2959 ut
719 2923 765 2959 de
783 2923 886 2960 illata
914 2923 1025 2959 laude
1037 2923 1191 2971 privata
1219 2924 1388 2958 nesciant

323 2978 551 3015 exultatione
577 2977 756 3026 gaudere.
792 2977 892 3024 Ergo
922 2975 1098 3012 iactantia
1126 2987 1205 3012 non
1233 2986 1386 3023 semper

325 3039 379 3083 est
407 3037 606 3079 peccatum
636 3029 808 3066 mortale.

378 3085 603 3120 Responnsso
619 3094 804 3119 memnon
823 3081 941 3129 quod,
963 3081 1058 3117 sicut
1077 3079 1221 3139 supra*
1241 3079 1384 3116 dictum
1411 3107 1413 3135 J

325 3145 399 3183 est,
428 3143 629 3185 peccatum
658 3135 818 3172 mortale
847 3142 902 3171 est
933 3134 1039 3183 quod
1069 3132 1209 3170 caritati
1239 3140 1386 3169 contra-

324 3189 449 3226 riatur.
486 3188 695 3237 Dupliciter
723 3199 812 3235 ergo
847 3187 1022 3223 iactantia
1059 3185 1288 3223 considerari
1317 3197 1384 3234 po·

324 3250 406 3279 test.
435 3243 522 3279 Uno
550 3242 689 3288 modo,
720 3240 931 3277 secundum
961 3252 1021 3285 se,
1051 3246 1164 3287 prout
1197 3246 1252 3275 est
1279 3250 1385 3274 men-
1411 3247 1413 3259 ³

325 3295 476 3333 dacium
505 3294 714 3343 quoddam.
751 3294 799 3330 Et
828 3293 879 3329 sic
908 3292 1140 3342 quandoque
1170 3299 1225 3328 est
1252 3303 1385 3340 pecca·
1411 3302 1413 3331 τ

378 3409 405 3439 α)
426 3411 481 3433 tua.
499 3421 518 3427 -
535 3407 641 3432 animae
660 3410 721 3431 tuae
740 3406 767 3430 P.

379 3443 403 3475 β)
423 3450 527 3475 semper
545 3450 608 3467 esse.
625 3455 644 3461 -
662 3442 733 3474 quod
750 3449 854 3473 semper
872 3444 911 3465 est
928 3440 976 3474 (sit
994 3439 1027 3473 P)
1045 3441 1092 3466 Pa.

378 3480 404 3511 γ)
423 3482 535 3503 ostenso.
548 3493 566 3496 -
584 3477 701 3511 officioso
722 3477 744 3506 Ι,
764 3484 801 3501 ex
826 3479 930 3501 ostenso
949 3477 983 3506 P;
1003 3484 1050 3508 pro
1068 3475 1210 3501 Auctoris.
1236 3475 1382 3499 auctorita-

325 3514 360 3539 tis
382 3514 434 3538 AL.

898 1355 1067 1402 'UTRUM
1090 1354 1330 1386 IACTANTIA
1353 1355 1420 1386 SIT
1442 1329 1685 1387 PECCATUM
1705 1356 1917 1386 MORTALE

1439 1450 1521 1479 tum
1556 1443 1736 1490 mortale,
1767 1443 1999 1492 quandoque
2031 1444 2192 1482 veniale.
2232 1446 2393 1483 Mortale
2423 1447 2503 1495 qui-

1413 1498 1415 1534 ἱ
1440 1495 1542 1541 dem,
1564 1495 1719 1544 quando
1749 1495 1882 1543 aliquis
1900 1496 2081 1533 iactanter
2101 1497 2147 1534 de
2177 1510 2217 1534 se
2236 1499 2378 1546 profert
2397 1499 2502 1547 quod

1413 1557 1415 1592 'J
1440 1555 1495 1584 est
1528 1554 1659 1584 contra
1693 1548 1852 1595 gloriam
1884 1549 1978 1585 Dei:
2017 1549 2112 1586 sicut
2141 1562 2184 1586 ex
2212 1563 2378 1599 persona
2406 1552 2502 1600 regis

1413 1600 1534 1655 Tyri
1561 1598 1575 1622 δ
1605 1600 1739 1637 dicitur
1767 1602 1906 1638 Ezech.
1935 1601 2103 1638 xxvn1*:
2131 1603 2329 1641 Elevatum
2357 1610 2412 1641 est
2437 1617 2503 1642 cor

1440 1659 1557 1699 tuum,
1578 1659 1614 1689 et
1637 1653 1780 1690 dixisti.
1808 1655 1912 1691 Deus
1930 1666 2001 1704 ego
2019 1667 2114 1691 sum.
2143 1656 2214 1692 Vel
2238 1657 2351 1693 etiam
2372 1665 2503 1694 contra

1413 1714 1415 1754 *J
1441 1706 1635 1743 caritatem
1674 1707 1857 1754 proximi:
1896 1707 1991 1744 sicut
2026 1719 2112 1744 cum
2145 1709 2297 1757 aliquis,
2326 1710 2501 1747 iactando

1439 1759 1621 1807 seipsum,
1642 1759 1856 1808 prorumpit
1875 1760 1914 1796 in
1938 1760 2187 1798 contumelias
2207 1762 2388 1808 aliorum;
2409 1763 2504 1800 sicut

1413 1815 1415 1826 ¹
1440 1812 1602 1848 habetur
1630 1813 1723 1848 Luc.
1752 1824 1838 1849 xvm
1864 1812 1884 1834 '¹‘
1913 1813 1959 1850 de
1993 1813 2212 1861 Pharisaeo,
2242 1815 2306 1863 qui
2335 1816 2501 1852 dicebat:

1414 1854 1415 1912 J
1439 1865 1530 1902 Non
1559 1877 1643 1901 sum
1670 1865 1767 1901 sicut
1791 1866 1904 1902 ceteri
1929 1866 2136 1913 hominum,
2163 1873 2345 1915 raptores,
2366 1869 2501 1915 iniusti,

1440 1917 1620 1954 adulteri:
1647 1917 1747 1954 velut
1774 1918 1886 1955 etiam
1919 1919 1979 1955 hic
2004 1919 2237 1967 publicanus.
2266 1942 2290 1948 -
2320 1921 2503 1968 Quando-

1414 1998 1415 2004 .
1440 1982 1516 2018 que
1541 1982 1635 2007 vero
1665 1977 1720 2007 est
1747 1979 1948 2019 peccatum
1975 1972 2141 2009 veniale:
2181 1975 2334 2022 quando
2363 1975 2503 2011 scilicet

1439 2023 1575 2070 aliquis
1603 2024 1650 2060 de
1679 2035 1719 2060 se
1748 2023 1834 2060 talia
1861 2024 1972 2060 iactat
1999 2037 2097 2074 quae
2121 2037 2245 2074 neque
2266 2034 2353 2063 sunt
2373 2035 2503 2064 contra

1413 2079 1415 2118 ξ
1439 2077 1587 2123 Deum,
1619 2088 1742 2124 neque
1772 2084 1903 2113 contra
1930 2077 2164 2125 proximum.

1492 2129 1577 2165 Alio
1607 2129 1726 2166 modo
1745 2137 1872 2177 potest
1891 2129 2121 2167 considerari
2150 2131 2362 2168 secundum
2392 2145 2502 2170 suam

1441 2194 1614 2218 causam:
1645 2182 1786 2219 scilicet
1814 2183 2045 2231 superbiam,
2079 2184 2142 2221 vel
2171 2185 2379 2233 appetitum
2408 2186 2502 2222 lucri

1439 2242 1504 2271 aut
1523 2235 1644 2271 inanis
1672 2235 1825 2282 gloriae.
1856 2236 1905 2272 Et
1924 2236 1988 2282 sic,
2009 2236 2039 2272 si
2059 2237 2242 2284 procedat
2262 2250 2306 2274 ex
2327 2239 2504 2286 superbia

1412 2293 1414 2331 ξ
1436 2288 1499 2324 vel
1518 2288 1620 2324 inani
1639 2287 1756 2335 gloria
1785 2300 1884 2335 quae
1905 2289 1950 2324 sit
1969 2297 2170 2337 peccatum
2194 2292 2366 2337 mortale,
2390 2291 2503 2327 etiarn

1437 2341 1519 2389 ipsa
1539 2345 1552 2361 Ε
1580 2341 1754 2377 iactantia
1784 2341 1851 2377 erit
1883 2349 2084 2389 peccatum
2114 2344 2286 2379 mortale.
2323 2343 2504 2391 Alioquin

1412 2387 1507 2430 'erit
1544 2401 1744 2442 peccatum
1781 2393 1943 2430 veniale.
1978 2416 2002 2422 —
2042 2395 2118 2432 Sed
2156 2395 2343 2443 quandot
2372 2397 2504 2445 aliquis

1411 2468 1413 2476 ι
1436 2446 1653 2494 prorumpit
1680 2446 1718 2482 in
1747 2446 1962 2483 iactantiam
1983 2455 2140 2496 propter
2167 2449 2377 2497 appetitum
2399 2449 2503 2497 lucri,

1411 2521 1412 2534 ι
1437 2500 1512 2535 hoc
1539 2499 1692 2535 videtur
1720 2499 1796 2535 iam
1826 2499 2014 2547 pertinere
2043 2501 2091 2537 ad
2119 2501 2283 2549 proximi
2313 2502 2503 2551 deceptio-

1437 2564 1526 2588 nem
1557 2559 1594 2588 et
1621 2552 1820 2589 damnum.
1860 2553 1908 2588 Et
1940 2552 2026 2589 ideo
2056 2554 2138 2590 talis
2170 2554 2346 2591 iactantia
2383 2555 2503 2603 magis

1438 2613 1494 2641 est
1520 2612 1722 2663 peccatum
1752 2606 1923 2641 mortale.
1957 2606 2069 2642 Unde
2100 2614 2135 2643 et
2162 2607 2419 2667 Philosophus
2450 2609 2503 2644 di-

1411 2716 1412 2720 ’
1438 2722 1553 2747 causa
1581 2710 1679 2746 lucri
1705 2721 1818 2758 quam
1848 2711 1913 2758 qui
1938 2723 1978 2746 se
2000 2711 2113 2747 iactat
2140 2723 2254 2748 causa
2273 2713 2422 2761 gloriae
2442 2715 2503 2750 vel

1411 2757 1412 2764 ¹
1437 2763 1602 2799 honoris.
1634 2763 1724 2799 Non
1754 2770 1883 2799 tamen
1913 2775 2066 2811 semper
2094 2771 2151 2800 est
2173 2773 2372 2812 peccatum
2401 2778 2502 2803 mor-

1411 2818 1412 2830 ³
1437 2815 1528 2852 tale:
1567 2815 1656 2863 quia
1684 2822 1808 2863 potest
1837 2828 1920 2852 esse
1949 2817 2022 2852 tale
2050 2817 2197 2853 lucrum
2227 2830 2271 2854 ex
2300 2831 2377 2866 quo
2407 2819 2501 2856 alius

1439 2880 1518 2905 non
1548 2868 1826 2904 damnificatur.

1490 2922 1549 2957 An
1563 2932 1701 2957 PR1MUM
1720 2932 1818 2957 ERGO
1838 2932 2023 2958 DICENDUM
2039 2922 2145 2969 quod
2164 2922 2224 2958 ille
2244 2923 2309 2971 qui
2330 2935 2370 2959 se
2390 2923 2502 2961 iactat

1438 2973 1487 3010 ad
1515 2974 1590 3009 hoc
1627 2973 1731 3021 quod
1763 2973 1881 3021 iurgia
1914 2974 2086 3021 concitet,
2116 2983 2249 3023 peccat
2281 2977 2499 3014 mortaliter.

1439 3025 1515 3062 Sed
1536 3026 1767 3074 quandoque
1789 3026 1969 3074 contingit
1988 3028 2092 3076 quod
2113 3028 2287 3065 iactantia
2313 3036 2367 3065 est
2387 3042 2501 3067 causa

1438 3078 1646 3126 iurgiorum
1676 3091 1754 3115 non
1787 3091 1856 3127 per
1883 3092 1943 3126 se,
1974 3080 2042 3117 sed
2068 3093 2138 3129 per
2165 3081 2352 3118 accidens.
2389 3083 2500 3120 Unde

1411 3137 1412 3153 ³
1440 3144 1484 3168 ex
1512 3132 1586 3167 hoc
1614 3131 1788 3168 iactantia
1817 3145 1895 3169 non
1925 3141 1979 3169 est
2006 3141 2206 3182 peccatum
2234 3135 2405 3171 mortale.

1491 3186 1551 3220 AD
1575 3196 1766 3222 SECUNDUM
1784 3197 1968 3223 mCENDUM
1988 3187 2091 3235 quod
2112 3187 2236 3233 glossa
2255 3187 2315 3223 illa
2335 3187 2500 3236 loquitur

1441 3237 1487 3274 de
1507 3237 1681 3274 iactantia
1702 3238 1913 3275 secundum
1934 3239 2039 3286 quod
2067 3239 2238 3287 procedit
2258 3252 2302 3276 ex
2322 3241 2499 3288 superbia

1438 3290 1639 3338 prohibita,
1669 3303 1768 3339 quae
1798 3299 1852 3328 est
1878 3299 2079 3340 peccatum
2108 3293 2279 3328 mortale.

1492 3401 1516 3434 ὃ)
1540 3403 1616 3436 Tyri.
1633 3418 1651 3422 -
1670 3405 1714 3428 cui
1732 3405 1804 3433 EFL,
1824 3405 1864 3429 tui
1882 3404 1931 3437 pK‚
1950 3410 2016 3437 spat.
2035 3412 2091 3429 vac.
2111 3405 2145 3435 B;

1492 3438 1512 3469 ε)
1534 3439 1600 3470 ipsa.
1619 3453 1638 3458 -
1658 3439 1718 3464 Om.
1738 3440 1811 3464 PDL.

1490 3474 1514 3506 ζ)
1534 3475 1650 3506 quando.
1669 3488 1687 3492 -
1704 3475 1860 3507 quandoque
1879 3474 2123 3507 PABEFHleCK3
2143 3483 2190 3507 pro
2215 3475 2271 3503 hoc,
2291 3478 2317 3499 et
2342 3475 2390 3499 hoc
2408 3475 2443 3505 P;
2469 3475 2495 3500 in

1437 3510 1620 3534 iactantiam...
1641 3509 1746 3534 videtur
1765 3518 1818 3534 om.
1837 3511 1866 3535 B.

2165 3405 2255 3429 abrasa
2273 3405 2320 3437 pC.

2529 1644 2619 1666 Vere.
2634 1650 2655 1666 2.

2528 1824 2538 1834 ’
2554 1823 2620 1846 Vera.
2635 1831 2660 1846 ιι.

1439 2658 1502 2703 cit,
1533 2657 1571 2694 in
1599 2657 1648 2693 IV
1668 2658 1788 2694 Ethic
1809 2657 1839 2704 *,
1870 2658 1976 2717 quod
2004 2659 2150 2706 turpior
2176 2665 2230 2695 est
2250 2661 2316 2707 qui
2332 2672 2372 2696 se
2391 2661 2505 2697 iactat
2529 2661 2652 2710 ῬἪῘΠ
2661 2667 2684 2682 ¹²
2693 2668 2718 2683 ¹¹·

2630 2688 2681 2708 lect.
2700 2694 2738 2709 xv.
