2860 4244
170 476 183 488 ⁸
197 476 224 498 D.
238 476 292 503 96⁶.

171 1247 179 1257 ·
194 1246 218 1267 In
234 1249 276 1267 art.
291 1251 311 1267 2.

170 1947 180 1958 ⁸
194 1948 261 1969 Vers.
277 1953 306 1976 13.

169 1974 190 1984 ’⁸
222 1974 259 1995 Ps.
289 1980 363 1996 xxxin
373 1990 378 1999 ,

169 2006 228 2022 vers.
243 2006 264 2021 2.

169 2029 178 2038 ⁸
195 2027 259 2048 Vers.
275 2033 298 2052 4.

169 2216 179 2226 ⁴
193 2215 217 2236 In
232 2221 294 2242 resp.
310 2214 338 2236 ad
356 2220 376 2236 2.

170 2259 179 2268 ⁸
192 2258 216 2279 In
232 2264 292 2286 resp.
302 2257 331 2279 ad
341 2264 364 2284 4.

169 2523 179 2532 ⁸
189 2522 226 2543 Ps.
242 2528 303 2548 xux,
319 2527 379 2544 vere.

168 2554 201 2577 ²3·

411 289 486 335 296

409 365 575 402 iusmodi
604 365 705 401 enim
726 364 869 400 musica
889 363 1135 399 instrumenta
1155 360 1274 407 magis
1293 359 1463 395 animum

410 425 568 454 movent
586 418 634 454 ad
659 417 947 454 delectationem
977 426 1093 462 quam
1122 425 1190 460 per
1211 424 1255 448 ea
1283 413 1466 448 formetur

409 471 563 506 interius
584 471 684 506 bona
705 468 898 516 dispositio
918 467 948 503 ²⁸.
980 469 1019 502 In
1041 466 1158 501 veteri
1178 472 1303 500 autem
1333 466 1466 501 Testa-

411 531 539 559 mento
560 535 649 558 usus
670 529 746 557 erat
765 521 896 556 talium
913 520 1262 563 instrumentorum,
1278 525 1358 553 tum
1379 517 1467 565 quia

409 577 572 623 populus
602 582 680 610 erat
708 573 825 620 magis
853 573 967 608 durus
995 579 1030 607 et
1055 570 1228 606 carnalis:
1258 570 1359 606 unde
1389 578 1467 606 erat

409 640 477 676 per
496 626 714 663 huiusmodi
741 626 989 661 instrumenta
1010 623 1293 671 provocandus,
1310 623 1404 659 sicut
1434 631 1468 659 et

392 689 476 728 'per
496 678 766 727 promissiones
785 685 963 713 terrenas.
985 677 1088 712 Tum
1106 675 1219 712 etiam
1236 675 1324 724 quia
1338 676 1467 712 huius-

410 732 514 768 modi
547 732 794 767 instrumenta
824 729 1035 777 corporalia
1070 728 1212 775 aliquid
1241 729 1466 776 figurabant.

461 786 518 820 AD
534 795 694 825 QU1NTUM
710 794 893 819 DICENDUM
910 782 1013 829 quod
1034 794 1101 830 per
1117 789 1270 818 cantum
1291 793 1367 829 quo
1385 780 1466 829 quis

408 837 574 872 studiose
603 836 651 872 ad
681 835 945 872 delectandum
975 835 1104 880 utitur,
1135 834 1363 870 abstrahitur
1390 834 1467 870 ani—

409 901 494 925 mus
514 901 535 924 a
555 888 855 924 consideratione
876 899 1011 924 eorum
1032 899 1131 935 quae
1152 894 1360 924 cantantur.
1392 887 1467 923 Sed

460 1002 486 1033 η)
506 1008 560 1032 pro
584 1007 634 1025 sua
659 1000 823 1025 diversitate.
837 1013 854 1018 -
878 1007 931 1031 pro
955 1007 1031 1024 suam
1056 1000 1239 1025 diversitatem
1265 1001 1293 1029 F,
1313 1008 1367 1032 pro
1391 1000 1470 1025 suavi

408 1037 588 1061 diversitatem
614 1037 642 1065 B,
663 1043 717 1067 pro
739 1035 816 1060 suavi
841 1035 997 1060 diversitate
1020 1035 1101 1066 ADG,
1116 1043 1168 1067 per
1185 1043 1261 1060 suam
1286 1036 1468 1060 diversitatem

408 1072 512 1096 CIKLK.

1077 283 1341 330 QUAESTIO
1371 282 1474 327 XCI,
1503 283 1799 320 ARTICULUS
1830 285 1858 320 ll

1520 360 1549 396 si
1584 361 1717 409 aliquis
1752 369 1875 398 cantet
1911 369 2066 410 propter
2100 362 2380 408 devotionemq·
2404 362 2579 399 attentius

1520 413 1734 450 considerat
1761 426 1859 463 quae
1889 415 2081 451 dicuntur:
2111 422 2193 450 tum
2224 414 2311 462 quia
2340 414 2477 451 diutius
2497 427 2579 451 mo-

1521 473 1622 501 ratur
1641 478 1754 514 super
1774 469 1931 511 eodem;
1962 475 2042 503 tum
2071 467 2172 515 quia,
2197 474 2238 503 ut
2265 467 2496 514 Augustinus
2525 468 2579 505 di-

1521 518 1579 563 cit,
1609 518 1646 554 in
1672 519 1706 555 X
1730 520 1895 568 ConseSS.
1916 519 1946 566 ²⁸,
1976 531 2104 556 omnes
2123 519 2279 568 affectus
2296 520 2444 568 spiritus
2464 522 2582 557 nostri

1493 576 1494 583 ¹
1516 582 1588 618 pro
1620 582 1688 607 sua
1724 572 1934 608 diversitate
1953 577 1971 599 η
1999 573 2136 609 habent
2165 573 2342 620 proprios
2375 573 2505 609 modos
2541 574 2578 610 in

1520 635 1611 660 voce
1644 629 1755 671 atque
1787 630 1919 670 cantu,
1949 637 2110 672 quorum
2144 625 2287 661 occulta
2313 625 2580 672 familiaritate

1519 676 1741 712 excitantur.
1773 677 1820 713 Et
1850 677 1986 714 eadem
2017 686 2072 714 est
2090 675 2102 698 θ
2133 674 2225 714 ratio
2252 678 2299 714 de
2319 678 2578 715 audientibus:

1521 728 1559 764 in
1579 728 1729 776 quibus,
1747 730 1813 765 etsi
1833 730 2037 777 aliquando
2058 743 2136 767 non
2151 730 2356 778 intelligant
2375 743 2472 778 quae
2494 743 2579 767 can—

1520 788 1656 826 tantur,
1682 781 1891 829 intelligunt
1919 791 2045 819 tamen
2071 791 2226 832 propter
2250 784 2342 831 quid
2372 782 2579 830 cantantur,

1521 833 1659 870 scilicet
1687 835 1734 870 ad
1755 834 1907 871 laudem
1935 836 2026 881 Dei;
2054 844 2089 872 et
2116 838 2192 873 hoc
2220 837 2358 873 sufficit
2386 837 2434 874 ad
2463 837 2581 874 devo-

1521 887 1665 923 tionem
1696 886 1948 924 excitandam.

1576 999 1600 1033 θ)
1620 1003 1668 1025 est.
1682 1015 1700 1019 -
1719 1001 1799 1025 etiam
1819 1003 1859 1026 est
1877 982 2027 1025 §DEFKsC
2046 1005 2071 1025 et
2089 1008 2133 1025 xa.
2153 1001 2243 1026 Cessat
2261 1002 2343 1026 notari
2360 1009 2387 1026 x.

1085 1159 1416 1191 Commentaria
1439 1158 1688 1192 cardinalis
1710 1159 1909 1193 Caietam

437 1249 456 1268 N
481 1239 606 1268 duobus
622 1238 758 1268 articulis
775 1238 969 1279 quaestionis
986 1238 1341 1278 nonagesimaeprimae,
1360 1244 1435 1268 nota
1450 1237 1467 1256 *

410 1251 554 1322 Iprimo,
571 1282 668 1312 finem
692 1289 801 1312 cantus
825 1282 994 1313 consistere
1017 1283 1049 1312 in
1080 1282 1264 1312 excitatione
1288 1281 1467 1311 devotionis

406 1327 551 1367 propriae
571 1327 621 1356 vel
643 1326 761 1356 alienae
786 1326 825 1356 ad
848 1327 963 1357 Deum.
995 1327 1036 1356 Et
1057 1336 1131 1356 cum
1154 1326 1263 1356 omnia
1286 1335 1368 1366 quae
1394 1332 1468 1356 sunt

406 1378 535 1411 propter
557 1369 663 1406 finem,
688 1381 754 1400 non
771 1370 833 1400 sint
856 1377 985 1410 propter
1001 1380 1034 1400 se
1049 1370 1224 1410 appetenda
1242 1379 1299 1400 nec
1317 1369 1467 1405 facienda,

406 1415 466 1445 nisi
487 1415 679 1455 inquantum
695 1421 768 1445 sunt
792 1414 880 1445 utilia
903 1415 943 1446 ad
966 1414 1077 1450 finem;
1102 1424 1300 1455 consequens
1317 1421 1363 1444 est
1382 1421 1417 1444 ut
1435 1413 1468 1443 in

406 1459 619 1490 ecclesiasticis
634 1458 744 1489 officiis
763 1458 795 1488 in
811 1458 948 1489 ecclesiis
971 1458 1188 1499 persolvendis
1211 1459 1322 1489 debeat
1344 1464 1468 1488 tantum

407 1503 521 1533 cantari
550 1510 708 1544 quantum
732 1503 856 1543 expedit
878 1503 1058 1534 excitandae
1086 1503 1248 1534 devotioni
1273 1503 1468 1533 cantantium

406 1545 447 1589 (si
470 1547 589 1577 alienae
614 1547 791 1578 devotionis
815 1546 894 1577 ratio
919 1545 1041 1589 cessat),
1066 1554 1097 1577 et
1121 1557 1185 1577 non
1210 1547 1292 1587 plus.
1323 1547 1364 1577 Et
1387 1557 1468 1587 quo-

406 1591 492 1621 niam
523 1601 588 1621 non
611 1598 716 1631 potest
743 1591 901 1631 praelatus
925 1591 1123 1632 singulorum
1148 1590 1276 1622 affectus
1299 1591 1332 1620 in
1356 1597 1468 1621 statera

406 1635 533 1672 habere;
557 1642 587 1666 et
611 1635 636 1665 si
659 1635 796 1671 haberet,
813 1635 912 1675 ipsius
928 1643 974 1666 est
994 1635 1174 1666 communis
1198 1634 1385 1671 devotionis,
1403 1645 1468 1665 non

406 1680 582 1719 singularis,
599 1679 755 1710 rationem
771 1679 884 1710 habere
900 1679 933 1710 in
949 1679 1189 1710 communibus:
1213 1679 1286 1710 ideo
1302 1679 1469 1719 prudentia

407 1734 490 1764 opus
507 1731 552 1754 est
569 1724 601 1754 in
617 1724 693 1760 istis,
712 1730 755 1759 ut,
773 1724 910 1763 pensatis
927 1723 1162 1754 conditionibus
1178 1733 1385 1764 personarum
1398 1730 1467 1759 etc„

407 1774 564 1809 quantum
587 1778 644 1809 pro
661 1768 822 1798 excitanda
846 1775 876 1798 et
899 1768 1112 1798 conservanda
1137 1768 1305 1798 devotione
1324 1768 1468 1808 expedire

406 1812 576 1848 videbitur,
601 1819 750 1842 cantetur.
782 1812 875 1842 Ratio
899 1822 973 1842 vero
998 1812 1116 1842 alienae
1145 1811 1323 1842 devotionis
1347 1812 1390 1842 sic
1415 1812 1468 1842 ha-

407 1857 510 1886 benda
533 1863 579 1887 est
602 1862 638 1886 ut
660 1855 788 1896 propria
807 1866 872 1886 non
896 1856 1082 1886 destruatur.
1106 1856 1180 1886 Non
1197 1856 1282 1886 enirn
1299 1856 1391 1886 debet
1409 1865 1467 1886 no-

407 1906 470 1930 stra
486 1910 553 1930 esse
570 1900 730 1930 tribulatio
746 1900 846 1930 aliena
862 1900 1039 1935 subventio,
1057 1900 1233 1930 secundum
1248 1900 1395 1940 Apostoli
1412 1900 1467 1930 do-

407 1944 549 1980 cuinam,
570 1944 595 1974 11
613 1944 657 1974 ad
678 1944 752 1974 Cor.
769 1954 822 1974 vm
837 1944 863 1974 *.
889 1944 930 1975 Et
949 1944 1061 1980 David,
1077 1954 1150 1975 curn
1170 1944 1297 1974 dixisset
1310 1943 1360 1974 **:
1380 1944 1467 1975 Sem—

400 1998 464 2028 per
487 1989 559 2018 Iaus
583 1989 651 2018 eius
673 1989 704 2018 in
721 1998 777 2018 ore
792 1998 872 2026 meo,
890 1988 1051 2019 subiunxit
1065 1988 1098 2018 *2
1123 1988 1336 2029 Magnificam
1357 1989 1467 2019 Domi·
1492 2011 1494 2019 ⁴

407 2042 483 2062 num
508 2042 641 2069 mecum,
667 2042 731 2062 non
756 2039 864 2062 contra
888 2042 948 2063 me.
980 2033 1073 2063 Unde
1097 2042 1115 2062 a
1138 2033 1265 2063 duobus
1290 2033 1466 2063 cavendum

407 2082 467 2106 est:
493 2076 619 2110 scilicet,
645 2086 683 2105 ne
707 2075 778 2106 ideo
804 2083 944 2107 cantetur
967 2077 1057 2117 quasi
1076 2076 1143 2116 ipse
1158 2083 1267 2107 cantus
1291 2078 1467 2107 secundum

406 2130 438 2150 se
461 2119 502 2150 sit
523 2120 593 2150 Deo
617 2119 750 2159 gratior3
776 2127 806 2150 et
829 2130 868 2150 ne
892 2127 1034 2151 cantetur
1058 2131 1151 2151 causa
1175 2121 1390 2151 delectationis
1414 2131 1469 2151 no-

406 2171 485 2199 strae
508 2164 558 2194 vel
582 2164 701 2194 alienae
723 2164 755 2194 in
779 2164 993 2195 ecclesiasticis
1017 2164 1137 2201 officiis,
1162 2172 1198 2195 ut
1220 2171 1307 2205 patet
1329 2175 1365 2195 ex
1388 2164 1467 2202 fine,

406 2215 436 2239 et
459 2218 496 2239 ex
515 2208 698 2239 auctoritate
717 2208 887 2248 Augustini
901 2219 938 2239 ex
956 2210 984 2240 X
1003 2209 1148 2249 Confess.
1163 2209 1196 2239 in
1213 2209 1314 2239 littera
1328 2206 1343 2224 *
1367 2209 1468 2241 allata.

461 2253 499 2282 11.
522 2253 607 2283 Nota
626 2253 765 2283 secundo
781 2253 807 2288 *‚
832 2254 921 2293 quod
944 2260 1089 2293 tempore
1112 2253 1176 2283 divi
1191 2254 1339 2283 Thomae
1361 2254 1469 2284 Eccle-

406 2296 450 2326 sia
466 2306 530 2326 non
554 2297 700 2327 utebatur
724 2297 858 2336 organis.
883 2297 918 2327 In
936 2298 1025 2328 cuius
1049 2297 1186 2337 signum,
1204 2298 1306 2327 adhuc
1323 2298 1468 2330 Romana

405 2340 544 2370 Ecclesia
568 2350 675 2371 coram
698 2341 833 2371 Summo
857 2341 1009 2372 Pontifice
1034 2352 1098 2371 non
1123 2341 1231 2372 utitur.
1262 2342 1303 2372 Et
1326 2341 1350 2371 si
1375 2342 1468 2372 ratio-

407 2394 481 2414 nem
503 2384 535 2414 in
557 2385 658 2415 littera
679 2384 805 2415 allatam
827 2395 863 2415 ex
875 2385 946 2416 VIII
963 2386 1055 2416 Polit.
1071 2385 1219 2416 attentius
1241 2386 1382 2416 meditati
1398 2386 1467 2416 fue-

407 2427 523 2464 rimus,
551 2429 714 2468 apparebit
743 2429 831 2469 quod
859 2429 891 2459 in
921 2429 1129 2460 ecclesiastico
1160 2429 1283 2466 officio,
1308 2430 1347 2460 ad
1380 2432 1468 2471 quod

407 2472 624 2512 suscipiendae
655 2472 778 2503 divinae
800 2473 956 2503 interioris
987 2474 1168 2513 disciplinae
1198 2473 1296 2513 gratia
1319 2475 1468 2505 conveni-

407 2526 489 2552 muS,
510 2517 595 2547 iuxta
610 2516 689 2547 illud
703 2516 730 2552 *,
754 2517 954 2558 Sacrificium
979 2518 1086 2548 laudis
1107 2518 1329 2558 honorificabit
1349 2527 1415 2549 me:
1438 2525 1468 2550 et

407 2561 474 2591 illic
497 2561 557 2591 iter
591 2570 652 2600 quo
683 2561 846 2591 ostendam
871 2561 919 2591 illi
947 2562 1093 2592 salutare
1115 2563 1195 2598 Dei,
1221 2572 1286 2591 non
1311 2569 1386 2592 sunt
1414 2563 1467 2593 ad-

407 2604 560 2634 mittenda
582 2604 790 2635 instrumenta
814 2605 944 2636 musica.
968 2605 1139 2646 Tantoque
1157 2605 1256 2645 magis
1276 2605 1469 2637 excludenda

406 2655 481 2679 sunt
505 2655 624 2689 quanto
642 2648 746 2679 divina
762 2649 926 2689 disciplina
946 2649 1076 2680 interior
1090 2649 1289 2680 excellentior
1304 2656 1350 2680 est
1366 2651 1469 2680 omni-

406 2693 466 2723 bus
489 2692 661 2732 disciplinis
684 2693 848 2730 humanis,
872 2693 1058 2725 huiusmodi
1081 2693 1289 2724 instrumenta
1317 2694 1470 2734 repellen-

406 2736 500 2767 tibus.
517 2755 538 2760 -
552 2737 593 2768 Et
616 2737 687 2768 licet
710 2747 765 2777 per
787 2747 820 2768 se
844 2738 1006 2778 loquendo
1023 2737 1084 2768 hoc
1100 2738 1139 2768 sit
1161 2748 1282 2774 verum,
1297 2745 1403 2777 potest
1426 2745 1469 2769 ta-

407 2791 480 2811 men
504 2790 559 2821 per
582 2781 725 2811 accidens
749 2782 874 2812 tolerari
898 2789 1023 2813 extensa
1041 2782 1105 2811 iam
1120 2783 1319 2813 consuetudo
1335 2792 1470 2822 organo-

406 2835 495 2861 rum,
526 2832 655 2865 propter
683 2825 816 2856 nimiam
846 2826 1082 2865 elongationem
1112 2826 1282 2857 hominum
1311 2836 1329 2856 a
1360 2827 1468 2858 divino

407 2870 504 2905 cultu,
529 2876 564 2899 ut
583 2869 631 2899 vel
651 2869 694 2900 sic
718 2869 819 2900 allecti
841 2870 954 2900 divinis
970 2870 1122 2901 intersint.
1147 2871 1211 2907 Qui
1228 2877 1333 2901 tamen
1350 2881 1468 2911 organa

406 2913 439 2943 in
463 2913 591 2943 ecclesia
621 2913 811 2944 medicinam
833 2914 957 2944 animae
984 2925 1002 2945 a
1026 2914 1155 2945 remotis
1179 2925 1246 2946 esse
1269 2914 1466 2954 cogitaverit,

406 2967 498 2997 parce
521 2957 582 2988 illis
605 2964 724 2994 utetur,
749 2967 789 2988 ne
812 2958 894 2988 sanis
918 2965 1031 2989 noceat
1053 2958 1229 2990 minuendo
1252 2959 1302 2989 vel
1324 2959 1468 2990 tollendo

407 3011 520 3032 eorum
543 3002 738 3033 devotiones.
761 3002 802 3033 Et
824 3003 897 3034 licet
919 3012 1112 3042 organorum
1130 3013 1206 3034 usus
1230 3003 1333 3034 licitus
1355 3003 1419 3034 iam
1435 3004 1467 3034 in

408 3045 536 3075 ecclesia
559 3045 598 3075 sit
621 3055 714 3076 causa
737 3046 916 3077 excitandae
939 3047 1126 3083 devotionis,
1150 3047 1277 3078 illicitus
1300 3055 1406 3078 tamen
1423 3055 1469 3078 est

408 3098 502 3119 causa
524 3089 748 3123 delectationis.
772 3091 882 3120 eadem
906 3090 1026 3122 ratione
1049 3101 1113 3132 qua
1136 3099 1257 3122 cantus.
1427 3107 1429 3110 ·

463 3132 516 3163 III.
540 3132 601 3163 Sed
617 3133 752 3165 occurrit
771 3134 820 3164 hic
840 3135 983 3172 dubium,
1001 3146 1040 3165 an
1060 3136 1183 3175 pulsare
1199 3136 1231 3166 in
1248 3134 1373 3175 organis
1388 3135 1469 3166 inter

408 3175 511 3207 officia
534 3177 740 3208 ecclesiastica
763 3188 859 3208 sonos
879 3179 1085 3209 saecularium
1101 3180 1276 3211 vanitatum
1299 3179 1339 3210 sit
1361 3189 1467 3220 pecca-

408 3227 478 3251 tum
500 3221 643 3252 mortale.
667 3222 708 3252 Et
731 3228 777 3252 est
798 3222 877 3253 ratio
902 3222 988 3253 dubii
1003 3223 1086 3263 -quia
1109 3223 1249 3264 quidam,
1274 3230 1403 3263 propter
1425 3223 1467 3253 ir-

408 3265 613 3296 reverentiam
641 3265 738 3296 divini
762 3266 880 3302 cultus,
906 3273 1018 3306 putant
1041 3267 1129 3307 quod
1153 3267 1207 3298 sic.
1230 3285 1251 3290 -
1275 3267 1339 3297 Alii
1361 3273 1467 3298 autem

407 3309 553 3340 videntur
581 3309 662 3340 hanc
689 3319 835 3350 respuere
863 3311 1067 3342 sententiam:
1101 3311 1176 3351 quia
1199 3321 1298 3341 sonus
1321 3311 1470 3342 abstrahit

408 3363 425 3395 a
449 3353 578 3384 materia
600 3354 658 3384 hac
673 3354 724 3384 vel
738 3354 801 3391 illa,
826 3361 856 3385 et
879 3365 977 3386 sonus
1001 3355 1057 3396 qui
1081 3356 1119 3385 ab
1143 3365 1209 3385 uno
1233 3354 1408 3395 applicatus
1423 3362 1470 3386 est

408 3397 447 3427 ad
467 3397 629 3428 materiam
644 3408 768 3435 vanarn,
789 3405 894 3439 potest
912 3399 950 3430 ab
970 3398 1067 3429 altero
1088 3398 1236 3439 applicari
1251 3399 1291 3429 ad
1306 3398 1469 3429 materiam

409 3441 612 3481 spiritualem,
637 3449 672 3472 ut
694 3449 789 3482 patet.

463 3485 514 3519 Ad
537 3485 726 3516 evidentiam
747 3486 853 3523 huius,
878 3493 1006 3527 oportet
1025 3486 1122 3518 vitare
1138 3487 1233 3517 ambo
1250 3492 1395 3518 extrema.
1420 3487 1468 3517 Ne

409 3528 525 3560 scilicet
539 3530 617 3560 tanti
632 3529 784 3560 faciamus
796 3531 1039 3562 abstractionem
1051 3530 1122 3561 soni
1135 3541 1152 3561 a
1166 3530 1295 3562 materia
1311 3537 1347 3562 ut
1363 3531 1468 3561 omnis

410 3583 507 3604 sonus
531 3583 630 3614 aeque
659 3573 781 3604 admitti
804 3574 918 3614 dignus
942 3574 981 3606 sit
1003 3574 1034 3605 in
1060 3574 1198 3606 ecclesia.
1231 3575 1392 3612 Quoniam
1418 3585 1467 3605 ea-

1521 1238 1594 1268 dem
1619 1246 1664 1269 est
1688 1239 1767 1269 ratio
1788 1241 1825 1270 de
1845 1247 1938 1271 cantu
1963 1247 1993 1270 et
2016 1249 2111 1270 sono:
2137 1239 2291 1280 quoniam
2308 1247 2418 1271 cantus
2434 1240 2584 1272 abstrahit

1521 1281 1615 1311 etiam
1640 1293 1657 1312 a
1681 1284 1824 1319 materia,
1851 1291 1881 1314 et
1907 1291 2011 1323 potest
2036 1291 2185 1314 unusmet
2208 1291 2328 1320 cantuS,
2345 1284 2520 1324 applicatus
2544 1285 2583 1315 ad

1522 1326 1639 1355 malam
1662 1327 1835 1362 materiam,
1861 1327 1953 1357 etiam
1978 1328 2127 1368 applicari
2151 1328 2190 1358 ad
2214 1327 2419 1368 spiritualem,
2439 1338 2505 1358 non
2525 1329 2583 1359 mi-

1521 1379 1581 1399 nus
1609 1380 1707 1410 quam
1730 1378 1881 1401 unusmet
1904 1381 2011 1402 sonus.
2046 1371 2181 1402 Constat
2208 1378 2315 1402 autern
2339 1382 2376 1403 ex
2399 1373 2584 1404 auctoritate

1521 1413 1711 1454 Hieronymi
1742 1414 1776 1444 in
1798 1414 1901 1445 littera
1919 1415 1936 1434 *
1959 1415 2069 1451 allata,
2093 1425 2176 1456 quae
2207 1415 2340 1447 habetur
2370 1417 2403 1447 in
2426 1417 2583 1454 Decretis,
2611 1424 2622 1436 ⁸

1521 1458 1592 1488 dist.
1609 1458 1705 1495 XCII,
1731 1468 1799 1498 cap.
1819 1459 2006 1498 Cantantes,
2029 1460 2118 1500 quod
2142 1469 2208 1490 non
2232 1460 2338 1491 omnis
2354 1467 2465 1492 cantus
2481 1468 2527 1492 est
2550 1461 2584 1492 in

1521 1502 1650 1533 ecclesia
1672 1502 1786 1533 licitus.
1811 1503 1886 1533 Non
1909 1503 2003 1543 igitur
2026 1503 2131 1533 omnis
2155 1513 2253 1534 sonus
2277 1511 2324 1535 est
2344 1504 2378 1535 in
2398 1505 2526 1536 ecclesia
2548 1505 2584 1537 li-

1522 1546 1611 1577 citus.
1635 1564 1656 1569 -
1679 1547 1791 1587 Neque
1821 1547 1915 1577 etiam
1943 1557 2074 1578 omnem
2097 1547 2329 1578 irreverentiam
2357 1547 2413 1579 ¹seu
2437 1548 2584 1580 indecen-

1520 1590 1597 1620 tiam
1626 1590 1739 1620 divinis
1763 1591 1933 1621 admixtam
1958 1592 2091 1622 mortale
2114 1599 2280 1631 peccatum
2310 1591 2462 1624 dicamus.
2497 1592 2584 1624 Con-

1520 1634 1612 1675 tingit
1636 1645 1783 1676 namque,
1800 1635 1849 1665 vel
1868 1642 1997 1675 propter
2014 1636 2286 1676 imperfectionem
2302 1643 2400 1674 actus,
2417 1644 2494 1678 puta
2510 1637 2586 1678 quia

1520 1679 1552 1709 in
1576 1689 1609 1709 re
1633 1679 1775 1715 modica,
1798 1679 1848 1709 vel
1871 1686 2001 1719 propter
2023 1680 2172 1720 pietatem
2195 1680 2393 1718 intentionis,
2419 1681 2586 1712 indiscreta

1519 1730 1626 1753 tamen
1650 1723 1792 1754 habentis
1816 1724 1929 1760 media,
1949 1724 2111 1756 venialiter
2134 1731 2259 1756 tantum
2283 1735 2412 1765 peccare
2427 1726 2460 1756 in
2477 1725 2586 1756 multis

1522 1767 1744 1798 dedecentibus
1768 1767 1883 1797 divina.
2192 1775 2195 1778 ⁴
2430 1801 2433 1804 Α

1576 1812 1658 1841 Inter
1681 1812 1757 1841 haec
1780 1811 1889 1850 igitur,
1915 1818 1945 1842 et
1968 1822 2005 1843 ex
2026 1812 2075 1842 his
2098 1812 2318 1852 procedendo,
2345 1813 2515 1844 dicendum
2539 1820 2586 1845 est

1519 1855 1607 1896 quod
1632 1855 1799 1895 dupliciter
1823 1855 1977 1895 contingit
1999 1856 2125 1895 pulsare
2149 1856 2181 1886 in
2206 1856 2319 1887 divinis
2336 1856 2446 1888 officiis
2467 1867 2585 1898 organa

1520 1909 1594 1930 cum
1613 1899 1700 1929 sonis
1716 1909 1821 1929 rerum
1837 1908 2005 1930 vanarum:
2030 1900 2146 1931 scilicet
2160 1910 2216 1940 per
2232 1911 2274 1937 se,
2298 1908 2329 1932 et
2352 1911 2408 1941 per
2423 1901 2583 1939 accidens;

1520 1943 1581 1974 hoc
1604 1950 1666 1979 est,
1691 1954 1728 1974 ex
1750 1943 1925 1974 intentione
1948 1943 2110 1983 ingerendi
2133 1944 2187 1974 illa
2208 1954 2306 1981 vana,
2331 1951 2362 1976 et
2383 1955 2451 1976 non
2477 1955 2515 1976 ex
2536 1946 2585 1976 in-

1519 1988 1660 2018 tentione
1690 1987 1851 2027 ingerendi
1874 1987 1928 2018 illa
1951 1998 2047 2024 vana,
2072 1988 2127 2018 sed
2157 1989 2383 2020 tantummodo
2403 1999 2526 2026 ⁴sonum
2547 1989 2587 2021 il-

1519 2032 1588 2062 lum
1603 2031 1631 2062 *.
1655 2032 1696 2062 Et
1711 2031 1816 2071 primo
1834 2031 1964 2072 quidem
1983 2033 2091 2068 modo,
2110 2032 2135 2062 si
2159 2042 2206 2062 res
2221 2032 2293 2063 inae
2308 2040 2382 2064 sunt
2397 2043 2464 2064 non
2479 2034 2587 2065 solum

1519 2086 1637 2114 vanae,
1662 2076 1717 2106 sed
1746 2076 1984 2116 provocatoriae
2008 2076 2047 2106 ad
2071 2076 2303 2116 impudicitiam
2327 2084 2358 2108 et
2380 2077 2584 2116 huiusmodi,

1520 2119 1684 2151 manifeste
1709 2127 1755 2150 est
1777 2126 1943 2160 peccatum
1967 2121 2110 2156 mortale,
2135 2131 2200 2150 non
2217 2120 2324 2151 solum
2347 2121 2428 2152 inter
2443 2122 2587 2153 ecclesia-

1520 2164 1611 2200 stica,
1636 2164 1691 2194 sed
1714 2171 1813 2194 extra:
1845 2164 1920 2205 quia
1943 2164 2006 2195 hoc
2029 2171 2075 2195 est
2097 2165 2231 2196 mortale
2256 2174 2292 2196 ex
2315 2175 2376 2196 suo
2399 2175 2529 2206 genere,
2555 2173 2586 2198 et

1520 2215 1609 2239 tanto
1632 2208 1757 2248 gravius
1781 2212 1902 2248 quanto
1926 2209 2021 2239 etiam
2044 2209 2125 2239 inter
2148 2209 2264 2239 divina.

1577 2252 1609 2283 Si
1632 2262 1707 2283 vero
1731 2260 1805 2283 sunt
1827 2253 1934 2283 solum
1953 2263 2043 2289 vana,
2069 2260 2143 2284 tunc
2160 2263 2228 2284 non
2243 2253 2329 2284 deest
2351 2260 2519 2294 peccatum
2534 2265 2587 2287 su-

1521 2296 1711 2336 perstitionis
1735 2297 1767 2326 in
1791 2297 1843 2327 tali
1869 2304 1950 2328 actu.
1980 2298 2035 2328 Est
2060 2307 2205 2338 namque,
2221 2297 2292 2328 talis
2315 2304 2404 2328 actus
2427 2298 2460 2328 in
2483 2298 2587 2340 prima

1520 2340 1623 2381 specie
1647 2341 1893 2380 superstitionis,
1919 2351 1982 2382 qua
2004 2342 2074 2372 Deo
2099 2342 2202 2372 cultus
2231 2341 2394 2372 exhibetur
2417 2343 2516 2374 modo
2539 2342 2586 2374 in-

1521 2385 1637 2416 debito.
1663 2384 1798 2415 Constat
1821 2395 1960 2425 namque
1983 2386 2071 2426 quod
2095 2396 2193 2416 sonus
2214 2385 2295 2416 inter
2317 2385 2423 2416 divina
2446 2396 2518 2427 pars
2541 2387 2586 2418 di-

1519 2429 1584 2459 vini
1609 2430 1712 2460 cultus
1737 2436 1791 2465 est,
1817 2436 1847 2460 et
1870 2439 1928 2469 pro
1953 2430 2152 2460 solemnitate
2177 2428 2273 2460 divini
2293 2430 2397 2460 cultus
2421 2430 2589 2462 adhibetur

1520 2474 1558 2503 ab
1579 2473 1733 2504 Ecclesia:
1758 2480 1789 2504 et
1812 2474 1902 2514 quod
1925 2474 2024 2504 modo
2041 2473 2183 2504 indebito
2207 2474 2322 2504 colitur
2344 2474 2432 2504 Deus
2455 2475 2586 2516 quando

1520 2527 1618 2548 sonus
1637 2517 1813 2548 vanitatum
1832 2527 1869 2548 ex
1884 2517 2060 2548 intentione
2079 2518 2269 2549 admiscetur
2288 2518 2362 2548 loco
2377 2518 2587 2550 solemnitatis

1521 2560 1754 2592 ecclesiasticae.
1779 2561 1997 2592 Contrariatur
2016 2568 2122 2592 autem
2142 2562 2211 2592 talis
2231 2568 2318 2592 actus
2338 2572 2375 2592 ex
2393 2572 2453 2593 suo
2472 2572 2586 2602 genere

1521 2605 1687 2645 duplIciter
1710 2605 1817 2635 divino
1842 2605 1951 2636 cultui.
1983 2605 2106 2644 Primo,
2131 2606 2238 2646 quoad
2261 2605 2374 2636 finem:
2399 2606 2475 2646 quia
2497 2605 2586 2638 actus

1520 2649 1578 2680 iste
1593 2659 1629 2679 ex
1645 2659 1704 2679 suo
1719 2658 1832 2689 genere
1848 2655 1894 2679 est
1913 2649 2094 2680 excitativus
2110 2649 2225 2680 mentis
2241 2657 2272 2680 et
2288 2650 2415 2681 affectus
2430 2651 2470 2680 ad
2489 2659 2585 2688 vana;

1521 2703 1556 2724 ac
1579 2703 1636 2733 per
1657 2693 1719 2723 hoc
1743 2693 1856 2724 directe
1880 2693 2055 2724 contrarius
2079 2693 2162 2724 actui
2186 2693 2283 2724 divini
2305 2695 2408 2724 cultus
2432 2694 2588 2726 excitativi

1521 2738 1562 2767 ad
1577 2737 1791 2768 devotionem.
1808 2737 1965 2774 Secundo,
1981 2739 2087 2778 quoad
2104 2738 2267 2769 veritatem
2283 2748 2320 2768 ex
2336 2745 2423 2778 parte
2439 2739 2586 2770 colentis:

1521 2782 1595 2822 quia
1619 2782 1722 2812 cultus
1746 2781 1870 2812 divinus
1894 2792 1950 2821 per
1971 2781 2182 2812 ministerium
2206 2782 2361 2822 pulsantis
2385 2783 2423 2813 ab
2446 2783 2588 2815 Ecclesia

1521 2827 1590 2857 Deo
1614 2826 1792 2856 reddendus
1815 2825 2012 2863 falsificatur,
2043 2826 2085 2856 ita
2113 2826 2203 2866 quod
2233 2826 2348 2858 falsarii
2375 2834 2451 2858 sunt
2474 2837 2586 2858 omnes

1521 2870 1564 2901 sic
1588 2870 1759 2910 pulsantes,
1783 2877 1812 2901 et
1835 2877 2040 2910 procurantes
2057 2880 2092 2901 ac
2109 2870 2350 2907 consentientes,
2375 2870 2530 2912 quoniam
2550 2881 2588 2902 ex

1520 2922 1607 2955 parte
1630 2914 1787 2956 Ecclesiae
1811 2914 1934 2944 cultum
1958 2921 2068 2945 contra
2087 2915 2223 2945 modum
2246 2915 2286 2945 ab
2310 2924 2346 2945 ea
2368 2915 2493 2946 iussum
2515 2915 2586 2947 Deo

1520 2955 1676 2994 exhibent,
1700 2965 1857 2999 quantum
1881 2965 1927 2989 est
1950 2968 1990 2994 ex
2002 2965 2113 2989 natura
2132 2959 2202 2989 talis
2218 2965 2316 2995 actus,
2341 2966 2376 2990 ut
2399 2959 2531 2991 inferius
2553 2959 2587 2990 in

1520 3013 1574 3044 qu.
1591 3013 1680 3038 xcm,
1705 3009 1761 3033 art.
1783 3013 1808 3039 1,
1833 3012 1870 3033 ex
1892 3002 1994 3034 littera
2017 3003 2132 3033 habere
2158 3010 2260 3043 potes.
2291 3004 2332 3034 Et
2355 3003 2511 3044 quoniam
2533 3013 2586 3035 su-

1521 3046 1663 3087 perstitio
1679 3057 1716 3077 ex
1732 3057 1791 3077 suo
1807 3056 1920 3087 genere
1944 3054 1990 3077 est
2012 3047 2146 3079 mortale
2170 3054 2352 3087 peccatum;
2377 3054 2408 3078 et
2422 3054 2510 3079 actus
2529 3047 2588 3081 iste

1521 3102 1558 3122 ex
1580 3101 1640 3122 suo
1664 3101 1777 3130 genere
1801 3091 2008 3122 contrariatur
2030 3090 2085 3122 fini
2108 3091 2206 3122 divini
2230 3091 2350 3122 cultus:
2382 3091 2455 3123 ideo
2480 3102 2518 3124 ex
2538 3091 2586 3124 in·

1521 3135 1661 3166 tentione
1684 3135 1809 3176 pulsare
1832 3135 1864 3165 in
1880 3135 2095 3166 ecclesiasticis
2111 3134 2222 3166 officiis
2246 3135 2310 3166 sive
2327 3136 2410 3166 mala
2425 3135 2490 3167 sive
2505 3145 2586 3173 vana

1521 3186 1686 3220 peccatum
1717 3186 1763 3209 est
1793 3180 1925 3215 mortale
1955 3189 1992 3210 ex
2020 3189 2080 3210 suo
2110 3189 2233 3219 genere.
2267 3179 2302 3210 In
2327 3179 2417 3211 cuius
2439 3180 2584 3221 signum,

1521 3224 1621 3254 Levit.
1638 3234 1657 3253 x
1672 3223 1699 3259 *,
1723 3223 1795 3253 Filii
1819 3225 1926 3254 Aaron
1951 3224 2092 3254 devorati
2115 3230 2198 3260 sunt,
2222 3223 2298 3264 quia
2318 3225 2425 3265 ignem
2441 3224 2584 3255 alienum

1520 3267 1553 3297 in
1569 3267 1677 3297 divino
1694 3267 1781 3297 cultu
1797 3274 2026 3307 apposuerunt.
2049 3267 2159 3298 Simile
2174 3277 2314 3309 namque
2330 3268 2442 3299 accidit
2459 3268 2493 3299 in
2511 3277 2583 3308 pro-

1521 3311 1643 3351 posito:
1660 3311 1815 3351 quoniam
1827 3311 1908 3350 ignis
1920 3311 2013 3342 alieni
2025 3312 2152 3349 amoris,
2161 3312 2278 3344 scilicet
2289 3312 2390 3343 carnis
2400 3312 2451 3343 vel
2460 3311 2583 3349 mundi,

1520 3355 1553 3385 in
1577 3354 1685 3385 divino
1708 3355 1880 3395 apponitur
1903 3355 2007 3391 cultu,
2030 3356 2104 3386 loco
2128 3356 2375 3396 antiphonarum
2399 3362 2430 3386 et
2450 3355 2585 3387 laudum

1522 3398 1710 3429 divinarum.
1742 3399 1800 3429 Par
1830 3399 1987 3439 siquidem
2017 3406 2063 3430 est
2093 3410 2130 3430 ex
2151 3399 2326 3432 intentione
2348 3399 2477 3437 talium,
2499 3410 2583 3431 sono

1520 3442 1607 3473 vocis
1631 3442 1795 3479 naturalis,
1820 3450 1874 3473 aut
1897 3443 2083 3481 artificialis,
2107 3444 2184 3475 haec
2207 3444 2240 3475 in
2264 3444 2371 3474 divino
2396 3443 2482 3474 cultu
2511 3454 2583 3484 pro-

1522 3486 1611 3518 ferre·
1642 3486 1777 3518 Constat
1800 3494 1905 3518 autem
1930 3488 2019 3528 quod
2042 3487 2176 3519 naturali
2198 3497 2277 3518 voce
2299 3488 2376 3519 haec
2399 3487 2508 3518 divino
2533 3488 2583 3518 ad-

1522 3531 1619 3562 mixta
1642 3531 1741 3562 cultui
1764 3531 2028 3571 perniciosissima
2051 3539 2163 3563 essent.
2187 3532 2287 3571 Ergo,
2304 3538 2361 3562 etc.

1578 3575 1610 3605 Si
1633 3575 1704 3616 quis
1727 3581 1833 3606 tamen
1857 3576 1998 3607 nesciens
2021 3576 2130 3607 divino
2149 3585 2182 3607 se
2196 3575 2296 3606 cultui
2319 3585 2375 3615 per
2397 3575 2459 3607 hoc
2482 3574 2583 3607 facere

2607 529 2618 540 ⁸
2632 529 2689 557 Cap.
2707 535 2791 551 xxxin.

2704 583 2720 606 η

2613 2037 2625 2049 “
2638 2036 2674 2060 Cf.
2689 2043 2754 2059 num.
2771 2043 2801 2059 ιν.

2611 3231 2623 3243 ⁸
2636 3227 2703 3251 Vere.
2718 3234 2734 3255 r,
2747 3235 2769 3251 2.

2851 3658 2860 4052 Q-..--...
2855 3598 2860 3645 ..m
2838 3560 2860 3584 i.
2856 3534 2860 3539 i
2858 3499 2860 3503 .
