2814 4250
138 702 149 711 ⁸
163 701 188 722 ln
203 701 254 722 fine.

380 242 428 266 20
1035 229 1299 275 QUAESTIO
1330 229 1467 276 LVIII,
1497 229 1791 267 ARTICULUS
1821 231 1889 267 XII

378 308 417 338 de
440 308 507 347 ipsa
531 314 638 338 contra
662 307 876 338 liberalitatem
900 306 1070 337 afferuntur
1092 307 1124 336 in
1144 306 1245 336 littera
1260 306 1293 336 in
1309 316 1437 346 respon-

378 351 467 381 sione
490 352 529 381 ad
552 351 706 391 primum:
739 351 846 381 omnia
870 351 954 380 enim
981 351 1089 380 locum
1119 350 1236 380 habent
1262 349 1295 379 in
1319 350 1437 380 miseri-

378 395 483 425 cordia
507 394 550 425 sic
574 402 709 435 sumpta,
734 401 764 425 et
787 394 896 424 similis
921 401 967 425 est
991 394 1028 424 de
1053 400 1186 433 utraque
1210 393 1298 424 ratio.

432 439 578 469 Secundo
602 446 708 469 autern
732 439 830 468 modo
861 444 965 478 potest
988 437 1070 467 sumi
1099 437 1311 467 misericordia
1341 443 1437 477 prout

377 482 520 513 nominat
535 489 642 512 actum
658 482 814 523 appetitus
830 481 1018 517 intellectivi‚
1034 481 1155 511 ratione
1171 481 1358 520 regulatum‚
1370 490 1436 522 quo

377 526 497 556 malum
524 526 649 556 alterius
677 526 744 556 odit
769 525 948 561 efficaciter,
973 524 1089 555 scilicet
1111 525 1249 555 volendo
1273 524 1436 556 efficaciter

375 570 454 600 illud
478 570 515 600 ab
539 579 577 600 eo
602 569 732 600 auferre.
758 570 798 599 Et
814 569 856 599 sic
872 568 1084 599 misericordia
1100 569 1224 599 videtur
1246 569 1318 609 plus
1337 578 1435 610 quam

376 614 514 643 humana
537 614 644 649 virtus,
669 612 864 653 participatio
889 612 1003 642 scilicet
1027 612 1226 652 proprietatis
1250 613 1382 644 divinae.
1406 615 1435 643 A

375 658 484 687 Tullio
508 664 612 687 tamen
636 657 733 687 virtus
749 656 932 696 appellatur,
958 656 990 686 in
1006 656 1148 686 oratione
1170 667 1228 696 pro
1245 657 1367 694 Quinto
1384 657 1435 687 Li-

375 700 506 741 gario*:
541 707 572 731 et
593 701 631 730 ab
648 703 786 730 Auctore
810 700 954 739 superius
978 700 1081 740 posita
1104 707 1150 731 est
1168 700 1333 740 potissima
1356 700 1436 730 inter

375 754 486 774 omnes
509 744 638 775 virtutes
662 754 742 784 quae
767 751 840 775 sunt
864 744 903 773 ad
926 743 1118 783 proximum.
1144 745 1184 775 Et
1207 745 1268 775 hoc
1292 744 1436 784 probavit

374 790 494 818 Auctor
513 788 587 828 quia
608 795 695 818 actus
715 787 791 824 eius,
808 787 925 818 scilicet
947 788 1108 818 sublevare
1124 789 1249 819 alterius
1266 788 1434 824 defectum,

1492 306 1587 337 etiam
1609 307 1743 347 legalem
1767 315 1827 338 est:
1858 315 1893 338 ut
1915 315 2002 339 actus
2026 308 2189 348 utriusque
2217 310 2431 349 comparando
2455 316 2549 349 patet.

1491 351 1600 390 Longe
1616 351 1772 392 siquidem
1793 352 1920 382 maioris
1937 359 1982 383 est
2001 352 2162 382 sublevare
2178 353 2441 385 communitatem
2459 363 2477 384 a
2493 353 2550 383 mi-

1491 394 1570 424 seria
1596 404 1652 426 seu
1679 395 1802 426 defectu
1834 406 1934 436 quam
1960 396 2096 426 tribuere
2125 396 2347 428 communitati
2375 397 2464 437 quod
2493 396 2550 428 sibi

1491 437 1630 469 debetur.
1660 439 1734 469 Non
1758 439 1843 470 enim
1869 439 2082 470 misericordia
2108 439 2151 470 sic
2180 447 2308 480 sumpta
2335 447 2381 471 est
2407 447 2550 481 respectu

1489 480 1684 520 particularis
1713 483 1848 523 proximi
1876 490 2014 520 tantum,
2039 483 2093 514 sed
2117 483 2211 514 etiam
2234 490 2377 523 respectu
2406 493 2550 514 commu·

1489 525 1607 555 nitatis:
1633 533 1737 566 potest
1755 527 1840 557 enim
1856 527 2068 558 communitas
2082 527 2150 567 ipsa
2169 527 2201 557 in
2222 527 2361 558 defectus
2377 527 2550 558 miseriam-

1489 579 1552 609 que
1574 569 1719 601 incidere.
2039 597 2041 599 >

1543 613 1608 643 Nec
1631 615 1752 644 Auctor
1775 621 1941 655 propterea
1965 614 2151 645 contradixit
2174 614 2233 644 sibi
2252 614 2302 645 hic
2325 621 2356 644 et
2378 614 2431 645 ibi.
2456 615 2548 651 Quo·

1489 655 1575 686 niam
1594 667 1698 687 sermo
1717 658 1755 687 de
1772 658 1984 688 misericordia
2005 658 2048 688 sic
2069 665 2196 698 sumpta
2220 665 2266 688 est
2285 658 2464 698 singularis:
2490 668 2547 688 nec

1488 700 1668 731 intendebat
1685 703 1808 732 Auctor
1823 711 2006 742 comparare
2021 701 2072 732 hic
2088 702 2240 733 iustitiam
2257 702 2488 732 misericordiae
2504 702 2547 732 sic

1489 751 1649 785 sumptae,
1670 745 1724 775 sed
1749 745 1823 775 solis
1846 745 2013 776 virtutibus
2036 755 2117 786 quae
2139 745 2223 777 'inter
2251 746 2380 776 virtutes
2410 746 2545 776 morales

1489 788 1702 819 communiter
1731 796 1952 825 numerantur,
1977 789 2078 830 qualis
2101 799 2167 820 non
2189 796 2235 820 est
2260 790 2472 820 misericordia
2503 790 2546 820 sic

375 839 420 862 est
443 831 620 871 superioris.
650 832 690 862 Et
712 831 756 862 sic
779 838 906 872 sumpta
929 831 1142 862 misericordia
1166 842 1261 872 supra
1284 832 1435 863 iustitiam
1460 828 1463 858 Ι
1489 839 1626 873 sumpta.
