2814 4250
964 251 1228 297 QUAESTIO
1258 251 1360 298 LIX,
1389 249 1683 286 ARTICULUS
1714 250 1726 285 l

2376 257 2420 281 21

675 469 1085 549 QUAESTIO
1125 468 2014 546 QUmQUAGEsnvtANONA

1124 588 1207 628 DE
1240 586 1563 628 INIUSTITIA

1038 693 1073 718 IN
1102 692 1276 723 QUATUOR
1301 691 1503 717 ARTICULOS
1531 692 1647 716 DIVISA

19 800 231 850 {gg-quamam
259 801 448 882 Datum-3
476 787 795 825 considerandum
824 794 881 824 est
909 787 956 823 de
983 786 1160 823 iniustitia
1178 786 1208 822 ²¹⁸.

341 843 389 879 Et
417 841 515 878 circa
541 842 615 877 hoc
644 847 875 889 quaeruntur
903 846 1078 887 quatuor.

309 894 460 932 Primo:
487 902 615 930 utrum
643 892 820 930 iniustitia
847 892 893 928 sit
920 891 1083 940 speciale
1111 890 1259 927 vitium.

310 947 510 984 Secundo:
547 954 675 983 utrum
713 945 850 982 iniusta
887 956 998 992 agere
1034 943 1080 980 sit
1114 942 1314 991 proprium

362 1007 499 1036 iniusti.

1421 784 1573 821 Tertio:
1602 792 1728 822 utrum
1753 786 1885 833 aliquis
1904 785 2023 834 pos'sit
2049 786 2229 823 iniustum
2258 785 2335 834 pati
2354 798 2422 822 vo-

1473 854 1565 890 lens.

1422 923 1590 970 Quarto:
1620 931 1746 961 utrum
1767 924 1944 961 iniustitia
1963 937 2008 961 ex
2028 937 2096 961 suo
2117 937 2252 972 genere
2273 925 2319 962 sit
2337 938 2424 974 pec-

1475 1001 1602 1030 catum
1631 996 1802 1031 mortale.

1065 1102 1382 1146 ARTICULUS
1415 1102 1620 1144 PRIMUS

886 1186 1043 1217 UTRUM
1066 1185 1300 1216 1N1UST1T1A
1323 1185 1389 1215 sn·
1413 1185 1568 1216 VITIUM
1591 1185 1794 1216 SPECxALE

711 1265 802 1297 Supra,
821 1272 866 1297 qu.
884 1271 954 1294 urm,
972 1268 1019 1288 art.
1039 1262 1063 1295 5,
1082 1264 1115 1288 ud
1135 1263 1163 1294 3·
1182 1262 1254 1292 infra,
1273 1270 1318 1295 qu.
1337 1270 1417 1293 Lxxxx.
1435 1267 1483 1288 art.
1502 1270 1527 1293 2,
1545 1263 1577 1287 ad
1599 1271 1627 1294 ις
1645 1263 1669 1287 V
1689 1263 1783 1293 Eehic„
1802 1264 1859 1288 lect.
1877 1270 1910 1294 u,
1929 1270 1967 1289 111.

275 1348 278 1351 '
340 1364 347 1382 ι
390 1366 440 1401 Ἧι
463 1357 502 1394 ¹?
507 1357 655 1387 ymnum
682 1357 736 1382 Slc
764 1356 1004 1382 PROCEDrrUR.
1024 1343 1183 1380 Videtur
1210 1344 1314 1391 quod

304 1394 361 1437 ’ὦ
394 1396 453 1452 ζἰιρ
465 1397 643 1456 iniustitia
670 1410 750 1436 non
777 1397 824 1435 sit
850 1397 986 1434 vitium
1009 1395 1184 1446 speciale.
1213 1396 1314 1434 Dici-

255 1568 339 1609 esse
366 1556 484 1607 quod
500 1554 697 1594 iniustitia.
726 1555 815 1604 quia
851 1555 986 1592 iustitia
1017 1562 1073 1591 est
1071 1502 1314 1604 aequalitas

254 1600 466 1658 quaedam,
486 1606 590 1646 unde
608 1607 785 1645 iniustitia
803 1608 906 1646 idern
934 1607 1086 1645 videtur
1105 1619 1188 1644 esse
1208 1607 1315 1655 quod

253 1661 512 1714 inaequalitas,
532 1661 614 1700 sive
631 1661 822 1710 iniquitas.
843 1661 945 1709 Ergo
964 1659 1143 1698 iniustitia
1161 1672 1240 1698 non
1261 1667 1316 1696 est

253 1708 416 1770 speciale
443 1722 656 1764 peccatum

277 1775 344 1827 2,
363 1766 598 1815 PRAETEREA,
617 1766 765 1804 nullum
785 1765 947 1817 speciale
969 1773 1171 1826 peccatum
1193 1777 1312 1824 oppo—

253 1810 354 1875 ιἰιιμι
381 1818 574 1859 omnibus
586 1818 799 1859 virtutibus.
830 1819 908 1857 Sed
941 1817 1120 1856 iniustitia
1153 1817 1314 1867 opponi-

252 1881 324 1933 tuit
341 1872 525 1911 omnibus
548 1871 771 1910 virtutibus:
799 1884 891 1910 nam
919 1879 1104 1920 quantum
1132 1871 1182 1908 ad
1210 1871 1313 1908 adul-

253 1921 404 1974 terium,
425 1925 631 1976 opponitur
659 1925 834 1977 castitati;
865 1932 1049 1974 quantum
1078 1924 1127 1961 ad
1154 1923 1313 1961 homici—

67 2009 92 2024 ⁵.
126 2009 155 2024 ,ω
185 2006 231 2023 ω-
253 1976 381 2026 dium,
415 1978 622 2029 opponitur
657 1973 960 2024 mansuetudini3
990 1985 1025 2014 et
1053 1976 1105 2014 sic
1141 1976 1188 2014 de
1221 1976 1312 2014 aliis.

55 2036 106 2051 ΨΜ
125 2035 147 2077 ,ξ’
179 2036 233 2078 ξ’ἶζ
253 2032 355 2080 Ergo
384 2030 560 2068 iniustitia
589 2044 667 2068 non
696 2039 751 2068 est
778 2030 939 2091 speciale
967 2037 1180 2089 peccatum.

283 2085 344 2142 ξ
363 2084 599 2132 Pam-rem,
615 2084 792 2122 iniustitia
805 2083 966 2122 iustitiae
982 2082 1199 2133 opponitur,
1216 2095 1313 2133 quae

252 2135 297 2177 in'
317 2133 514 2181 voluntate
543 2145 608 2175 est.
639 2137 716 2174 Sed
745 2149 856 2175 omne
877 2142 1075 2186 peccatum
1103 2141 1157 2172 est
1182 2136 1220 2173 in
1248 2147 1312 2173 vo-

253 2180 405 2236 luntate,
423 2198 466 2237 ut
492 2189 726 2238 Augustinus
750 2188 839 2227 dicit
855 2189 886 2227 *.
917 2190 1020 2237 Ergo
1040 2187 1217 2227 iniustitia
1235 2201 1315 2227 non

254 2241 316 2294 est
336 2238 501 2292 speciale
527 2250 743 2302 peccatum.

307 2287 382 2342 SED
402 2307 569 2343 CONTRA,
598 2294 776 2333 iniustitia
801 2294 962 2332 iustitiae
989 2293 1207 2353 opponitur.
1237 2293 1315 2331 Sed

253 2343 390 2407 iustitia
409 2355 466 2392 est
483 2347 656 2397 specialis
674 2347 805 2386 virtus.
825 2348 928 2396 Ergo
947 2346 1124 2384 iniustitia
1153 2354 1208 2383 est
1231 2359 1314 2395 spe-

254 2391 348 2450 esaie,
374 2399 510 2439 vitium
531 2406 559 2438 α.

292 2442 533 2506 ΒΕὲὸΝιιεο
553 2465 739 2491 memnon
759 2453 865 2502 quod
882 2451 1060 2490 iniustitia
1089 2459 1144 2488 est
1163 2451 1313 2511 duplex.

253 2494 345 2565 Una
367 2506 524 2556 quidem
551 2506 718 2554 illegalis,
739 2517 838 2554 quae
859 2505 1065 2555 opponitur
1082 2504 1191 2552 legali
1213 2503 1315 2541 iusti-

253 2558 338 2598 tiae.
366 2558 417 2597 Et
450 2558 547 2598 haec
575 2559 731 2608 quidem
770 2558 981 2596 secundum
1019 2557 1221 2604 essentiam
1260 2564 1316 2594 est

254 2604 417 2665 speciale
435 2611 592 2650 vitium:
611 2611 838 2661 inquantum
858 2609 1009 2660 respicit
1030 2610 1192 2659 speciale
1212 2609 1316 2647 obie-

255 2671 371 2712 ctum,
392 2665 532 2701 scilicet
559 2665 706 2702 bonum
726 2676 946 2724 commune,
967 2663 1072 2712 quod
1095 2661 1314 2699 contemnit.

256 2717 334 2754 Sed
370 2725 556 2777 quantum
591 2719 638 2755 ad
668 2717 914 2754 intentionem
943 2725 999 2753 est
1035 2716 1171 2752 vitium
1204 2727 1315 2763 gene-

255 2770 352 2807 rale:
383 2770 472 2818 quia
490 2782 559 2818 per
587 2777 849 2818 contemptum
870 2769 961 2807 boni
990 2768 1206 2806 communis
1235 2775 1317 2816 pot-

308 2907 336 2940 α)
355 2908 458 2933 vitium.
470 2921 490 2927 -
502 2911 643 2940 peccatum
662 2908 734 2933 PDa.

309 2941 334 2975 β)
354 2942 438 2968 Sicut.
449 2957 468 2962 -
486 2942 531 2968 Sic
549 2942 754 2975 ADEF’ILszG
773 2948 798 2967 et
815 2950 841 2973 κ,
862 2943 898 2967 Et
914 2943 953 2967 sic
969 2943 1000 2967 B.

1340 2910 1345 2974 l

1368 1350 1423 1380 est
1441 1343 1560 1380 horno
1581 1343 1630 1380 ad
1659 1342 1788 1380 omnia
1806 1350 1962 1392 peccata
1982 1343 2128 1380 deduci.
2156 1343 2261 1381 Sicut
2279 1343 2293 1373 β
2312 1345 2423 1382 etiam

1367 1396 1497 1432 omnia
1510 1395 1612 1442 vitia,
1629 1395 1852 1444 inquantum
1869 1404 2079 1444 repugnant
2097 1397 2200 1433 bono
2217 1398 2423 1445 communi,

1366 1448 1566 1486 iniustitiae
1586 1448 1771 1485 rationem
1788 1449 1942 1496 habent,
1963 1449 2069 1499 quasi
2088 1450 2136 1486 ab
2160 1449 2336 1487 iniustitia
2360 1451 2423 1488 de-

1366 1500 1502 1538 rivata:
1532 1500 1627 1538 sicut
1655 1508 1690 1537 et
1718 1513 1832 1549 supra
1852 1501 1871 1522 *
1901 1501 1948 1538 de
1975 1501 2113 1539 iustitia
2132 1501 2274 1539 dictum
2303 1511 2368 1540 est.

1418 1553 1504 1590 Alio
1525 1553 1644 1590 modo
1665 1553 1800 1590 dicitur
1818 1553 1996 1591 iniustitia
2015 1555 2225 1592 secundum
2245 1555 2423 1603 inaequa—

1366 1605 1508 1644 litatem
1527 1607 1720 1655 quandam
1740 1606 1790 1644 ad
1809 1605 1990 1644 alterurn:
2013 1615 2128 1656 prout
2145 1607 2285 1645 scilicet
2302 1609 2421 1645 homo

1366 1659 1447 1696 vult
1474 1659 1616 1696 habere
1640 1659 1726 1708 plus
1746 1658 1792 1696 de
1821 1658 1943 1706 bonis,
1962 1667 2054 1708 puta
2082 1659 2220 1697 divitiis
2240 1668 2276 1697 et
2301 1661 2423 1699 hono—

1367 1712 1491 1758 ribus3
1522 1719 1558 1748 et
1584 1711 1711 1749 minus
1740 1712 1787 1748 de
1814 1711 1934 1759 malis,
1955 1720 2046 1761 puta
2073 1712 2267 1750 laboribus
2297 1721 2332 1750 et
2360 1714 2424 1750 da-

1365 1764 1475 1803 mnis.
1506 1765 1556 1802 Et
1574 1765 1628 1801 sic
1646 1763 1824 1802 iniustitia
1850 1765 1966 1802 habet
1984 1766 2182 1803 materiam
2207 1765 2423 1814 specialem,

1367 1825 1402 1854 et
1431 1825 1487 1854 est
1513 1817 1738 1866 particulare
1765 1817 1901 1855 vitium
1929 1817 2090 1855 iustitiae
2118 1818 2330 1867 particulari
2357 1831 2424 1868 op-

1365 1870 1544 1919 positum.

1418 1926 1478 1961 An
1505 1935 1643 1960 ΡιιιΜυΜ
1670 1934 1768 1960 ERGO
1806 1934 1990 1960 DICENDUM
2019 1923 2124 1972 quod
2160 1922 2256 1960 sicut
2288 1923 2425 1960 iustitia

1365 1974 1492 2024 legalis
1512 1975 1646 2013 dicitur
1663 1988 1733 2024 per
1749 1975 2075 2025 comparationem
2095 1975 2144 2013 ad
2159 1976 2305 2013 bonum
2321 1988 2424 2013 com-

1366 2041 1483 2067 mune
1520 2031 1755 2077 humanum,
1784 2029 1835 2066 ita
1861 2028 1998 2066 iustitia
2026 2028 2155 2066 divina
2193 2028 2325 2066 dicitur
2356 2041 2424 2078 per

1367 2082 1694 2131 comparationem
1714 2081 1764 2119 ad
1782 2082 1929 2118 bonurn
1952 2081 2135 2129 divinum,
2156 2081 2215 2118 cui
2239 2089 2425 2130 repugnat

1367 2147 1484 2172 omne
1510 2141 1725 2184 peccatum.
1759 2134 1809 2172 Et
1842 2133 2054 2173 secundum
2081 2134 2157 2171 hoc
2194 2146 2309 2171 omne
2336 2146 2423 2182 pec.-

1367 2195 1494 2225 catum
1522 2187 1655 2226 dicitur
1682 2186 1859 2237 iniquitas
1878 2192 1905 2224 Υ.

1419 2242 1478 2278 An
1493 2251 1684 2278 SECUNDUM
1698 2251 1881 2277 DlCENDUM
1901 2239 2029 2288 quod
2020 2238 2198 2276 iniustitia
2213 2238 2326 2276 etiarn
2340 2251 2425 2288 par-

1366 2292 1529 2331 ticularis
1540 2292 1763 2345 opponitur
1791 2292 1970 2331 indirecte
1999 2291 2178 2330 omnibus
2205 2291 2424 2330 virtutibus:

1367 2346 1593 2396 inquantum
1616 2344 1756 2382 scilicet
1784 2345 1987 2382 exteriores
2007 2342 2153 2382 etiam⁶
2181 2352 2286 2381 actus
2313 2344 2424 2393 perti-

1367 2406 1457 2436 nent
1485 2405 1520 2435 et
1548 2398 1596 2437 ad
1625 2397 1801 2435 iustitiam
1823 2406 1859 2435 et
1886 2398 1935 2435 ad
1954 2397 2046 2435 alias
2064 2396 2220 2435 virtutes
2248 2397 2424 2444 morales,

1367 2451 1453 2488 licet
1481 2450 1749 2497 diversimode,
1770 2450 1866 2488 sicut
1893 2463 2006 2500 supra
2024 2450 2045 2472 ’Β
2073 2449 2214 2487 dictum
2243 2457 2309 2487 est.

1419 2506 1479 2541 AD
1493 2515 1652 2542 TERTIUM
1672 2515 1855 2541 DICENDUM
1875 2503 1980 2552 quod
1998 2503 2185 2550 voluntas,
2201 2502 2296 2540 sicut
2315 2510 2351 2540 et
2369 2514 2426 2539 ra-

1367 2556 1433 2604 tio,
1454 2569 1494 2593 se
1525 2556 1690 2594 extendit
1717 2556 1766 2593 ad
1785 2556 1984 2594 materiam
2011 2563 2132 2593 totam
2150 2556 2350 2602 moralem,
2371 2554 2425 2593 id—

1369 2617 1424 2647 est
1443 2609 1491 2647 ad
1510 2609 1708 2658 passiones
1728 2617 1764 2646 et
1781 2609 1832 2647 ad
1851 2609 2091 2658 operationes
2111 2607 2312 2645 exteriores
2328 2620 2425 2656 quae

1369 2669 1455 2699 sunt
1483 2663 1531 2699 ad
1551 2663 1722 2699 alterum.
1753 2662 1830 2699 Sed
1858 2662 1996 2699 iustitia
2018 2661 2165 2711 perficit
2191 2661 2425 2698 voluntatem

1369 2715 1494 2752 solum
1523 2715 1735 2752 secundum
1764 2715 1871 2762 quod
1898 2727 1938 2751 se
1972 2714 2136 2751 extendit
2163 2714 2211 2750 ad
2239 2714 2423 2762 operatio-

1369 2780 1437 2805 nes
1465 2780 1564 2816 quae
1593 2777 1679 2805 sunt
1698 2766 1747 2804 ad
1774 2767 1945 2805 alterum,
1976 2767 2025 2804 Et
2043 2766 2211 2804 similiter
2238 2765 2423 2803 iniustitia.

1422 2907 1448 2940 γ)
1468 2907 1602 2940 iniquitas.
1615 2920 1634 2926 -
1650 2913 1706 2932 esse
1724 2906 1850 2938 iniquitas
1868 2906 1914 2930 Pa.

1423 2940 1448 2974 δ)
1467 2941 1556 2967 etiam.
1569 2955 1589 2961 -
1606 2941 1668 2967 Om.
1686 2941 1782 2973 DGpc.

2452 2451 2544 2499 ’dlb²id.,
2559 2455 2600 2473 art.
2616 2457 2639 2477 9.
