2860 4244
980 235 1247 283 QUAESTIO
1277 235 1378 284 clv,

1406 234 1702 273 ARTICULUS
1731 235 1746 271 1
2378 229 2451 266 383

737 476 1148 559 QUAESTIO
1188 475 2005 552 CENTESLMAQUARTA

54 810 250 840 H·⁴¹=··=¹¹·¹¹¹·
361 817 469 844 ammz
507 805 829 843 considerandum
865 812 921 842 est
958 805 1006 842 de
1034 803 1251 842 obedientia
1269 803 1301 841 ⁴⁸.
1368 813 1371 851 1

279 817 412 906 DEt
438 858 537 896 circa
562 859 639 896 hoc
666 865 900 909 quaeruntur
927 870 1004 895 sex.
1367 855 1371 902 1

306 910 314 914 ”
334 909 489 951 Primo:
525 911 662 957 utrum
683 911 804 949 homo
835 910 972 948 debeat
997 909 1145 947 homini
1173 908 1341 948 obedire.
1367 903 1370 964 Ι

160 1004 165 1011 J
232 1011 236 1014 ἡ
334 965 534 1003 Secundo:
563 972 692 1002 utrum
721 962 939 1002 obedientia
955 963 1002 1001 sit
1020 962 1192 1011 specialis
1209 962 1340 1000 virtus.

143 1012 174 1053 ’Ἰ
206 1040 211 1051 .
247 1023 249 1025 “
287 1038 289 1043 -
332 1017 488 1055 Tertio:
525 1017 578 1055 de
611 1016 897 1066 comparatione
935 1015 1016 1053 eius
1056 1015 1106 1052 ad
1144 1015 1235 1052 alias
1268 1015 1342 1053 vir-

385 1077 492 1108 tutes.
943 1100 946 1101 .
1366 1074 1368 1116 4

324 1487 339 1502 ,,
365 1487 371 1494 ,
490 1466 513 1492 n
541 1465 679 1491 ramum
707 1465 761 1490 sm
788 1463 1028 1490 pnocanrrua.
1058 1452 1217 1489 Videtur
1235 1452 1341 1500 quod

373 1517 393 1553 J„
411 1506 459 1547 ’ἓή
489 1519 590 1544 unus
607 1507 728 1545 homo
750 1518 829 1543 non
848 1513 1021 1543 teneatur
1043 1505 1106 1542 alii
1126 1510 1143 1526 ‘²
1171 1505 1340 1542 obedire.
1368 1537 1370 1562 Ι

298 1594 303 1601 ,
346 1557 414 1603 ἐν’,
439 1566 457 1599 6
473 1558 477 1561 ”
491 1560 583 1597 Non
611 1556 714 1596 enim
744 1566 800 1596 est
827 1558 969 1607 aliquid
997 1558 1213 1595 faciendum
1252 1569 1341 1595 con·
1368 1601 1370 1611 Ι

287 1624 293 1633 '
359 1608 429 1640 ''⁴¹''
447 1606 476 1646 x<
490 1620 548 1650 tra
575 1611 850 1649 institutionem
870 1610 1052 1648 divinam.
1083 1611 1162 1647 Sed
1180 1610 1255 1647 hoc
1274 1610 1343 1646 ha·
1368 1631 1370 1661 j

278 1662 502 1707 uet⁴÷divina
528 1665 723 1712 institutiO,
746 1671 789 1701 ut
810 1665 932 1701 homo
955 1675 1026 1701 suo
1051 1662 1208 1700 consilio
1237 1674 1343 1710 rega-
1369 1667 1370 1711 j

79 1746 112 1767 ,Α
135 1760 137 1762 ,
186 1748 251 1769 nm«
277 1718 606 1765 tumzeecundulm
634 1717 727 1755 illud
752 1717 870 1754 Eccli.
890 1728 939 1754 xv
963 1718 1002 1754 *z
1029 1718 1134 1754 Deus
1161 1717 1211 1753 ab
1238 1716 1342 1753 initio
1368 1719 1371 1767 ξ

118 1774 119 1779 ’
147 1781 251 1822 5435?
279 1771 467 1810 constituat
486 1770 690 1816 hominem,
709 1775 746 1808 et
762 1769 911 1819 reliquit
936 1770 1041 1807 illum
1061 1770 1099 1807 in
1118 1781 1235 1806 manu
1254 1780 1344 1806 con·
1369 1774 1370 1778 ’

86 1872 94 1877 λ
127 1834 159 1852 -·¹
175 1829 250 1863 Νι·
277 1824 353 1866 sitii
380 1824 456 1861 sui.
495 1824 598 1872 Ergo
635 1835 714 1861 non
750 1829 900 1860 tenetur
935 1835 1035 1860 unus
1075 1823 1195 1859 homo
1237 1821 1343 1859 alteri
1369 1814 1370 1818 ¹

73 1878 76 1885 ’
108 1888 109 1891 ’
154 1892 155 1896 ’
213 1899 215 1901 -
279 1876 449 1916 medita.
1011 1895 1016 1901 ·

75 1950 82 1974 χ
285 1939 316 1961 ³1·
333 1941 369 1968 2¹.
389 1930 622 1977 Pmrmm,
637 1929 669 1967 si
688 1928 822 1977 aliquis
840 1928 951 1966 alicui
968 1934 1158 1966 teneretur
1173 1926 1341 1975 obedire,

74 2005 82 2020 2>
121 1995 155 2013 ⁴¹¹
172 1996 227 2017 ”2¹³
247 1992 251 1997 “
280 1989 478 2033 oporteret·
499 1982 606 2031 quod
631 1983 789 2021 haberet
814 1976 1053 2020 v'oluntatem
1078 1979 1343 2030 praecipientis
1369 2013 1371 2027 ,

71 2047 73 2049 ’
279 2044 463 2085 mquam
490 2035 660 2083 regulam
688 2046 780 2072 suae
809 2034 977 2072 actionis.
1008 2034 1086 2071 Sed
1114 2034 1195 2070 sola
1215 2033 1344 2070 divina
1369 2033 1371 2052 ³

83 2136 85 2138 Ι
278 2089 470 2135 volutam,
498 2099 599 2136 quae
627 2099 782 2136 semper
808 2095 864 2124 est
892 2094 1004 2134 recta,
1033 2095 1090 2124 est
1117 2087 1245 2134 regula
1272 2087 1342 2122 hu·

68 2170 75 2175 ι
123 2166 126 2168 v
280 2147 420 2181 menae
447 2141 617 2178 actionis.
646 2141 749 2188 Ergo
769 2152 847 2178 non
867 2147 1015 2177 tenetur
1035 2141 1156 2177 homo
1185 2138 1343 2176 obedire

100 2204 191 2246 ἣν,
279 2193 355 2234 niu:
378 2192 478 2232 D00.·
913 2221 918 2226 .

87 2260 89 2262 ·
284 2246 375 2286 ἰ’-3.»
391 2248 626 2294 PRAETEREA,
647 2245 809 2293 servitia,
830 2253 972 2294 quanto
1002 2252 1088 2282 sunt
1115 2245 1235 2293 magis
1262 2256 1344 2292 gra-
1370 2248 1371 2296 ἶ

280 2300 386 2348 tuita,
413 2307 519 2338 tanto
547 2299 782 2347 suntzmagis
810 2306 977 2348 accepta.
1015 2298 1092 2335 Sed
1119 2297 1210 2337 illud
1238 2297 1344 2345 quod

280 2354 401 2392 homo
421 2364 468 2390 ex
495 2353 625 2394 debito
643 2351 731 2390 facit
757 2364 837 2389 non
857 2359 914 2389 est
940 2351 1156 2400 gratuitum.
1186 2351 1226 2388 Si
1251 2362 1340 2398 ergo

281 2407 402 2445 homo
432 2418 478 2445 ex
504 2405 633 2444 debito
662 2412 854 2442 teneretur
881 2404 961 2442 aliis
990 2404 1147 2442 obedire
1166 2403 1205 2440 in
1233 2402 1344 2441 bonis

282 2459 464 2509 operibus
490 2458 684 2505 faciendis,
705 2469 750 2495 ex
769 2458 846 2495 hoc
873 2458 957 2507 ipso
976 2458 1197 2495 redderetur
1218 2456 1345 2493 minus

75 2552 82 2560 .
282 2511 513 2562 acceptabile
541 2523 640 2562 opus
659 2512 808 2549 bonum
835 2511 942 2559 quod
962 2522 1007 2547 ex
1035 2509 1251 2547 obedientia
1278 2509 1346 2546 fie-
1372 2522 1373 2548 ὲ

74 2584 98 2599 r
145 2571 158 2595 ·'=
282 2573 350 2604 ret.
380 2566 473 2602 Non
502 2577 591 2614 ergo
619 2572 767 2602 tenetur
794 2564 914 2601 homo
943 2563 1047 2600 alteri
1075 2562 1244 2600 obedire.

86 2636 91 2644 ⁴
149 2629 183 2653 ¹⁷·
289 2647 293 2650 -
339 2618 415 2656 San
434 2629 581 2656 coum
600 2629 666 2655 EST
684 2617 788 2667 quod
806 2616 1035 2666 praecipitur
1047 2617 1099 2653 ad
1110 2617 1210 2653 Heb.
1227 2616 1293 2652 ult.
1309 2614 1344 2651 *z
1372 2610 1374 2660 ξ

286 2671 439 2710 oeedite
451 2671 676 2721 praepositis
702 2670 845 2716 vestris,
874 2675 911 2706 et
934 2670 1121 2706 subiacete
1147 2669 1210 2706 eis.
1373 2674 1374 2681 ¹

288 2724 563 2762 if⁵stmNDEo
582 2735 767 2762 mOENDUM
786 2723 898 2771 quod·
911 2722 1006 2759 sicut
1028 2721 1196 2759 actiones
1221 2732 1347 2757 rerum
1372 2742 1377 2762 ι

287 2777 515 2815 naturalium
534 2777 750 2826 procedunt
769 2787 815 2811 ex
837 2774 1014 2823 potentiis
1034 2774 1278 2820 naturalibus,
1298 2772 1348 2808 ita
1373 2769 1375 2800 ἶ

286 2829 402 2868 etiam
435 2830 680 2879 operationes
716 2829 909 2864 humanae
946 2827 1160 2875 procedunt
1195 2837 1241 2862 ex
1277 2825 1348 2861 hu·
1374 2820 1376 2866 Ξ

285 2893 402 2925 mana
418 2883 627 2920 voluntate.
661 2880 839 2930 Oportuit
858 2887 986 2917 autem
1007 2879 1045 2916 in
1065 2879 1179 2915 rebus
1198 2885 1348 2915 natura-
1374 2881 1376 2937 J

285 2935 384 2973 libus
397 2942 441 2972 ut
453 2934 650 2984 superiora
663 2939 864 2970 moverent
877 2932 1055 2969 inferiora
1070 2931 1118 2968 ad
1133 2943 1221 2968 suas
1236 2930 1349 2967 actio-
1374 2940 1377 2980 g

286 3000 375 3034 nes,
409 2999 478 3037 per
511 2986 771 3024 excellentiam
800 2984 978 3023 naturalis
1010 2984 1157 3022 virtutis
1191 2984 1348 3020 collatae
1375 2982 1378 3062 ἰ

289 3040 479 3079 divinitus.
508 3039 621 3078 Unde
649 3039 764 3076 etiam
788 3044 938 3087 oportet
963 3037 1003 3074 in
1031 3037 1144 3073 rebus
1171 3036 1349 3073 humanis

185 1721 226 1743 6Ὶί-
244 1724 247 1727 “

148 3111 161 3126 0
226 3119 229 3121 -
288 3094 394 3143 quod
430 3092 645 3142 superiores
681 3098 864 3129 moveant
900 3090 1095 3127 inferiores
1131 3101 1201 3138 per
1241 3101 1350 3126 suam
1376 3114 1378 3152 Ι

288 3147 538 3193 voluntatem,
560 3157 605 3182 ex
622 3144 663 3182 vi
686 3143 916 3182 auctoritatis
936 3142 1114 3181 divinitus
1142 3141 1348 3180 ordinatae.
1376 3154 1379 3197 ξ

98 3207 178 3257 ,ἔζῖξῖ
211 3247 214 3252 ,
290 3200 452 3237 Movere
481 3206 609 3236 autem
646 3209 716 3247 per
747 3197 934 3235 rationem
967 3203 1004 3233 et
1028 3196 1266 3234 voluntatem
1295 3202 1351 3232 est
1377 3205 1379 3247 Ι

343 3384 371 3417 α)
389 3384 446 3409 alii.
464 3397 482 3402 -
500 3382 601 3408 honu'm'
618 3382 668 3406 alii
685 3380 733 3414 pK.
751 3381 800 3406 alii
818 3379 919 3406 homini
936 3378 982 3411 sK,
1000 3379 1080 3405 alteri
1097 3379 1127 3404 P.

343 3418 369 3452 β)
387 3419 473 3445 subdi.
490 3432 510 3437 -
527 3417 621 3443 subiici
638 3417 684 3441 Pa.

360 3454 370 3487 )
390 3454 449 3480 νοσί
467 3453 602 3479 humiliter
620 3451 766 3477 subdimur.
785 3464 803 3471 -
825 3450 958 3476 voluntati
981 3457 1030 3475 nos
1053 3449 1190 3475 humiliter
1214 3448 1353 3474 subdimur

291 3489 439 3523 (subdimus
456 3489 488 3524 Ρ)
507 3489 555 3514 Ρα.

1181 1365 1225 1390 Ad
1247 1364 1308 1397 πῂ,
1327 1371 1384 1397 eap.

1069 594 1162 635 DE
1211 592 1668 634 OBEDIENTIA

1116 710 1152 736 IN
1179 710 1248 735 SEx
1273 707 1475 735 ARTICULOS
1503 707 1619 734 DlVlSA

1451 801 1618 890 ngrto:
1647 809 1775 837 utrum
1802 802 1887 838 Deo
1916 800 1960 838 sit
1986 800 2024 837 in
2061 800 2237 837 omnibus
2272 800 2451 837 obedien-

1531 864 1610 889 um.

1451 904 1615 952 Quinto:
1644 912 1771 942 utrum
1800 905 1939 942 subditi
1958 906 2035 943 suis
2062 905 2236 955 praelatis
2254 911 2452 942 teneantur

1502 957 1541 994 in
1569 957 1748 997 omnibus
1776 957 1943 995 obedire.

1450 1009 1586 1047 Sexto:
1629 1017 1758 1047 utrum
1794 1010 1927 1047 fideles
1965 1017 2161 1048 teneantur
2200 1009 2452 1047 saecularibus

1439 1065 1443 1070 '
1501 1062 1750 1112 potestatibus
1779 1062 1944 1100 obedire.

1059 1169 1412 1219 ARTICULUS
1449 1177 1676 1220 PRIMUS

853 1277 1010 1309 UTRUM
1033 1277 1147 1308 UNus
1170 1277 1300 1308 Homo
1323 1278 1562 1309 TENEATUR
1583 1278 1669 1308 ALn
1693 1277 1880 1309 OBEDIRE

1401 1371 1438 1396 m,
1457 1365 1517 1390 lect.
1534 1372 1552 1390 1.

1397 1452 1464 1488 rali
1492 1451 1671 1489 divinitus
1698 1451 1866 1489 instituto
1893 1452 2070 1489 inferiora
2096 1452 2135 1488 in
2162 1452 2276 1489 rebus
2303 1459 2453 1489 natura-

1397 1504 1495 1542 libus
1514 1516 1671 1541 necesse
1690 1504 1832 1541 habent
1850 1505 1962 1542 subdi
1980 1502 1996 1534 β
2023 1505 2182 1542 motioni
2201 1505 2452 1553 superiorum,

1368 1593 1370 1596 ,
1396 1557 1448 1594 ita
1477 1557 1590 1594 etiam
1618 1557 1657 1594 in
1687 1557 1801 1594 rebus
1828 1557 2018 1604 humanis,
2048 1569 2093 1594 ex
2121 1557 2253 1595 ordine
2273 1557 2360 1594 iuris
2387 1570 2454 1594 na-

1397 1610 1525 1646 turalis
1553 1617 1590 1645 et
1618 1609 1748 1656 divini,
1768 1617 1943 1647 tenentur
1970 1610 2164 1647 inferiores
2187 1610 2263 1647 suis
2287 1610 2454 1659 superio-

1398 1662 1501 1699 ribus
1530 1662 1697 1699 obedire.

1451 1717 1510 1752 An
1539 1725 1676 1752 ramum
1703 1725 1803 1752 ERGO
1828 1726 2013 1752 mcunnuu
2045 1715 2151 1763 quod
2178 1715 2284 1752 Deus
2310 1706 2457 1763 reliquit

1397 1767 1597 1805 hominem
1624 1768 1663 1805 in
1690 1779 1807 1805 manu
1836 1767 1980 1804 consilii
2016 1767 2092 1815 sui,
2121 1779 2199 1804 non
2228 1767 2317 1817 quia
2345 1766 2457 1805 liceat

1399 1821 1432 1857 ei
1452 1821 1576 1858 facere
1601 1832 1718 1858 omne
1745 1820 1851 1869 quod
1873 1820 1984 1857 velit:
2013 1820 2082 1857 sed
2109 1820 2198 1869 quia
2218 1820 2267 1858 ad
2293 1819 2332 1857 id
2349 1820 2457 1868 quod

1369 1867 1371 1904 ἓ
1398 1873 1614 1911 faciendum
1643 1881 1699 1910 est
1733 1885 1813 1910 non
1841 1873 1986 1922 cogitur
2022 1873 2242 1910 necessitate
2280 1880 2455 1921 naturae,

1369 1935 1371 1977 j
1399 1926 1494 1964 sicut
1521 1934 1714 1964 creaturae
1742 1926 1990 1973 irrationales,
2019 1926 2086 1963 sed
2118 1926 2232 1963 libera
2273 1925 2455 1963 electione

1399 1992 1444 2016 ex
1471 1979 1627 2029 proprio
1656 1979 1812 2016 consilio
1839 1979 2081 2028 procedente.
2111 1979 2160 2016 Et
2186 1979 2281 2015 sicut
2307 1978 2356 2016 ad
2384 1978 2456 2015 alia

1398 2033 1569 2070 facienda
1603 2033 1717 2069 debet
1752 2033 1960 2081 procedere
1996 2031 2152 2081 proprio
2190 2030 2368 2078 consilio,
2404 2030 2455 2068 ita

1400 2085 1511 2122 etiam
1549 2085 1599 2122 ad
1630 2086 1705 2122 hoc
1741 2085 1846 2134 quod
1883 2085 2036 2122 obediat
2073 2084 2149 2121 suis
2177 2083 2454 2133 superioribus:

1399 2139 1489 2176 dicit
1516 2138 1618 2175 enim
1648 2138 1873 2185 Gregorius,
1906 2139 1970 2174 ult.
1998 2137 2143 2174 Moral.
2171 2137 2203 2183 *,
2233 2137 2336 2185 quod
2365 2137 2455 2173 dum
2479 2148 2491 2178 ἵ

1370 2193 1371 2198 ’
1398 2192 1544 2228 alienae
1562 2191 1656 2228 voci
1681 2191 1870 2228 humiliter
1887 2191 2082 2228 subdimur
2099 2194 2129 2237 Υ,
2158 2190 2398 2237 nosmetipsos
2417 2189 2454 2226 in
2485 2180 2493 2196 ¹

1399 2245 1512 2281 corde
1536 2255 1770 2292 superamus.

1451 2299 1511 2334 An
1530 2308 1721 2334 SECUNDUM
1737 2307 1920 2333 mcaunum
1939 2295 2045 2344 quod
2064 2294 2192 2332 divina
2206 2295 2382 2331 voluntas
2401 2301 2458 2330 est

1370 2347 1372 2379 ἕ
1399 2350 1523 2399 prima
1555 2350 1703 2398 regula,
1733 2361 1809 2398 qua
1841 2349 2058 2396 regulantur
2090 2359 2225 2384 omnes
2257 2347 2458 2383 rationales

1371 2415 1373 2433 ;
1398 2404 1633 2449 voluntates,
1673 2402 1732 2438 cui
1758 2413 1836 2439 una
1873 2401 1992 2449 magis
2027 2399 2307 2450 appropinquat
2342 2410 2458 2448 quam

1400 2455 1484 2503 alia,
1514 2455 1726 2492 secundum
1756 2454 1930 2492 ordinem
1954 2453 2132 2491 divinitus
2159 2452 2381 2490 institutum.
2411 2453 2459 2488 Et

1400 2509 1487 2546 ideo
1515 2509 1692 2546 voluntas
1719 2507 1831 2545 unius
1859 2506 2025 2545 hominis
2052 2505 2314 2555 praecipientis
2336 2512 2460 2554 potest

1402 2574 1483 2599 esse
1502 2561 1611 2610 quasi
1630 2560 1799 2598 secunda
1824 2560 1952 2608 regula
1969 2558 2174 2597 voluntatis
2193 2558 2342 2605 alterius
2369 2558 2460 2594 obe-

1402 2614 1546 2652 dientis.

1454 2669 1512 2704 AD
1540 2678 1700 2704 manum
1736 2677 1920 2702 mcaumm
1948 2664 2055 2713 quod
2082 2663 2219 2712 aliquid
2255 2669 2379 2712 potest
2406 2662 2460 2698 iu-

1403 2720 1516 2757 dicari
1544 2718 1747 2767 gratuitum
1776 2717 1983 2766 dupliciter.
2012 2717 2100 2754 Uno
2129 2715 2260 2763 modo,
2292 2727 2336 2751 ex
2354 2722 2459 2763 parte

1402 2772 1519 2821 ipsius
1549 2771 1692 2820 operis:
1726 2771 1816 2818 quia
1834 2770 1972 2807 scilicet
1989 2769 2037 2806 ad
2056 2769 2093 2805 id
2113 2769 2232 2804 homo
2261 2780 2339 2804 non
2367 2766 2458 2803 obli-

1403 2832 1520 2873 gatur.
1555 2824 1641 2860 Alio
1668 2823 1800 2870 modo,
1830 2834 1875 2859 ex
1902 2828 2008 2870 parte
2035 2820 2245 2870 operantis:
2274 2820 2362 2868 quia
2390 2819 2459 2855 sci-

1403 2878 1488 2914 licet
1514 2877 1632 2913 libera
1650 2876 1847 2913 voluntate
1866 2875 1940 2911 hoc
1959 2874 2056 2911 facit.
2087 2873 2196 2922 Opus
2220 2880 2348 2909 autern
2376 2871 2460 2908 red-

1405 2930 1503 2967 ditur
1519 2930 1735 2967 v‘irtuosum
1765 2935 1801 2965 et
1827 2927 2014 2964 laudabile
2043 2933 2079 2963 et
2097 2925 2333 2963 meritorium
2352 2936 2459 2973 prae-

1405 2983 1514 3031 cipue
1533 2980 1548 3004 δ
1576 2981 1788 3019 secundum
1826 2980 1931 3028 quod
1969 2992 2014 3016 ex
2045 2979 2240 3016 voluntate
2277 2977 2459 3027 procedit.

1404 3036 1454 3072 Et
1480 3035 1582 3082 ideo,
1611 3033 1788 3084 quamvis
1816 3032 1971 3070 obedire
1999 3032 2045 3069 sit
2073 3031 2255 3078 debitum,
2277 3031 2306 3068 si
2331 3041 2460 3079 prom-

1404 3095 1469 3137 pta
1487 3093 1500 3109 ⁸
1527 3088 1722 3124 voluntate
1752 3085 1885 3135 aliquis
1913 3085 2077 3132 obediat,
2106 3096 2185 3121 non
2211 3091 2366 3133 propter
2387 3084 2462 3119 hoc

1406 3139 1618 3178 minuitur!
1647 3139 1727 3176 eius
1756 3138 1954 3176 meritum:
1990 3137 2154 3174 maxime
2182 3137 2284 3186 apud
2311 3137 2460 3181 Deum,

1407 3194 1472 3242 qui
1500 3206 1580 3230 non
1599 3193 1724 3230 solum
1744 3191 1928 3228 exteriora
1957 3202 2085 3240 opera,
2105 3201 2242 3227 verum
2271 3188 2383 3225 etiam
2407 3187 2461 3224 in-

290 3252 522 3302 praecipere.
560 3252 610 3288 Et
636 3250 743 3297 ideo,
772 3250 868 3287 sicut
895 3261 941 3286 ex
968 3249 1052 3298 ipso
1082 3248 1214 3286 ordine
1243 3255 1350 3285 natu-
1377 3250 1380 3296 l
1405 3246 1584 3284 ten‘orem
1610 3245 1847 3282 voluntatem
1873 3244 1988 3281 videt.

1459 3375 1484 3409 δ)
1501 3376 1654 3409 praecipue.
1671 3389 1690 3394 -
1708 3378 1734 3400 et
1748 3374 1893 3407 praecipue
1910 3373 2006 3406 BHpK.

1460 3412 1482 3443 ε)
1498 3414 1634 3444 prompta.
1650 3424 1670 3430 -
1683 3410 1799 3443 propria
1820 3410 1866 3434 Pa.

1457 3446 1483 3479 ζ)
1503 3446 1640 3471 minuitur.
1658 3459 1678 3465 -
1696 3446 1847 3471 minoratur
1866 3444 1949 3469 Pffla.
