2860 4238
200 844 301 860 llllllll

198 1574 285 1620 sfipfi.
292 1578 357 1620 Ἵεέἒῑ
367 1578 407 1620 ³45.

433 198 510 244 448

491 276 543 306 111.
567 276 650 306 Nota
673 275 774 310 tertio,
799 284 856 314 pro
874 273 1004 303 articulo
1022 272 1172 307 secundo,
1190 271 1278 311 quod
1302 269 1376 310 quia
1392 269 1493 308 magis

437 319 642 351 contrariatur
664 317 834 348 affabilitati
858 317 993 356 litigium
1021 326 1116 356 quam
1142 314 1300 352 adulatio,
1325 313 1424 344 tutius
1448 320 1494 343 est

1109 192 1375 240 QUAESTIO
1405 191 1541 237 CXVI,
1571 191 1867 228 ARTICULUS
1898 191 1928 227 ll

1547 270 1702 309 placendo
1726 280 1823 310 quam
1846 269 1878 299 in
1903 269 2136 304 contristand03
2161 268 2246 298 iuxta
2266 268 2353 298 illam
2376 268 2519 308 regulam
2537 267 2609 298 Phi-

1520 335 1529 352 ,
1546 312 1684 353 losophi,
1709 313 1742 343 in
1767 314 1792 343 11
1809 313 1912 343 Ethic.
1927 313 1959 350 *,
1983 312 2126 343 videlicet
2150 313 2238 353 quod
2262 311 2485 342 declinandum
2508 319 2555 342 est
2577 312 2609 342 in
2636 313 2647 323 ”

436 364 600 394 hominem
623 362 678 403 qui
701 362 769 391 vult
793 371 857 391 esse
881 361 1055 394 virtuosus,
1081 359 1234 389 declinare
1262 358 1294 387 in
1319 364 1494 387 extremum
1520 354 1521 394 l
1546 356 1659 387 vitium
1685 356 1818 387 similius
1841 357 1956 387 virtuti.

436 407 624 438 adulationis
649 416 744 446 quam
759 404 866 444 litigii:
890 404 951 434 hoc
973 410 1028 439 est,
1045 403 1202 433 attendere
1220 409 1255 432 ut
1273 401 1305 431 in
1326 400 1495 441 colloquiis

437 459 466 481 et
490 450 725 481 conversatione
749 458 805 479 sua
835 448 934 487 magis
959 447 1091 477 declinet
1121 453 1156 476 ut
1181 445 1288 486 potius
1313 445 1441 475 excedat
1462 444 1494 474 in
1521 471 1523 476 .

1602 401 1644 431 Et
1666 400 1744 431 haec
1767 401 1806 431 de
1829 408 1895 432 tota
1918 401 1977 431 hac
2001 399 2185 440 quaestione
2209 406 2257 430 sat
2279 399 2351 429 sint.

1200 596 1517 638 ARTICULUS
1549 596 1850 638 SECUNDUS

854 689 1008 719 UTRUM
1033 688 1229 719 LITIGIUM
1253 688 1319 719 SIT
1344 687 1529 719 GRAvqu
1552 686 1790 718 PECCATUM
1815 687 1940 723 QUAM
1963 686 2188 717 ADULArlo

499 798 526 814 »ι
551 807 593 830 ,ς
644 790 666 814 D
700 789 888 814 SECUNDUM
922 789 974 813 sxc
1009 788 1236 813 paocamrua
1264 776 1295 813 ²⁸.
1330 776 1490 813 Videtur
1516 780 1518 828 ξ
1546 783 1604 812 cat
1633 787 1748 824 quam
1777 774 1948 823 placidus
1976 775 2039 811 vel
2066 775 2251 822 adulator,
2280 774 2345 823 qui
2373 776 2610 824 superabun-

644 831 747 878 quod
767 830 922 878 litigium
944 830 989 866 sit
1008 829 1133 866 minus
1153 837 1353 878 peccatum
1375 841 1490 877 quam
1517 836 1518 857 ³

450 885 570 932 jv,
591 882 875 924 (contrarium
908 883 1060 928 vitium,
1095 882 1234 919 scilicet
1270 882 1491 931 placiditatis

435 1093 535 1130 enim
564 1094 680 1131 Isaiae
701 1106 736 1131 111
756 1094 792 1131 *z
822 1094 963 1144 Popule
990 1107 1105 1140 meus,
1127 1094 1192 1141 qui
1218 1095 1366 1130 beatum
1387 1099 1420 1130 te
1438 1094 1490 1129 di-

434 1152 532 1192 cunt,
562 1147 633 1194 ipsi
658 1153 691 1184 te
718 1148 914 1195 decipiunt,
935 1153 970 1183 et
987 1148 1088 1183 viam
1113 1158 1312 1195 gressuum
1341 1152 1491 1182 tuorum

434 1200 623 1247 dissipant.
666 1201 767 1248 Ergo
805 1200 970 1237 adulatio
1010 1208 1065 1236 est
1102 1199 1255 1246 gravius
1291 1206 1491 1247 peccatum

434 1264 550 1300 quam
577 1252 747 1300 litigium.

488 1316 522 1341 2.
544 1305 776 1351 PRAETEREA,
804 1304 841 1341 in
862 1304 1076 1342 adulatione
1096 1303 1247 1340 videtur
1276 1316 1357 1340 esse
1378 1316 1493 1352 quae-

435 1358 524 1394 dam
546 1357 742 1394 dolositas:
763 1357 852 1406 quia
871 1357 974 1394 aliud
993 1357 1166 1394 adulator
1186 1356 1274 1393 dicit
1294 1369 1370 1403 ore,
1392 1357 1494 1394 aliud

433 1411 548 1447 habet
566 1410 604 1446 in
625 1410 752 1448 corde.
783 1410 984 1458 Litigiosus
1005 1417 1131 1447 autem
1154 1418 1255 1447 caret
1273 1410 1383 1447 dolo:
1405 1410 1493 1458 quia

434 1462 631 1500 manifeste
661 1463 893 1500 contradicit.
933 1464 997 1500 llle
1034 1471 1163 1499 autem
1193 1463 1258 1511 qui
1288 1475 1375 1499 cum
1406 1464 1494 1500 dolo

434 1524 577 1564 peccat,
606 1517 753 1565 turpior
780 1524 855 1553 est:
885 1524 926 1552 ut
952 1516 1208 1564 Philosophus
1238 1516 1338 1562 dicit,
1368 1516 1406 1553 in
1425 1517 1494 1553 Vll

432 1568 583 1605 Ethic.*
602 1570 703 1617 Ergo
725 1570 876 1617 gravius
895 1577 1096 1618 peccatum
1118 1576 1173 1605 est
1192 1569 1357 1606 adulatio
1378 1582 1494 1618 quam

434 1621 603 1669 litigium.

490 1675 524 1711 3.
551 1676 784 1722 PRAETEREA,
814 1675 1045 1712 verecundia
1074 1683 1129 1711 est
1155 1675 1271 1711 timor
1299 1675 1347 1712 de
1374 1675 1495 1724 turpi:
1522 1676 1523 1708 ἶ

402 1744 409 1751 ·
433 1735 475 1764 ut
503 1735 605 1776 patet
641 1740 709 1777 per
744 1728 1040 1776 Philosophum,
1070 1728 1108 1764 in
1147 1729 1198 1764 IV
1224 1729 1344 1765 Ethic.
1365 1727 1385 1750 ’¹‘
1418 1728 1495 1765 Sed
1550 1729 1645 1777 pius,
1677 1729 1805 1765 Decor
1824 1729 1926 1766 enirn
1945 1728 2111 1766 hominis
2132 1736 2188 1766 est
2215 1740 2262 1766 ex
2290 1729 2447 1776 ratione,
2469 1736 2505 1766 et
2524 1729 2612 1766 ideo

434 1780 555 1827 magis
574 1782 854 1819 verecundatur
880 1782 1000 1818 horno
1021 1793 1102 1818 esse
1124 1782 1296 1818 adulator
1319 1793 1436 1829 quarn
1456 1781 1496 1818 li-

434 1832 600 1923 tigiosus.
631 1835 732 1882 Ergo
752 1834 909 1882 litigium
930 1842 984 1871 est
1002 1834 1129 1871 minus
1150 1842 1352 1882 peccatum
1378 1846 1494 1882 quarn

435 1898 456 1922 a
485 1886 612 1923 ulatio.

488 1940 561 1976 SED
590 1951 735 1976 CONTRA
763 1952 829 1976 EST
857 1940 962 1988 quod
991 1948 1094 1977 tanto
1115 1940 1270 1989 aliquod
1293 1948 1495 1989 peccatum

434 1991 584 2029 videtur
604 2005 685 2030 esse
705 1993 855 2041 gravius
876 2001 1018 2042 quanto
1039 1993 1220 2042 spirituali
1241 1993 1351 2030 statui
1376 1994 1496 2042 magis
1523 2004 1524 2014 ³

435 2054 630 2093 repugnat.
661 2046 737 2082 Sed
764 2046 921 2094 litigium
950 2046 1071 2094 magis
1100 2059 1311 2095 repugnare
1346 2046 1497 2084 videtur

435 2098 614 2145 spirituali
634 2097 666 2135 βε
698 2098 832 2136 dicitur
860 2099 961 2136 enim
989 2100 1002 2135 1
1031 2099 1081 2136 ad
1112 2100 1206 2136 Tim.
1246 2112 1282 2136 111
1321 2100 1352 2146 ²⁸,
1391 2101 1495 2148 quod

435 2257 537 2304 Ergo
573 2257 730 2305 litigium
767 2258 918 2295 videtur
956 2270 1037 2295 esse
1066 2258 1218 2306 gravius
1246 2267 1445 2307 peccatum
1466 2264 1493 2295 Υ.

488 2311 712 2348 RESPONDEO
741 2323 926 2348 mensuum
947 2311 1051 2359 quod
1076 2312 1123 2348 de
1142 2319 1306 2360 utroque
1334 2312 1494 2349 istorum

435 2370 678 2410 peccatorum
696 2364 799 2412 loqui
814 2376 1020 2412 possumus
1037 2364 1242 2413 dupliciter,
1258 2365 1345 2402 Uno
1362 2365 1494 2412 modo,

436 2416 713 2453 considerando
742 2417 907 2465 speciem
941 2417 1138 2465 utriusque
1166 2418 1323 2465 peccati.
1362 2418 1411 2454 Et
1438 2430 1496 2455 se-

436 2469 605 2506 cundum
638 2470 728 2516 hoc,
765 2478 869 2506 tanto
903 2470 1054 2519 aliquod
1086 2470 1219 2506 vitium
1258 2478 1313 2507 est
1344 2470 1495 2518 gravius

435 2530 577 2569 quanto
608 2522 727 2570 magis
756 2530 939 2571 repugnat
975 2522 1173 2571 oppositae
1201 2522 1339 2560 virtuti.
1368 2523 1496 2560 Virtus

435 2581 561 2611 autern
592 2575 777 2612 amicitiae
806 2576 1047 2624 principalius
1085 2576 1203 2613 tendit
1231 2576 1279 2613 ad
1308 2576 1496 2613 delectan-

436 2626 527 2664 dum
557 2640 672 2675 quam
702 2628 751 2665 ad
780 2629 1089 2666 contristandum.
1121 2630 1169 2665 Et
1188 2628 1274 2665 ideo
1303 2628 1494 2677 litigiosus,

435 2680 497 2728 qui
533 2682 816 2729 superabundat
849 2682 886 2718 in
920 2682 1193 2729 contristando,
1223 2682 1375 2730 gravius
1409 2695 1495 2731 pec·

489 912 705 973 κζ’ἕὲὶῖνχκνώ
734 935 958 972 adulationis
979 941 1007 972 α.
1039 936 1193 982 Quanto
1214 936 1315 972 enim
1337 935 1490 984 aliquod
1518 968 1519 979 ,

434 996 632 1037 peccatum
662 990 746 1037 plus
779 997 908 1035 nocet,
936 996 1040 1025 tanto
1076 988 1184 1037 peius
1219 1001 1300 1025 esse
1328 988 1490 1025 videtur.
1518 1001 1519 1015 ἢ

436 1041 512 1078 Sed
540 1041 705 1078 adulatio
742 1042 828 1090 plus
857 1048 968 1078 nocet
1005 1053 1120 1089 quarn
1149 1041 1321 1089 litigium:
1362 1041 1493 1077 dicitur
1518 1042 1519 1050 ¹

1546 830 1608 866 dat
1637 828 1675 864 in
1706 828 1942 865 delectando.

1597 881 1682 918 Alio
1712 881 1831 917 modo
1860 887 2021 928 possunt
2050 879 2281 916 considerari
2301 880 2515 917 secundum
2543 881 2608 917 ali-

1546 932 1646 982 qua⁵
1667 934 1852 971 exteriora
1877 933 2033 969 motiva.
2065 933 2114 969 Et
2139 932 2351 969 secundum
2375 933 2462 980 hoc,
2488 945 2607 981 quan-

1547 989 1675 1036 doque
1704 987 1868 1024 adulatio
1890 994 1945 1023 est
1963 985 2133 1034 gravior:
2162 993 2253 1034 puta
2273 985 2427 1034 quando
2453 986 2612 1024 intendit

1545 1053 1614 1089 per
1634 1040 1898 1089 deceptionem
1928 1039 2094 1076 indebite
2113 1043 2126 1060 ²
2153 1039 2344 1075 honorem
2372 1039 2434 1075 vel
2462 1039 2611 1077 lucrum

1547 1093 1755 1142 acquirere.
1786 1093 2031 1141 Quandoque
2058 1103 2153 1129 vero
2182 1091 2340 1139 litigium
2363 1098 2418 1128 est
2435 1091 2608 1139 gravius:

1546 1154 1638 1195 puta
1671 1146 1825 1194 quando
1861 1147 1991 1186 homo,
2019 1144 2178 1182 intendit
2210 1145 2273 1181 vel
2309 1144 2510 1182 veritatem
2543 1145 2612 1182 im-

1546 1210 1729 1247 pugnare,
1748 1199 1811 1235 vel
1839 1199 2030 1236 dicentem
2057 1198 2096 1235 in
2116 1205 2382 1246 contemptum
2406 1198 2610 1238 adducere.

1599 1254 1659 1288 An
1687 1262 1827 1288 paurum
1855 1263 1953 1288 ERGO
1974 1262 2158 1288 DICENDUM
2183 1251 2288 1299 quod
2315 1251 2419 1288 sicut·
2438 1251 2614 1290 adulator

1547 1312 1673 1353 potest
1709 1316 1847 1341 nocere
1885 1305 2032 1340 occulte
2068 1303 2309 1353 decipiendo,
2347 1303 2397 1340 ita
2429 1303 2612 1353 litigiosus

1520 1361 1521 1396 ζ
1548 1365 1673 1407 potest
1701 1357 1891 1394 interdum
1924 1369 2064 1394 nocere
2101 1356 2299 1394 manifeste
2335 1355 2611 1406 impugnando.

1549 1410 1712 1447 Gravius
1740 1418 1868 1447 autem
1890 1418 1956 1457 est,
1978 1409 2111 1448 ceteris
2130 1410 2297 1458 paribus,
2316 1409 2517 1447 manifeste
2545 1411 2612 1448 ali-

1550 1463 1608 1500 cui
1638 1475 1789 1510 nocere,
1810 1464 1917 1512 quasi
1945 1475 2013 1512 per
2039 1463 2274 1510 violentiam,
2294 1474 2412 1511 quam
2440 1464 2610 1501 occultet

1548 1516 1650 1553 unde
1678 1516 1812 1565 rapina
1839 1524 1895 1553 est
1913 1516 2065 1564 gravius
2089 1523 2290 1565 peccatum
2315 1528 2435 1564 quam
2457 1517 2599 1554 furtum
2643 1534 2670 1541 --

1548 1577 1590 1606 ut
1617 1582 1732 1618 supra
1750 1569 1771 1591 ’¹‘
1799 1569 1942 1606 dictum
1971 1577 2038 1606 est.
2594 1583 2597 1587 ·

1602 1625 1661 1659 An
1694 1634 1884 1660 SECUNDUM
1920 1634 2105 1659 mcuunum
2139 1622 2246 1670 quod
2274 1635 2353 1660 non
2389 1634 2544 1671 semper
2574 1622 2614 1660 in

1550 1675 1694 1712 actibus
1722 1675 1900 1712 humanis
1929 1676 2019 1713 illud
2049 1683 2104 1711 est
2135 1675 2288 1723 gravius
2315 1675 2422 1724 quod
2456 1683 2512 1713 est
2538 1683 2614 1713 tur-

1549 1781 1719 1830 turpiora
1747 1789 1834 1818 sunt
1861 1789 2018 1831 peccata
2045 1781 2226 1828 carnalia,
2256 1782 2394 1831 quibus
2428 1794 2516 1819 caro
2545 1783 2614 1820 do·

1551 1835 1717 1871 minatur
1745 1834 1896 1872 rationi:
1927 1834 2103 1884 quamvis
2130 1842 2287 1883 peccata
2310 1835 2514 1884 spiritualia
2541 1835 2614 1882 sim

1550 1887 1741 1936 graviora,
1776 1887 1865 1936 quia
1896 1888 2109 1937 procedunt
2137 1900 2183 1924 ex
2211 1887 2349 1925 maiori
2376 1895 2612 1937 contempnit

1551 1942 1599 1977 Et
1618 1940 1786 1977 similiter
1804 1949 1960 1990 peccata
1989 1953 2088 1989 quae
2116 1941 2212 1977 fiunt
2236 1953 2282 1978 ex
2302 1941 2392 1978 dolo
2421 1949 2511 1979 sunt
2536 1949 2613 1979 tur-

1550 1994 1669 2042 piora,
1691 1993 1916 2041 inquantum
1944 1994 2122 2031 videntur
2141 2006 2186 2030 ex
2206 1994 2374 2043 quadarn
2393 1993 2612 2032 infirmitate

1522 2087 1523 2090 Ἰ
1550 2047 1771 2095 procedere,
1803 2055 1838 2083 et
1866 2059 1911 2084 ex
1940 2047 2107 2096 quadam
2136 2047 2295 2084 falsitate
2324 2047 2494 2085 rationis:
2524 2059 2612 2085 cum

1522 2144 1524 2149 ι
1549 2107 1678 2137 tamen
1705 2108 1861 2149 peccata
1889 2100 2090 2138 manifesta
2110 2100 2343 2150 quandoque
2371 2100 2446 2138 sint
2468 2113 2514 2138 ex
2532 2112 2612 2138 ma-

434 2157 577 2198 oportet
603 2152 814 2200 episcopum
852 2165 925 2189 non
964 2152 1167 2202 litigiosum
1196 2164 1292 2196 esse;
1321 2161 1357 2189 et
1386 2154 1417 2189 ΙΙ
1446 2154 1498 2190 ad
1522 2156 1523 2161 ’

439 2205 533 2240 Tim.
564 2204 640 2241 11³⁸:
671 2206 828 2242 Servum
858 2206 1016 2242 Domini
1047 2218 1120 2242 non
1157 2211 1301 2253 oportet
1333 2206 1494 2255 litigare.
1522 2217 1523 2237 l

1550 2153 1618 2190 iori
1649 2161 1881 2202 contemptu.
1912 2155 1961 2190 Et
1980 2153 2067 2191 ideo
2086 2154 2266 2201 adulatio,
2287 2154 2395 2203 quasi
2413 2166 2502 2191 curn
2521 2153 2613 2192 dolo

1550 2206 1721 2252 existens,
1742 2207 1894 2243 videtur
1922 2219 2004 2243 esse
2031 2207 2190 2255 turpior:
2221 2207 2289 2244 sed
2313 2206 2486 2255 litigium,
2506 2206 2614 2256 quasi

1550 2271 1596 2296 ex
1631 2259 1766 2296 maiori
1805 2268 2028 2309 contemptu
2064 2260 2299 2309 procedens,
2335 2260 2489 2298 videtur
2528 2272 2612 2298 esse

1550 2325 1713 2360 gravius.

1603 2367 1661 2402 Ao
1689 2377 1850 2403 Teanum
1877 2377 2062 2403 DICENDUM
2090 2365 2208 2414 quod,
2229 2365 2324 2403 sicut
2343 2366 2484 2403 dictum
2506 2373 2562 2404 est
2579 2365 2611 2414 ³,
2640 2371 2651 2383 ⁸

1547 2418 1781 2456 verecundia
1815 2419 1965 2468 respicit
1996 2419 2268 2467 turpitudinem
2305 2419 2462 2468 peccati.
2501 2419 2613 2457 Unde

1549 2483 1628 2508 non
1657 2483 1809 2519 semper
1837 2472 1956 2519 magis
1983 2472 2264 2509 verecundatur
2297 2473 2417 2509 homo
2448 2471 2495 2510 de
2530 2484 2613 2520 gra-

1549 2524 1647 2560 viori
1674 2531 1851 2572 peccato:
1881 2523 1980 2562 sed<
2009 2525 2056 2562 de
2085 2524 2205 2573 magis
2234 2525 2333 2574 turpi
2362 2532 2534 2574 peccato.
2564 2525 2614 2563 Et

1522 2576 1636 2632 ÷inde
1680 2584 1735 2613 est
1777 2578 1881 2626 quod
1915 2578 2034 2626 magis
2075 2578 2358 2615 verecundatur
2397 2579 2518 2615 homo
2564 2578 2612 2616 de

1550 2630 1765 2667 adulatione
1795 2643 1910 2679 quam
1937 2631 1983 2668 de
2013 2631 2144 2679 litigio,
2174 2632 2352 2681 quamvis
2381 2630 2538 2679 litigium
2567 2630 2613 2669 sit

1521 2721 1524 2726 ,
1549 2683 1713 2730 gravius.

487 2810 513 2838 α)
530 2809 696 2840 placiditatis
715 2811 755 2834 vel
772 2810 943 2835 adulatIonis.
962 2825 980 2830 —
994 2811 1140 2842 placiditas
1159 2812 1199 2835 vel
1217 2811 1338 2836 adulatio
1358 2811 1404 2836 Pa.

487 2843 511 2877 β)
530 2844 673 2876 spirituali.
691 2859 709 2864 -
727 2845 811 2870 statui
828 2845 963 2877 spirituali
982 2845 1052 2875 PGa,
1072 2845 1208 2877 spirituali
1225 2846 1309 2871 statui
1327 2847 1381 2871 CH.

486 2881 511 2913 γ)
528 2883 674 2912 peccatum.
691 2895 711 2900 -
730 2888 807 2913 quam
827 2881 948 2906 adulatio
968 2882 1064 2905 addunt
1084 2881 1165 2906 PHsC
1185 2888 1209 2906 et
1228 2889 1253 2907 a.

1601 2811 1625 2843 δ)
1645 2812 1743 2844 aliqua.
1762 2827 1781 2831 -
1799 2812 1861 2838 Om.
1880 2813 1927 2838 Pa.

1601 2848 1622 2874 ε)
1643 2848 1765 2872 indebite.
1783 2861 1802 2866 -
1821 2848 1964 2873 indebitum
1984 2849 2029 2873 Pa.

1600 2882 1623 2914 ζ)
1643 2883 1697 2907 sed.
1717 2897 1735 2902 -
1753 2883 1852 2908 scilicet
1870 2884 1983 2916 BEFpC.

1375 3176 1402 3226 ,ἓ
1425 3162 1605 3242 ,ιῲξὲ
1635 3179 1662 3228 ³

1432 3207 1497 3240 ‘'u-¹*

2675 312 2731 340 Cup.
2759 318 2783 334 ix
2794 329 2799 338 ,

2644 344 2747 387 wilia?
2761 339 2786 361 S‘

2639 1570 2650 1582 ¹
2657 1559 2773 1599 Qua-xvi,
2780 1574 2851 1598 art.9.
