2860 4238
418 249 420 253 v
455 207 535 253 464
1094 204 1359 251 QUAESTIO
1389 204 1562 251 cxv111,
1590 205 1886 242 ARTICULUS
1914 205 2000 241 vm

456 293 488 315 se
512 294 666 324 occupare
689 284 837 324 operibus
860 289 988 323 propter
1003 283 1144 318 lucrum;
1169 289 1205 313 ut
1227 288 1313 322 patet
1332 282 1366 312 in
1384 282 1433 312 his
1449 282 1505 322 qui
1531 285 1533 337 l
1558 282 1684 322 supra*
1706 283 1827 314 dictum
1850 290 1905 314 est.
1937 283 2020 313 Nam
2043 283 2117 313 alias
2147 284 2298 314 aleatores
2327 293 2393 314 non
2416 283 2541 320 iniusti,
2566 284 2620 314 sed
2648 292 2657 301 ·
2674 289 2722 317 Qu.
2731 296 2803 317 mu,
2816 295 2858 313 m.

456 334 631 368 sequuntur
659 327 813 363 iumenta,
835 326 979 357 laborant
1001 325 1163 362 manibus,
1188 333 1259 362 etc.¹
1285 332 1321 356 ut
1349 326 1506 365 pleniores
1559 326 1642 356 avari
1665 334 1748 363 sunt,
1772 327 1885 358 lucrari
1909 333 2092 368 quaerentes
2116 327 2154 357 ab
2178 327 2296 363 amicis,
2320 327 2436 368 quibus
2454 327 2620 358 liberalitas
2647 323 2669 344 ⁷¹
2684 316 2712 338 'd
2726 322 2746 338 ²·

455 373 574 403 fructus
597 371 771 412 percipiant
791 380 944 411 pecorum
967 376 1022 400 aut
1044 379 1202 410 agrorum,
1227 376 1285 400 etc.
1559 370 1700 400 dandum
1724 378 1837 402 censet.
1863 371 1937 402 Inde
1961 371 2046 401 enim
2069 378 2177 411 turpes
2200 378 2274 401 sunt
2297 372 2385 412 quod
2415 371 2549 411 cupiunt
2571 371 2620 401 lu-

512 416 649 452 Quarto,
673 415 760 455 quod
790 424 864 445 cum
890 414 923 444 in
946 413 1046 444 littera
1078 413 1228 444 aleatores
1258 420 1424 453 ponuntur
1446 414 1505 443 sub
1560 413 1637 444 erari
1661 414 1745 444 unde
1768 424 1835 445 non
1858 415 1982 451 debent,
2007 414 2124 445 scilicet
2147 424 2183 445 ex
2206 414 2383 445 amicorum
2406 414 2515 445 bonis:
2540 424 2620 455 quo-

216 467 227 478 ·
241 466 302 487 Lect.
316 472 338 487 v.
453 459 570 489 iniusto
593 459 692 495 lucro,
717 465 781 499 tam
810 458 860 488 hic
883 467 980 498 quam
1002 457 1034 487 in
1060 458 1102 488 IV
1123 457 1226 488 Ethic.
1242 457 1269 494 *‚
1293 458 1332 487 ab
1355 459 1505 493 Auctore,
1560 457 1645 487 niam
1669 458 1817 489 deberent
1840 468 1953 499 cupere
1977 465 2012 490 ut
2037 459 2090 489 illa
2113 465 2352 495 conserventur,
2376 468 2442 489 non
2469 465 2506 490 ut
2528 458 2620 489 dimi-

451 503 523 534 licet
545 512 610 533 non
626 503 663 533 ab
679 502 862 538 Aristotele;
886 501 1023 541 intellige
1038 501 1099 531 hoc
1123 500 1243 532 dictum
1259 501 1297 531 de
1316 501 1507 532 aleatoribus
1532 508 1534 547 j
1560 507 1707 533 nuantur.

451 547 484 576 in
508 546 628 577 casibus
651 546 683 576 in
707 546 821 586 quibus
844 552 989 576 tenentur
1011 545 1050 575 ad
1074 544 1313 582 restitutionem,
1334 546 1372 575 de
1391 545 1506 586 quibus
1531 550 1534 572 Ι
