2860 4244
874 191 1139 237 QUAESTIO
1169 192 1415 240 LXXXVIII,
1445 194 1739 232 ARTICULUS
1769 196 1838 231 XII

267 268 331 300 tius
353 268 424 298 Deo
447 274 676 299 commutatur:
702 269 857 309 quoniam
878 269 912 299 in
934 269 1056 299 meliori
1079 276 1110 300 et
1132 269 1258 309 gratiori
1281 270 1329 300 in-

267 311 405 343 cluditur
427 311 550 342 bonum
581 318 612 343 et
633 319 768 352 gratum.

322 355 462 393 Quando
485 365 560 386 vero
584 365 651 386 non
670 356 828 387 evidenter
843 363 966 387 constat
981 357 1070 397 quod
1086 357 1199 387 melius
1216 364 1246 387 et
1261 367 1329 397 gra-

266 399 329 430 tius
352 399 422 430 Deo
438 399 487 436 sit,
503 399 544 430 ab
566 399 637 440 ipso
660 400 741 436 Deo,
757 410 794 431 ac
816 410 872 440 per
887 400 948 430 hoc
965 410 982 430 a
1004 407 1130 440 gerente
1152 401 1235 431 vices
1249 401 1326 438 eius,

265 443 491 484 requirendum
513 450 577 474 est:
602 450 637 474 ut
655 443 688 473 in
707 444 809 474 littera
831 443 954 480 dicitur,
971 450 1002 474 et
1022 444 1056 474 in
1080 454 1147 484 cap.
1171 455 1192 481 1,
1216 445 1325 481 Extra,

265 487 306 518 de
327 487 412 518 Voto.
435 505 457 511 -
480 487 522 518 Et
544 487 588 517 sic
611 487 720 518 omnia
741 487 811 518 iura
833 494 1020 518 consonant.

321 531 411 562 11.1n
434 531 549 561 eodem
571 531 704 561 articulo
727 531 863 562 dubium
878 531 1015 562 occurrit
1037 531 1117 562 circa
1140 542 1249 562 causas
1265 532 1328 563 dis-

265 574 419 616 pensandi
441 574 474 605 in
495 574 588 610 votis,
614 574 731 605 scilicet
752 575 903 605 honorem
937 575 1056 606 Christi
1078 576 1129 606 vel
1157 577 1324 606 utilitatem

264 619 439 656 Ecclesiae,
454 627 495 648 an
510 618 605 648 altera
619 617 762 654 sufficiat,
779 618 846 649 sine
869 628 1072 659 quacumque
1091 620 1273 650 necessitate
1289 626 1326 650 ex

264 669 352 703 parte
374 661 517 692 habentis
545 668 669 692 votum.
699 662 740 692 Et
763 668 809 693 est
839 662 918 693 ratio
946 663 1034 693 dubii
1057 663 1090 693 in
1120 663 1178 694 hac
1207 663 1324 694 littera:

264 706 340 747 quia
362 707 493 741 Auctor,
509 705 542 735 in
561 706 768 746 responsione
791 706 831 736 ad
849 707 1036 743 secundum,
1052 707 1175 743 dicens,
1192 712 1275 747 puta
1297 708 1327 738 si

257 749 431 791 praelatus
451 749 652 789 dispensaret
673 759 745 780 cum
768 750 877 791 aliquo
901 751 932 780 in
957 755 1029 781 voto
1046 751 1087 781 de
1102 752 1252 792 ingressu
1275 761 1325 781 re-

263 793 405 834 lig-ionis,
423 793 514 823 nulla
528 798 703 833 apparente
725 803 825 825 causa
840 794 994 832 obs-tante,
1011 794 1150 825 insinuat
1165 795 1255 835 quod
1270 794 1325 824 ali-

263 847 327 878 qua
350 846 445 867 causa
467 837 596 867 obstans
619 837 839 878 adimpletioni
861 838 927 868 voti
945 838 1114 879 requiritur
1135 839 1176 868 ad
1199 838 1325 878 dispen-

262 881 431 912 sationem.
446 897 468 903 -
491 880 688 922 Oppositum
711 888 818 912 tamen
843 882 994 913 continue
1016 882 1178 922 practicari
1200 881 1324 912 videtur

261 925 296 955 in
318 923 623 956 commutationibus
645 931 812 956 votorum:
837 926 877 955 ad
900 926 1003 956 solam
1021 925 1107 956 enim
1125 926 1324 955 voluntatem

261 968 397 1009 petentis
419 969 717 1006 commutationem,
731 968 768 1000 fit
791 969 1011 1000 commutatio.

269 1037 285 1053 x
317 1013 368 1043 Ad
391 1012 579 1044 evidentiam
596 1022 707 1044 causae
729 1013 932 1052 dispensandi
951 1019 983 1044 et
1004 1012 1224 1043 commutandi
1238 1018 1323 1048 vota,

261 1054 428 1090 adiendum
456 1063 504 1087 est
531 1057 622 1098 quod
645 1057 732 1087 aliud
764 1063 811 1087 est
833 1057 871 1086 de
894 1056 1148 1096 dispensatione,
1170 1056 1257 1086 aliud
1284 1056 1323 1086 de

261 1100 515 1132 commutatione
541 1100 707 1132 iudicium.
739 1101 823 1131 Nam
845 1100 920 1141 quia
950 1100 1142 1140 dispensatio
1174 1099 1258 1130 tollit
1286 1110 1324 1130 ex

259 1144 384 1184 integro
405 1150 530 1181 votum,
543 1151 610 1175 tam
633 1144 750 1175 scilicet
771 1143 880 1185 quoad
908 1144 1072 1175 materiam
1095 1154 1194 1185 quam
1215 1144 1323 1184 quoad

259 1187 435 1224 vinculum,
449 1194 580 1228 oportet
593 1197 721 1218 causam
744 1188 923 1219 obstantem
938 1188 1116 1219 executioni
1138 1187 1205 1219 voti
1228 1188 1323 1219 inter-

258 1232 366 1263 venire
389 1232 431 1262 ad
443 1232 506 1263 hoc
529 1239 566 1263 ut
585 1232 669 1263 licite
685 1232 869 1263 decernatur
890 1239 1004 1263 votum
1023 1242 1088 1262 non
1111 1242 1179 1262 esse
1201 1242 1323 1262 servan-

137 1315 144 1322 .
161 1290 168 1296 -
221 1311 232 1317 ,
259 1276 354 1318 dnm:
378 1276 520 1317 alioquin
536 1276 702 1317 dissipatio
724 1281 782 1314 est,
799 1286 862 1307 non
882 1276 1075 1316 dispensatio
1090 1275 1116 1307 *.
1141 1277 1207 1307 Nec
1230 1275 1323 1307 refert

205 1342 212 1349 .
259 1323 302 1351 tn
321 1329 420 1352 causa
448 1320 577 1351 obstans
607 1319 648 1351 sit
670 1330 708 1351 ex
730 1326 857 1357 natura,
882 1327 960 1361 puta
986 1319 1182 1356 infirmitate;
1207 1327 1262 1351 aut
1285 1330 1322 1351 ex

258 1363 378 1395 malitia
399 1364 580 1406 hominurn,
593 1364 734 1401 excitata,
755 1371 791 1395 ut
813 1364 839 1394 si
863 1364 983 1395 bellum
1007 1364 1096 1395 civile
1124 1374 1190 1394 non
1213 1371 1322 1405 posset

257 1408 573 1448 gdgdfflpndla
595 1408 714 1439 habens
735 1415 848 1439 votum
868 1407 1079 1439 continentiae
1101 1408 1242 1444 nuberet,
1263 1415 1320 1439 etc.

257 1452 300 1484 Et
320 1452 384 1483 hoc
404 1452 541 1483 intendit
561 1454 684 1483 Auctor
705 1452 739 1482 in
762 1452 873 1488 littera,
897 1452 937 1482 ad
960 1452 1147 1482 secundum.
1178 1451 1321 1482 Concur-

259 1501 345 1528 rente
359 1502 468 1527 autem
483 1497 628 1528 obstante
644 1505 738 1527 causa
760 1505 843 1537 quae
864 1496 1007 1530 redderet
1021 1495 1240 1526 executionem
1255 1496 1322 1526 voti

257 1540 476 1581 impeditivam
498 1540 628 1572 maioris
656 1540 743 1576 boni,
760 1540 952 1580 dispensatio
980 1540 1020 1570 ad
1042 1540 1200 1570 honorem
1222 1539 1322 1570 maio-

257 1583 459 1616 remChristi
482 1584 602 1625 procul·
610 1584 708 1615 dubio
731 1582 837 1615 fieret:
861 1583 937 1624 quia
960 1583 1061 1614 facere
1076 1583 1179 1614 maius
1198 1583 1322 1614 bonum

257 1634 306 1660 eut
325 1628 427 1668 magis
455 1628 614 1659 honorare
635 1629 752 1658 Deum.
783 1627 845 1659 Sed
867 1628 994 1658 adverte
1021 1628 1111 1668 quod
1139 1627 1232 1658 debet
1255 1637 1321 1658 esse

256 1673 383 1704 Bonum
400 1673 489 1714 quod
513 1678 560 1704 est
575 1681 669 1704 causa
684 1671 887 1712 dispensandi
909 1671 1012 1702 maius
1031 1681 1097 1702 non
1111 1671 1218 1702 solum
1235 1671 1321 1702 bono

369 1723 437 1748 erat
457 1717 588 1748 materia
601 1715 678 1752 voti,
695 1716 750 1746 sed
773 1716 860 1746 bono
876 1716 966 1756 quod
989 1722 1054 1746 erat
1075 1716 1183 1756 ipsum
1197 1722 1321 1753 votum,

257 1760 348 1802 quod
370 1766 418 1792 est
437 1767 526 1792 actus
548 1760 675 1791 latriae:
698 1760 855 1802 quoniam
877 1766 1051 1801 utrumque
1075 1766 1183 1796 cessat,
1205 1760 1323 1791 scilicet

255 1808 369 1836 votum
393 1810 426 1836 et
447 1804 586 1835 materia.

256 1852 284 1870 '⁴⁴‘
306 1849 350 1880 ·1n
378 1848 632 1880 commutatione
661 1854 769 1879 autem
799 1854 951 1884 votorum
981 1857 1039 1878 nec
1067 1847 1200 1887 exigitur
1227 1857 1322 1878 causa

256 1893 388 1924 obstans
409 1892 590 1924 executioni
611 1891 694 1929 voti;
725 1901 783 1923 nec
813 1891 945 1932 exigitur
974 1892 1064 1933 quod
1086 1892 1210 1922 bonum
1233 1892 1321 1932 quod

256 1943 306 1968 est
327 1943 422 1968 causa
443 1936 664 1968 commutandi
691 1936 732 1967 sit
753 1936 856 1966 maius
880 1943 1027 1977 utroque,
1051 1935 1168 1966 scilicet
1190 1942 1268 1967 voto
1291 1942 1323 1967 et

255 1981 388 2013 materia
409 1981 495 2018 eius,
518 1980 675 2021 quoniam
695 1986 809 2011 votum
831 1986 988 2011 remanet:
1012 1980 1068 2010 sed
1090 1979 1206 2011 sufficit
1233 1981 1322 2021 quod

255 2025 302 2057 'ait
317 2025 421 2056 maius
443 2026 568 2056 bonum
594 2033 694 2065 quam
722 2025 846 2055 bonum
874 2024 964 2065 quod
987 2031 1052 2055 erat
1081 2024 1211 2054 materia
1232 2024 1319 2061 voti;

254 2069 300 2102 itu
329 2070 420 2111 quod
446 2069 517 2110 ipsa
548 2068 710 2100 maioritas
733 2068 810 2099 boni
838 2068 872 2098 in
901 2069 990 2109 quod
1014 2075 1249 2105 commutatur,
1274 2075 1321 2099 est

252 2113 414 2146 sufficiens
436 2123 531 2144 causa
553 2113 824 2144 commutationis.
847 2113 889 2143 Et
911 2112 1042 2153 quidem
1057 2112 1146 2153 quod
1168 2122 1234 2142 non
1257 2112 1320 2143 exi-

253 2162 347 2200 gatur
369 2167 463 2188 causa
485 2157 626 2194 obstans,
642 2163 674 2188 et
695 2157 785 2198 quod
807 2156 969 2187 maioritas
998 2156 1076 2187 boni
1099 2156 1139 2186 sit
1161 2155 1320 2187 sufficiens

254 2201 476 2235 commutandi
498 2211 602 2238 causa,
618 2207 704 2241 patet
727 2201 831 2237 Extra,
847 2201 888 2231 de
907 2201 994 2238 Voto,
1011 2210 1080 2241 cap.
1107 2200 1202 2237 Quod
1222 2210 1321 2240 super

253 2247 316 2284 his,
330 2246 387 2277 ubi
409 2245 583 2276 mulierum
604 2251 636 2276 et
657 2245 821 2276 inutilium
844 2245 884 2275 ad
907 2254 1049 2285 pugnam
1063 2250 1138 2275 vota
1161 2254 1220 2284 pro
1243 2244 1318 2275 sub-

252 2288 337 2322 sidio
359 2290 476 2321 Terrae
499 2290 640 2326 Sanctae,
657 2289 802 2330 quamvis
825 2288 946 2319 habiles
969 2288 1032 2319 sint
1061 2288 1101 2318 ad
1124 2288 1268 2318 eundum
1282 2288 1319 2318 il-

253 2334 317 2372 luc,
332 2333 517 2365 redimenda
539 2334 696 2370 dicuntur,
713 2333 789 2374 quia
811 2332 924 2363 melius
948 2339 994 2363 est
1016 2332 1183 2363 subvenire
1202 2333 1318 2363 Terrae

250 2378 386 2410 Sanctae
418 2378 457 2409 de
485 2378 628 2418 pecuniis
657 2387 737 2418 quas
767 2383 991 2408 consumerent
1020 2377 1053 2407 in
1081 2376 1192 2407 itinere
1220 2386 1319 2417 quam

252 2422 323 2454 mu
352 2422 386 2452 in
415 2422 466 2452 via
495 2431 694 2454 consumere.
727 2421 762 2452 In
790 2431 859 2461 cap.
882 2430 1014 2462 quoque
1037 2420 1158 2460 primo,
1182 2420 1317 2457 ibidem,

250 2472 367 2498 omnes
391 2475 503 2497 causae
526 2466 707 2506 personales
729 2465 933 2496 resolvendae
956 2465 1104 2495 dicuntur
1126 2464 1158 2494 in
1182 2463 1257 2500 hoc,
1278 2474 1317 2494 an

251 2510 506 2551 recompensatio
530 2510 570 2541 sit
592 2510 705 2540 melior
727 2516 758 2540 et
779 2510 849 2540 Deo
868 2509 1035 2548 acceptior,
1051 2507 1179 2539 arbitrio
1202 2508 1318 2548 praesi—

195 2586 199 2592 ,
253 2554 366 2592 dentis,
382 2555 512 2595 quando
536 2564 631 2585 causa
649 2553 869 2585 commutandi
892 2553 999 2583 solum
1014 2562 1047 2582 se
1070 2558 1156 2582 tenet
1170 2562 1208 2582 ex
1229 2559 1317 2593 parte

249 2599 299 2630 rei
320 2599 355 2629 in
377 2608 476 2640 quam
497 2597 533 2629 fit
556 2598 776 2630 commutatio.
801 2597 940 2635 Quando
954 2606 1031 2627 vero
1053 2596 1161 2637 aliqua
1183 2597 1317 2627 necessi-

252 2650 301 2676 ω
320 2642 529 2684 impotentiae
550 2643 602 2673 vel
623 2641 893 2674 incommoditatis
915 2641 967 2671 vel
989 2640 1128 2671 scandali
1150 2640 1262 2672 invitat
1276 2641 1316 2671 ad

252 2687 530 2723 commutandum,
547 2694 624 2718 tunc
646 2686 761 2717 sufficit
783 2692 982 2717 commutare
1004 2684 1037 2714 in
1065 2684 1210 2725 aequale:
1235 2695 1316 2725 quo—

251 2731 340 2762 lniam
363 2741 430 2762 non
462 2730 597 2771 pertinet
619 2731 660 2761 ad
682 2729 899 2761 infidelitatem
930 2728 1155 2769 dispensatoris
1181 2728 1207 2758 si
1231 2728 1316 2759 debi-

250 2775 315 2806 tori
337 2775 471 2806 domino
502 2784 563 2805 suo
585 2775 619 2805 in
651 2784 752 2815 aeque
778 2780 904 2814 gratum
933 2773 1037 2804 eidem
1067 2766 1201 2802 domino
1229 2782 1315 2803 acce-

253 2819 374 2861 ptando
397 2825 574 2850 commutet
597 2828 634 2849 ex
656 2828 759 2850 causa.
783 2817 872 2855 Quin
895 2817 1009 2853 eriam,
1035 2817 1074 2846 de
1103 2816 1206 2855 rigore
1228 2816 1314 2852 iuris,

251 2863 280 2894 si
294 2862 364 2894 sola
387 2872 480 2894 causa
503 2862 672 2893 miserendi
695 2871 751 2893 seu
774 2860 1047 2892 condescendendi
1062 2859 1200 2895 voventi,
1224 2859 1315 2900 quasi

252 2914 291 2938 ut
311 2906 379 2938 vice
409 2906 469 2938 Dei
498 2906 538 2937 sit
560 2913 666 2946 gratus
694 2906 740 2937 illi
762 2905 819 2945 qui
848 2911 963 2945 sponte
991 2904 1062 2934 Deo
1092 2913 1125 2934 se
1153 2903 1314 2944 obligavit,

252 2960 354 2992 aeque
376 2957 503 2991 gratum
525 2950 595 2980 Deo
619 2955 809 2990 acceptaret,
833 2955 942 2979 contra
964 2947 1061 2978 fidem
1091 2947 1168 2978 boni
1190 2947 1316 2988 dispen-

253 2994 366 3027 satoris
388 3004 456 3025 non
470 2994 585 3025 faceret
599 2993 771 3034 praelatus:
793 2992 873 3024 sicut
896 3002 954 3023 nec
970 2992 1168 3032 dispensator
1182 2991 1315 3022 alicuius

253 3039 377 3070 domini
399 3038 598 3079 temporalis,
622 3037 684 3068 hoc
713 3037 876 3073 faciendo,
899 3035 1090 3067 infidelitatis
1121 3042 1314 3075 argueretur.

252 3082 388 3115 Constat
403 3089 512 3114 autem
526 3082 616 3123 quod
631 3082 763 3122 aequale
777 3081 902 3112 bonum
917 3086 964 3111 est
978 3090 1079 3121 aeque
1093 3086 1218 3120 gratum
1234 3080 1315 3110 Deo.

252 3127 350 3159 Secus
373 3133 482 3157 autem
505 3133 585 3157 esset
607 3126 737 3167 quando
759 3135 819 3166 pro
838 3125 906 3155 sola
920 3125 1085 3155 voluntate
1106 3123 1235 3164 praelati
1254 3123 1316 3154 hoc

252 3170 350 3208 fieret,
374 3180 441 3201 non
465 3180 561 3201 causa
582 3169 779 3210 gratitudinis
801 3169 869 3200 vice
891 3168 960 3200 Dei.
991 3169 1079 3199 Haec
1101 3167 1188 3198 enim
1211 3177 1314 3204 causa,

251 3215 452 3247 manifestata
482 3213 688 3251 voventibus,
718 3213 847 3254 prodest
876 3212 1049 3243 Ecclesiae:
1081 3211 1237 3252 quoniam
1269 3218 1315 3242 est

251 3259 413 3291 attractiva
442 3259 482 3289 ad
509 3259 615 3289 Deum
645 3264 675 3289 et
701 3258 769 3288 eius
796 3257 952 3298 sapientes
981 3266 1017 3287 ac
1045 3256 1116 3297 pios
1142 3255 1314 3287 ministros.

308 3306 359 3334 An
383 3309 491 3334 autem
514 3308 600 3333 tanta
623 3308 678 3332 aut
699 3301 770 3332 talis
792 3301 892 3342 possit
914 3301 1042 3332 subesse
1065 3310 1160 3331 causa
1176 3306 1212 3330 ut
1228 3309 1314 3331 com-

252 3347 389 3379 mutatio
419 3346 474 3378 fiat
494 3346 579 3378 licite
608 3346 642 3376 in
665 3345 786 3376 minus:
804 3363 825 3367 -
847 3344 937 3375 facile
959 3351 1045 3385 patet
1067 3344 1157 3385 quod
1180 3343 1233 3380 sic,
1255 3343 1315 3374 mi-

252 3392 370 3423 scendo
394 3390 680 3422 commutationem
703 3388 938 3429 dispensationi,
962 3388 1005 3419 ita
1027 3389 1116 3429 quod
1138 3387 1252 3428 partim
1276 3388 1316 3418 sit

252 3435 447 3476 dispensatio
477 3441 508 3466 et
530 3434 646 3476 partim
669 3432 892 3469 commutatio;
917 3432 1047 3473 quando
1075 3431 1192 3463 scilicet
1222 3441 1315 3462 causa

252 3489 320 3510 non
343 3486 390 3510 est
418 3486 505 3511 tanta
527 3479 618 3521 quod
640 3477 774 3509 sufficiat
800 3477 839 3507 ad
863 3476 1131 3517 dispensationem
1159 3476 1313 3511 absolute,

252 3530 301 3555 est
321 3529 428 3555 tamen
449 3530 537 3555 tanta
552 3522 642 3564 quod
665 3527 792 3553 excusat
807 3531 825 3551 a
840 3527 939 3557 tanto,
957 3520 1013 3551 etsi
1034 3529 1100 3550 non
1116 3530 1135 3550 a
1150 3526 1230 3550 toto.
1253 3519 1315 3550 Sed

2366 197 2441 244 269

1381 272 1494 302 stando
1517 272 1598 302 infra
1620 272 1736 304 limites
1758 283 1856 313 purae
1873 273 2142 309 commutationis,
2166 283 2232 303 non
2255 280 2360 313 potest
2375 272 2442 304 fieri

1380 316 1413 345 in
1436 316 1558 346 minus:
1582 316 1737 357 quoniam
1760 317 1969 348 commutatio
1986 317 2078 347 debet
2101 326 2168 347 esse
2190 317 2288 353 iusta;
2312 327 2379 347 non
2395 324 2441 348 est

1381 366 1488 390 autern
1512 360 1720 391 commutatio
1750 361 1817 391 sine
1848 361 2035 402 aequalitate
2058 360 2102 391 rei
2126 361 2165 391 ad
2189 371 2273 397 rem,
2298 367 2333 392 ut
2356 367 2441 401 patet

1378 403 1411 433 in
1428 403 1456 432 V
1471 403 1575 434 Ethic.
1590 403 1608 423 *
1630 405 1672 435 Et
1694 411 1860 445 propterea
1874 411 2003 436 caveant
2020 404 2079 434 sibi
2093 404 2139 434 illi
2161 405 2217 446 qui
2239 414 2304 435 non
2324 404 2441 436 habent

1380 453 1569 486 potestatem
1592 448 1685 478 aliam
1708 448 1740 478 in
1756 449 1838 479 votis
1861 449 1922 479 nisi
1937 448 2172 479 commutandi:
2196 449 2271 490 quia
2293 455 2439 479 tenentur

1379 491 1419 520 ad
1443 490 1544 521 maius
1560 491 1609 521 vel
1632 493 1773 532 aequale,
1797 499 1834 523 ut
1856 492 1978 523 dictum
2001 499 2056 523 est.
2082 492 2129 522 nli
2152 499 2260 523 autem
2275 492 2331 533 qui
2351 502 2438 533 prae-

1378 533 1432 565 lati
1455 541 1538 570 sunt,
1563 541 1594 565 et
1617 542 1783 576 utramque
1805 536 1922 567 habent
1943 542 2148 576 potestatem,
2172 536 2288 567 scilicet
2314 536 2438 576 dispen-

1379 577 1468 607 sandi
1497 584 1528 608 et
1558 579 1794 616 commutandi,
1825 587 1975 619 possunt,
2000 579 2162 610 miscendo
2191 587 2377 621 utramque,
2402 590 2438 610 ex

1378 631 1472 652 causa
1483 621 1515 651 in
1529 621 1634 652 minus
1647 623 1858 663 dispensando
1871 631 2084 654 commutare:
2101 623 2181 655 sicut
2197 624 2292 655 etiam
2303 630 2439 664 possunt

1379 675 1415 695 ex
1438 674 1532 695 causa
1556 665 1736 705 dispensare
1759 667 1913 698 absolute.

1434 708 1486 739 111.
1504 708 1539 738 In
1554 710 1760 748 responsione
1776 711 1815 740 ad
1830 711 1971 750 primum
1991 711 2133 742 eiusdem
2151 711 2283 747 articuli,
2300 719 2376 743 nota
2389 721 2436 742 ra-

1378 752 1498 782 tionem
1514 762 1611 792 quare
1634 752 1704 793 ipso
1727 753 1795 784 iure
1811 754 1919 784 omnia
1934 761 2008 785 vota
2030 755 2063 785 in
2079 755 2206 786 saeculo
2222 755 2302 786 facta
2318 755 2436 796 spirant

1377 795 1410 825 in
1433 795 1645 835 professione:
1670 797 1745 837 quia
1767 797 1882 828 scilicet
1903 798 2003 828 homo
2019 799 2154 830 moritur
2176 799 2272 838 priori
2288 799 2379 836 vitae,
2396 800 2436 830 ad

1378 839 1468 870 cuius
1491 839 1696 870 directionem
1727 841 1840 871 emissa
1868 848 1955 872 erant
1977 849 2051 873 vota
2073 842 2135 873 illa.
2166 843 2207 873 Et
2230 849 2351 883 praeter
2372 843 2435 874 hoc

1377 883 1537 913 adduntur
1553 883 1633 913 duae
1656 884 1734 914 aliae
1750 884 1886 915 rationes
1909 886 2108 916 extendentes
2122 896 2155 916 se
2170 886 2211 916 ad
2231 893 2306 917 vota
2321 887 2435 917 emissa

1377 933 1451 966 post
1479 927 1680 967 religionem:
1711 927 1786 967 quia
1809 928 1925 959 scilicet
1947 939 2030 959 onus
2059 929 2219 969 religionis
2242 930 2372 967 sufficit;
2403 937 2435 961 et

1377 971 1549 1010 singulares
1573 971 1788 1001 observantiae
1804 981 1869 1001 non
1885 979 2071 1012 competunt
2093 973 2245 1013 religioni.
2270 974 2311 1004 Et
2325 984 2362 1004 ex
2375 974 2434 1004 hac

1376 1014 1479 1045 radice
1513 1014 1670 1055 praelatus
1699 1021 1804 1054 potest
1831 1015 1940 1046 omnia
1968 1023 2041 1055 post
2063 1017 2176 1047 emissa
2198 1024 2272 1048 vota
2305 1017 2433 1054 irritare,

1375 1065 1529 1099 tanquam
1551 1058 1797 1098 incompetentia
1819 1058 1973 1098 religioni.

1431 1102 1483 1133 lv.
1509 1103 1544 1132 In
1567 1102 1774 1142 responsione
1804 1102 1844 1132 ad
1866 1103 2058 1139 secundum,
2089 1103 2223 1134 dubium
2251 1103 2355 1144 primo
2379 1114 2433 1135 oc-

1375 1146 1479 1183 currit,
1504 1146 1543 1176 de
1565 1146 1685 1177 ratione
1708 1146 1828 1176 reddita
1850 1146 1883 1176 in
1904 1146 2005 1177 littera
2028 1147 2068 1176 ad
2091 1147 2323 1178 ostendendum
2345 1149 2433 1189 quod

1374 1190 1503 1231 praelati
1526 1200 1592 1220 non
1615 1196 1750 1230 possunt
1772 1200 1831 1231 pro
1854 1190 1943 1221 libito
1968 1190 2146 1231 dispensare
2169 1190 2203 1221 in
2225 1191 2318 1227 votis,
2333 1202 2432 1232 quan—

1373 1241 1444 1265 tum
1466 1234 1568 1265 valeat
1581 1234 1607 1264 *.
1632 1234 1765 1265 Videtur
1791 1233 1876 1264 enim
1898 1234 2045 1265 invalida.
2068 1235 2156 1265 Tum
2178 1234 2253 1275 quia
2275 1235 2361 1266 aliud
2389 1242 2435 1266 est

1374 1278 1540 1319 prohibere
1566 1284 1656 1314 vota,
1687 1277 1773 1308 aliud
1795 1278 1930 1309 irritare:
1961 1285 1992 1309 et
2022 1284 2250 1319 consequenter
2273 1279 2358 1309 aliud
2387 1286 2434 1310 est

1373 1332 1467 1362 posse
1486 1321 1662 1362 prohibere,
1686 1322 1773 1352 aliud
1795 1331 1889 1362 posse
1910 1321 2040 1353 irritare.
2065 1322 2100 1352 In
2115 1322 2216 1353 littera
2231 1330 2338 1354 autem
2355 1322 2432 1354 haec

1374 1367 1439 1397 duo
1462 1372 1634 1396 sumuntur
1655 1375 1714 1405 pro
1737 1366 1867 1396 eodem:
1893 1366 2046 1406 quoniam
2069 1366 2232 1397 concludit
2253 1367 2343 1407 quod
2366 1377 2432 1397 non

2466 415 2624 465 fleffip'viY'v‘xi'
2630 415 2676 437 Th·

2460 1244 2469 1252 '
2484 1242 2518 1264 Cf.
2535 1249 2599 1264 num.
2615 1250 2645 1265 vi.

1374 1416 1509 1450 possunt
1531 1409 1660 1449 praelati
1683 1409 1803 1439 irritare
1825 1416 1900 1440 vota
1922 1409 1997 1450 quia
2020 1419 2086 1440 non
2109 1417 2244 1450 possunt
2266 1410 2432 1450 prohibere
2465 1445 2467 1447 ¹

1373 1461 1458 1484 vota.
1474 1471 1495 1477 —
1518 1453 1559 1484 Et
1589 1452 1803 1483 confirmatur.
1839 1453 1923 1490 Quia
1946 1453 1971 1483 si
1994 1453 2053 1484 ista
2083 1454 2148 1484 duo
2178 1454 2378 1494 aequivalent
2398 1454 2431 1485 in

1374 1497 1551 1538 proposito,
1575 1507 1670 1536 posse
1692 1496 1832 1527 inhibere
1852 1503 1965 1527 votum
1979 1503 2010 1527 et
2025 1507 2119 1537 posse
2141 1497 2258 1528 irritare
2279 1498 2369 1535 illud,
2385 1508 2432 1528 se-

1374 1541 1483 1582 quitur
1496 1541 1586 1581 quod
1607 1541 1693 1580 Papa
1708 1540 1808 1580 possit
1824 1540 1978 1581 cuiusque
1998 1541 2135 1580 religiosi
2157 1548 2270 1572 votum
2289 1542 2431 1572 solemne

1373 1585 1507 1615 irritare:
1538 1585 1614 1625 quia
1636 1590 1741 1624 potest
1764 1583 1918 1624 cuiusque
1947 1584 2090 1615 solemne
2112 1591 2225 1615 votum
2254 1586 2430 1625 prohibere,

1374 1629 1529 1670 quoniam
1552 1638 1589 1659 ex
1604 1627 1761 1658 Ecclesiae
1784 1627 1968 1658 auctoritate
1990 1627 2052 1658 hoc
2068 1629 2193 1668 pendet.

1432 1673 1520 1703 Tum
1535 1672 1611 1713 quia
1626 1671 1651 1702 si
1666 1671 1753 1702 radix
1775 1678 1806 1702 et
1823 1681 1989 1711 processus
2019 1672 2147 1702 rationis
2164 1678 2245 1702 esset
2259 1672 2291 1702 in
2312 1683 2432 1712 propo·

1374 1716 1436 1747 sito
1464 1716 1581 1753 efficax,
1598 1715 1723 1753 scilicet,
1739 1716 1813 1746 Non
1828 1715 1980 1746 habemus
1988 1721 2178 1755 potestatem
2195 1717 2258 1746 nisi
2273 1717 2305 1746 in
2320 1716 2431 1757 aedifi-

1375 1762 1530 1791 cationem
1559 1767 1632 1796 etc„
1656 1766 1840 1800 sequeretur
1862 1759 1951 1800 quod
1974 1769 2031 1790 nec
2058 1759 2187 1799 praelati
2210 1759 2430 1799 religiosorum

1375 1811 1505 1845 possent
1521 1804 1723 1835 subditorum
1737 1810 1812 1834 vota
1835 1803 1962 1834 irritare.
1990 1803 2074 1840 Quia
2090 1803 2185 1834 etiam
2208 1803 2285 1834 tales
2303 1804 2432 1844 praelati

1375 1859 1442 1879 non
1458 1849 1574 1879 habent
1588 1854 1778 1888 potestatem
1793 1847 1850 1877 nisi
1882 1846 1916 1877 in
1931 1846 2195 1878 aedificationem:
2220 1853 2251 1877 et
2270 1847 2351 1878 sicut
2365 1858 2432 1878 non

1375 1899 1511 1933 possunt
1532 1891 1710 1932 praecipere
1732 1898 1820 1922 actus
1846 1890 2006 1927 vitiorum,
2022 1891 2065 1922 ita
2083 1901 2150 1921 non
2173 1897 2308 1931 possunt
2325 1891 2432 1932 prohi-

1375 1938 1447 1968 bere
1470 1943 1558 1967 actus
1580 1935 1745 1966 virtutum.
1775 1935 1823 1965 Ex
1852 1945 1919 1975 quo
1942 1934 2037 1974 igitur
2059 1934 2118 1966 ista
2148 1944 2214 1965 non
2237 1935 2432 1966 concludunt

1376 1981 1415 2012 de
1433 1980 1578 2021 praelatis
1600 1979 1832 2019 religiosorum,
1853 1978 1996 2019 sequitur
2010 1979 2099 2019 quod
2122 1988 2180 2009 nec
2203 1979 2242 2008 de
2265 1979 2333 2010 aliis
2356 1989 2431 2010 con-

1376 2025 1513 2056 cludant.
1537 2024 1578 2055 Et
1601 2023 1682 2054 sicut
1704 2030 1739 2054 tu
1763 2022 1866 2053 solves
1888 2022 1948 2059 hic,
1972 2022 2015 2053 ita
2037 2022 2159 2052 solvam
2177 2022 2230 2053 ibi.

1431 2069 1520 2099 Tum
1542 2068 1618 2109 quia
1641 2067 1727 2098 aliud
1751 2073 1797 2098 est
1819 2066 1960 2097 inhibere
1983 2072 2072 2097 actus
2089 2066 2244 2097 virtutum
2267 2066 2428 2103 absolute,

1374 2112 1462 2144 aliud
1485 2120 1532 2143 est
1559 2111 1701 2142 inhibere
1730 2111 1816 2142 hunc
1844 2117 1951 2141 actum
1980 2110 2114 2141 virtutis.
2149 2111 2233 2140 Nam
2261 2110 2334 2140 licet
2363 2120 2429 2141 non

1373 2157 1498 2197 possint
1525 2155 1654 2196 praelati
1682 2154 1822 2185 inhibere
1845 2164 1956 2184 omnes
1986 2161 2075 2185 actus
2100 2154 2270 2191 virtutum,
2295 2161 2430 2194 possunt

1372 2208 1479 2232 tamen
1502 2200 1643 2231 inhibere
1665 2199 1768 2230 hunc:
1801 2204 1838 2228 ut
1860 2204 1946 2238 patet
1976 2197 2009 2228 in
2031 2198 2178 2238 praelatis
2206 2198 2429 2238 religiosorum

1372 2244 1584 2275 inhibentium
1599 2251 1730 2279 vovere;
1758 2248 1789 2273 et
1803 2242 1836 2272 in
1851 2242 1946 2282 Papa,
1962 2241 2018 2282 qui
2031 2248 2136 2282 potest
2158 2241 2299 2272 inhibere
2316 2248 2429 2272 votum

1371 2289 1514 2320 solemne
1533 2287 1695 2328 religionis
1709 2286 1813 2322 alicui,
1831 2292 1867 2316 ut
1882 2286 1922 2316 de
1944 2285 2028 2317 facto
2049 2285 2170 2316 inhibet
2189 2285 2340 2316 omnibus
2363 2285 2431 2316 doli

1372 2332 1540 2373 capacibus
1569 2331 1651 2362 infra
1679 2340 1780 2361 annos
1809 2329 1982 2370 pubertatis
1996 2329 2024 2360 *.
2058 2329 2152 2360 Ratio
2176 2336 2284 2360 autem
2308 2329 2430 2360 litterae

1371 2376 1515 2419 procedit
1541 2376 1580 2406 ab
1603 2374 1791 2406 inhibitione
1814 2381 1944 2405 actuum
1966 2373 2089 2404 virtutis
2112 2373 2257 2404 absolute
2286 2373 2326 2403 ad
2348 2373 2430 2404 inhi-

1371 2421 1527 2452 bitionem
1554 2426 1642 2450 actus
1669 2418 1748 2454 talis,
1773 2417 1890 2448 scilicet
1910 2417 1987 2448 voti.

1425 2465 1464 2495 V.
1481 2464 1625 2495 Dubium
1638 2462 1778 2493 secundo
1791 2461 1927 2492 occurrit
1942 2461 2023 2491 circa
2039 2461 2140 2492 dictae
2153 2461 2284 2491 rationis
2301 2460 2430 2491 conclu-

1370 2509 1504 2544 sio'nem,
1525 2507 1661 2538 scilicet:
1684 2505 1818 2537 Praelati
1839 2515 1905 2536 non
1927 2511 2063 2545 possunt
2084 2505 2151 2535 sine
2171 2505 2316 2535 obstante
2338 2514 2431 2535 causa

1370 2553 1549 2593 dispensare
1565 2551 1598 2581 in
1622 2550 1704 2581 votis
1719 2549 1745 2580 *.
1770 2550 1859 2580 Tum
1874 2549 1949 2590 quia
1963 2549 1996 2579 in
2019 2549 2108 2579 omni
2132 2548 2325 2588 obligatione
2340 2548 2430 2579 intel-

1369 2597 1476 2637 ligitur
1499 2595 1668 2626 auctoritas
1689 2594 1792 2634 Papae
1809 2600 1953 2634 excepta:
1978 2592 2053 2634 quia
2068 2592 2147 2622 nihil
2164 2599 2270 2632 potest
2288 2592 2430 2632 promitti

1368 2641 1402 2671 in
1426 2639 1655 2681 praeiudicium
1686 2637 1850 2679 potestatis
1880 2647 1966 2667 suae.
1998 2637 2120 2667 Votum
2143 2643 2250 2667 autem
2279 2636 2432 2676 importat

1369 2684 1598 2724 obligationem
1628 2690 1659 2713 et
1683 2681 1940 2722 promissionem.
1976 2680 2072 2720 Ergo.
2099 2698 2120 2703 —
2149 2680 2191 2710 Et
2213 2679 2428 2711 confirmatur.

1370 2729 1455 2766 Quia
1469 2729 1519 2758 lex
1534 2726 1700 2766 singularis
1716 2735 1782 2756 non
1797 2724 1990 2765 praeiudicat
2008 2723 2156 2764 potestati
2172 2723 2332 2764 principis,
2348 2734 2430 2764 quae

1369 2779 1416 2803 est
1429 2771 1624 2803 universalis.
1648 2770 1770 2800 Votum
1785 2775 1893 2799 autem
1914 2774 1961 2799 est
1974 2767 2062 2798 velut
2079 2768 2129 2798 lex
2144 2767 2319 2807 singularis.
2343 2768 2428 2807 Ergo

1369 2826 1436 2846 non
1458 2814 1652 2856 praeiudicat
1674 2813 1823 2854 potestati
1845 2813 1959 2853 Papae.

1426 2860 1516 2890 Tum
1537 2858 1613 2899 quia
1641 2867 1708 2888 non
1731 2857 1837 2887 minus
1853 2862 1900 2887 est
1921 2855 2066 2886 subditus
2081 2854 2215 2896 quilibet
2230 2853 2428 2885 Christianus

1368 2904 1472 2944 Papae
1488 2902 1597 2943 quoad
1615 2911 1652 2932 ea
1666 2910 1748 2942 quae
1771 2906 1846 2931 sunt
1861 2898 2118 2935 Christianitatis,
2143 2908 2226 2939 quae
2247 2904 2321 2928 sunt
2343 2899 2427 2928 bona

1369 2945 1657 2988 supererogationis
1687 2944 1829 2975 cadentia
1851 2944 1910 2974 sub
1934 2943 2051 2974 Christi
2074 2942 2219 2981 consilio,
2238 2952 2336 2982 quam
2359 2942 2428 2973 reli-

1369 2991 1479 3032 gi0sus
1493 3000 1553 3021 suo
1569 2989 1719 3030 praelato.
1745 2988 1807 3019 Sed
1820 2988 1854 3018 in
1877 2987 1967 3018 omni
1994 2993 2072 3018 voto
2095 2986 2233 3026 religiosi
2246 2985 2429 3026 intelligitur

1370 3041 1498 3075 excepta
1528 3039 1668 3074 potestas
1695 3032 1836 3072 praelati.
1869 3031 1955 3071 Ergo
1982 3030 2015 3061 in
2039 3030 2129 3061 omni
2155 3036 2232 3061 voto
2260 3029 2428 3060 Christiani

1368 3078 1552 3119 intelligitur
1574 3083 1702 3117 excepta
1723 3082 1862 3117 potestas
1884 3076 1997 3115 Papae.

1425 3123 1478 3154 VI.
1494 3123 1547 3153 Ad
1562 3121 1704 3162 primum
1718 3119 1853 3151 dubium
1867 3119 1886 3139 ¹⁰¹
1904 3119 2018 3149 dicitur
2033 3118 2123 3159 quod
2146 3117 2225 3148 ratio
2240 3117 2360 3148 litterae
2383 3123 2429 3147 est

1368 3167 1471 3198 solida
1493 3173 1525 3197 et
1546 3165 1664 3196 efficax.
1687 3165 1730 3195 Et
1751 3164 1791 3195 ad
1813 3163 1951 3204 primam
1973 3162 2185 3193 obiectionem
2208 3160 2320 3192 dicitur
2339 3161 2427 3201 quod

1368 3211 1441 3242 licet
1462 3210 1603 3241 inhibere
1621 3216 1652 3240 et
1665 3208 1783 3240 irritare
1798 3214 1874 3238 vota
1896 3217 1962 3237 non
1985 3207 2048 3237 sint
2069 3206 2164 3242 idem,
2187 3211 2302 3235 mutuo
2322 3211 2427 3235 tamen

1369 3265 1402 3286 se
1416 3254 1556 3286 inferunt
1570 3254 1604 3284 in
1619 3252 1750 3284 materia
1759 3252 1837 3288 voti,
1853 3251 1879 3282 si
1895 3250 2048 3286 absolute,
2064 3259 2119 3280 seu
2135 3249 2231 3280 libere
2247 3255 2426 3279 sumantur:

1368 3300 1412 3330 ita
1439 3299 1529 3340 quod
1558 3297 1755 3338 quicumque
1783 3302 1888 3336 potest
1915 3294 2011 3325 libere
2038 3293 2157 3324 irritare
2179 3299 2255 3323 vota
2282 3292 2426 3328 alicuius,

1368 3350 1474 3383 potest
1497 3342 1591 3373 etiam
1614 3341 1709 3372 libere
1733 3339 1882 3374 inhibere,
1900 3345 1930 3368 et
1946 3348 1962 3368 e
1978 3344 2102 3373 contra;
2126 3343 2162 3367 ut
2184 3342 2270 3376 patet
2291 3335 2324 3366 in
2340 3346 2428 3376 prae-

1367 3387 1437 3418 latis
1460 3386 1691 3426 religiosorum,
1716 3391 1747 3415 et
1760 3390 1857 3424 patre,
1874 3382 2016 3419 domino,
2032 3381 2110 3417 viro,
2130 3386 2274 3421 respectu
2292 3379 2426 3420 puellae,

1368 3431 1458 3467 servi,
1482 3430 1600 3461 uxoris.

1420 3475 1462 3505 Et
1484 3474 1524 3504 ad
1548 3471 1822 3504 confirmationem
1844 3469 1957 3500 dicitur
1979 3468 2067 3510 quod
2090 3467 2176 3499 aliud
2199 3474 2246 3499 est
2268 3477 2362 3508 posse
2378 3467 2426 3497 in-

1368 3518 1475 3549 hibere
1489 3524 1563 3548 vota
1586 3516 1739 3552 absolute,
1760 3522 1790 3546 et
1805 3514 1889 3545 aliud
1912 3523 2006 3554 posse
2025 3512 2165 3543 inhibere
2187 3512 2248 3543 tale
2266 3518 2379 3542 votum
2394 3511 2426 3541 in

2456 2342 2465 2351 ·
2476 2342 2532 2368 Cap.
2542 2342 2565 2363 Is
2578 2343 2626 2370 qui,
2637 2343 2667 2364 de

2456 2367 2539 2395 Regna.
2551 2371 2575 2390 et
2585 2370 2665 2390 tram-

2456 2396 2518 2415 eant.
2530 2394 2564 2416 ad
2576 2395 2633 2421 ReL,
2642 2395 2664 2417 in

2456 2420 2535 2442 Sexto.

2458 2552 2467 2561 ·
2481 2552 2515 2574 ef.
2531 2557 2594 2573 num.
2609 2558 2648 2574 vn.

2455 3127 2464 3135 ⁸
2478 3125 2548 3147 Num.
2565 3131 2595 3147 ιν.
