2860 4244
0 906 6 918 v
0 877 3 885 ἡ
0 740 14 861 -ν-,ἓ-,υ-
0 706 8 718 v

51 1877 213 1906 1·V·n.5.

39 2477 41 2483 .
87 2464 98 2474 ⁸
107 2462 145 2485 Pu.
155 2466 228 2490 xxm,
237 2467 298 2484 ven.

86 2495 108 2518 ἰ
122 2495 144 2518 3·

1018 266 1284 312 QUAESTIO
1314 267 1417 315 XCI,
1446 267 1743 304 ARTICULUS
1773 269 1803 304 II

323 346 373 382 ad
401 345 641 382 excitandum
671 345 887 382 interiorem
917 345 1097 382 affectum
1126 345 1322 391 laudantis,
1349 353 1384 381 et

323 398 372 435 ad
400 399 695 473 provogandum
715 398 809 435 alios
839 398 887 435 ad
915 398 987 435 Dei
1015 398 1180 443 laudem,
1207 397 1301 434 sicut
1330 398 1382 435 di-

322 458 424 488 ctum
454 459 510 488 est
549 480 557 489 .

84 455 95 466 ⁵
108 454 134 475 ln
148 458 255 480 corpore.

2419 269 2492 316 295

1490 347 1549 382 AD
1577 357 1736 383 TERTIUM
1761 358 1944 384 met-:unum
1973 347 2077 395 quod
2106 347 2232 382 Deum
2262 358 2340 382 non
2368 346 2495 383 lauda-

1438 410 1523 435 mus
1551 407 1707 447 propter
1730 399 1925 436 utilitatem
1945 412 2065 446 suam,
2095 399 2162 436 sed
2190 407 2346 448 propter
2365 399 2496 436 utilita-

1438 459 1513 487 tem
1543 459 1724 498 nostram,
1754 460 1795 488 ut
1823 452 1965 489 dictum
1995 460 2050 489 est
2067 451 2098 489 ²¹⁸.
2524 452 2604 475 ’Ibid·

1077 594 1395 636 ARTICULUS
1433 594 1732 637 SECUNDUS

796 677 951 708 UTRUM
976 677 1148 707 CANTUS
1172 677 1268 708 S1NT
1291 677 1533 708 ASSUMENm
1558 678 1616 708 AD
1642 679 1821 709 LAUDEM
1845 679 2026 710 DIVINAM

1061 747 1090 771 In
1111 747 1209 771 Psalm.
1227 740 1312 778 xxxm,
1331 747 1375 772 Ad
1394 746 1498 779 Ephes„
1519 754 1575 779 cap.
1593 755 1617 778 V,
1638 747 1695 772 lect.
1714 755 1759 773 vn.

358 830 478 849 lxv.

357 844 417 870 ..aar
444 844 509 876 ss<
534 829 557 854 D
572 829 763 855 SECUNDUM
777 829 830 854 stc
845 828 1085 854 euoenon-un.
1101 817 1260 854 Videtur
1274 817 1380 865 quod

353 857 666 928 ¹Sv'Affi'cantus
695 883 771 907 non
803 870 875 907 sint
903 870 1122 908 assumendi
1151 871 1199 907 ad
1227 870 1380 906 laudem

341 921 462 975 ’(,Ϋῇῑς
478 926 505 961 “6
536 923 717 960 divinam.
747 923 846 960 Dicit
875 924 978 960 enim
998 924 1215 971 Apostolus,
1239 923 1291 959 ad
1312 922 1382 958 Co-

344 966 355 977 ”
381 948 479 1006 ἑΨ)
494 965 618 1013 loss.
634 988 672 1013 111
691 976 727 1012 *z
751 977 936 1013 Docentes
954 982 991 1012 et
1007 980 1283 1012 commonentes
1301 985 1383 1011 vos-

321 1029 495 1077 metipsos
523 1029 559 1066 in
592 1029 750 1077 psalmis
778 1035 813 1065 et
846 1029 997 1076 hymnis
1025 1034 1062 1064 et
1091 1028 1244 1064 canticis
1275 1026 1382 1074 spiri-

321 1082 493 1119 tualibus.
524 1082 599 1119 Sed
625 1082 715 1119 nihil
734 1093 928 1118 assumere
949 1081 1132 1117 debemus
1152 1079 1189 1116 in
1209 1079 1382 1116 divinum

466 867 471 874 ι

82 972 95 985 ⁸
107 971 174 994 Vm.
187 971 220 993 16.

323 1136 464 1172 cultum
503 1142 652 1183 praeter
681 1147 724 1171 ea
759 1146 856 1182 quae
890 1133 1000 1170 nobis
1035 1132 1254 1174 auctoritate
1288 1127 1410 1169 Scri-¹

322 1195 455 1236 pturae
483 1187 690 1224 traduntur.
720 1187 822 1234 Ergo
851 1186 1001 1223 videtur
1029 1186 1133 1234 quod
1163 1197 1239 1222 non
1270 1185 1384 1221 debe-

323 1253 408 1277 mus
430 1240 483 1277 uti
507 1240 545 1276 in
571 1239 707 1276 divinis
735 1239 909 1276 laudibus
939 1238 1090 1275 canticis
1111 1237 1382 1287 corporalibus,

322 1293 390 1331 sed
418 1293 543 1330 solum
572 1292 836 1340 spiritualibus.

375 1357 410 1382 2.
439 1346 679 1391 Pali-emm,
723 1345 1004 1393 Hieronymus,
1048 1356 1163 1392 super
1204 1343 1293 1380 illud
1335 1344 1386 1380 ad

224 1430 227 1433 ,
247 1419 254 1432 2
268 1404 299 1457 ἐξ
318 1399 501 1447 Ερβθπν
515 1397 547 1444 *,
573 1398 774 1435 Cantantes
796 1403 832 1435 et
851 1398 1050 1446 psallentes
1070 1397 1107 1433 in
1127 1397 1301 1433 cordibus
1323 1408 1384 1433 ve·
1410 1402 1412 1431 1

32 1487 41 1506 ,Δ
82 1431 295 1510 mii-Tum·
319 1451 405 1487 stris
423 1451 601 1498 Domino,
633 1450 737 1488 dicit:
766 1451 936 1488 Audiant
960 1451 1053 1486 haec
1084 1449 1349 1486 adolescentuli
1368 1454 1385 1470 ‘²

321 1504 454 1552 quibus
473 1504 510 1541 in
531 1504 686 1540 ecclesia
714 1509 769 1540 est
788 1503 976 1552 psallendi
993 1503 1173 1562 officium,
1202 1503 1285 1539 Deo
1310 1514 1384 1538 non
1411 1503 1413 1506 ’

321 1568 424 1603 voce,
444 1558 510 1594 sed
527 1556 640 1594 corde
657 1557 910 1594 cantandum:
939 1567 1007 1592 nec
1034 1568 1071 1592 m
1100 1555 1385 1605 tragoediarum

322 1610 476 1647 modum
510 1615 644 1660 guttur
679 1615 715 1647 et
742 1611 882 1658 fauces
918 1609 1165 1645 medicamine
1200 1608 1387 1644 liniendae
1412 1640 1413 1644 ,

321 1669 427 1709 sunt,
458 1668 499 1701 ut
523 1663 562 1700 in
590 1663 744 1700 ecclesia
782 1662 980 1699 theatrales
1007 1662 1152 1698 moduli
1182 1661 1388 1698 audiantur

322 1722 360 1753 et
383 1716 540 1752 cantica.
571 1716 663 1752 Non
691 1727 782 1763 ergo
810 1715 849 1752 in
877 1715 1010 1752 laudes
1038 1715 1111 1751 Dei
1139 1721 1226 1751 sunt
1254 1721 1386 1750 cantus

322 1769 556 1807 assumendi.

377 1823 411 1859 3.
433 1822 676 1870 PRAETEREA,
705 1821 860 1858 laudare
888 1821 1016 1858 Deum
1047 1819 1227 1857 convenit
1258 1819 1386 1868 parvis

323 1882 360 1912 et
386 1874 549 1923 magnis:
579 1874 792 1912 secundum
822 1873 912 1911 illud
931 1874 1050 1922 Apoc.
1069 1885 1130 1910 xus
1148 1872 1185 1909 *ε
1215 1873 1386 1909 Laudem

182 1927 198 1962 β
322 1928 430 1965 dicite
449 1929 531 1965 Deo
551 1933 690 1974 nostro,
710 1939 839 1964 omnes
856 1927 958 1964 servi
969 1925 985 1956 β
1003 1927 1082 1964 eius
1105 1932 1141 1963 et
1162 1926 1228 1974 qui
1253 1926 1387 1962 timetis

323 1981 441 2027 illum,
463 1980 595 2029 pusilli
617 1986 653 2017 et
674 1981 818 2030 magni.
849 1979 927 2016 Sed
955 1979 1121 2016 maiores
1149 1978 1215 2026 qui
1235 1986 1321 2015 sunt
1348 1978 1386 2015 in

324 2034 494 2071 Ecclesia
527 2045 606 2070 non
642 2034 752 2070 decet
786 2041 958 2070 cantare:
995 2032 1083 2070 dicit
1111 2031 1212 2068 enim
1242 2032 1387 2079 Grego-

324 2087 400 2124 rius
419 2087 451 2135 *,
474 2094 509 2123 et
536 2086 699 2123 habetur
725 2086 764 2123 in
784 2086 967 2132 Decretis,
991 2086 1073 2123 dist.
1094 2085 1213 2131 XCII,
1235 2097 1317 2134 cap.
1338 2086 1384 2122 In

321 2145 452 2178 sancta
479 2140 658 2177 Romana
684 2139 874 2176 Ecclesia:
907 2139 1101 2176 Praesenti
1125 2139 1272 2175 decreto
1301 2150 1388 2175 con-

322 2194 431 2230 stituo
461 2199 501 2229 ut
533 2193 569 2229 in
599 2193 694 2229 Sede
723 2194 795 2229 hac
820 2193 923 2229 sacri
948 2192 1079 2229 altaris
1107 2191 1268 2228 ministri
1299 2203 1387 2228 can-

323 2252 405 2283 tare
437 2258 512 2283 non
541 2245 708 2282 debeant.
746 2246 848 2293 Ergo
882 2252 1013 2282 cantus
1041 2257 1120 2281 non
1155 2244 1389 2281 conveniunt

326 2299 462 2336 divinis
489 2298 677 2335 laudibus.

376 2364 414 2399 4.
439 2350 674 2397 PRAETEREA‚
705 2351 743 2387 in
770 2351 890 2388 veteri
917 2352 998 2399 lege
1028 2351 1254 2388 laudabatur
1282 2351 1388 2387 Deus

325 2404 364 2443 in
387 2404 543 2442 musicis
562 2404 821 2441 instrumentis
851 2412 886 2440 et
913 2404 1091 2441 humanis
1112 2404 1300 2440 cantibus:
1331 2415 1388 2440 se-

325 2458 495 2494 cundum
529 2457 618 2493 illud
653 2457 852 2494 Psalm.*:
887 2458 1126 2506 Confitemini
1156 2458 1322 2493 Domino
1351 2456 1388 2492 in

183 2523 201 2551 τ
324 2511 491 2555 cithara‚·
526 2510 562 2546 in
585 2509 765 2558 psalterio
794 2510 920 2546 decem
941 2516 956 2538 Υ
984 2510 1213 2547 chordarum
1243 2509 1390 2557 psallite

324 2563 380 2600 illi
385 2577 400 2609 ‚·
424 2568 571 2600 cantate
589 2563 625 2599 ei
645 2564 830 2600 canticum
852 2575 1004 2600 novum.
1035 2563 1112 2600 Sed
1141 2563 1389 2599 instrumenta

325 2616 488 2663 musica,
518 2616 613 2653 sicut
641 2615 802 2653 citharas
832 2624 868 2652 et
900 2615 1094 2665 psalteria,
1125 2628 1203 2652 non
1232 2614 1391 2652 assumit

326 2669 496 2706 Ecclesia
524 2669 562 2706 in
590 2668 738 2706 divinas
761 2669 904 2716 laudes,
926 2682 975 2706 ne
994 2669 1169 2706 videatur
1187 2668 1388 2705 iudaizare.

326 2723 441 2770 Ergo,
471 2721 552 2770 pari
572 2721 728 2768 ratione,
758 2734 830 2759 nec
853 2730 986 2759 cantus
1013 2722 1052 2759 in
1081 2722 1229 2759 divinas
1257 2721 1390 2758 laudes

326 2782 414 2812 sunt
441 2774 674 2811 assumendi.
900 2786 906 2791 ·

384 2828 416 2865 5.
431 2828 671 2874 Prummu,
686 2826 929 2876 principalior
944 2835 1000 2864 est
1017 2828 1099 2864 laus
1115 2827 1252 2864 mentis
1271 2838 1388 2875 quam

326 2882 408 2918 laus
436 2880 523 2917 oris.
555 2880 631 2917 Sed
659 2881 741 2916 laus
759 2880 897 2917 mentis
916 2880 1123 2929 impeditur
1149 2892 1219 2929 per
1239 2887 1389 2916 cantus:

326 2942 407 2971 tum
437 2932 526 2982 quia
555 2932 787 2970 cantantium
816 2932 974 2970 intentio
1003 2933 1232 2970 abstrahitur
1259 2944 1281 2968 a
1301 2944 1391 2968 con-

327 2985 556 3024 sideratione
585 2997 719 3022 eorum
749 2997 848 3033 quae
869 2993 1033 3032 cantant,
1063 2986 1155 3023 dum
1185 2985 1284 3022 circa
1303 2997 1391 3021 can-

327 3048 409 3077 tum
438 3038 609 3083 student3
638 3046 720 3075 tum
749 3038 864 3074 etiam
893 3038 982 3086 quia
1002 3050 1047 3075 ea
1075 3050 1173 3088 quae
1195 3044 1392 3074 cantantur

328 3092 455 3130 minus
474 3092 522 3128 ab
543 3091 621 3128 aliis
641 3091 790 3139 intelligi
810 3098 971 3140 possunt
990 3103 1106 3140 quam
1127 3091 1157 3128 si
1176 3091 1257 3128 sine
1278 3098 1390 3127 cantu

329 3145 599 3196 proferrentur.
628 3144 731 3192 Ergo
761 3152 892 3181 cantus
921 3157 1000 3182 non
1028 3152 1116 3181 sunt
1144 3143 1285 3182 divinis
1313 3144 1393 3181 lau-

188 3197 204 3222 ⁸
330 3199 441 3237 dibus
470 3197 677 3234 adhibendi
695 3194 720 3234 ⁶.
1128 3214 1131 3217 ·

383 3252 457 3288 SED
477 3261 625 3287 CONTRA
643 3261 711 3286 EST
723 3250 829 3298 quod
857 3250 992 3287 beatus
1019 3249 1248 3287 Ambrosius
1276 3249 1314 3286 in
1334 3261 1393 3286 ec-

329 3304 442 3342 clesia
461 3302 738 3340 Mediolanensi
758 3310 889 3340 cantus
907 3303 1073 3350 instituit,
1094 3310 1136 3340 ut
1157 3302 1392 3351 Augustinus

331 3357 454 3403 refert,
483 3356 522 3393 in
551 3356 603 3392 IX
628 3356 793 3404 Confess.
813 3355 834 3378 *

45 2107 50 2110 .
84 2090 97 2102 ·
193 2104 199 2110 .
269 2090 296 2116 t„

385 3469 412 3500 α)
431 3469 629 3494 adolescentuli.
643 3482 662 3488 -
678 3468 794 3494 audiant
811 3468 839 3493 tu·
857 3468 927 3492 addit
944 3468 979 3499 1²3
998 3476 1045 3501 pro
1065 3468 1180 3497 modum,
1201 3469 1287 3493 modis
1302 3468 1392 3493 ABCD

331 3504 453 3534 EFIan,
473 3502 576 3530 m6rum
596 3504 628 3529 G.
870 3508 877 3513 “

386 3539 410 3573 β)
429 3540 508 3565 servi.
522 3553 541 3559 —
559 3539 647 3566 sancti
664 3539 733 3567 ΡΑῙ;
751 3546 798 3571 pro
819 3538 900 3568 illum,
920 3545 979 3563 eum
997 3538 1078 3568 ΒΘΗ,
1099 3538 1184 3563 Deum
1209 3538 1284 3563 PAD.

385 3575 412 3608 γ)
426 3575 558 3607 psalterio
577 3575 702 3600 decenn.-
715 3573 907 3606 psalteriorum
926 3581 952 3605 x,
968 3574 1098 3605 psalterio
1116 3574 1192 3599 ABE.

1406 820 1409 872 ι
1488 818 1715 854 RESPONDEO
1743 830 1929 855 ulcENDUM
1957 819 2075 866 quod,
2101 819 2195 855 sicut
2223 819 2365 855 dictum
2389 826 2445 855 est
2463 817 2494 864 *‚
2523 823 2599 844 ’Mt-
2615 823 2719 850 *meced-

1407 876 1409 912 ξ
1436 870 1516 906 laus
1534 869 1680 906 vocalis
1700 870 1747 906 ad
1769 871 1844 907 hoc
1864 871 2076 908 necessaria
2097 879 2152 907 est
2178 879 2219 907 ut
2247 871 2406 908 affectus
2427 871 2495 907 ho-

1407 917 1409 971 l
1436 921 1546 958 minis
1574 930 1806 970 provocetur
1826 923 1862 959 in
1883 925 2021 960 Deum.
2053 925 2101 960 Et
2120 923 2206 961 ideo
2227 935 2495 972 quaecumque

1408 974 1409 1023 l
1436 974 1484 1011 ad
1512 975 1586 1010 hoc
1605 975 1709 1011 utilia
1729 987 1812 1011 esse
1840 984 2011 1023 possunt,
2032 976 2071 1012 in
2089 977 2237 1013 divinas
2256 977 2386 1014 laudes
2406 988 2495 1013 con-

1436 1034 1611 1075 gruenter
1627 1036 1883 1064 assumuntur.
1905 1029 2150 1065 Manifestum
2168 1037 2223 1065 est
2242 1037 2369 1065 autem
2390 1029 2496 1077 quod

1409 1084 1410 1102 ³
1436 1080 1648 1117 secundum
1677 1080 1846 1117 diversas
1867 1082 2052 1117 melodias
2071 1094 2254 1118 sonorum
2284 1082 2400 1118 animi
2427 1083 2495 1118 ho-

1437 1133 1583 1170 minum
1618 1133 1876 1170 diversimode
1913 1134 2184 1182 disponuntur:
2223 1142 2263 1170 ut
2296 1142 2398 1183 patet
2430 1147 2497 1182 per

1409 1209 1411 1225 ι
1437 1186 1736 1234 Philosophum,
1768 1186 1806 1222 in
1823 1186 1910 1223 VIII
1931 1187 2037 1223 Polit.
2063 1186 2101 1233 ³¹⁶,
2133 1195 2168 1223 et
2201 1199 2271 1234 per
2298 1187 2495 1234 Boetium,

1437 1239 1475 1276 in
1502 1240 1662 1287 prologo
1687 1239 1863 1276 Musicae
1880 1238 1911 1275 *.
1942 1240 1991 1276 Et
2018 1239 2104 1276 ideo
2125 1239 2321 1276 salubriter
2348 1240 2416 1276 fuit
2445 1240 2497 1276 in-

1410 1325 1411 1333 ,
1438 1292 1607 1329 stitutum
1636 1300 1675 1328 ut
1703 1292 1741 1328 in
1769 1292 1917 1329 divinas
1946 1292 2077 1329 laudes
2102 1300 2232 1329 cantus
2261 1304 2497 1329 assumeren-

1410 1339 1412 1393 ἰ
1437 1353 1516 1392 tur,
1545 1352 1587 1382 ut
1615 1345 1731 1381 animi
1760 1345 2004 1382 infirmorum
2041 1345 2162 1392 magis
2198 1354 2499 1394 provocarentur

1438 1398 1486 1435 ad
1506 1398 1765 1435 devotionem.
1787 1398 1899 1434 Unde
1917 1398 2150 1446 Augustinus
2171 1398 2269 1445 dicit,
2290 1399 2328 1435 in
2348 1399 2383 1435 X
2403 1399 2499 1435 Con-

1411 1460 1412 1500 }
1426 1452 1522 1498 sess.
1542 1450 1583 1487 *z
1613 1451 1793 1487 Adducor
1824 1451 2002 1487 cantandi
2032 1452 2333 1488 consuetudinem
2362 1463 2498 1501 appro-

1438 1505 1530 1540 bare
1557 1504 1594 1540 in
1623 1503 1802 1548 Ecclesia,
1834 1509 1873 1539 ut
1894 1515 1965 1551 per
1984 1504 2251 1541 oblectamenta
2270 1504 2422 1541 aurium
2442 1505 2498 1541 in-

1411 1585 1413 1589 .
1431 1558 1637 1602 firmorum
1670 1557 1822 1593 animus
1854 1556 1891 1592 in
1925 1556 2102 1606 affectum
2134 1557 2282 1605 pietatis
2309 1563 2496 1607 assurgat.

1440 1610 1488 1646 Et
1516 1608 1563 1645 de
1583 1608 1709 1657 seipso
1730 1608 1829 1654 dicit,
1851 1608 1888 1645 in
1908 1610 1958 1645 IX
1984 1610 2149 1657 Confess.
2169 1609 2206 1646 ²⁸:
2235 1610 2344 1646 Hevi
2365 1610 2402 1646 in
2429 1611 2499 1658 hy-

1439 1662 1536 1698 mnis
1554 1667 1590 1698 et
1607 1661 1759 1698 canticis
1783 1661 1864 1706 tuis,
1884 1673 2001 1697 suave
2017 1663 2183 1698 sonantis
2201 1662 2391 1699 Ecclesiae
2413 1668 2500 1700 tuae

1439 1715 1591 1751 vocibus
1619 1719 1826 1750 commotus
1853 1714 2002 1750 acriter.

1492 1769 1551 1804 An
1589 1778 1725 1804 PRIMUM
1762 1778 1860 1803 ERGO
1888 1778 2073 1803 manDUM
2110 1767 2216 1816 quod
2250 1767 2395 1804 cantica
2424 1767 2499 1815 spi-

1440 1819 1586 1858 ritualia
1612 1826 1773 1868 possunt
1801 1819 1875 1859 dici
1901 1832 1980 1856 non
2000 1820 2124 1856 solum
2146 1832 2191 1857 ea
2219 1832 2315 1868 quae
2345 1820 2500 1857 interius
2645 1856 2656 1866 „

1440 1881 1626 1910 canuntur
1654 1873 1692 1909 in
1711 1877 1723 1893 Ε
1743 1872 1884 1920 spiritu,
1914 1872 1980 1909 sed
2010 1873 2123 1910 etiam
2148 1885 2194 1910 ea
2222 1885 2320 1922 quae
2340 1873 2501 1910 exterius
2630 1888 2641 1904 ε

1440 1939 1506 1964 ore
1531 1933 1739 1972 cantantur,
1760 1925 1985 1974 inquantum
2014 1938 2084 1974 per
2111 1926 2332 1971 huiusmodi
2359 1926 2501 1963 cantica

1440 1979 1639 2029 spiritualis
1668 1978 1822 2015 devotio
1851 1986 2096 2027 provocatur.

1493 2034 1552 2069 An
1575 2043 1766 2068 SECUNDUM
1789 2042 1973 2068 mcENDUM
2002 2031 2107 2080 quod
2135 2031 2395 2080 Hieronymus
2423 2043 2502 2068 non

1439 2085 1629 2134 vituperat
1647 2083 1864 2133 simpliciter
1883 2091 2053 2121 cantum:
2083 2084 2150 2121 sed
2174 2085 2415 2133 reprehendit
2435 2097 2501 2122 eos

1441 2139 1505 2187 qui
1533 2139 1570 2175 in
1593 2137 1750 2174 ecclesia
1778 2145 1928 2174 cantant
1956 2150 2064 2174 more
2083 2137 2278 2184 theatrico,
2308 2150 2386 2174 non
2414 2150 2502 2186 pro-

1441 2200 1523 2241 pter
1551 2190 1798 2228 devotionem
1828 2190 2077 2237 excitandam,
2107 2191 2174 2228 sed
2202 2198 2356 2239 propter
2377 2199 2502 2227 osten-

1441 2245 1624 2282 tationem
1647 2244 1710 2280 vel
1739 2243 2029 2280 delectationem
2057 2244 2360 2292 provocandam.
2389 2244 2502 2281 Unde

1442 2297 1675 2345 Augustinus
1705 2296 1802 2343 dicit,
1832 2296 1869 2332 in
1899 2297 1934 2332 X
1959 2297 2123 2345 Consess.
2144 2296 2181 2333 *z
2216 2298 2310 2333 Cum
2331 2297 2424 2333 mihi
2440 2308 2502 2334 ac·
2529 2305 2539 2315 ·
2554 2304 2610 2332 Cap·
2625 2310 2706 2326 xxxm-

1442 2351 1530 2387 cidit
1556 2348 1597 2387 tet
1622 2362 1682 2386 me
1709 2348 1870 2397 amplius
1894 2355 2024 2386 cantus
2052 2361 2166 2398 quam
2191 2362 2251 2386 res
2278 2361 2375 2398 quae
2401 2350 2503 2387 cani·

1442 2410 1504 2440 tur
1530 2408 1681 2440 moveat
1697 2401 1721 2448 ζ,
1743 2402 1956 2450 poenaliter
1982 2415 2042 2439 me
2055 2414 2217 2450 peccare
2244 2404 2443 2450 confiteor.-
2470 2409 2508 2440 et
2627 2406 2643 2435 t

1442 2463 1530 2493 tunc
1557 2455 1708 2492 mallem
1737 2467 1810 2492 non
1839 2455 1973 2492 audire
1999 2461 2223 2492 cantantem.

1496 2512 1555 2545 An
1583 2520 1743 2545 TERTIUM
1762 2511 1946 2545 mCEN‘DUM
1975 2508 2079 2557 quod
2107 2508 2271 2545 nobilior
2290 2508 2430 2545 modus
2451 2515 2505 2544 est

1442 2561 1680 2610 provocandi
1707 2561 1882 2597 homines
1911 2561 1960 2598 ad
1989 2561 2235 2598 devotionern
2271 2574 2341 2610 per
2368 2560 2504 2598 doctri-

1444 2627 1534 2652 nam
1571 2622 1606 2651 et
1639 2613 1963 2662 praedicationem
1996 2627 2113 2663 quam
2150 2627 2219 2663 per
2252 2622 2417 2652 cantum.
2456 2615 2505 2651 Et

1443 2668 1531 2705 ideo
1548 2667 1698 2704 diaconi
1717 2674 1754 2703 et
1770 2667 1939 2715 praelati,
1955 2668 2093 2715 quibus
2109 2668 2290 2716 competit
2308 2680 2377 2716 per
2396 2679 2505 2715 prae-

1445 2721 1673 2758 dicationem
1703 2727 1738 2756 et
1767 2720 1978 2757 doctrinam
2008 2720 2156 2757 animos
2185 2721 2384 2757 hominum
2418 2732 2504 2768 pro·

1442 2785 1584 2811 vocare
1613 2773 1650 2809 in
1678 2775 1818 2820 Deum,
1850 2785 1927 2809 non
1957 2773 2096 2810 debent
2124 2774 2294 2810 cantibus
2322 2773 2502 2820 insistere,

1444 2839 1490 2863 ne
1525 2838 1595 2875 per
1622 2827 1696 2862 hoc
1724 2838 1746 2862 a
1774 2825 1982 2862 maioribus
2011 2826 2258 2863 retrahantur.
2297 2826 2408 2863 Unde
2437 2825 2504 2862 ibi-

1445 2880 1534 2916 dem
1573 2878 1779 2926 Gregorius
1813 2878 1920 2915 dicit:
1958 2879 2192 2916 Consuetudo
2225 2885 2279 2916 est
2309 2879 2419 2916 valde
2446 2891 2503 2915 re-

1438 2932 1698 2980 prehensibilis
1723 2937 1763 2967 ut
1782 2932 1819 2968 in
1838 2932 2058 2968 diaconatus
2075 2932 2206 2968 ordine
2223 2932 2409 2969 constituti
2425 2944 2504 2969 mo-

1443 2985 1627 3022 dulationi
1646 2984 1748 3021 vocis
1776 2985 1991 3030 inserviant,
2021 2996 2113 3033 quos
2140 2984 2192 3021 ad
2211 2985 2505 3033 praedicationis

1444 3038 1612 3085 officium
1641 3043 1677 3073 et
1701 3037 2026 3085 eleemosynarum
2053 3037 2215 3074 studium
2251 3049 2391 3075 vacare
2418 3050 2505 3075 con-

1443 3091 1615 3140 gruebat.

1497 3145 1556 3180 An
1576 3154 1749 3186 QUARTUM
1770 3154 1956 3180 DlCENDUM
1984 3143 2101 3191 quod,
2126 3142 2222 3180 sicut
2248 3143 2505 3191 Philosophus

1445 3196 1544 3241 dicit,
1566 3196 1604 3232 in
1623 3196 1709 3232 VIII
1729 3195 1836 3232 Polit.
1851 3194 1883 3242 *,
1908 3207 2027 3244 neque
2033 3196 2187 3244 fistulas
2205 3197 2257 3233 ad
2273 3197 2504 3244 disciplinam
2532 3208 2542 3218 ·
2557 3207 2739 3239 eap.v1,n.5.-

1445 3255 1497 3286 est
1528 3249 1809 3295 adducendum,
1839 3260 1958 3297 neque
1990 3249 2144 3297 aliquod
2175 3249 2281 3286 aliud
2311 3249 2507 3297 artificiale
2532 3234 2742 3283 sstltnsmfl’sat

1446 3314 1654 3352 organum,
1679 3307 1772 3351 puta
1802 3302 1984 3339 citharam
2013 3308 2049 3338 et
2072 3303 2107 3338 si
2131 3302 2221 3350 quid
2246 3301 2319 3338 tale
2345 3301 2505 3339 alterum
2532 3293 2559 3309 ‘¹’

1418 3348 1420 3402 ἱ
1446 3361 1515 3392 est:
1537 3356 1604 3392 sed
1623 3366 1880 3403 quaecumque
1889 3355 2045 3403 faciunt
2061 3354 2249 3391 auditores
2267 3355 2394 3392 bonos.
2425 3355 2506 3391 Hu-

2525 1193 2601 1223 ·*Cap.
2614 1200 2637 1215 v.
2648 1204 2659 1210 ·
2672 1193 2734 1215 Con-

2524 1222 2564 1240 tin.
2603 1219 2735 1242 Comment.

2525 1251 2544 1267 ι.
2552 1245 2598 1268 Th.
2613 1246 2664 1268 lect.
2678 1252 2703 1268 n.

2525 1272 2650 1299 ⁸Al.1ib.1,
2659 1278 2710 1300 cap.
2719 1278 2735 1293 1.

2526 1455 2535 1465 ⁸
2551 1454 2608 1482 cap.
2622 1460 2704 1475 xxxin.

2526 1618 2535 1627 ·
2550 1617 2607 1644 Cup.
2622 1622 2653 1638 vt.

1501 3467 1526 3500 ὃ)
1546 3468 1644 3509 divinis
1663 3468 1785 3493 laudibus
1802 3468 1954 3493 adhibendi.
1967 3481 1986 3486 -
2004 3468 2031 3492 in
2045 3467 2142 3492 divinis
2155 3467 2277 3492 laudibus
2289 3468 2443 3493 assumendi
2459 3469 2506 3494 Pa.

1500 3504 1526 3571 ἒ)
1544 3504 1789 3564 izinituemnmz‘iizt.
1802 3552 1820 3557 —
1844 3541 1971 3563 cantatur
1989 3541 2094 3563 moveat
2112 3538 2152 3563 ed.
2177 3545 2202 3567 a,
2221 3540 2348 3564 cantatur
2366 3542 2453 3564 movet
2477 3540 2507 3565 Ρ.
