2860 4238
280 315 298 340 μ.

183 419 191 427 ·
198 418 234 438 Ps.
241 423 327 444 cxxxn,
334 423 393 438 verS.

181 449 196 465 Ι.

180 674 230 695 'Ca
250 690 255 695 .
267 680 296 699 v1,
312 680 335 694 ιι.
348 679 368 699 7.
379 682 390 687 —

179 701 202 721 S.
240 701 262 721 h.
276 700 326 721 lect.
341 705 388 720 ιιιν.

179 729 189 738 “
202 727 268 748 Vers.
283 727 305 747 ὅ.

176 1120 248 1151 ἘῬ.
254 1125 342 1146 v1,.‚n4

175 1146 199 1168 S.
214 1146 258 1167 'lh.
274 1147 324 1167 leet.
337 1151 385 1167 x1v.

175 1301 184 1309 ⁸
198 1299 255 1320 Ibid.
271 1305 293 1320 n.
308 1305 329 1325 7,
344 1299 365 1320 8.

172 2412 256 2460 *Scffi-
264 2418 296 2437 vr
307 2418 328 2433 ιι.

271 2439 322 2460 lect.
335 2418 382 2460 x71v.

173 2571 182 2580 ⁸
196 2570 219 2590 1²²
235 2569 287 2596 11³²,
298 2575 337 2597 qu.
346 2576 384 2596 Lx,

172 2600 215 2618 art.
235 2602 259 2623 5;
279 2602 318 2624 qu.
337 2602 383 2623 mn,

172 2626 213 2644 art.
231 2628 251 2650 3.

271 2676 285 2708 β

175 2729 295 2756 'Qu.1.x1,
306 2733 347 2750 art.
358 2735 383 2751 2:

175 2755 232 2777 Part.
248 2755 276 2802 La
297 2762 319 2776 u.
330 2762 382 2782 va,

173 2786 214 2803 art

174 2788 254 2856 seam.
264 2788 299 2834 {mr
310 2815 332 2830 ιι.
343 2814 362 2835 5.
374 2819 384 2822 -

253 2835 383 2857 .1ect.x1v.

175 2993 217 3013 ·!n
230 2992 308 3014 Somn.
319 2992 382 3020 Scip.

175 3018 212 3039 lib.
229 3019 245 3045 Ι
265 3025 315 3046 cap.
334 3025 382 3040 vut-

426 185 501 220 442
1096 171 1362 217 QUAESTIO
1392 170 1530 216 cxlv,
1559 170 1856 207 ARTICULUS
1886 172 1917 207 11

477 252 642 288 Pertinet
680 263 767 298 ergo
797 251 845 286 ad
875 249 1083 297 sapientem
1120 256 1161 284 ut
1190 247 1481 284 condelectatio·
1506 248 1508 288 l
1534 259 1601 284 vos
1620 249 1656 284 in
1677 249 1840 297 epistola,
1862 260 1936 285 non
1957 261 2017 285 me
2029 250 2213 297 poenitet:
2235 257 2270 286 et
2287 250 2468 298 postea*:
2494 251 2633 288 Gau-⁸

423 317 510 341 nem
532 310 548 333 μ
577 304 708 340 afferat
735 303 790 339 his
821 314 907 338 cum
937 301 1074 349 quibus
1104 308 1371 337 conversatur:
1402 312 1480 336 non
1506 290 1508 360 l
1535 301 1615 345 deo,
1636 313 1710 338 non
1736 302 1823 350 quia
1844 302 2051 338 contristati
2075 302 2170 348 estis,
2196 302 2262 338 sed
2279 302 2367 350 quia
2392 304 2598 340 contristati

422 357 576 405 quidem
605 357 796 401 lascivam,
827 366 941 402 quam
970 354 1088 390 virtus
1119 361 1238 399 cavet,
1265 353 1331 389 secl
1360 353 1481 389 hone·
1506 362 1507 403 1
1535 353 1618 389 estis
1646 354 1697 390 ad
1717 354 1995 402 poenitentiam.
2026 356 2074 391 Et
2102 354 2189 392 ideo
2210 354 2268 391 his
2288 355 2353 404 qui
2372 363 2459 392 sunt
2485 357 2597 404 proni

421 418 534 455 stam;
564 409 774 445 secundum
812 407 901 443 illud
931 407 1069 442 Psalm.
1091 405 1127 442 ³¹²:
1154 407 1254 442 Ecce
1273 417 1387 454 quam
1417 407 1480 442 bo-
1506 409 1507 454 ᾖ
1533 405 1583 442 ad
1620 408 1858 453 peccandum
1904 419 1982 444 non
2026 407 2212 444 debemus
2246 407 2407 444 hilarem
2447 409 2595 446 vultum

421 475 509 498 num
530 467 565 497 et
581 473 694 508 quam
715 460 916 496 iucundum
936 459 1106 495 hahitare
1123 459 1271 506 fratres
1291 459 1327 494 in
1349 470 1477 494 unum.
1506 455 1507 511 l
1535 459 1733 495 ostendere
1762 460 1810 497 ad
1839 472 1906 496 eos
1935 460 2215 504 delectandum,
2237 472 2285 496 ne
2303 460 2505 498 videamur
2533 474 2596 498 eo-

421 514 661 561 Quandoque
690 520 830 559 tamen,
860 519 1016 560 propter
1040 511 1194 559 aliquod
1215 512 1360 548 bonum
1391 523 1480 547 con·
1505 513 1507 568 j
1535 523 1618 547 rum
1647 519 1805 560 peccato
1826 513 2036 550 consentire
2062 521 2097 550 et
2117 514 2407 562 quodammodo
2435 526 2595 563 peccan-

419 579 582 614 sequens
597 567 657 601 vel
677 573 830 624 propter
849 564 1004 612 aliquod
1024 565 1169 600 malum
1186 564 1478 610 excludendum,
1506 563 1594 607 di‘⁴
1615 565 1815 601 audaciam
1837 565 2060 603 ministrare.
2081 566 2192 603 Unde
2214 566 2593 604 diciturEccli.v11*:

419 632 493 656 non
525 618 680 665 refugiet
707 618 898 654 virtuosus
929 629 994 653 eos
1024 617 1160 664 quibus
1192 617 1361 653 convivit
1390 629 1479 653 con·
1505 617 1654 654 Filiae
1673 618 1739 654 tibi
1754 624 1856 654 sunt:
1875 630 1986 655 serva
2001 631 2152 668 corpus
2156 619 2320 665 illarum,
2337 625 2373 656 et
2386 631 2461 656 non
2477 626 2596 657 osten-

417 672 578 708 tristare:
600 679 640 707 ut
660 671 915 718 Philosophus
938 669 1036 716 dicit,
1059 670 1110 706 IV
1123 670 1243 706 Ethic.
1265 670 1285 691 '¹‘
1312 671 1423 707 Unde
1445 678 1506 707 et
1533 670 1601 706 das
1629 670 1788 707 hilarem
1805 672 1953 719 faciem
1982 677 2085 709 tuam
2113 665 2165 709 ad
2191 672 2284 709 illas.

416 724 622 772 Apostolus
653 723 760 769 dicit,
793 724 823 759 11
853 724 904 759 ad
935 723 1022 759 Cor.
1052 734 1099 759 vn
1124 722 1162 759 *ε
1197 723 1238 759 Si
1265 723 1482 760 contristavi

467 838 494 871 μ)
513 837 772 863 condelectationem.
791 850 809 855 —
830 844 889 861 cum
916 836 1117 861 delectationem
1142 837 1339 869 BDEFleAK,
1365 837 1478 862 delecta·
1586 837 1610 869 ν)
1626 837 1765 868 peccandi.
1783 851 1801 855 -
1815 837 1922 869 peccati
1939 837 1985 862 Pa.

413 873 510 898 tionem
531 873 649 897 CGHsK.
667 886 686 891 —
704 872 754 896 Pro
772 871 909 900 lascivam,
927 872 1063 897 lasciviam
1083 872 1175 897 DHIL.

1091 951 1422 984 Commentario.
1445 951 1694 984 Cardinalis
1718 952 1917 984 (Daiei-,ani

444 1043 463 1062 N
488 1031 619 1062 articulo
644 1031 748 1071 primo
777 1030 971 1071 quaestionis
997 1031 1476 1071 centesimaedecimaequartae,
1586 1031 1732 1061 Tertium
1756 1037 1803 1061 est
1825 1031 1915 1071 quod
1938 1030 2100 1062 affabilitas
2124 1031 2189 1061 duo
2205 1031 2308 1071 exigit,
2329 1042 2470 1072 quorum
2493 1043 2596 1064 unum

417 1044 520 1107 Inota
543 1076 611 1107 tria.
636 1075 780 1106 Primum
796 1082 843 1105 est
865 1075 954 1115 quod
970 1075 1068 1105 virtus
1085 1075 1144 1104 ista
1167 1075 1252 1114 apud
1277 1075 1414 1105 Graecos
1430 1074 1477 1104 in·
1531 1085 1563 1104 se
1586 1075 1680 1106 habet
1704 1082 1739 1105 ut
1762 1075 1844 1112 finis,
1862 1075 1997 1106 alterum
2020 1083 2056 1106 ut
2079 1075 2222 1106 medium
2237 1077 2276 1106 ad
2292 1075 2398 1107 finem.
2423 1077 2506 1107 Nam
2524 1076 2596 1108 finis

350 1125 386 1146 9·-
413 1121 576 1151 nominata
601 1126 662 1156 est,
688 1126 723 1150 ut
751 1119 864 1149 dicitur
887 1119 919 1148 in
944 1119 986 1149 IV
1004 1119 1107 1149 Ethic.
1128 1118 1160 1148 *z
1186 1119 1240 1148 sed
1268 1118 1343 1158 quia
1366 1118 1477 1148 similis
1530 1118 1598 1148 eius
1621 1126 1668 1149 est
1691 1119 1907 1150 delectabilem
1937 1129 1969 1150 se
1998 1120 2065 1150 aliis
2095 1120 2239 1150 exhibere
2266 1120 2299 1150 in
2323 1120 2420 1151 seriis.
2452 1121 2596 1152 Medium

412 1165 537 1195 videtur
560 1164 728 1199 amicitiae,
753 1163 825 1193 ideo
849 1164 989 1193 amicitia
1012 1169 1153 1192 vocatur.
1178 1180 1198 1185 —
1223 1163 1320 1202 Apud
1344 1162 1477 1192 Latinos
1530 1169 1638 1192 autem
1668 1170 1714 1193 est
1745 1173 1938 1203 componere
1961 1164 2055 1194 verba
2082 1171 2254 1205 motusque
2282 1174 2357 1195 suos
2387 1165 2420 1195 in
2444 1166 2531 1196 seriis
2562 1173 2598 1197 ut

413 1216 519 1239 autem
542 1215 673 1238 vocatur
695 1207 887 1248 affabilitas,
914 1213 949 1236 ut
975 1206 1107 1236 Auctori
1136 1206 1248 1246 placet.
1281 1206 1321 1236 Et
1345 1206 1474 1236 merito:
1530 1206 1642 1236 decet'
1634 1216 1741 1246 1psum
1765 1214 1909 1247 respectu
1925 1208 2055 1238 illorum
2072 1218 2146 1238 cum
2161 1208 2277 1249 quibus
2294 1217 2505 1246 conversatur,
2521 1220 2597 1241 con-

412 1253 488 1294 quia
512 1253 591 1283 circa
614 1252 774 1292 colloquia
801 1250 995 1281 delectabilia
1023 1250 1235 1290 principaliter
1257 1256 1416 1286 versatur,
1424 1256 1477 1280 ιιι
1529 1250 1661 1280 siderata
1681 1251 1831 1291 qualitate
1846 1252 2050 1291 negotiorum
2066 1259 2097 1283 et
2119 1254 2384 1303 temporum31ta
2407 1255 2496 1295 quod
2515 1255 2597 1286 sicut

413 1297 526 1328 dicitur
547 1296 579 1326 in
604 1297 646 1326 IV
669 1296 772 1327 Ethic.
793 1295 825 1331 *;
856 1294 1028 1324 affabilium
1053 1300 1160 1324 autem
1184 1301 1230 1324 est
1257 1293 1399 1334 colloqui
1423 1294 1475 1324 de-
1527 1294 1645 1325 iustitia
1665 1295 1699 1324 in
1717 1294 1766 1325 his
1785 1305 1866 1336 quae
1886 1294 1966 1326 fiunt
1989 1295 2062 1326 facit
2081 1302 2117 1326 ut
2139 1296 2206 1327 sine
2222 1297 2336 1327 iniuria
2352 1297 2486 1329 alicuius
2501 1299 2596 1330 verba

410 1340 602 1372 lectabiliter.
627 1358 645 1363 —
668 1340 727 1371 Vel
751 1339 926 1379 appellatur
949 1339 1097 1375 comitas,
1123 1348 1186 1379 qua
1206 1338 1277 1378 quis
1301 1339 1340 1368 ad
1364 1347 1475 1368 omnes
1529 1339 1721 1379 negotiaque
1736 1338 1822 1376 fiant,
1839 1339 1881 1370 ita
1904 1339 2067 1370 affabilitas
2091 1339 2186 1371 efficit
2204 1347 2240 1371 ut
2261 1341 2294 1371 in
2313 1340 2361 1372 his
2384 1352 2467 1383 quae
2486 1342 2596 1374 dicun-

411 1396 444 1416 se
468 1384 599 1415 comiter
625 1384 735 1420 habet,
761 1393 891 1413 suavem
920 1393 994 1413 cum
1023 1382 1173 1413 omnibus
1201 1382 1475 1413 conversationem
1529 1390 1580 1413 tur
1602 1390 1634 1413 et
1655 1382 1737 1414 fiunt
1764 1384 1864 1414 homo
1889 1394 1953 1414 non
1979 1384 2019 1414 sit
2044 1384 2168 1415 homini
2199 1395 2274 1415 cum
2301 1396 2368 1437 quo
2393 1395 2597 1418 conversatur

411 1430 568 1460 habendo.
1529 1428 1694 1464 molestus,
1719 1437 1777 1459 nec
1801 1428 1896 1458 etiam
1915 1428 1947 1458 in
1964 1429 2064 1459 modo
2088 1429 2222 1465 dicendi,
2247 1430 2302 1460 sed
2326 1430 2354 1460 ei
2378 1430 2596 1463 delectabilem

466 1473 649 1504 Secundum
674 1478 718 1502 est
741 1472 830 1512 quod
854 1470 1039 1501 affabilitatis
1056 1470 1185 1501 materia
1209 1477 1255 1500 est
1279 1470 1474 1501 conversatio
1529 1481 1562 1501 se
1577 1471 1610 1501 in
1627 1472 1778 1502 omnibus
1794 1472 1880 1502 seriis
1897 1472 2055 1510 exhibeat;
2081 1474 2258 1504 secundum
2281 1481 2387 1505 tamen
2410 1476 2498 1516 quod
2518 1486 2596 1507 eun-

410 1517 550 1548 hominis
567 1527 641 1548 cum
657 1516 734 1552 aliis,
760 1526 825 1546 non
848 1515 882 1545 in
904 1515 1171 1555 quibuscumque,
1193 1515 1246 1544 sed
1270 1514 1303 1544 in
1322 1514 1370 1544 his
1394 1525 1476 1555 quae
1529 1516 1603 1546 dem
1631 1523 1661 1546 et
1685 1516 1850 1556 negotium
1874 1517 1972 1547 decet.
2004 1518 2045 1548 Et
2075 1518 2107 1548 hi
2131 1518 2300 1558 vulgariter
2326 1520 2466 1559 gratiosi
2488 1520 2595 1561 appel-

411 1562 492 1592 serio
515 1561 596 1591 fiunt
619 1568 674 1591 aut
698 1560 853 1590 dicuntur.
878 1559 919 1590 Et
941 1569 998 1599 per
1016 1559 1078 1589 hoc
1102 1558 1305 1598 distinguitur
1320 1559 1357 1588 ab
1375 1565 1476 1589 eutra-
1501 1576 1503 1591 ι
1529 1560 1642 1591 lantur.
1665 1578 1686 1583 —
1701 1561 1775 1591 Non
1799 1568 1882 1591 arcet
1905 1568 2010 1591 tamen
2033 1561 2195 1593 affabilitas
2218 1562 2384 1594 hominem
2401 1564 2480 1605 quin
2495 1574 2596 1606 quan—

410 1606 492 1646 pelia
509 1615 564 1636 seu
581 1604 766 1640 urbanitate,
783 1613 865 1644 quae
889 1603 968 1634 circa
994 1603 1190 1633 delectabilia
1213 1610 1354 1633 versatur
1375 1603 1408 1633 in
1427 1603 1475 1633 his
1529 1604 1635 1644 doque
1667 1604 1788 1644 ingerat
1817 1605 1888 1645 quis
1918 1606 2076 1637 tristitiam
2106 1606 2152 1636 illi
2176 1617 2251 1639 cum
2281 1617 2346 1648 quo
2371 1615 2594 1646 conversatur,

411 1660 492 1691 quae
515 1650 588 1680 ioco
611 1648 701 1679 fiunt.
1530 1649 1659 1689 quando
1683 1649 1800 1679 scilicet
1823 1657 1959 1689 oportet,
1983 1657 2019 1681 ut
2042 1650 2156 1681 dicitur
2177 1651 2210 1681 in
2235 1651 2277 1682 IV
2292 1651 2396 1683 Ethic.
2411 1652 2430 1672 *

1174 1799 1493 1840 ARTICULUS
1524 1799 1824 1842 SECUNDUS

948 1892 1103 1922 UTRUM
1128 1891 1371 1923 HUIUSMODI
1395 1892 1595 1923 AMICITIA
1619 1893 1685 1923 SIT
1709 1893 1815 1924 PARS
1840 1893 2056 1924 1UST1T1AE

621 1992 643 2017 D
659 1992 849 2017 SECUNDUM
865 1992 917 2017 s1c
937 1992 1178 2018 PROCEDITUR.
1195 1981 1354 2018 Videtur
1369 1981 1473 2041 quod
1528 1981 1669 2018 ratione
1703 1982 1879 2029 iustitiae,
1914 1982 2003 2030 quia
2030 1995 2109 2020 non
2146 1984 2262 2020 habet
2288 1985 2443 2032 plenam
2479 1986 2595 2024 debiti

581 2033 839 2070 huiusmodi
877 2033 1042 2070 amicitia
1070 2046 1148 2070 non
1177 2034 1223 2070 sit
1249 2046 1338 2082 pars
1373 2034 1474 2071 iusti·
1528 2035 1726 2082 rationem,
1747 2043 1861 2084 prout
1880 2036 2013 2084 aliquis
2040 2036 2144 2073 alteri
2173 2037 2360 2085 obligatur
2377 2040 2439 2075 vel
2463 2038 2592 2077 debito

620 2086 704 2123 tiae.
742 2087 803 2123 Ad
835 2086 1015 2124 iustitiam
1053 2087 1156 2123 enim
1192 2087 1352 2136 pertinet
1389 2088 1473 2124 red·
1527 2088 1645 2135 legali,
1677 2088 1725 2125 ad
1759 2089 1865 2125 cuius
1895 2089 2124 2126 solutionem
2154 2091 2213 2127 lex
2249 2091 2358 2139 cogit,
2388 2093 2450 2128 vel
2479 2093 2592 2131 etiam

477 1998 502 2015 9
524 1998 559 2042 Q<

432 2016 581 2091 a

425 2090 478 2167 βξ»
497 2133 555 2187 7Ξί
579 2131 710 2177 &clere
740 2140 912 2176 debitum
933 2140 1048 2177 alteri.
1081 2141 1158 2177 Sed
1183 2141 1258 2177 hoc
1282 2153 1361 2177 non
1388 2153 1473 2190 per·
1527 2141 1654 2189 aliquo
1674 2146 1690 2168 Υ
1720 2141 1847 2178 debito
1881 2142 2131 2191 proveniente
2171 2155 2215 2180 ex
2242 2144 2369 2192 aliquo
2403 2145 2592 2184 beneficio

408 2192 500 2227 tinet
508 2177 577 2228 ad
604 2193 706 2229 hanc
733 2193 925 2240 virtutem,
956 2194 1023 2230 sed
1052 2194 1175 2230 solum
1206 2194 1474 2231 delectabiliter
1527 2201 1721 2242 suscepto:
1756 2195 1824 2231 sed
1853 2196 1977 2232 solum
2007 2196 2163 2233 attendit
2191 2197 2386 2246 quoddam
2421 2199 2591 2237 debitum

409 2244 490 2281 aliis
519 2245 736 2282 convivere.
775 2247 876 2294 Ergo
905 2246 1126 2284 huiusmodi
1158 2247 1277 2284 virtus
1305 2259 1384 2284 non
1418 2255 1474 2284 est
1526 2247 1754 2294 honestatis,
1785 2248 1891 2295 quod
1920 2249 2041 2297 magis
2071 2258 2126 2286 est
2159 2262 2203 2286 ex
2230 2258 2337 2300 parte
2374 2251 2492 2300 ipsius
2519 2253 2593 2290 vir-

409 2310 497 2346 pars
526 2297 698 2335 iustitiae.
1527 2300 1625 2337 tuosi
1663 2313 1779 2349 quarn
1816 2314 1861 2337 ex
1889 2309 1995 2350 parte
2033 2302 2199 2350 alterius,
2229 2312 2270 2341 ut
2307 2304 2447 2342 scilicet
2482 2305 2593 2344 faciat

465 2362 498 2386 2.
529 2351 770 2399 ΡΒΑΕΤΕΗΕΑ,
801 2352 1013 2389 secundum
1044 2352 1333 2401 Philosophum,
1354 2353 1392 2390 in
1421 2353 1473 2390 IV
1527 2354 1631 2390 alteri
1660 2354 1765 2402 quod
1793 2355 1903 2391 decet
1921 2353 1934 2376 δ
1964 2367 2053 2392 eum
2082 2356 2216 2393 facere.

373 2404 529 2440 -Ethic.
550 2403 580 2449 ²¹⁶,
611 2404 832 2441 huiusmodi
850 2405 968 2441 virtus
998 2405 1164 2441 consistit
1191 2407 1293 2442 circa
1317 2407 1472 2442 delecta·
1581 2409 1639 2443 AD
1668 2419 1806 2444 ptumum
1830 2419 1928 2445 ERGO
1953 2420 2137 2445 nicENnUM
2168 2410 2285 2457 quod,
2315 2410 2410 2446 sicut
2438 2423 2553 2460 supra
2571 2410 2592 2433 *

411 2457 547 2492 tionem
577 2458 636 2493 vel
662 2458 846 2493 tristitiam
869 2463 885 2478 α
914 2469 1010 2505 quae
1037 2464 1090 2494 est
1116 2459 1152 2494 in
1182 2460 1364 2495 convictu.
1396 2459 1471 2496 Sed
1529 2459 1671 2496 dictum
1702 2467 1768 2506 est,
1789 2460 1878 2508 quia
1906 2462 2025 2497 homo
2046 2462 2263 2499 naturaliter
2283 2471 2337 2499 est
2365 2463 2505 2501 animal
2530 2476 2589 2501 so-

411 2509 602 2545 moderari
631 2510 815 2546 maximas
837 2510 1103 2547 delectationes
1130 2511 1291 2559 pertinet
1310 2512 1359 2548 ad
1378 2519 1472 2548 tem·
1528 2512 1638 2558 ciale,
1671 2489 1783 2549 debe⁷t
1812 2525 1856 2549 ex
1884 2514 2050 2561 quadam
2079 2515 2276 2552 honestate
2308 2516 2475 2553 veritatis
2510 2529 2591 2554 ma·

411 2562 644 2611 perantiam,
675 2571 716 2599 ut
748 2575 861 2611 supra
886 2564 905 2583 ²²
933 2564 1105 2600 habiturn
1137 2571 1202 2600 est.
1239 2565 1341 2612 Ergo
1377 2565 1472 2601 haec
1527 2565 1807 2602 nifestationem
1837 2566 1916 2603 aliis
1944 2567 2183 2615 hominibus,
2213 2569 2293 2605 sine
2322 2582 2396 2617 qua
2431 2570 2591 2607 societas

410 2615 528 2652 virtus
548 2615 668 2663 magis
689 2622 744 2652 est
761 2628 848 2665 pars
868 2616 1140 2665 temperantiae
1161 2629 1279 2664 quam
1298 2617 1471 2655 iustitiae.
1526 2618 1729 2655 hominum
1760 2619 1896 2655 durare
1926 2632 2003 2656 non
2038 2628 2178 2668 posset.
2218 2623 2321 2658 Sicut
2348 2630 2477 2659 autern
2512 2636 2591 2661 non

466 2669 500 2704 3.
523 2669 754 2716 PRAETEREA,
786 2670 957 2717 aequalia
977 2669 1238 2718 inaequalibus
1257 2668 1273 2699 β
1298 2671 1471 2707 exhibere
1499 2709 1500 2720 χ
1526 2680 1655 2720 posset
1681 2672 1815 2709 vivere
1834 2673 1983 2709 homo
1975 2685 2013 2709 ιιι
2034 2674 2212 2711 societate
2242 2675 2323 2712 sine
2350 2675 2520 2723 veritate,
2541 2677 2590 2714 ita

412 2729 542 2758 contra
560 2721 740 2758 iustitiam
765 2729 830 2768 est,
852 2730 893 2759 ut
921 2735 1036 2771 supra
1055 2723 1076 2744 ²¹⁶
1102 2723 1275 2759 habiturn
1298 2731 1364 2760 est.
1395 2724 1472 2761 Sed
1527 2737 1597 2761 nec
1626 2725 1705 2761 sine
1727 2724 1994 2763 delectatione.
2024 2727 2114 2774 quia
2138 2728 2233 2764 sicut
2261 2728 2517 2778 Philosophus
2537 2729 2590 2767 di-

412 2775 504 2811 sicut
532 2774 786 2823 Philosophus
815 2775 914 2822 dicit,
944 2776 981 2812 in
1012 2776 1063 2812 IV
1081 2777 1200 2812 Ethic.
1221 2775 1251 2823 ²¹³,
1281 2777 1376 2813 haec
1399 2777 1472 2813 vir·
1498 2809 1499 2825 ¹
1527 2777 1584 2824 cit,
1615 2777 1652 2814 in
1681 2778 1767 2814 VIII
1796 2779 1915 2815 Ethic.
1937 2778 1967 2825 ³¹⁶,
1998 2780 2121 2817 nullus
2143 2787 2265 2829 potest
2283 2793 2357 2830 per
2384 2783 2480 2819 diem
2510 2795 2588 2820 mo·
2616 2790 2627 2801 ⁴

411 2835 469 2863 tus
496 2828 665 2864 similiter
692 2828 743 2864 ad
769 2828 916 2877 ignotos
944 2835 978 2865 et
1006 2834 1126 2875 notos,
1157 2835 1191 2865 et
1218 2835 1411 2866 consuetos
1439 2836 1499 2866 et
1526 2843 1605 2867 rarz
1642 2843 1726 2867 cum
1762 2832 1870 2877 tristi,
1902 2844 2020 2880 neque
2055 2845 2139 2870 cum
2177 2847 2250 2871 non
2289 2835 2504 2873 delectabili.
2541 2837 2590 2873 Et

411 2881 642 2917 inconsuetos
674 2887 862 2929 operatur.
903 2882 1005 2941 Ergo
1035 2882 1130 2918 haec
1157 2882 1277 2919 virtus
1308 2895 1386 2919 non
1416 2891 1471 2920 est
1498 2884 1613 2920 ideo
1647 2885 1766 2921 homo
1804 2892 1951 2921 tenetur
1981 2898 2025 2922 ex
2060 2887 2232 2936 quodam
2265 2888 2392 2925 debito
2429 2889 2587 2927 naturali

411 2946 498 2981 pars
527 2933 699 2980 iustitiae,
730 2934 796 2970 sed
826 2934 945 2982 magis
976 2935 1007 2971 ei
1038 2935 1296 2972 contrariatur.
1497 2937 1733 2976 honestatis
1757 2945 1799 2974 ut
1827 2938 1946 2975 homo
1966 2943 1978 2959 ε
2006 2939 2086 2976 aliis
2106 2940 2373 2979 delectabiliter
2392 2942 2587 2980 convivat:

466 2987 539 3022 SED
569 2998 714 3022 CONTRA
742 2999 807 3023 EST
836 2988 937 3046 quod
968 2988 1187 3025 Macrobius
1206 2988 1226 3010 '¹‘
1251 2988 1358 3037 ponit
1378 2989 1470 3026 ami·
1497 3010 1498 3025 1
1525 2989 1595 3026 nisi
1616 2998 1770 3039 propter
1790 2990 1953 3040 aliquam
1972 3004 2125 3029 causam
2146 3006 2302 3031 necesse
2318 2995 2364 3032 sit
2383 2995 2587 3043 aliquando

412 3038 535 3075 citiam
564 3046 710 3087 partem
739 3039 911 3076 iustitiae.
1496 3070 1498 3104 1
1526 3043 1618 3080 alios
1648 3043 1784 3080 utiliter
1813 3044 2042 3082 contristare.

464 3093 688 3129 RESPONDEO
717 3104 901 3129 DICENDUM
925 3093 1029 3140 quod
1048 3094 1142 3130 haec
1170 3094 1288 3130 virtus
1309 3102 1364 3131 est
1383 3107 1471 3143 pars
1497 3106 1498 3147 ᾗ
1578 3097 1637 3132 An
1666 3108 1856 3134 SECUNDUM
1885 3110 2069 3135 mCENDUM
2099 3099 2203 3148 quod
2223 3101 2270 3137 ad
2295 3100 2587 3150 temperantiam

411 3144 579 3191 iustitiae,
610 3145 834 3193 inquantum
863 3145 1076 3204 adiungitur
1101 3147 1134 3182 ei
1155 3147 1248 3182 sicut
1276 3147 1470 3195 principali
1497 3159 1498 3186 I
1525 3149 1686 3198 pertinet
1724 3150 1913 3186 refrenare
1957 3151 2224 3189 delectationes
2258 3153 2466 3191 sensibiles.
2510 3154 2586 3192 Sed

410 3197 547 3234 virtuti.
579 3198 769 3234 Convenit
798 3198 898 3234 enim
930 3210 1018 3235 curn
1038 3198 1172 3235 iustitia
1201 3199 1238 3235 in
1267 3199 1341 3235 hoc
1366 3191 1498 3248 quodi
1523 3202 1618 3238 haec
1646 3201 1764 3238 virtus
1799 3203 1967 3240 consistit
1995 3204 2090 3241 circa
2129 3205 2396 3244 delectationes
2431 3206 2468 3244 in
2497 3219 2586 3243 con-

412 3250 459 3286 ad
488 3251 646 3287 alterum
676 3258 741 3298 est,
772 3251 866 3287 sicut
895 3258 931 3287 et
959 3251 1106 3288 iustitia.
1137 3252 1274 3288 Deficit
1292 3259 1420 3289 autem
1449 3266 1470 3289 a
1523 3254 1646 3300 victu,
1683 3267 1780 3303 quae
1819 3267 1863 3292 ex
1895 3257 2038 3293 ratione
2076 3259 2329 3306 proveniunt,
2360 3260 2585 3307 inquantum

465 3387 492 3417 a)
511 3387 582 3412 circa
602 3387 800 3412 delectationem
815 3389 855 3412 vel
873 3389 1021 3413 tristitiam.
1035 3403 1054 3407 —
1071 3396 1131 3414 cum
1146 3390 1347 3415 delectationem
1367 3392 1408 3416 vel
1421 3392 1469 3416 tri·
1575 3392 1602 3426 γ)
1622 3394 1701 3418 etiam
1720 3394 1817 3426 aliquo.
1835 3409 1854 3413 -
1871 3395 1962 3428 aliquo
1982 3396 2062 3421 etiam
2081 3397 2207 3424 ABEHK.

412 3422 512 3446 stitiam
532 3422 607 3451 BEH,
626 3430 685 3447 cum
704 3423 742 3456 (in
762 3422 844 3456 DGL)
863 3424 1036 3449 delectatione
1055 3425 1096 3449 vel
1114 3424 1227 3450 tristitia
1245 3425 1398 3451 ADFGILa.
1576 3426 1600 3459 ὃ)
1621 3429 1702 3454 decet.
1721 3443 1739 3447 -
1758 3430 1849 3454 deceat
1868 3431 1912 3455 Pa.

466 3455 490 3488 β)
511 3457 698 3489 inaequalibus.
716 3471 735 3476 -
753 3462 791 3483 est
810 3459 990 3491 inaequalibus
1009 3460 1103 3492 BpAK.
1577 3464 1598 3495 ε)
1618 3464 1704 3488 homo.
1722 3478 1741 3483 —
1759 3465 1820 3489 Om.
1840 3465 1894 3490 PH.

2647 256 2713 279 Vera.

2621 597 2714 620 ’νει-ε.

2620 1651 2704 1674 ⁸1bid.

2617 2415 2830 2444 ·Qu.cxx,.art3‚

2730 263 2752 285 9.

2727 598 2762 620 26.
