2860 4244
156 1368 173 1403 β

50 3175 75 3221 ζ’
83 3193 154 3219 ναι»
165 3200 200 3224 33.

157 1419 282 1473 Aug-¹⁸5⁷

899 258 1163 305 QUAESTIO
1195 259 1403 306 LXXXIII,
1433 257 1728 295 ARTICULUS
1756 257 1802 304 V,
1822 257 1872 293 VI

2400 268 2468 304 197

1083 375 1399 418 ARTICULUS
1429 375 1684 426 QUINTUS

576 470 729 500 UTRUM
754 469 796 499 IN
821 468 1044 500 ORATIONE
1067 469 1245 505 ALIQUID
1270 469 1582 499 DETERMINATE
1606 471 1635 498 A
1658 468 1746 499 DEO
1772 468 1939 498 PETERE
1963 467 2193 498 DEBEAMUS

1077 551 1110 575 IV
1131 551 1213 582 Sent„
1235 551 1294 576 dist.
1312 558 1352 581 xv,
1371 558 1416 583 qu.
1435 558 1468 581 w,
1488 555 1534 575 art.
1553 558 1578 582 4,
1598 551 1647 582 qu·
1670 558 1692 575 1.

384 651 391 662 ψ
416 655 485 713 ἐκ(
509 641 532 666 D
553 640 714 671 QUINTUM
733 640 786 665 εις
814 640 1053 666 paocnm‘run.
1074 629 1232 666 Videtur
1251 629 1356 677 quod

435 715 445 732 ,v

508 681 548 718 in
571 681 742 718 oratione
762 681 852 718 nihil
873 681 1119 718 determinate
1145 694 1166 718 a
1185 683 1270 718 Deo
1290 693 1354 730 pe-

450 747 475 778 '5
508 741 586 770 tere
616 734 836 770 debeamus.
873 734 991 782 Quia,
1021 741 1062 771 ut
1094 736 1356 771 Damascenus

316 767 337 783 η
471 778 473 781 ,

263 805 271 839 ;
318 781 329 791 ”
354 804 363 815 ι
396 791 441 815 1¹
465 781 596 824 dicit
614 786 651 833 ³¹⁶,
685 787 806 824 oratio
843 793 896 823 est
921 787 1051 836 petitio
1088 787 1296 824 decentium
1330 798 1355 823 a

297 841 392 878 Deo.
421 838 535 877 Unde
555 839 729 876 inefficax
750 847 806 876 est
833 840 957 876 oratio'
982 852 1051 889 per
1074 851 1192 888 quam
1219 839 1357 888 petitur

298 893 336 931 id
365 893 470 941 quod
498 903 577 929 non
606 890 776 941 expedit:
806 893 1018 930 secundum
1046 893 1138 930 illud
1167 894 1296 929 Iac.1v
1315 891 1355 927 *ε

296 945 421 984 Petitis
449 950 485 982 et
502 957 576 982 non
604 946 781 994 accipitis,
801 957 844 983 eo
873 946 974 995 quod
991 945 1090 982 male
1103 945 1248 994 petatis.
1279 944 1356 980 Sed

298 998 393 1036 sicut
412 997 546 1035 dicitur
564 999 676 1035 Rom.
692 1011 753 1035 vm
770 999 802 1035 ¹¹⁸.
821 999 928 1036 Nam
947 998 1038 1047 quid
1055 1003 1072 1019 α
1091 1009 1242 1034 oremus
1264 997 1359 1033 sicut

298 1056 457 1100 oportet,
493 1051 686 1088 nescimus.
730 1052 832 1099 Ergo
870 1063 949 1088 non
991 1050 1178 1087 debemus
1215 1049 1356 1097 aliquid

299 1104 446 1142 orando
475 1104 722 1141 determinate
749 1111 892 1152 petere.
1209 1113 1212 1115 ’

354 1169 388 1195 2.
409 1158 642 1204 PRAETEREA,
673 1155 904 1205 quicumque
934 1154 1076 1203 aliquid
1109 1154 1357 1191 determinate

298 1210 347 1247 ab
376 1209 450 1247 alio
477 1209 582 1259 petit,
603 1209 731 1246 nititur
758 1209 997 1246 voluntatem
1026 1207 1144 1257 ipsius
1178 1207 1357 1244 inclinare

298 1263 347 1300 ad
372 1262 589 1300 faciendum
617 1261 656 1299 id
684 1263 789 1310 quod
817 1261 898 1311 ipse
921 1261 1012 1298 vult.
1041 1261 1134 1298 Non
1162 1267 1289 1297 autem
1310 1261 1358 1298 ad

295 1315 372 1353 hoc
399 1311 556 1352 tendere
594 1314 781 1352 debemus
819 1322 862 1351 ut
889 1315 995 1351 Deus
1026 1313 1118 1351 velit
1146 1313 1252 1362 quod
1288 1326 1359 1350 nos

295 1368 490 1416 volumus,
512 1368 589 1417 sed
607 1367 728 1415 magis
747 1375 790 1404 ut
816 1380 887 1404 nos
905 1367 1070 1405 velimus
1098 1367 1202 1415 quod
1222 1368 1329 1403 Deus
1344 1365 1359 1396 β

291 1419 599 1460 stulte—ut‘''dicit
629 1421 766 1458 Glossa
785 1420 826 1467 ²⁸,
861 1432 976 1469 super
1006 1419 1096 1456 illud
1129 1420 1269 1456 Psalm.
1297 1419 1358 1465 θ’,

294 1474 485 1520 Exultate,
514 1475 616 1520 iusti,
643 1475 680 1511 in
708 1474 886 1511 Domino.
908 1510 911 1511 γ
930 1474 1032 1520 Ergo
1061 1484 1140 1509 non
1173 1472 1359 1509 debemus

297 1527 440 1576 aliquid
468 1527 762 1564 determinatum
780 1531 796 1555 Υ
824 1539 847 1563 a
874 1527 959 1563 Deo
987 1533 1128 1574 petere.

352 1581 388 1618 3.
408 1581 641 1627 PRAETEREA,
662 1580 765 1616 mala
792 1591 815 1616 a
841 1580 926 1616 Deo
954 1578 1120 1627 petenda
1143 1589 1221 1614 non
1250 1584 1356 1614 sunt:

297 1633 347 1671 ad
374 1634 478 1671 bona
505 1641 633 1670 autem
661 1634 767 1670 Deus
791 1631 873 1681 ipse
892 1629 906 1653 ὃ
934 1643 1005 1668 nos
1029 1631 1174 1668 invitat.
1204 1630 1358 1667 Frustra
1385 1663 1387 1667 Α

297 1693 426 1724 autem
461 1687 510 1723 ab
537 1686 664 1735 aliquo
701 1685 841 1734 petitur
867 1684 917 1721 ad
949 1684 1055 1732 quod
1092 1683 1358 1732 accipiendum

295 1739 486 1777 invitatur.
530 1740 632 1787 Ergo
670 1751 749 1776 non
785 1745 842 1775 est
879 1737 1127 1774 determinate
1163 1736 1302 1784 aliquid
1337 1748 1359 1773 a

297 1793 382 1830 Deo
410 1792 451 1829 in
478 1792 651 1829 oratione
678 1791 902 1840 petendum.

351 1845 426 1883 SED
455 1857 602 1882 CONTRA
624 1857 690 1882 EST
717 1845 823 1893 quod
845 1842 1049 1889 Dominus,
1071 1843 1205 1879 Matth.
1225 1854 1264 1879 vl
1283 1842 1304 1864 ’⁸‘
1323 1849 1360 1879 et

298 1899 391 1936 Luc.
412 1910 447 1935 x1
465 1898 497 1946 ²⁸,
519 1898 648 1935 docuit
668 1897 872 1946 discipulos
892 1895 1137 1933 determinate
1165 1902 1294 1944 petere
1315 1907 1360 1932 ea

298 1963 399 2000 quae
428 1951 669 1989 continentur
695 1950 734 1988 in
770 1949 1016 1999 petitionibus
1052 1948 1245 1985 Orationis
1281 1949 1358 1985 Do-

296 2004 471 2042 minicae.

351 2058 577 2094 REsponnzo
605 2067 790 2093 DICENDUM
815 2054 930 2104 quod,
952 2054 1047 2091 sicut
1074 2053 1267 2091 Maximus
1285 2054 1360 2091 Va-

297 2110 412 2147 lerius
449 2110 561 2147 refert
579 2108 616 2156 ²¹⁶,
646 2110 818 2146 Socrates
855 2107 947 2145 nihil
974 2107 1072 2144 ultra
1101 2107 1304 2155 petendum
1336 2119 1360 2144 a

296 2163 366 2201 diis
384 2162 658 2200 immortalibus
677 2167 689 2183 ⁵
712 2162 970 2199 arbitrabatur
987 2172 1101 2210 quam
1123 2166 1164 2197 ut
1179 2162 1279 2197 bona
1297 2160 1361 2196 tri-

297 2217 474 2253 buerent.-
501 2216 590 2265 quia
618 2216 659 2252 hi
692 2215 841 2252 demum
869 2214 1007 2251 scirent
1040 2213 1131 2262 quid
1161 2214 1361 2262 unicuique

296 2275 391 2307 esset
417 2269 504 2306 utile
512 2283 526 2315 ;
554 2281 621 2306 nos
656 2274 781 2306 autem
810 2267 1036 2316 plerumque
1063 2267 1103 2303 id
1127 2266 1222 2303 votis
1248 2278 1360 2315 expe-

336 2384 376 2426 ·oe)
395 2383 467 2425 Nam
485 2383 559 2416 quid.
571 2396 591 2402 —
603 2386 634 2407 ut
651 2382 716 2415 quid
734 2381 926 2414 ABEFIKpCm
945 2384 971 2406 et
989 2380 1055 2413 quid
1073 2381 1115 2405 ed.
1136 2387 1162 2410 a,
1182 2380 1311 2413 numquid
1330 2380 1363 2411 H,

294 2420 508 2488 qm‘gfffiz
518 2419 581 2486 Iiisse
599 2453 665 2486 an.

347 2490 375 2525 γ)
395 2489 609 2515 determinatum.
628 2502 647 2507 -
665 2487 842 2513 determinate
866 2487 942 2512 PCG.
955 2501 975 2506 -
997 2488 1066 2512 Ante
1086 2490 1180 2518 petere
1206 2485 1263 2511 PsC
1282 2490 1308 2510 et
1325 2492 1362 2510 xa

295 2525 394 2552 addunt
411 2525 439 2550 in
458 2525 590 2551 oratione.

348 2560 374 2594 ὃ)
393 2561 457 2594 ipse.
468 2574 488 2580 —
505 2560 568 2586 Om.
587 2559 655 2584 an.

292 2619 293 2622 ,
347 2597 370 2630 ε)
390 2596 593 2622 immortalibus.
604 2609 623 2614 -
641 2594 800 2620 mortalibus
817 2592 1023 2626 ABEFLpCHx,
1043 2592 1189 2617 moralibus
1207 2592 1259 2625 pK.

1410 628 1516 665 tere<
1545 630 1646 676 quod
1680 641 1754 665 non
1790 630 2006 678 impetrasse
2042 629 2174 666 melius
2196 630 2316 676 foret.
2360 629 2470 675 Quae

1410 681 1566 729 quidem
1596 683 1781 718 sententia
1818 682 2025 732 aliqualiter
2050 694 2144 719 vera
2182 689 2253 729 est,
2284 689 2470 729 quantum

1411 733 1460 771 ad
1488 733 1550 770 illa
1586 746 1684 782 quae
1713 743 1872 782 possunt
1909 737 2053 772 malum
2092 743 2272 771 eventum
2308 735 2469 782 habere,

1411 786 1549 834 quibus
1587 786 1701 822 etiam
1737 788 1856 824 homo
1890 796 2015 836 potest
2051 788 2151 824 male
2189 795 2225 824 et
2262 788 2359 824 bene
2394 787 2470 824 uti:

1411 839 1506 875 sicut
1533 839 1694 885 divitiae,
1715 851 1822 887 quae,
1842 847 1884 876 ut
1911 841 2052 877 ibidem
2078 840 2222 886 dicitur,
2247 841 2372 877 multis
2392 841 2470 877 exi-

1410 892 1459 928 tio
1492 892 1621 935 fuere;
1648 893 1819 938 honores,
1848 893 1913 941 qui
1935 898 1953 920 η
1982 893 2191 941 complures
2213 894 2472 941 pessumdede-

1411 950 1518 988 runt;
1542 956 1676 993 regna,
1698 956 1858 992 quorum
1879 946 2000 982 exitus
2018 958 2128 994 saepe
2146 946 2374 983 miserabiles
2393 958 2472 983 cer-

1412 1002 1573 1041 nuntur,·
1606 997 1798 1045 splendida
1838 999 2036 1047 coniugia,
2070 1010 2167 1047 quae
2202 1010 2472 1048 nonnunquam

1401 1050 1577 1098 funditus
1604 1050 1735 1086 domos
1763 1056 1942 1087 evertunt.
1986 1051 2082 1087 Sunt
2116 1059 2244 1087 tamen
2282 1054 2472 1100 quaedam

1413 1104 1516 1139 bona
1530 1102 1668 1150 quibus
1687 1103 1807 1139 homo
1829 1104 1928 1140 male
1943 1104 1996 1139 uti
2012 1116 2090 1140 non
2103 1111 2240 1152 potest,
2257 1116 2356 1152 quae
2371 1103 2384 1126 θ
2404 1105 2473 1142 sci-

1413 1155 1498 1192 licet
1516 1156 1662 1192 malum
1692 1163 1872 1193 eventurn
1896 1156 2037 1193 habere
2066 1168 2144 1194 non
2167 1164 2338 1205 possunt.
2368 1158 2475 1195 Haec

1414 1216 1542 1245 autem
1571 1216 1657 1245 sunt
1676 1208 1814 1256 quibus
1843 1209 2107 1246 beatificamur
2126 1217 2162 1246 et
2190 1209 2329 1257 quibus
2357 1211 2473 1247 beati-

1414 1261 1584 1298 tudinem
1613 1274 1817 1299 meremur.
1857 1262 1967 1309 Quae
1995 1262 2151 1311 quidem
2180 1262 2298 1299 sancti
2327 1263 2473 1300 orando

1415 1315 1585 1351 absolute
1618 1322 1771 1363 petunt:
1802 1315 2014 1352 secundum
2043 1315 2134 1353 illud
2153 1314 2194 1351 *τ
2235 1315 2392 1352 Ostende
2414 1317 2475 1364 fa-

1414 1368 1507 1404 ciem
1532 1373 1653 1414 tuam,
1683 1374 1719 1404 et
1743 1368 1841 1404 salvi
1866 1369 2025 1412 erimus;
2054 1376 2090 1405 et
2117 1368 2254 1405 iterum
2274 1368 2314 1405 ²¹²:
2343 1370 2475 1406 Deduc

1414 1432 1475 1457 me
1502 1421 1539 1457 in
1566 1421 1737 1457 semitam
1766 1422 2032 1458 mandatorum
2060 1427 2223 1458 tuorum.

1467 1474 1526 1509 AD
1555 1485 1692 1510 PR1M1JM
1716 1486 1814 1511 ERGO
1833 1486 2018 1511 mcENDUM
2048 1475 2151 1523 quod
2174 1474 2261 1511 licet
2287 1475 2407 1512 homo
2429 1486 2474 1511 ex

1415 1537 1454 1562 se
1483 1525 1576 1562 scire
1605 1539 1684 1562 non
1720 1526 1840 1575 possit
1868 1526 1958 1575 quid
1988 1539 2096 1564 orare
2130 1528 2287 1575 debeat,
2317 1528 2476 1576 Spiritus

1413 1586 1554 1626 tamen,
1574 1586 1614 1615 ut
1634 1578 1776 1615 ibidem
1806 1579 1950 1626 dicitur,
1972 1579 2010 1616 in
2038 1580 2112 1616 hoc
2137 1580 2294 1617 adiuvat
2319 1581 2476 1628 infirmi-

1414 1636 1526 1667 tatem
1555 1637 1722 1668 nostram
1742 1632 1859 1680 quod,
1881 1632 2101 1680 inspirando
2122 1633 2233 1670 nobis
2261 1641 2390 1670 sancta
2410 1633 2474 1670 de-

1414 1683 1564 1731 sideria,
1584 1692 1684 1721 recte
1712 1685 1905 1733 postulare
1926 1697 1997 1722 nos
2025 1686 2122 1722 facit.
2152 1686 2263 1722 Unde
2284 1686 2474 1723 Dominus

1415 1736 1513 1784 dicit,
1542 1738 1703 1774 Ioan.1v
1720 1737 1751 1784 ³²,
1772 1739 1877 1787 quod
1911 1749 2020 1774 veros
2058 1739 2278 1775 adoratores
2313 1740 2478 1776 adorare

1413 1795 1558 1838 oportet
1583 1790 1621 1827 in
1650 1791 1789 1838 Spiritu
1817 1797 1854 1827 et
1877 1791 2042 1828 veritate.

1467 1845 1527 1879 Au
1555 1855 1746 1880 SECUNDUM
1773 1855 1959 1881 mci-:nuum
1987 1844 2092 1892 quod
2117 1856 2206 1880 cum
2236 1844 2382 1881 orando
2411 1858 2476 1893 pe-

1413 1896 1529 1932 timus
1554 1896 1681 1944 aliqua
1700 1908 1798 1945 quae
1826 1897 2014 1944 pertinent
2033 1897 2080 1934 ad
2109 1904 2278 1934 nostram
2302 1898 2474 1944 salutem,

1415 1949 1701 1986 conformamus
1721 1950 1958 1986 voluntatem
1985 1957 2155 1987 nostram
2176 1950 2362 1987 voluntati
2390 1951 2474 1998 Dei,

1415 2002 1463 2039 de
1492 2014 1568 2050 quo
1588 2008 1595 2023 ‘
1625 2002 1801 2050 dicitur,1
1827 2003 1879 2039 ad
1901 2002 1997 2040 Tim.
2019 2015 2042 2039 11
2061 2002 2092 2050 ²¹⁶,
2110 2003 2214 2052 quod
2242 2003 2324 2040 vult
2348 2015 2477 2040 omnes

1413 2055 1582 2092 homines
1609 2055 1854 2102 salvos'fieri.

1466 2109 1524 2144 AD
1552 2118 1712 2145 TERTIUM
1741 2119 1926 2145 memnon
1955 2107 2060 2157 quod
2089 2107 2142 2144 sic
2170 2108 2219 2145 ad
2241 2109 2343 2145 bona
2371 2109 2476 2145 Deus

1413 2172 1485 2197 nos
1512 2160 1646 2198 invitat
1683 2161 1789 2208 quod
1817 2160 1865 2198 ad
1894 2173 1939 2197 ea
1967 2173 2046 2197 non
2072 2161 2247 2209 passibus
2282 2161 2474 2210 corporis,

1413 2213 1480 2250 sed
1509 2213 1580 2261 piis
1619 2213 1814 2251 desideriis
1844 2221 1879 2250 et
1916 2213 2066 2251 devotis
2100 2213 2334 2251 orationibus
2371 2227 2476 2251 acce-

1414 2266 1563 2303 damus.

1467 2379 1491 2413 ζ)
1510 2371 1646 2412 ἁρειενε.
1658 2394 1676 2398 -
1693 2380 1844 2412 expetimus
1863 2380 1942 2412 PDG,
1961 2383 2088 2412 expetere
2107 2379 2219 2405 nitimur
2237 2381 2283 2405 sK.

1467 2415 1493 2447 η)
1509 2416 1562 2447 qui.
1571 2429 1591 2434 -
1602 2416 1683 2440 etiam
1698 2416 1726 2446 P,
1740 2422 1805 2448 quos
1818 2416 1919 2446 (tamen
1930 2415 2023 2447 plures
2031 2415 2145 2447 pessimi
2152 2416 2343 2447 possederunt)
2356 2416 2387 2447 D,
2397 2416 2478 2441 etiam

1411 2449 1461 2482 (εἷς
1473 2450 1567 2481 plures
1581 2451 1693 2482 pessimi
1706 2451 1892 2482 possiderunt)
1911 2451 1952 2475 ed.
1971 2457 1996 2480 a,
2016 2451 2062 2483 qui
2079 2451 2134 2484 (9771
2149 2451 2243 2482 plures
2261 2451 2375 2483 pessimi
2389 2452 2478 2484 possi—

1412 2486 1528 2545 derunt&
1537 2486 1570 2517 H,
1582 2486 1629 2518 qui
1646 2487 1748 2518 (plures
1761 2486 1874 2518 pessimi
1890 2486 1940 2511 red
1960 2486 2102 2518 dederunt)
2118 2486 2126 2511 1
2146 2486 2192 2511 sed
2214 2486 2263 2511 red
2279 2488 2414 2520 expungit;
2433 2487 2478 2512 ab-

1412 2528 1470 2546 rasa
1489 2528 1506 2552 p
1530 2537 1538 2545 .
1852 2523 1858 2530 ‘

1466 2554 1490 2588 θ)
1509 2563 1586 2588 quae.
1598 2570 1616 2576 -
1630 2564 1683 2588 per
1700 2563 1770 2588 quae
1787 2556 2009 2589 BDEFHpACKx
2028 2561 2054 2581 et
2071 2564 2097 2582 a.

1468 2592 1486 2624 ι)
1505 2598 1566 2623 quo.
1577 2605 1596 2610 -
1613 2599 1667 2624 qua
1686 2592 1742 2617 PH.

1107 2735 1427 2778 ARTICULUS
1456 2735 1665 2778 SEXTUS

695 2823 851 2860 UTRUM
874 2827 1004 2859 HOMO
1027 2827 1202 2858 DEBEAT
1225 2821 1508 2858 TEMPORALIA
1531 2827 1700 2858 PETERE
1724 2829 1753 2857 A
1776 2826 1865 2858 1)Εο
1895 2826 2076 2858 ORANDO

886 2907 920 2932 IV
940 2907 1025 2936 Sent„
1046 2906 1104 2931 dist.
1123 2914 1164 2937 xv,
1184 2914 1228 2939 qu.
1247 2914 1281 2938 1v,
1301 2911 1348 2932 art.
1366 2913 1392 2938 4,
1411 2906 1462 2939 qu*
1481 2913 1510 2937 23
1531 2906 1562 2931 In
1580 2904 1690 2935 Matth.,
1710 2913 1766 2939 cap.
1785 2913 1819 2931 vt.

331 2995 397 3027 ὢν(
413 2999 485 3041 222«
510 2991 532 3016 ι)
561 2990 702 3016 5ΕΧΤυΜ
730 2989 784 3015 Sic
811 2988 1052 3014 pnocnm’run.
1071 2976 1231 3014 Videtur
1253 2977 1360 3025 quod

327 3023 481 3081 {afferi}
509 3033 629 3070 homo
658 3044 738 3068 non
766 3030 904 3068 debeat
927 3030 1151 3079 temporalia
1179 3037 1308 3079 petere
1337 3042 1359 3066 a

316 3086 353 3133 [γ
377 3103 429 3119 w
447 3071 594 3127 ’(1)εο
623 3084 782 3122 orando.
813 3084 923 3131 Quae
953 3083 1055 3120 enim
1091 3083 1238 3120 orando
1266 3082 1359 3131 peti-

321 3135 326 3140 ”
356 3115 453 3179 ἐκ
468 3130 618 3185 mus,
648 3137 878 3187 quaerimus.
923 3137 1001 3174 Sed
1029 3135 1253 3185 temporalia
1279 3147 1359 3172 non

298 3191 486 3229 debemus
505 3203 707 3240 quaerere:
733 3190 868 3228 dicitur
887 3190 989 3228 enim
1008 3190 1142 3227 Matth.
1162 3201 1198 3226 VI
1216 3188 1255 3225 *ε
1277 3189 1359 3226 Pri-

297 3255 403 3281 mum
440 3244 607 3292 quaerite
643 3256 804 3294 regnum
832 3244 908 3281 Dei
932 3249 969 3280 et
999 3243 1175 3280 iustitiam
1202 3242 1296 3288 eius,
1326 3248 1362 3279 et

297 3298 392 3334 haec
418 3298 548 3335 omnia
566 3297 790 3334 adiicientur
815 3297 931 3343 vobis,
952 3295 1094 3333 scilicet
1113 3295 1357 3344 temporalia;

298 3361 397 3399 quae
425 3361 504 3387 non
532 3350 751 3399 quaerenda
779 3349 885 3398 dicit,
911 3349 979 3387 sed
1007 3348 1219 3386 adiicienda
1245 3360 1360 3398 quae-

298 3402 389 3441 sitis.
414 3403 516 3451 Ergo
536 3403 762 3452 temporalia
780 3415 860 3440 non
879 3409 966 3440 sunt
984 3402 1022 3439 in
1041 3401 1213 3439 oratione
1233 3414 1255 3438 a
1274 3403 1360 3438 Deo

293 3455 474 3504 petenda.

353 3568 381 3602 α)
400 3569 532 3596 debemus.
545 3582 565 3589 -
577 3576 721 3602 possumus
739 3569 786 3594 Pa.

1468 2988 1502 3013 2.
1532 2977 1776 3024 PRAETEREA,
1806 2977 1930 3013 nullus
1957 2976 2049 3025 petit
2082 2975 2153 3013 nisi
2183 2987 2227 3012 ea
2261 2975 2309 3012 de
2338 2975 2476 3024 quibus

1414 3037 1469 3066 est
1497 3029 1687 3066 sollicitus.
1718 3029 1795 3066 Sed
1824 3029 1871 3066 de
1890 3029 2165 3078 temporalibus
2184 3028 2475 3065 sollicitudinem

1412 3082 1554 3119 habere
1582 3094 1662 3119 non
1691 3082 1878 3119 debemus
1897 3087 1933 3119 ²:
1963 3082 2174 3119 secundum
2209 3082 2313 3130 quod
2342 3081 2476 3118 dicitur

1414 3136 1548 3172 Matth.
1567 3134 1663 3172 V1*:
1692 3135 1821 3173 Nolite
1853 3135 2001 3172 solliciti
2025 3147 2104 3172 esse
2135 3135 2287 3172 animae
2312 3140 2474 3180 vestrae,

1413 3189 1506 3237 quid
1531 3188 1773 3225 manducetis.
1803 3189 1904 3237 Ergo
1928 3188 2151 3237 temporalia
2169 3195 2298 3237 petere
2327 3188 2473 3224 orando

1413 3253 1492 3278 non
1520 3241 1716 3279 debemus.

1469 3295 1504 3332 3.
1530 3295 1773 3342 PRAETEREA,
1794 3294 1870 3343 'per
1906 3294 2118 3331 orationem
2156 3300 2326 3329 nostram
2363 3303 2474 3329 mens

1415 3347 1529 3385 debet
1556 3347 1698 3384 elevari
1725 3347 1763 3384 in
1791 3348 1931 3384 Deum.
1962 3346 2038 3383 Sed
2056 3346 2222 3394 petendo
2250 3344 2474 3393 temporalia

1415 3400 1609 3438 descendit
1645 3400 1694 3437 ad
1729 3412 1774 3437 ea
1802 3412 1899 3448 quae
1935 3399 2030 3436 infra
2058 3410 2098 3435 se
2136 3405 2242 3435 sunt:
2277 3405 2407 3434 contra
2434 3397 2472 3435 id

1416 3453 1522 3502 quod
1541 3453 1749 3502 Apostolus
1769 3453 1928 3500 dicebat,
1945 3453 1976 3488 lI
1992 3452 2044 3488 ad
2061 3452 2146 3488 Cor.
2164 3463 2199 3488 ιν
2216 3451 2254 3488 *2
2279 3451 2370 3488 Non
2386 3461 2474 3487 con-

2501 1329 2511 1337 *
2519 1328 2557 1349 Ps.
2565 1333 2644 1354 Lxxxx,
2653 1333 2713 1349 vers.

2500 1361 2557 1436 ἷξε.
2565 1385 2646 1408 exvur,
2652 1386 2713 1402 vers.

2502 1748 2514 1760 ⁸
2528 1748 2596 1770 Ven.
2610 1753 2644 1776 23,
2658 1754 2694 1774 24.

2502 2043 2513 2053 ⁸
2527 2042 2596 2064 Ver-s.
2611 2049 2634 2069 4.

2499 3145 2508 3155 ”
2521 3143 2589 3166 vers.
2603 3150 2641 3172 25:
2656 3144 2713 3166 Luc.

2501 3176 2552 3198 cap.
2559 3177 2602 3198 ιιι,
2611 3177 2671 3193 vers.
2678 3177 2712 3192 η.

2500 3464 2510 3474 ·
2525 3462 2591 3485 Vers.
2607 3463 2639 3485 18.
