2860 4244
30 945 43 957 ⁸
53 945 100 973 Qu.
110 950 158 972 xix,
166 949 208 966 ert.
219 950 240 972 9.

121 1109 154 1128 ot.
163 1105 240 1128 Emit.

116 1137 242 1182 ’.ῦὶῖἦῐ

22 1160 77 1209 3202
98 1191 121 1207 v.

8 1086 10 1091 ¹
55 1105 119 1129 Arm

65 1131 108 1155 ,ΙΙ

77 1199 84 1208 ⁸
152 1211 216 1240 eds.

25 1307 112 1357 eff
135 1324 142 1334 .
177 1323 219 1356 .¹.

138 1313 216 1357 002³.
231 1318 243 1324 ’

35 2730 90 2772 ζ’.»
109 2747 171 2791 *11ὲὲ
192 2757 199 2768 ,
220 2753 244 2764 --
269 2738 355 2769 Nam
369 2735 573 2776 intelligendo
590 2745 646 2775 per
662 2741 769 2766 actum
784 2735 909 2765 bonum
924 2741 960 2765 ut
977 2734 1010 2765 in
1026 2735 1052 2765 11
1065 2735 1168 2766 Ethic.
1181 2734 1199 2753 *
1217 2734 1331 2765 descri-

211 2784 218 2791 '
271 2781 372 2818 bitur,
400 2786 508 2811 actum
535 2779 652 2810 scilicet
678 2779 803 2810 bonum
831 2786 862 2810 et
890 2780 987 2817 bene,
1012 2779 1116 2809 omnis
1146 2778 1332 2809 huiusmodi

24 3611 53 3638 'l-
62 3613 115 3636 Αη.
130 3620 145 3636 ι.

879 327 1144 373 QUAESTIO
1174 327 1350 375 LXXXI,

994 478 1344 520 ARTICULUS

1380 327 1676 364 ARTICULUS
1706 328 1751 374 ΙΙ,
1773 327 1822 363 ΙΙΙ
2365 339 2435 375 179

1381 478 1710 520 SECUNDUS

1039 570 1194 601 UTRUM
1217 571 1392 602 RELIGIO
1416 571 1482 601 SIT
1507 571 1663 602 VIRTUS

882 650 906 674 1·
924 650 979 681 11⁸⁶,
999 658 1044 683 qu.
1063 658 1101 680 Lx,
1122 656 1167 675 art.
1189 650 1217 681 35
1236 651 1268 675 111
1287 651 1370 679 Sent„

301 766 317 787 's
338 760 347 764 t
356 750 367 773 ᾗ.
387 753 430 792 'r'l
452 755 455 763 ,s
481 742 504 766 ι)
518 741 708 766 SECUNDUM
726 741 779 766 sm
794 741 1033 767 uocem-run.
1048 729 1207 768 Videtur
1221 730 1326 779 quod

403 788 451 843 ξ’,η
482 782 608 830 religio
646 794 726 819 non
762 782 808 819 sit
834 782 965 819 virtus.
1009 783 1070 820 Ad
1104 783 1324 831 religionem

292 837 322 883 ‘V'
374 853 408 878 r,
428 841 450 876 ⁴6
465 833 470 837 ’
483 835 584 872 enim
603 835 789 884 pertinere
802 835 953 872 videtur
967 836 1051 872 Deo
1073 836 1325 872 reverentiam

281 882 303 909 Γ
331 882 424 921 ἶῆῗ)
440 880 471 922 K
483 887 673 924 exhibere.
694 888 772 925 Sed
791 887 955 925 revereri
975 896 1029 925 est
1047 896 1152 925 actus
1167 888 1324 934 timoris,

269 941 334 990 qui
362 947 419 977 est
446 940 610 988 donum,
639 948 682 977 ut
710 953 755 977 ex
783 941 1005 990 supradictis
1023 940 1044 962 ’¹‘
1070 948 1184 989 patet.
1223 942 1324 988 Ergo

268 993 397 1042 religio
426 1005 505 1030 non
533 1001 590 1030 est
615 993 747 1040 virtus,
777 995 844 1031 sed
873 994 1032 1031 donum.

323 1058 359 1083 2.
380 1047 612 1094 ΡΚΑΕΤΕΒΕΑ,
634 1046 759 1083 omnis
780 1046 897 1083 virtus
925 1046 964 1083 in
991 1046 1109 1082 libera
1129 1047 1325 1082 voluntate

270 1099 455 1137 consistit:
483 1099 586 1136 unde
607 1099 740 1136 dicitur
761 1099 906 1135 habitus
934 1098 1106 1135 electivus
1124 1098 1155 1144 ⁸¹³,
1175 1099 1239 1135 vel
1257 1110 1326 1135 vo-

269 1152 462 1189 luntarius.
493 1152 571 1189 Sed
599 1152 694 1188 sicut
721 1151 864 1188 dictum
893 1158 948 1187 est
966 1150 997 1196 ³¹⁸,
1027 1151 1076 1187 ad
1105 1150 1326 1199 religionem

268 1205 430 1255 pertinet
456 1205 574 1251 latria,
590 1216 690 1252 quae
719 1203 939 1241 servitutem
968 1203 1163 1251 quandam
1185 1204 1328 1253 impor—

269 1265 332 1295 tat.
362 1258 464 1305 Ergo
492 1256 620 1304 religio
649 1269 728 1293 non
757 1263 812 1293 est
839 1256 971 1293 virtus.

325 1311 360 1347 3.
381 1311 615 1357 ΡκΑΕτΕκΕΑ,
645 1309 741 1346 sicut
769 1309 903 1346 dicitur
930 1309 969 1346 in
989 1310 1020 1345 11
1039 1310 1159 1346 Ethic.
1175 1309 1206 1356 ³¹⁶,
1236 1310 1329 1359 apti—

269 1363 362 1400 tudo
391 1362 575 1399 virtutum
603 1368 619 1384 ⁸
648 1362 744 1399 inest
777 1362 886 1399 nobis
915 1374 937 1398 a
965 1369 1115 1399 natura:
1153 1363 1255 1400 unde
1285 1375 1330 1400 ea
1356 1368 1357 1387 l

248 1411 586 1465 guae-pertinent
612 1415 661 1452 ad
679 1416 836 1452 virtutes
865 1422 952 1452 sunt
980 1415 1027 1452 de
1048 1415 1249 1453 dictamine
1273 1428 1330 1453 ra—
1356 1432 1358 1453 ξ

269 1468 382 1506 tionis
410 1469 600 1506 naturalis.
631 1468 709 1505 Sed
732 1468 782 1505 ad
811 1468 1030 1516 religionem
1059 1469 1220 1517 pertinet
1247 1481 1330 1506 cae-

237 1593 244 1604 ·
270 1573 384 1612 nialia
411 1582 553 1621 autem,
573 1581 615 1611 ut
633 1587 748 1623 supra
767 1574 787 1596 *
815 1575 958 1612 dictum
981 1581 1048 1620 est,
1069 1586 1148 1611 non
1176 1582 1263 1611 sunt
1283 1575 1330 1611 de

271 1627 476 1667 dictamine
504 1627 657 1664 rationis
675 1627 866 1664 naturalis.
896 1627 999 1674 Ergo
1024 1627 1153 1675 religio
1177 1640 1256 1664 non
1277 1635 1332 1664 est
1358 1634 1359 1668 ἶ

270 1679 403 1719 virtus.
835 1702 837 1704 -
1358 1717 1360 1730 =

326 1733 400 1770 SED
429 1744 576 1770 CONTRA
603 1744 669 1769 EST
695 1732 786 1782 quia
819 1739 1116 1769 connumeratur
1143 1732 1223 1770 aliis
1257 1732 1332 1769 vir·
1358 1735 1360 1757 3

271 1786 424 1833 tutibus,
453 1794 495 1823 ut
524 1797 568 1822 ex
595 1785 812 1834 praemissis
831 1785 852 1807 ’¹‘
878 1793 992 1834 patet.
1358 1768 1360 1807 i

325 1840 550 1877 Responono
569 1850 754 1876 manDUM
772 1838 889 1887 quod,
905 1839 1001 1876 sicut
1020 1850 1133 1887 supra
1146 1837 1166 1860 ’¹‘
1186 1838 1329 1875 dictum

271 1899 338 1939 est,
358 1892 476 1929 virtus
499 1898 554 1928 est
570 1903 667 1940 quae
685 1892 825 1928 honum
841 1892 943 1939 facit
963 1892 1159 1928 habentem
1186 1897 1222 1928 et
1239 1903 1331 1940 opus
1358 1926 1359 1932 ,

270 1945 350 1982 eius
377 1945 517 1982 bonum
554 1945 684 1982 reddit.
727 1946 776 1982 Et
803 1944 889 1982 ideo
926 1957 1083 1982 necesse
1122 1951 1177 1981 est
1205 1945 1330 1982 dicere

271 2010 430 2036 omnem
449 2005 576 2036 aetum
597 1998 744 2035 bonum
764 1997 812 2035 ad
828 1998 1008 2035 virtutem
1027 1997 1227 2046 pertinere.
1248 1998 1332 2035 Ma-

270 2051 450 2088 nifestum
480 2058 535 2088 est
563 2058 692 2088 autem
712 2051 818 2099 quod
842 2051 1000 2088 reddere
1022 2051 1190 2088 debitum
1220 2050 1331 2087 alicui
1356 2037 1359 2089 i

270 2105 386 2142 habet
413 2105 600 2141 rationem
628 2103 739 2141 boni:
770 2104 858 2153 quia
886 2116 955 2153 per
978 2105 1052 2142 hoc
1072 2104 1178 2154 quod
1197 2103 1330 2153 aliquis

323 2254 352 2286 α)
372 2254 511 2279 virtutum.
524 2267 544 2273 -
562 2253 670 2278 virtutis
689 2253 759 2278 PKa.
1360 2257 1363 2321 ὅ

325 2289 350 2323 β)
369 2289 459 2314 etiam.
470 2303 490 2308 -
506 2292 534 2314 et
552 2288 733 2321 ABEFHpr,
751 2296 804 2312 om.
825 2288 982 2313 PDGILer
1001 2293 1026 2313 et
1044 2296 1069 2313 a.

1390 650 1447 674 dist.
1467 658 1501 681 1¹,
1521 658 1566 682 qn.
1583 658 1602 681 1,
1621 656 1667 675 art.
1690 658 1711 680 1,
1731 651 1779 683 qua
1799 658 1817 676 1.

1378 730 1481 766 alteri
1502 730 1669 767 debitum
1694 731 1827 778 reddit,
1849 730 1963 768 etiam
1982 729 1997 760 β
2025 730 2261 767 constituitur
2287 730 2325 767 in
2353 743 2439 779 pro-

1377 782 1551 831 portione
1572 783 1814 820 convenienti
1834 791 2006 832 respectu
2025 783 2154 832 ipsius,
2172 783 2279 831 quasi
2300 796 2441 820 conve-

1379 835 1524 871 nienter
1543 836 1736 872 ordinatus
1755 837 1804 873 ad
1822 836 1968 884 ipsum3
1999 837 2094 873 ordo
2115 844 2242 873 autem
2262 837 2310 873 ad
2330 837 2441 873 ratio-

1379 900 1469 924 nem
1493 888 1584 924 boni
1612 889 1783 936 pertinet,
1806 889 1902 925 sicut
1930 897 1965 926 et
1993 889 2133 926 modus
2161 896 2197 926 et
2224 890 2381 938 species,
2401 897 2443 926 ut

1378 952 1447 988 per
1465 941 1720 988 Augustinum
1740 948 1853 989 patet,
1875 941 1913 978 in
1931 941 2026 978 libro
2054 942 2099 978 de
2121 943 2275 979 Natura
2297 942 2398 979 Boni
2408 941 2440 979 ³³².

1380 993 1480 1029 Cum
1500 993 1610 1040 igitur
1628 993 1677 1030 ad
1705 994 1924 1041 religionem
1943 994 2127 1043 pertineat
2146 995 2303 1033 reddere
2322 996 2443 1032 hono-

1379 1057 1460 1082 rem
1490 1045 1661 1082 debitum
1690 1046 1810 1093 alicui,
1831 1046 1970 1083 scilicet
1995 1048 2093 1094 Deo,
2115 1048 2358 1085 manifestum
2388 1056 2443 1085 est

1380 1098 1486 1147 quod
1514 1098 1643 1146 religio
1670 1098 1790 1135 virtus
1820 1107 1886 1135 est.

1433 1152 1492 1187 AD
1513 1163 1650 1188 PRIMUM
1678 1163 1777 1188 ERGO
1798 1163 1982 1188 DICENDUM
2002 1152 2105 1200 quod
2129 1153 2294 1189 revereri
2313 1154 2441 1190 Deum

1382 1211 1438 1240 est
1457 1211 1562 1240 actus
1583 1204 1674 1241 doni
1693 1204 1853 1241 timoris.
1883 1204 1945 1241 Ad
1965 1204 2186 1252 religionem
2214 1213 2341 1242 autern
2360 1218 2444 1254 per-

1381 1256 1473 1293 tinet
1500 1257 1624 1294 facere
1648 1257 1774 1306 aliqua
1801 1265 1957 1306 propter
1976 1257 2148 1294 divinam
2178 1259 2442 1295 reverentiam.

1382 1310 1493 1347 Unde
1522 1322 1601 1347 non
1629 1310 1799 1358 sequitur
1826 1311 1931 1358 quod
1962 1310 2090 1358 religio
2129 1310 2174 1347 sit
2202 1311 2306 1348 idem
2339 1312 2444 1359 quod

1383 1363 1530 1400 donum
1559 1363 1716 1410 timoris,
1746 1363 1813 1400 sed
1843 1364 1946 1412 quod
1974 1363 2169 1400 ordinetur
2184 1364 2233 1401 ad
2252 1364 2378 1413 ipsum
2398 1364 2444 1401 si-

1384 1423 1447 1453 cut
1465 1417 1512 1453 ad
1533 1416 1674 1464 aliquid
1694 1416 1947 1464 principalius.
1979 1417 2076 1453 Sunt
2100 1416 2201 1454 enim
2224 1417 2326 1454 dona
2344 1417 2445 1466 prin-

1357 1491 1359 1500 »
1384 1469 1564 1517 cipaliora
1581 1468 1781 1506 virtutibus
1801 1469 2022 1516 moralibus,
2042 1478 2084 1506 ut
2104 1482 2219 1519 supra
2232 1470 2253 1491 *
2271 1471 2443 1507 habiturn

188 1533 189 1537 ¹
237 1539 243 1545 -
270 1523 481 1559 remoniam
518 1522 668 1558 divinae
699 1527 874 1558 naturae
890 1521 1032 1570 afferre
1049 1521 1081 1558 ²⁸⁸.
1121 1522 1331 1558 Caeremo-
1357 1524 1359 1555 !

1385 1530 1451 1558 est.

1438 1575 1496 1610 An
1511 1585 1701 1611 SECUNDUM
1722 1586 1906 1611 DICENDUM
1921 1576 2025 1623 quod
2042 1575 2156 1612 etiam
2173 1587 2305 1612 servus
2319 1583 2446 1624 potest

1383 1626 1596 1663 voluntarie
1623 1626 1781 1663 domino
1811 1640 1881 1664 suo
1911 1627 2087 1664 exhibere
2113 1629 2218 1676 quod
2247 1629 2377 1666 debet:
2409 1637 2444 1665 et

1358 1707 1359 1710 η
1385 1679 1437 1716 sic
1451 1680 1619 1731 facitbde
1637 1681 1850 1716 necessitate
1868 1681 2040 1717 virtutem
2061 1681 2093 1727 *,
2115 1681 2285 1718 debitum
2309 1683 2445 1718 volun-

1384 1732 1477 1769 tarie
1505 1732 1680 1769 reddens.
1711 1733 1760 1769 Et
1787 1733 1954 1769 similiter
1982 1733 2095 1770 etiam
2115 1738 2130 1761 Υ
2159 1734 2336 1771 exhibere
2359 1735 2444 1771 Deo

1386 1785 1553 1822 debitam
1574 1785 1793 1822 servitutem
1823 1793 1948 1834 potest
1976 1798 2058 1822 esse
2078 1793 2183 1823 actus
2202 1787 2362 1834 virtutis,
2388 1800 2445 1824 se-

1386 1838 1554 1876 cundum
1583 1838 1690 1886 quod
1717 1839 1836 1875 homo
1865 1839 2078 1876 voluntarie
2106 1839 2181 1875 hoc
2199 1837 2212 1861 δ
2241 1839 2338 1877 facit.

1438 1893 1496 1928 An
1512 1903 1672 1928 TERTIUM
1688 1903 1873 1928 mcuNDUM
1888 1892 1993 1940 quod
2010 1892 2056 1929 de
2073 1892 2276 1929 dictamine
2293 1892 2446 1930 rationis

1385 1945 1564 1981 naturalis
1585 1952 1640 1981 est
1658 1946 1763 1993 quod
1782 1945 1902 1981 homo
1922 1945 2049 1993 aliqua
2068 1945 2180 1982 faciat
2200 1946 2249 1982 ad
2269 1958 2446 1983 reveren-

1384 1997 1476 2034 tiam
1502 1997 1693 2034 divinam:
1724 1997 1792 2034 sed
1817 1998 1922 2047 quod
1941 1998 2038 2035 haec
2067 1998 2313 2035 determinate
2334 1999 2444 2036 faciat

1383 2052 1446 2088 vel
1475 2050 1547 2097 illa,
1567 2050 1667 2087 istud
1686 2062 1764 2087 non
1785 2058 1841 2087 est
1865 2051 1911 2087 de
1932 2050 2136 2088 dictamine
2160 2052 2315 2089 rationis
2339 2060 2448 2089 natu-

1357 2147 1359 2153 >
1385 2103 1483 2150 ralis,
1505 2104 1571 2141 sed
1602 2104 1649 2140 de
1677 2103 1907 2142 institutione
1927 2103 2017 2141 iuris
2046 2104 2163 2142 divini
2191 2105 2253 2141 vel
2277 2105 2445 2142 humani.

1441 2253 1468 2286 γ)
1488 2253 1577 2277 etiam.
1590 2267 1609 2271 -
1627 2253 1688 2277 Orn.
1707 2253 1778 2278 PAa.

1442 2287 1466 2320 ὃ)
1486 2288 1543 2313 hoc.
1556 2301 1575 2307 -
1594 2288 1656 2313 Om.
1675 2288 1704 2312 Ρ.

945 2372 1278 2405 commentam
1301 2371 1552 2406 Cardinaliss
1576 2371 1777 2404 Caietam

299 2483 320 2504 n
343 2470 476 2502 articulo
501 2469 642 2500 secundo
667 2468 810 2499 eiusdem
833 2469 1026 2510 quaestionis
1050 2468 1330 2510 octogesimaepri-

273 2485 393 2552 Imae,
417 2515 450 2545 in
473 2513 631 2555 principio
660 2513 803 2554 corporis
831 2513 970 2550 articuli,
995 2514 1120 2544 adverte
1143 2514 1231 2554 quod
1262 2516 1330 2544 Au-

270 2569 338 2594 ctor
365 2560 404 2590 ab
432 2558 543 2589 effectu
571 2557 698 2588 formali
721 2558 816 2588 infert
838 2568 967 2588 causam
990 2557 1166 2589 formalem.
1199 2558 1246 2588 Ex
1269 2558 1331 2588 hoc

236 2635 241 2640 ,
270 2606 356 2637 enim
379 2603 470 2645 quod
491 2603 591 2633 virtus
606 2608 653 2633 est
675 2612 758 2643 quae
781 2601 955 2633 formaliter
978 2601 1052 2633 facit
1074 2602 1196 2632 bonum
1213 2602 1330 2632 haben-

270 2657 336 2682 tem
363 2656 394 2680 et
416 2657 499 2688 opus
528 2647 595 2677 eius
623 2647 714 2687 quasi
737 2646 910 2677 formaliter
938 2646 1040 2677 reddit
1062 2646 1205 2682 bonum,
1229 2646 1332 2686 arguit

270 2697 393 2725 Auctor
415 2691 632 2722 necessitatem
647 2690 771 2722 virtutis
795 2700 832 2721 ex
854 2697 925 2722 actu
949 2691 1046 2721 bono.
1071 2690 1112 2721 Et
1127 2700 1198 2721 vere
1214 2690 1258 2721 sic
1274 2697 1330 2721 est.

272 2832 360 2857 actus
383 2824 531 2855 virtutem
555 2823 698 2863 coexigit.
722 2825 821 2854 Actus
839 2833 914 2854 vero
938 2823 1052 2859 bonus,
1069 2823 1123 2853 sed
1147 2823 1250 2853 adhuc
1266 2833 1332 2853 non

272 2870 362 2906 bene,
387 2868 426 2898 ad
448 2867 598 2898 virtutem
620 2867 751 2908 quidem
774 2877 811 2897 ex
829 2877 889 2898 suo
905 2877 1018 2907 genere
1033 2873 1162 2908 spectat,
1186 2867 1331 2907 quamvis

272 2924 290 2944 a
305 2913 419 2944 virtute
438 2921 504 2942 non
520 2911 569 2942 sit.
589 2911 735 2951 Utroque
750 2911 836 2941 enim
852 2911 951 2941 modo
967 2911 1090 2942 virtutis
1104 2911 1330 2947 necessitatem,

273 2963 344 2989 actu
367 2956 418 2988 vel
440 2954 591 2996 potentia,
615 2954 709 2985 infert
731 2961 820 2986 actus
842 2956 957 2986 bonus.

328 3001 364 3032 In
387 3000 502 3031 eodem
524 2998 664 3030 secundo
689 2998 836 3035 articulo,
861 2999 986 3029 adverte
1009 2998 1098 3039 quod
1121 2998 1331 3039 quemadmo-

273 3046 352 3076 dum
374 3044 509 3075 iustitiae
532 3042 680 3084 proprius
697 3049 727 3073 et
743 3043 936 3083 adaequatus
953 3049 1040 3073 actus
1056 3049 1102 3072 est
1121 3042 1248 3072 reddere
1263 3041 1333 3072 uni-

273 3090 388 3130 cuique
404 3088 493 3129 quod
509 3097 605 3118 suum
621 3093 677 3122 est,
694 3087 737 3118 ita
756 3087 903 3127 proprius
920 3092 950 3117 et
965 3087 1158 3126 adaequatus
1174 3085 1332 3126 religionis

273 3141 360 3165 actus
388 3139 435 3163 est
456 3132 585 3163 reddere
608 3132 678 3162 Deo
703 3131 845 3161 debitum
869 3131 990 3161 cultum
1014 3140 1069 3161 seu
1092 3130 1266 3160 honorem:
1296 3137 1332 3160 ut

1383 2469 1479 2499 etiarn
1501 2468 1534 2498 in
1557 2468 1702 2509 sequenti
1726 2468 1874 2505 articulo,
1898 2469 1930 2499 in
1954 2470 2162 2510 responsione
2190 2470 2230 2500 ad
2253 2471 2447 2508 secundum,

1383 2513 1490 2543 habes.

1439 2557 1474 2587 In
1490 2556 1697 2596 responsione
1712 2557 1751 2587 ad
1767 2556 1895 2588 tertium
1912 2557 2054 2588 eiusdem
2071 2558 2202 2597 articuli,
2219 2559 2344 2589 adverte
2360 2559 2448 2599 quod

1384 2601 1464 2632 sicut
1488 2601 1526 2631 de
1550 2600 1718 2631 dictamine
1741 2601 1891 2632 naturalis
1915 2602 2044 2632 rationis
2069 2609 2115 2633 est
2137 2602 2170 2633 in
2189 2602 2303 2633 virtute
2326 2610 2449 2642 tempe-

1383 2645 1501 2676 rantiae
1525 2651 1561 2675 ut
1583 2645 1684 2676 homo
1708 2645 1851 2676 medium
1875 2652 1979 2676 teneat
2001 2646 2034 2676 in
2058 2647 2129 2677 cibo
2154 2654 2184 2678 et
2206 2654 2302 2687 potu,
2328 2654 2358 2677 et
2381 2657 2447 2677 non

1384 2690 1473 2730 quod
1502 2689 1588 2720 hunc
1611 2690 1660 2720 vel
1682 2689 1775 2720 illurn
1799 2690 1906 2720 cibum
1935 2697 1990 2721 aut
2016 2697 2132 2730 potum
2161 2698 2318 2727 assumat;
2350 2691 2393 2722 ita
2415 2692 2448 2721 in

1383 2733 1498 2765 virtute
1522 2732 1681 2773 religionis
1705 2744 1742 2764 ex
1765 2734 1933 2764 dictamine
1956 2735 2106 2765 naturalis
2130 2735 2261 2766 rationis
2285 2741 2332 2765 est
2358 2736 2448 2775 quod

1384 2778 1528 2809 medium
1556 2784 1661 2809 teneat
1689 2778 1721 2808 in
1751 2778 1950 2808 ordinatione
1979 2778 2028 2808 sui
2051 2779 2150 2818 ipsius
2173 2780 2213 2809 ad
2236 2780 2359 2814 Deum,
2392 2779 2447 2809 sed

1383 2822 1473 2862 quod
1502 2821 1559 2851 has
1583 2822 1632 2852 vel
1655 2821 1723 2852 illas
1752 2823 1965 2852 caeremonias
1996 2830 2136 2853 assumat
2166 2824 2206 2853 ad
2234 2823 2448 2853 ordinandum

1384 2866 1524 2906 seipsum
1552 2865 1585 2895 in
1613 2866 1735 2902 Deum,
1760 2865 1822 2896 hoc
1850 2873 1896 2896 est
1924 2876 1960 2896 ex
1991 2866 2098 2897 divino
2121 2867 2171 2897 vel
2201 2866 2338 2907 positivo
2369 2867 2446 2898 iure.

1384 2910 1477 2940 Unde
1501 2910 1582 2940 sicut
1603 2910 1810 2949 temperantia
1841 2920 1906 2940 non
1931 2917 2063 2950 negatur
2085 2910 2184 2941 virtus
2207 2917 2337 2951 propter
2360 2911 2448 2941 inde-

1383 2953 1640 2984 terminationem
1663 2953 1821 2989 materiae,
1845 2954 1888 2984 ita
1904 2964 1961 2984 nec
1977 2954 2087 2993 religio
2111 2955 2277 2985 resecanda
2293 2961 2340 2985 est
2353 2964 2372 2984 a
2386 2955 2447 2985 vir—

1384 2998 1504 3028 tutibus
1535 3004 1665 3038 propter
1691 2997 1947 3028 incertitudinem
1975 2998 2140 3035 materiae,
2165 3009 2247 3040 quae
2269 2998 2303 3028 in
2326 2999 2447 3029 actibus

1384 3041 1500 3082 quibus
1515 3041 1603 3071 Deus
1619 3041 1734 3072 colitur
1749 3041 1901 3072 consistit.
1925 3041 1976 3072 Ad
1999 3042 2132 3073 formale
2151 3053 2300 3084 namque,
2326 3053 2391 3073 non
2408 3044 2447 3073 ad

1386 3092 1503 3116 certam
1526 3085 1691 3116 materiam
1714 3086 1923 3126 spectandum
1947 3093 2003 3117 est.

1327 3218 1494 3225 mm

1070 3288 1388 3330 ARTICULUS
1417 3289 1646 3331 TERTIUS

992 3373 1147 3404 UTRUM
1171 3372 1346 3404 RELIGIO
1370 3373 1436 3404 SIT
1461 3373 1551 3404 UNA
1575 3373 1733 3404 V1RTUs

307 3472 312 3486 ›
339 3474 365 3497 „2
390 3476 457 3517 A«
484 3465 507 3490 n
527 3463 687 3489 TERTmM
706 3463 759 3489 sm
785 3463 1023 3489 artocem-run.
1043 3452 1203 3489 Videtur
1222 3451 1327 3500 quod
1381 3459 1456 3489 tres
1485 3453 1699 3490 Personas:
1743 3460 1779 3489 et
1807 3452 1942 3489 iterum
1972 3452 2089 3488 multa
2124 3452 2318 3501 attributa,
2347 3466 2446 3503 quae

320 3551 330 3565 ,ι
410 3539 443 3567 υ)
466 3557 471 3562 .
655 3558 661 3564 .
807 3557 813 3563 .
1302 3557 1308 3564 .

350 3576 409 3603 ν,
425 3565 452 3601 ’ἢ
470 3571 574 3605 ‘nem
605 3570 704 3595 emm
735 3557 956 3594 ordinamur
974 3558 1023 3595 ad
1050 3559 1189 3605 Deum,
1210 3565 1250 3594 ut
1275 3558 1327 3594 d1-

409 3506 458 3548 34
485 3505 613 3553 religio
643 3517 721 3542 non
750 3505 796 3541 sit
820 3516 898 3541 una
919 3505 1050 3542 virtus.
1080 3505 1154 3541 Per
1181 3505 1327 3552 religio·
1381 3505 1514 3542 saltem
1563 3505 1708 3542 ratione
1746 3505 1936 3542 differunt.
1983 3504 2144 3542 Diversa
2186 3513 2314 3543 autem
2352 3507 2445 3543 ratio

446 3601 448 3604 ι
1382 3557 1519 3594 obiecti
1554 3558 1692 3594 sufficit
1711 3558 1760 3594 ad
1781 3557 2118 3595 diversificandum
2137 3557 2303 3606 virtutes,
2334 3567 2373 3596 ut
2402 3572 2446 3596 ex

441 3604 473 3647 N
486 3619 588 3649 ctum
619 3618 673 3648 est
691 3610 721 3647 ⁵¹².
753 3612 794 3647 ln
813 3611 898 3647 Deo
927 3618 1052 3647 autem
1081 3618 1137 3647 est
1155 3610 1326 3659 accipere
1381 3610 1610 3659 supradictis
1624 3610 1644 3632 '¹‘
1658 3618 1771 3659 patet.
1798 3611 1899 3658 Ergo
1916 3610 2043 3658 religio
2059 3623 2136 3648 non
2152 3619 2208 3648 est
2221 3624 2298 3648 una
2312 3612 2443 3649 virtus.

2469 955 2479 966 ⁸
2494 954 2550 982 Cep.
2567 960 2600 976 111.

2472 1471 2644 1527 {gmltxhgn
2661 1479 2681 1499 1,

2471 1531 2552 1552 uvni,
2567 1529 2608 1546 art.
2623 1505 2670 1546 &qu
2675 1515 2680 1520 '

2473 1688 2483 1697 ⁴
2499 1687 2594 1709 Hieron.
2606 1687 2625 1708 E
2643 1688 2682 1709 ist.

2472 1713 2619 1744 LlV‚al.K‚a
2642 1714 2685 1736 Fu·

2473 1745 2542 1761 ruam.

2474 3602 2534 3630 'Qu-
2541 3607 2683 3631 nmium-53

2475 3635 2513 3656 qu.
2521 3635 2542 3656 ι,
2550 3634 2591 3650 art.
2598 3635 2617 3655 2,
2625 3630 2653 3651 nd
2661 3636 2681 3651 2.
