2860 4244
431 295 505 331 258

427 372 617 403 contradicat
641 371 738 411 operi.
763 371 809 401 Ex
830 371 888 400 hac
913 369 1070 409 siquidem
1094 367 1274 406 cognitione
1305 365 1405 396 multa
1429 365 1481 395 de-

426 417 573 455 pendent.
598 416 729 446 Videtur
752 414 835 444 enim
853 414 940 463 quod
965 411 1168 443 contradictio
1190 410 1240 440 vel
1255 410 1414 440 dissensus
1437 419 1482 439 re-

426 460 542 491 feratur
556 460 595 490 ad
619 459 781 489 vinculum
801 458 882 487 voti:
907 456 1059 497 quoniam
1084 453 1287 485 contradictio
1313 452 1482 493 superioris

1021 289 1286 336 QUAESTIO
1315 287 1566 334 LXXXVIII,
1595 287 1891 325 ARTICULUS
1918 288 2004 325 VIII

1535 371 1632 403 stum,
1649 365 1703 396 ubi
1727 366 1903 404 Gratianus,
1919 367 1952 397 in
1968 366 2030 397 fine
2053 377 2121 407 cap.
2138 365 2310 397 Mulierem
2325 366 2352 403 *‚
2370 375 2511 406 expresse
2534 365 2596 396 hoc

1535 409 1675 450 explicat.
1692 427 1713 434 —
1737 410 1772 441 In
1793 411 1980 451 oppositum
1995 418 2102 442 autem
2119 417 2165 447 est
2187 410 2262 451 quia
2284 409 2428 450 superior
2446 419 2598 440 revocans

1537 460 1659 493 peccat:
1680 460 1715 484 ut
1725 461 1811 494 patet
1826 465 1863 486 ex
1879 465 1917 486 eo
1930 455 2019 496 quod
2034 455 2132 485 Num.
2142 464 2202 484 xxx
2212 453 2230 473 *
2245 453 2358 485 dicitur
2373 453 2411 484 de
2425 453 2493 484 vito
2508 463 2597 484 revo-

426 503 503 534 nihil
523 504 607 534 aliud
625 510 670 533 est
693 512 789 543 quam
804 501 933 531 irritatio
957 500 1039 535 voti;
1065 509 1129 529 non
1146 498 1281 528 irritatur
1305 505 1411 528 autem
1426 507 1483 528 vo-
1537 504 1626 528 cante
1649 498 1739 540 quod
1764 499 1905 539 portabit
1932 499 2131 540 iniquitatem
2155 508 2258 529 suam.
2290 498 2330 529 Et
2358 503 2480 528 constat
2509 498 2597 539 quod

425 555 494 578 tum
510 558 527 577 a
546 547 706 587 superiore
723 545 887 575 nesciente.
913 544 954 574 Et
969 542 1186 574 confirmatur:
1211 541 1286 583 quia
1297 542 1395 573 Num.
1411 551 1481 578 xxx,
1508 544 1510 583 ξ
1536 541 1609 572 ideo
1633 549 1741 582 peccat
1769 543 1844 584 quia
1867 543 1981 573 iniuste
2005 542 2125 573 inhibet
2148 552 2214 573 rem
2238 542 2307 572 Deo
2336 551 2410 572 curn
2438 551 2498 572 suo
2522 551 2600 572 con-

425 592 478 622 ubi
495 592 533 621 de
556 590 739 621 huiusmodi
754 589 835 619 votis
859 595 905 618 est
928 597 1041 623 sermo,
1063 596 1234 617 consensus
1249 586 1300 616 vel
1326 586 1483 617 contradi—
1508 586 1510 612 Ι
1537 595 1630 616 sensu
1654 586 1854 626 promissam,
1886 597 1952 618 non
1977 587 2052 618 dari.
2077 586 2203 617 Iniustis
2227 593 2333 617 autem
2356 585 2599 616 inhibitionibus

2625 374 2701 396 ‘Can-
2716 380 2772 398 xvii.
2782 375 2835 426 Mu}

2624 479 2694 501 etism
2707 479 2772 501 Gnt.
2782 484 2835 507 post

2625 506 2665 527 cit.
2685 511 2736 527 ean.
2754 505 2834 527 Mani-

2617 532 2719 580 Ῐεῧιέυννιι.
2733 558 2764 580 ¹6.

187 685 197 693 ⁴
207 685 263 711 Arg.
277 683 325 705 Sed
337 685 396 705 cont.

187 818 198 830 ¹⁸
207 818 276 839 Num.
291 817 396 845 praeced.

275 3547 299 3568 in
310 3546 400 3574 Hepta-

191 3547 398 3599 teuQ1:31.lib.1V‚

425 635 486 665 ctio
502 634 670 674 superioris
686 633 816 664 refertur
838 631 1001 662 manifeste
1017 632 1056 660 ad
1075 638 1205 666 votum;
1231 638 1266 661 ut
1281 637 1367 671 patet
1388 630 1431 661 ibi
1449 630 1481 660 in

423 679 522 709 littera
537 679 554 697 *
577 679 614 708 de
630 685 716 718 patre
733 683 874 717 respectu
898 676 1031 716 puellae,
1047 682 1077 706 et
1092 675 1159 705 viro
1176 681 1318 715 respectu
1335 675 1450 706 uxoris.
1461 692 1482 697 -

425 723 458 753 In
482 722 664 762 oppositum
689 729 795 751 autern
819 727 865 750 est
887 720 961 760 quia
984 719 1197 760 oppositorum
1227 719 1336 750 eadem
1361 724 1407 750 est
1430 729 1482 749 ra-

423 810 537 840 sufficit
559 809 728 849 superioris
752 818 923 839 consensus
947 808 986 838 ad
1010 818 1102 848 opus,
1124 814 1160 838 ut
1183 814 1268 848 patet
1290 818 1327 838 ex
1351 807 1472 838 dictis*

422 855 506 894 Ergo
530 854 569 884 ad
593 853 822 883 destituendam
839 852 1065 892 obligationem
1079 851 1264 882 huiusmodi
1287 852 1353 882 voti
1369 849 1510 882 suflicit
1508 872 1510 890 ζ

1508 932 1509 935 ¹
1536 895 1679 926 voventis
1702 896 1756 926 sed
1779 895 1960 937 superioris,
1984 905 2051 927 non
2074 902 2179 936 potest
2201 905 2268 926 esse
2290 895 2420 926 materia
2434 894 2501 927 voti
2524 895 2597 926 sub-

423 897 591 938 superioris
615 898 773 928 dissensus
797 904 939 937 respectu
964 896 1078 936 operis.

479 942 529 972 Ad
552 942 613 972 hoc
637 941 748 972 dicitur
771 942 860 982 quod
883 941 957 982 quia
981 950 1154 971 consensus
1178 940 1227 970 vel
1251 939 1409 971 dissensus
1432 950 1483 971 su·
1508 948 1510 977 ξ

422 986 551 1027 perioris
576 985 706 1025 exigitur
737 986 777 1016 ad
800 993 912 1016 votum
940 985 1062 1015 ratione
1085 984 1246 1020 materiae,
1270 984 1345 1024 quia
1368 984 1484 1015 scilicet
1508 1015 1510 1026 Ι

421 1031 453 1060 id
477 1030 564 1071 quod
581 1037 657 1060 voto
681 1029 875 1070 promittitur
891 1035 936 1060 est
960 1029 991 1059 in
1007 1035 1162 1069 potestate
1185 1028 1371 1068 superioris;
1397 1035 1427 1059 et
1443 1029 1483 1059 ad
1508 1029 1510 1055 ἲ

422 1075 483 1105 hoc
506 1074 595 1114 quod
618 1074 657 1104 sit
680 1073 809 1104 materia
824 1074 901 1110 voti,
919 1080 1046 1113 oportet
1065 1074 1154 1114 quod
1177 1073 1216 1103 sit
1239 1079 1326 1103 actus
1349 1073 1482 1110 virtutis,

423 1128 479 1149 nec
504 1125 696 1158 potest-esse
720 1125 807 1149 actus
830 1118 953 1149 virtutis
977 1118 1036 1148 nisi
1060 1117 1098 1148 sit
1121 1128 1139 1148 a
1162 1117 1323 1157 superiore
1347 1127 1413 1147 non
1436 1118 1483 1147 in-

423 1162 555 1194 hibitus:
579 1162 651 1193 ideo
676 1162 880 1193 contradictio
903 1162 953 1192 vel
977 1172 1149 1192 consensus
1173 1161 1342 1201 superioris
1369 1161 1483 1192 directe

421 1207 460 1237 ad
476 1217 558 1247 opus
574 1206 706 1247 respicit,
720 1207 808 1247 quod
821 1213 866 1237 est
881 1206 946 1236 voti
959 1206 1096 1238 materia.
1114 1206 1155 1236 Et
1169 1212 1345 1245 propterea,
1359 1205 1384 1235 si
1400 1216 1482 1246 opus

422 1251 590 1287 inhibetur,
608 1250 720 1281 desinit
743 1261 809 1281 esse
833 1250 961 1281 materia
984 1250 1060 1286 voti,
1079 1250 1209 1280 durante
1232 1249 1428 1286 inhibitione,
1453 1257 1483 1281 et

425 1295 574 1335 obligatio
599 1295 663 1326 voti
694 1305 759 1325 non
784 1305 815 1324 se
848 1295 984 1325 extendit
1007 1294 1045 1324 ad
1068 1293 1162 1324 illud:
1196 1300 1226 1323 et
1256 1294 1281 1323 si
1309 1303 1391 1335 opus
1416 1304 1481 1324 non

422 1339 590 1375 inhibetur,
608 1339 670 1369 iam
691 1339 822 1369 habetur
836 1339 966 1369 materia
980 1338 1056 1374 voti,
1074 1345 1104 1368 et
1127 1337 1278 1377 obligatio
1295 1338 1361 1368 voti
1378 1345 1482 1375 exten-
1507 1366 1509 1372 ,

1507 1382 1509 1386 ’
1534 1382 1642 1413 uxoris
1671 1382 1779 1422 quoad
1803 1381 2055 1422 promittendum
2078 1389 2108 1412 et
2135 1381 2246 1412 exinde
2275 1380 2487 1412 exhibendum
2509 1381 2596 1411 Deo:

423 1383 467 1414 dit
490 1394 522 1414 se
545 1384 584 1414 ad
607 1383 843 1419 iiludsdurante
868 1382 1144 1412 non-inhibitione.

477 1428 524 1458 Ex
547 1438 585 1458 eo
609 1434 715 1458 autem
738 1427 827 1467 quod
851 1434 950 1457 cessat
972 1426 1123 1466 obligatio
1151 1425 1217 1456 voti
1240 1425 1361 1456 ratione
1384 1433 1482 1457 mate-

422 1473 484 1503 riae
508 1473 681 1502 subtractae
705 1473 743 1502 ab
759 1481 797 1501 eo
822 1470 912 1501 cuius
936 1478 991 1507 est,
1009 1471 1151 1511 sequitur
1166 1470 1254 1510 quod
1278 1480 1344 1500 non
1359 1477 1483 1501 tenetur

421 1516 556 1546 indicare
579 1516 644 1546 voti
668 1515 716 1545 sui
739 1515 903 1546 vinculum
919 1515 1084 1555 superiori.
1109 1514 1272 1551 Quoniam
1291 1514 1482 1545 indicatione
1507 1540 1508 1543 ,

422 1570 503 1600 opus
527 1567 572 1590 est
595 1561 723 1600 quando
747 1559 898 1600 obligatio
921 1566 1095 1590 remaneret
1114 1566 1255 1598 respectu
1272 1558 1356 1588 illius
1379 1559 1483 1599 operis

421 1611 496 1634 tunc
513 1604 702 1644 exequendi:
727 1615 793 1634 non
812 1611 919 1634 autem
938 1605 1067 1645 quando
1092 1603 1206 1634 desinit
1229 1612 1305 1633 esse.
1322 1603 1410 1634 Sicut
1425 1613 1481 1634 nec

422 1649 539 1678 habens
568 1657 680 1680 votum
704 1648 836 1688 simplex
866 1648 1076 1678 continentiae
1100 1654 1223 1678 tenetur
1253 1646 1379 1687 coniugi
1402 1647 1482 1678 indi·
1506 1664 1508 1669 v

423 1703 490 1723 care
506 1700 617 1723 votum
633 1703 738 1728 suum,
756 1693 809 1723 sed
825 1699 930 1732 potest
944 1692 1026 1722 licite
1042 1692 1170 1722 reddere
1189 1691 1347 1722 debitum:
1371 1692 1480 1722 eadem

422 1737 552 1773 ratione,
579 1738 653 1778 quia
677 1737 793 1768 scilicet
822 1744 909 1767 actus
933 1736 1119 1767 concubitus
1149 1735 1309 1766 reddendo
1339 1736 1481 1767 debitum

423 1781 535 1812 desinit
558 1790 624 1812 esse
641 1781 768 1812 materia
791 1781 856 1811 voti
874 1781 1031 1817 castitatis,
1049 1781 1179 1810 durante
1204 1780 1364 1820 coniugio.
1380 1798 1401 1803 -
1417 1781 1482 1811 Nec
1506 1805 1507 1814 ,

423 1826 526 1856 obstat
549 1825 575 1855 si
598 1826 717 1856 dicatur
732 1825 815 1865 quia,
834 1825 858 1855 si
881 1825 1030 1855 indicaret
1049 1824 1115 1855 voti
1138 1824 1187 1855 sui
1202 1824 1366 1854 vinculum
1389 1835 1482 1865 supe·
1506 1848 1507 1855 1

423 1870 496 1900 riori
519 1869 672 1901 inhibenti
696 1880 788 1910 opuS‚
805 1869 886 1900 forte
905 1869 1090 1900 concederet
1110 1868 1199 1898 illud.
1224 1868 1387 1905 Quoniam
1410 1869 1483 1900 licet

423 1914 484 1944 hoc
507 1913 586 1945 forte
603 1914 764 1950 accideret,
785 1924 851 1944 non
874 1920 980 1944 tamen
1003 1913 1042 1943 ad
1065 1913 1127 1943 hoc
1144 1919 1267 1943 tenetur
1289 1923 1326 1943 ex
1348 1913 1379 1942 vi
1395 1913 1480 1944 voti:

423 1958 503 1989 sicut
527 1968 583 1989 nec
607 1958 676 1990 talis
699 1958 815 1989 coniux
838 1965 960 1988 tenetur
975 1965 1079 1997 petere
1103 1966 1122 1986 a
1144 1956 1280 1996 coniuge
1303 1957 1391 1997 quod
1415 1968 1481 1988 non

422 2009 563 2033 teneatur
577 2003 705 2033 reddere
729 2003 880 2038 debitum,
896 2002 946 2032 vel
969 2002 1058 2042 quod
1074 2011 1140 2031 non
1157 2008 1242 2041 petat
1264 2001 1416 2032 debitum.
1441 2002 1482 2032 Et

422 2046 499 2077 ratio
523 2047 632 2077 eadem
657 2054 703 2077 est
725 2057 806 2087 quae
822 2047 885 2076 iam
909 2046 990 2076 dicta
1013 2053 1075 2076 est:
1100 2045 1175 2085 quia
1190 2045 1307 2075 scilicet
1329 2045 1480 2086 obligatio

421 2091 486 2121 voti
510 2090 614 2121 deficit
644 2098 773 2131 propter
804 2090 1050 2121 subtractionem
1082 2089 1246 2125 materiae,
1273 2089 1405 2120 durante
1427 2090 1481 2121 tali

422 2142 502 2166 statu
526 2145 581 2166 seu
606 2135 804 2166 inhibitione.
829 2134 899 2165 Dixi
922 2142 1045 2171 autem,
1070 2143 1112 2164 ex
1134 2134 1165 2165 vi
1188 2134 1270 2164 voti:
1293 2134 1368 2174 quia
1391 2143 1480 2165 secus

422 2186 502 2210 esset
525 2180 654 2220 quando
677 2178 810 2211 intentio
834 2179 965 2209 alicuius
988 2178 1132 2209 voventis
1155 2177 1264 2208 fuisset
1287 2178 1426 2218 obligare
1449 2189 1482 2209 se

421 2225 459 2254 ad
483 2223 747 2254 manifestandum
770 2230 883 2254 votum
907 2223 951 2253 illi
975 2223 1006 2253 in
1031 2222 1121 2254 cuius
1138 2229 1291 2262 potestate
1315 2229 1362 2253 est
1384 2230 1480 2254 mate-

421 2269 465 2298 ria
488 2278 584 2308 quam
609 2268 773 2307 promittit.

477 2313 526 2342 Ad
550 2312 760 2342 obiectionem
783 2321 858 2341 vero
881 2311 914 2341 in
938 2311 1123 2351 oppositum
1148 2310 1260 2341 dicitur
1283 2311 1371 2351 quod
1395 2311 1481 2341 aliud
1506 2342 1508 2356 ἶ

422 2363 467 2386 est
489 2363 601 2386 votum
623 2356 758 2387 irritare:
784 2362 814 2386 et
830 2355 915 2386 aliud
939 2362 985 2393 est
1008 2362 1120 2385 votum
1137 2355 1276 2385 desinere
1300 2356 1338 2385 ab
1363 2355 1480 2395 obliga·
1506 2357 1508 2388 j

422 2400 517 2436 tione,
535 2400 670 2431 totaliter
688 2401 736 2430 vel
752 2410 846 2433 nunc.
861 2407 990 2440 propter
1005 2399 1163 2429 defectum
1182 2399 1330 2430 materiae
1345 2400 1482 2430 totaliter
1506 2396 1508 2408 ³

422 2444 471 2475 vel
495 2444 533 2474 ad
552 2451 686 2484 tempus.
712 2444 843 2474 Irritatio
867 2453 1005 2485 namque
1021 2443 1150 2484 requirit
1169 2443 1314 2474 notitiam
1333 2443 1409 2480 voti,
1427 2451 1482 2475 aut

423 2489 533 2518 saltem
556 2488 724 2528 superioris
746 2488 943 2519 voluntatem
967 2488 1148 2518 irritativam
1172 2495 1322 2518 votorum
1346 2488 1480 2518 subditi:

423 2539 453 2562 et
467 2533 505 2562 de
529 2532 699 2563 irritatione
721 2532 862 2573 loquitur
885 2533 1053 2572 Scriptura,
1070 2542 1151 2572 quae
1171 2532 1316 2562 notitiam
1340 2532 1480 2572 superio-

422 2577 462 2606 ris
486 2577 648 2616 ponderat.
672 2577 792 2607 Desitio
820 2584 927 2607 autem
951 2578 989 2607 ab
1013 2576 1206 2616 obligatione
1236 2575 1360 2607 defectu
1383 2584 1481 2607 mate-

423 2621 484 2650 riae
509 2630 572 2650 non
598 2621 691 2660 exigit
714 2620 772 2650 nisi
803 2621 951 2652 materiae
975 2620 1149 2656 defectum,
1174 2621 1237 2651 sive
1261 2620 1393 2651 scienter
1416 2621 1481 2651 sive

422 2665 601 2704 ignoranter
624 2665 772 2695 dominus
796 2665 942 2695 materiae
965 2664 1052 2695 illam
1075 2664 1205 2695 auferat.
1229 2665 1270 2695 Et
1293 2665 1332 2695 de
1354 2665 1413 2695 hac
1436 2671 1482 2695 est

423 2718 527 2739 sermo
550 2709 582 2739 in
607 2709 862 2748 praesentiarum.

478 2752 538 2783 Sed
562 2753 715 2793 quoniam
731 2753 816 2783 idem
839 2762 904 2783 non
928 2759 975 2783 est
998 2759 1101 2792 petere
1117 2752 1257 2792 aliquam
1280 2762 1347 2783 rem
1362 2753 1412 2783 vel
1428 2753 1482 2783 ali—

424 2797 511 2837 quod
536 2807 618 2837 opus
642 2797 801 2833 absolute,
825 2804 855 2827 et
878 2804 982 2836 petere
1006 2797 1081 2827 haec
1109 2797 1219 2826 eadem
1243 2803 1278 2827 ut
1308 2797 1482 2827 exhibenda

424 2841 491 2871 Deo
516 2850 552 2871 ex
574 2848 720 2881 suscepto
748 2840 900 2871 beneficio
925 2851 980 2880 per
1002 2849 1132 2877 votum,
1157 2848 1186 2871 et
1210 2841 1425 2872 universaliter
1447 2849 1483 2872 ut

424 2885 577 2924 promissa
592 2885 680 2921 Deo;
704 2892 734 2915 et
749 2892 842 2925 negat
865 2885 1058 2925 quandoque
1081 2885 1152 2925 quis
1177 2885 1347 2915 concedere
1364 2885 1483 2926 aliquid

424 2929 565 2959 absolute
581 2929 707 2959 subdito
724 2929 811 2969 quod
828 2936 863 2959 ut
877 2929 946 2959 Deo
964 2929 1175 2959 exolvendum
1191 2929 1389 2959 concederet:
1410 2929 1482 2960 ideo

424 2973 522 3002 tutius
539 2980 584 3002 est
603 2973 703 3003 dicere
718 2973 807 3012 quod
825 2979 948 3003 tenetur
971 2980 1074 3012 petere
1095 2983 1161 3003 rem
1184 2973 1235 3003 vel
1250 2983 1332 3013 opus
1353 2980 1387 3004 ut
1409 2983 1484 3014 pro-

426 3016 519 3046 missa
542 3017 621 3046 Deo.
645 3017 710 3046 Nec
726 3024 772 3046 est
794 3016 894 3046 simile
918 3017 956 3046 de
981 3017 1115 3056 coniuge
1139 3017 1272 3048 habente
1300 3024 1412 3048 votum
1436 3028 1484 3048 ca—

425 3060 552 3090 stitatis:
583 3060 658 3100 quia
679 3070 744 3090 non
769 3061 815 3092 uti
838 3067 908 3090 actu
928 3070 1060 3091 venereo
1084 3061 1245 3091 reddendo
1265 3061 1406 3092 debitum
1427 3071 1484 3092 nec

426 3104 520 3134 etiam
536 3104 594 3134 sub
611 3103 790 3134 conditione
806 3103 887 3134 cadit
901 3105 959 3134 sub
975 3111 1052 3134 voto
1069 3105 1229 3141 castitatis;
1250 3112 1362 3135 votum
1377 3112 1484 3136 autem

426 3146 542 3178 subditi
558 3147 810 3178 conditionaliter
825 3148 1063 3187 comprehendit
1086 3158 1169 3187 opus
1192 3149 1285 3179 etiam
1301 3148 1482 3180 inhibitum.

426 3192 466 3222 Et
490 3191 565 3222 haec
588 3191 638 3221 via
661 3197 707 3221 est
730 3190 909 3230 regulariter
924 3191 1151 3230 amplectenda.
1176 3192 1210 3222 in
1232 3192 1354 3222 casibus
1378 3200 1485 3224 autem

426 3235 527 3275 prima
550 3235 599 3265 via
618 3234 759 3265 sufficere
773 3234 910 3264 videtur:
936 3244 1002 3264 non
1030 3242 1134 3265 tamen
1165 3236 1204 3266 ad
1219 3235 1405 3266 irritandum
1427 3246 1485 3267 vo—

426 3287 511 3315 tum,
539 3286 574 3309 ut
601 3279 722 3309 dictum
745 3286 800 3309 est.

483 3323 533 3354 111.
558 3323 592 3353 In
617 3323 731 3353 eodem
755 3322 886 3353 articulo
918 3322 997 3353 circa
1020 3329 1094 3353 vota
1123 3323 1323 3353 subditorum
1352 3323 1487 3354 occurrit

427 3367 512 3397 aliud
535 3367 679 3403 dubium,
703 3377 744 3397 an
759 3365 903 3397 subditus
926 3375 1045 3396 vovens
1070 3376 1144 3396 cum
1166 3365 1290 3397 licentia
1315 3367 1486 3407 superioris

427 3411 482 3451 qui
506 3417 578 3450 post
600 3418 714 3441 votum
737 3410 855 3441 factum
878 3417 1004 3440 revocat
1025 3410 1198 3447 licentiam,
1221 3417 1363 3441 teneatur
1385 3411 1486 3441 adim-

428 3455 512 3495 plere
535 3461 657 3486 votum.
680 3455 721 3485 Et
743 3454 866 3485 videtur
889 3454 977 3495 quod
1001 3464 1077 3485 non.
1102 3454 1219 3490 Primo,
1244 3454 1320 3494 quia
1342 3454 1418 3485 haec
1442 3462 1488 3486 est

428 3498 596 3537 Augustini
612 3498 773 3535 sententia,
791 3505 918 3538 sumpta
934 3508 971 3529 ex
986 3508 1045 3528 xxx
1061 3508 1128 3539 cap.
1142 3498 1253 3536 Num„
1275 3506 1310 3530 ut
1329 3505 1414 3538 patet
1433 3508 1489 3538 per

428 3542 534 3582 ipsum
557 3543 774 3582 Augustinum
794 3542 826 3572 in
844 3543 957 3573 eodem
972 3542 1046 3573 loco
1060 3542 1086 3572 *.
1113 3542 1214 3574 Cuius
1229 3542 1322 3573 verba
1345 3542 1378 3572 in
1401 3549 1488 3583 parte

429 3587 602 3625 allegantur
631 3595 648 3616 a
675 3586 824 3626 Magistro
854 3586 1097 3622 Sententiarum,
1120 3586 1154 3616 in
1177 3596 1259 3616 xxxii
1288 3586 1488 3619 distinctione

430 3629 558 3667 Quarti;
581 3637 612 3660 et
627 3630 780 3660 habentur
795 3630 826 3660 in
843 3630 991 3666 Decretis,
1002 3630 1144 3666 XXXIII,
1157 3640 1211 3671 qu.
1223 3641 1253 3666 v,
1267 3640 1334 3670 cap.
1347 3630 1488 3672 Manife-

1508 613 1510 656 ξ
1535 640 1601 660 non
1625 637 1671 660 est
1693 631 1916 682 obediendum,
1937 632 1992 662 sed
2015 631 2304 662 contradicendum.
2333 629 2431 669 Igitur
2453 629 2598 661 subditus

1535 681 1659 705 tenetur
1680 673 1776 705 fidem
1800 675 1989 716 promissam
2011 676 2082 707 Deo
2105 685 2243 712 servare,
2269 681 2378 706 contra
2399 674 2598 704 voluntatem

1508 757 1509 760 Ἰ
1536 718 1706 759 superioris
1730 718 1890 751 iniustam.

423 769 476 797 tio.
501 767 561 797 Sed
586 766 624 795 ad
648 765 904 796 constituendum
928 770 1040 794 votum
1065 763 1319 794 conditionatum
1341 763 1482 794 validum
1508 767 1509 787 1

1590 762 1641 793 Ad
1656 762 1751 793 huius
1768 764 1966 800 evidentiam,
1983 763 2211 804 praemittenda
2227 770 2301 794 sunt
2320 763 2396 794 duo.
2421 762 2463 792 Et
2481 761 2597 802 primo,

1508 807 1625 848 quod
1649 816 1723 837 cum
1747 817 1919 838 consensus
1941 808 1992 838 vel
2015 808 2173 838 dissensus
2189 807 2359 858 superioris
2382 806 2415 837 in
2430 812 2507 836 voto
2523 806 2598 836 sub-

1536 851 1592 882 diti
1608 851 1752 891 respiciat
1767 852 1881 882 directe
1897 851 2061 883 materiam
2070 851 2147 888 votI,
2160 861 2252 892 quae,
2266 851 2345 892 quia
2356 860 2422 881 non
2437 857 2484 881 est
2498 850 2598 891 ipsius

1537 940 1593 971 diti
1617 938 1737 982 (nullus
1754 941 1840 971 enim
1857 947 1962 980 potest
1981 939 2119 980 obligare
2133 940 2203 970 Deo
2219 939 2309 980 quod
2324 949 2420 970 suum
2437 949 2503 970 non
2519 936 2579 981 est)
2588 946 2596 975 ;

1537 994 1733 1025 consequens
1750 992 1796 1016 est
1814 991 1850 1015 ut
1868 985 1997 1025 quando
2017 983 2160 1024 superior
2179 982 2326 1016 concedit
2340 982 2467 1014 subdito
2482 992 2598 1014 vovere

1536 1028 1672 1070 aliquid,
1697 1035 1774 1069 puta
1802 1028 1957 1060 ieiunium
1981 1028 2031 1058 vel
2055 1027 2248 1064 orationem,
2273 1026 2347 1058 facit
2375 1033 2481 1058 actum
2505 1026 2597 1057 illum

1536 1073 1591 1114 qui
1615 1079 1662 1103 est
1683 1073 1814 1104 materia
1835 1073 1901 1104 voti
1926 1083 1992 1103 esse
2014 1072 2172 1108 voventis,
2196 1081 2262 1102 non
2286 1070 2471 1112 simpliciter
2491 1077 2522 1102 et
2544 1072 2598 1101 ab·

1536 1118 1658 1154 solute,
1682 1118 1737 1147 sed
1760 1118 1798 1148 ad
1824 1117 2074 1157 promittendum
2100 1123 2132 1147 et
2153 1115 2366 1147 exhibendum
2389 1115 2477 1151 Deo,
2508 1115 2597 1155 quod

1537 1161 1668 1202 exigitur
1692 1168 1722 1192 et
1744 1161 1859 1192 sufficit
1885 1162 1924 1192 ad
1947 1162 2008 1192 hoc
2038 1162 2127 1202 quod
2150 1170 2198 1191 res
2221 1159 2261 1191 sit
2283 1159 2413 1191 materia
2435 1158 2503 1191 voti
2525 1160 2598 1191 mh-

1537 1206 1607 1236 diti:
1636 1213 1672 1236 ut
1695 1206 1891 1237 manifestius
1908 1212 1994 1246 patet
2015 1205 2047 1236 in
2072 1205 2217 1245 exemplo
2241 1213 2347 1234 rerum
2370 1202 2595 1244 corporalium.

1535 1250 1592 1281 Vir
1606 1260 1745 1290 namque
1768 1250 1944 1281 concedens
1960 1249 2050 1281 uxori
2073 1257 2108 1281 ut
2131 1256 2245 1280 voveat
2267 1248 2328 1280 tale
2343 1258 2398 1278 vas
2413 1254 2599 1288 argenteum

1535 1295 1615 1330 Deo,
1639 1303 1705 1323 non
1729 1293 1802 1324 facit
1825 1304 1880 1334 per
1901 1293 1982 1324 hanc
2006 1293 2244 1325 concessionem
2267 1292 2358 1333 quod
2375 1292 2455 1322 illud
2477 1302 2532 1323 vas
2556 1291 2599 1323 sit

1534 1337 1717 1378 simpliciter
1739 1345 1770 1369 et
1791 1337 1936 1368 absolute
1959 1338 2079 1374 uxoris,
2104 1338 2158 1368 sed
2182 1337 2256 1368 facit
2278 1337 2367 1378 quod
2390 1336 2470 1367 illud
2485 1346 2540 1367 vas
2560 1335 2600 1368 sit

1535 1436 1611 1457 nam
1629 1436 1709 1457 uxor
1724 1436 1791 1457 non
1809 1433 1924 1466 potest,
1941 1436 1997 1466 per
2011 1426 2103 1456 istam
2119 1425 2367 1461 concessionem,
2383 1424 2484 1456 facere
2502 1425 2598 1466 quid-

1534 1470 1612 1512 quid
1633 1470 1700 1501 vult
1723 1471 1762 1501 de
1777 1470 1833 1501 illo
1848 1478 1938 1506 vase;
1963 1470 2017 1500 sed
2034 1470 2140 1500 solum
2163 1469 2348 1510 promittere
2367 1475 2398 1501 et
2419 1468 2532 1501 exinde
2547 1478 2598 1501 ex·

1534 1515 1641 1546 hibere
1656 1514 1735 1545 illud
1754 1515 1834 1546 Deo.
1859 1515 1933 1545 Non
1952 1514 2136 1545 transfertur
2152 1523 2226 1554 ergo
2250 1523 2305 1554 per
2319 1512 2505 1544 huiusmodi
2521 1523 2597 1544 con-

1534 1559 1709 1590 cessionem
1731 1559 1812 1589 vasis
1836 1558 2018 1589 dominium
2040 1558 2072 1588 in
2097 1568 2229 1591 uxorem
2253 1557 2446 1598 simpliciter,
2470 1557 2535 1588 sed*
2549 1567 2595 1588 se-

1535 1604 1678 1634 cundum
1701 1603 1792 1644 quid,
1817 1603 1934 1634 scilicet
1955 1603 2063 1644 quoad
2087 1603 2339 1643 promittendum
2363 1608 2393 1632 et
2415 1601 2490 1633 inde
2513 1601 2597 1633 exhi-

1534 1648 1675 1679 bendum
1697 1648 1783 1678 Deo:
1808 1648 1874 1685 sed,
1898 1654 2078 1678 remanente
2102 1646 2246 1677 dominio
2268 1646 2350 1677 vasis
2373 1645 2459 1686 apud
2480 1645 2596 1684 virum,

1534 1702 1613 1723 uxor
1635 1691 1670 1722 fit
1693 1691 1824 1722 domina
1847 1692 1989 1722 eiusdem
2007 1691 2088 1722 vasis
2111 1692 2218 1733 quoad
2239 1691 2316 1721 haec
2339 1697 2475 1721 tantum.
2498 1690 2596 1728 Sicut,

1534 1737 1560 1767 si
1583 1736 1630 1766 vir
1653 1735 1837 1767 concederet
1858 1735 1919 1766 tale
1941 1746 1995 1766 vas
2019 1735 2112 1767 alicui
2136 1743 2180 1767 ut·
2196 1736 2283 1766 daret
2306 1734 2385 1765 illud
2408 1734 2441 1765 in
2463 1734 2596 1775 pignus,

1534 1791 1600 1811 non
1624 1790 1682 1820 pro
1705 1780 1776 1820 ipso
1800 1779 1943 1816 domino,
1968 1780 2022 1810 sed
2046 1790 2104 1820 pro
2124 1790 2162 1811 eo
2182 1780 2232 1811 cui
2251 1778 2436 1810 conceditur
2449 1789 2514 1815 vas,
2539 1780 2596 1810 do-

1533 1824 1670 1855 minium
1692 1823 1773 1854 vasis
1803 1824 1946 1855 absolute
1976 1831 2151 1855 remaneret
2180 1824 2266 1865 apud
2287 1823 2410 1860 virum,
2435 1830 2468 1853 et
2494 1822 2522 1854 is
2587 1824 2595 1831 ‘

1534 1878 1720 1900 concessum
1749 1874 1796 1898 est
1826 1875 1906 1898 esset
1936 1868 2086 1899 dominus
2116 1869 2224 1909 quoad
2251 1867 2313 1898 hoc
2341 1867 2431 1908 quod
2453 1874 2501 1898 est
2522 1833 2597 1899 dii-'I

1533 1912 1612 1944 illud
1635 1912 1668 1942 in
1690 1912 1823 1952 pignus:
1849 1919 1930 1942 esset
1952 1912 2038 1942 enim
2059 1922 2114 1942 vas
2130 1921 2227 1943 suum
2249 1911 2358 1952 quoad
2379 1911 2452 1947 hoc,
2476 1918 2508 1942 et
2530 1919 2595 1945 non

1533 1956 1726 1997 simpliciter.
1743 1956 1882 1994 Quando
1898 1956 1994 1996 igitur
2007 1956 2151 1996 superior
2166 1955 2323 1987 consentit
2337 1954 2494 1986 inferioris
2509 1962 2596 1994 voum

1533 2001 1607 2032 facit
1636 2008 1672 2031 ut
1701 2000 1830 2031 materia
1852 2000 1920 2032 voti
1943 2000 1983 2031 sit
2006 2010 2081 2037 sua,
2105 1999 2222 2031 scilicet
2251 1999 2351 2040 ipsius
2373 1998 2509 2030 subditi:
2539 2009 2599 2032 sue⁴

1534 2053 1641 2076 autern
1665 2055 1731 2075 non
1746 2044 1938 2085 simpliciter,
1954 2045 2009 2075 sed
2031 2045 2071 2075 ad
2094 2044 2347 2086 promittendum
2365 2050 2397 2075 et
2418 2043 2530 2074 exinde
2545 2054 2596 2076 ex-

1507 2085 1508 2100 *
1533 2090 1709 2120 hibendum
1731 2089 1811 2119 Deo.
1843 2089 1885 2119 Et
1911 2095 2077 2130 propterea
2100 2096 2241 2120 remanet
2262 2095 2337 2129 post
2359 2086 2598 2121 concessionem

1534 2133 1715 2165 dominium
1737 2132 1920 2173 simpliciter
1941 2133 2026 2164 illius
2049 2133 2197 2165 materiae
2219 2133 2307 2173 apud
2329 2132 2536 2173 superiorem.

1589 2178 1736 2209 Secundo
1760 2177 1925 2208 sciendum
1944 2185 1991 2208 est
2012 2178 2102 2218 quod
2125 2178 2254 2218 quando
2270 2177 2391 2217 aliquid
2414 2177 2599 2210 conceditur

1534 2222 1627 2253 alicui
1657 2232 1723 2252 non
1750 2221 1910 2258 absolute,
1934 2222 1989 2253 sed
2018 2222 2058 2252 ad
2087 2222 2227 2262 aliquem
2253 2228 2378 2258 actum,
2402 2230 2451 2252 res
2472 2221 2597 2254 illa-sie

1535 2277 1683 2298 concessa
1705 2276 1772 2296 non
1794 2266 1905 2297 transit
1926 2266 1959 2296 in
1975 2266 2098 2297 actuale
2121 2266 2302 2297 dominium
2317 2265 2385 2296 eius
2408 2265 2460 2296 cui
2483 2273 2530 2298 est
2551 2266 2597 2299 sie

1535 2321 1683 2342 concessa
1707 2310 1765 2340 nisi
1790 2320 1846 2350 per
1868 2317 1973 2341 actum
1997 2310 2089 2341 illum
2114 2311 2153 2341 ad
2177 2320 2274 2351 quem
2298 2317 2344 2356 est
2367 2319 2525 2341 concessa.
2549 2313 2597 2342 Ac

1534 2366 1590 2396 per
1613 2355 1685 2391 hoc,
1710 2355 1812 2385 donec
1835 2362 2013 2386 exerceatur
2032 2363 2120 2386 actus
2139 2354 2201 2391 ille,
2225 2364 2274 2385 res
2297 2350 2341 2384 sic
2363 2364 2511 2385 concessa
2530 2363 2596 2386 non

1534 2408 1591 2436 est,
1615 2400 1710 2430 eti'am
1733 2399 1841 2439 quoad
1864 2399 1935 2435 hoc,
1960 2406 2043 2430 extra
2059 2399 2239 2430 dominium
2255 2398 2426 2439 superioris
2448 2398 2504 2439 qui
2520 2407 2597 2430 con·

1534 2444 1641 2480 cessit,
1666 2442 1726 2473 nisi
1747 2442 1780 2473 in
1804 2443 1962 2484 potentia,
1987 2443 2062 2484 quia
2085 2443 2202 2474 scilicet
2231 2443 2375 2474 subditus
2402 2449 2508 2483 potest
2529 2451 2599 2475 rem

1533 2489 1621 2519 illam
1643 2496 1802 2518 assumere
1824 2487 1857 2517 in
1881 2487 2044 2518 materiam
2067 2488 2137 2518 talis
2151 2494 2249 2518 actus.
2273 2487 2368 2518 Verbi
2389 2487 2498 2526 gratia,
2522 2493 2597 2528 pro-

1534 2533 1697 2574 sequendo
1721 2532 1903 2571 exemplum
1927 2531 2079 2571 positum,
2102 2542 2157 2562 vas
2180 2540 2367 2562 concessum
2384 2541 2402 2561 a
2418 2530 2486 2561 viro
2505 2531 2598 2563 uxori

1534 2578 1573 2608 ad
1596 2576 1780 2607 vovendum
1801 2575 1881 2606 illud
1903 2576 1973 2607 Deo
2003 2576 2053 2606 vel
2076 2576 2116 2606 ad
2143 2576 2286 2606 dandum
2311 2575 2345 2606 in
2367 2575 2498 2616 pignus,
2521 2575 2598 2627 quia

1535 2631 1600 2652 non
1624 2627 1671 2651 est
1693 2629 1880 2651 concessum
1895 2620 2049 2656 absolute,
2074 2620 2128 2650 sed
2152 2620 2191 2650 ad
2214 2627 2320 2650 actum
2343 2618 2548 2660 promittendi
2564 2627 2599 2653 et

1535 2665 1646 2696 exinde
1662 2663 1828 2695 exhibendi
1842 2664 1912 2694 Deo
1935 2664 1984 2694 vel
2007 2664 2102 2694 dandi
2118 2664 2151 2694 in
2166 2664 2293 2705 pignus,
2308 2663 2382 2694 ideo
2398 2673 2464 2694 non
2487 2663 2597 2695 transit

1535 2709 1630 2741 etiam
1656 2709 1690 2739 in
1717 2708 1898 2739 dominium
1921 2709 2027 2739 uxoris
2058 2708 2165 2749 quoad
2194 2709 2272 2744 hoc,
2297 2708 2414 2739 scilicet
2440 2709 2529 2749 quod
2558 2707 2600 2739 sit

1535 2763 1631 2784 suum
1647 2759 1684 2783 ut
1698 2752 1827 2783 materia
1847 2752 2068 2792 promissionis
2089 2759 2158 2789 etc„
2182 2752 2242 2783 nisi
2264 2752 2296 2782 in
2319 2752 2471 2792 potentia,
2495 2753 2599 2783 donec

1535 2797 1699 2839 promittat
1720 2796 1800 2827 illud
1822 2797 1902 2827 Deo.
1926 2797 2010 2827 Nam
2032 2803 2204 2838 antequam
2226 2796 2392 2837 promittat
2412 2796 2493 2827 illud
2514 2797 2597 2836 Deo,

1535 2852 1602 2873 non
1626 2849 1672 2873 est
1694 2841 1774 2871 illud
1796 2851 1851 2871 vas
1874 2850 1970 2871 suum
1997 2841 2031 2871 in
2054 2847 2126 2872 actu
2150 2847 2185 2872 ut
2207 2840 2337 2872 materia
2360 2840 2596 2882 promissionis,

1535 2887 1590 2917 sed
1604 2886 1637 2916 in
1652 2885 1803 2926 potentia,
1828 2884 1903 2926 quia
1917 2884 2035 2916 scilicet
2057 2892 2162 2925 potest
2184 2885 2264 2916 illud
2286 2885 2480 2926 promittere.
2505 2885 2599 2916 Unde

1536 2931 1561 2961 si
1577 2940 1658 2961 uxor
1673 2939 1839 2970 nunquam
1862 2929 2107 2969 promissionem
2128 2930 2290 2960 reduceret
2312 2929 2351 2960 ad
2375 2936 2491 2966 actum,
2515 2938 2602 2960 now

1537 2984 1635 3016 quam
1656 2984 1711 3004 vas
1734 2983 1921 3004 concessum
1944 2973 2002 3004 sibi
2024 2974 2064 3004 ad
2087 2980 2194 3005 actum
2218 2973 2438 3014 promissionis
2461 2972 2596 3010 tantum,

1537 3018 1710 3049 efficeretur
1733 3025 1804 3049 actu
1827 3027 1923 3048 suum
1953 3019 2130 3049 secundum
2153 3018 2247 3060 quid,
2271 3018 2388 3049 scilicet
2411 3025 2447 3049 ut
2468 3017 2598 3048 materia

1538 3072 1757 3103 promissionis
1780 3071 1866 3092 snae.

1593 3107 1640 3137 Ex
1665 3106 1714 3136 his
1737 3113 1845 3137 autem
1871 3105 2031 3147 principiis
2060 3106 2319 3146 respondendum
2341 3113 2388 3137 est
2410 3107 2451 3137 ad
2475 3105 2598 3148 quae-i-

1537 3157 1607 3181 tum
1629 3150 1718 3190 quod
1742 3150 1886 3181 subditus
1907 3150 1962 3191 qui
1984 3150 2072 3182 vovit
2093 3150 2132 3181 de
2148 3160 2304 3181 consensu
2324 3149 2495 3191 superioris
2509 3149 2597 3190 post'·

1538 3204 1573 3224 ea
1603 3193 1777 3224 revocantis
1805 3204 1860 3225 seu
1890 3194 2060 3226 inhibentis
2089 3194 2315 3226 exhibitionem
2345 3194 2390 3225 rei
2417 3201 2496 3225 voto
2525 3201 2598 3234 pro-

1538 3237 1660 3273 missae,
1685 3245 1849 3269 excusatur
1872 3248 1889 3268 a
1908 3246 2037 3279 peccato
2053 3248 2119 3269 non
2135 3239 2290 3270 servando
2303 3245 2431 3270 votum:
2455 3237 2600 3278 superior

1510 3314 1513 3324 ¹
1538 3291 1613 3311 vero
1628 3287 1736 3320 peccat
1751 3281 1924 3312 mortaliter
1939 3283 2116 3313 revocando
2130 3293 2186 3314 seu
2199 3283 2382 3314 inhibendo.
2399 3282 2498 3320 Quod
2511 3281 2601 3313 enim

1539 3324 1683 3355 subditus
1705 3332 1878 3361 excusetur,
1902 3326 2045 3366 sequitur
2067 3337 2104 3358 ex
2127 3337 2165 3358 eo
2189 3328 2278 3368 quod
2300 3337 2349 3358 res
2368 3335 2515 3358 concesse
2536 3325 2599 3357 sibi

1539 3369 1579 3399 ad
1602 3368 1861 3419 promittendum·
1875 3376 1904 3400 et
1927 3370 2153 3407 exhibendum,
2177 3371 2250 3402 licet
2272 3371 2352 3402 facta
2375 3370 2470 3402 fuerit
2491 3364 2598 3400 actua·

1539 3412 1610 3443 liter
1624 3422 1682 3442 sua
1700 3419 1736 3442 ut
1754 3412 1882 3444 materia
1898 3413 2116 3453 promissionis
2140 3415 2270 3456 quando
2285 3415 2382 3451 vovit,
2405 3424 2473 3445 non
2490 3421 2598 3444 nmen

1540 3455 1620 3486 facta
1643 3462 1688 3486 est
1711 3466 1767 3486 sua
1789 3455 1822 3486 in
1845 3463 1931 3493 actu,
1956 3458 2011 3488 sed
2033 3457 2066 3488 in
2090 3459 2248 3499 potentia,
2270 3465 2307 3489 ut
2329 3457 2459 3489 materia
2481 3456 2598 3488 exhibi—

1539 3499 1645 3530 tionis.
1666 3499 1706 3530 Et
1719 3506 1884 3539 propterea
1901 3510 1938 3531 ex
1952 3511 2018 3542 quo
2034 3503 2187 3542 superior,
2204 3509 2375 3543 antequam
2390 3502 2429 3532 ab
2445 3510 2484 3532 eo
2499 3508 2598 3532 trans-

1542 3543 1657 3574 feratur
1680 3543 1860 3574 dominium
1883 3546 1991 3585 quoad
2014 3546 2075 3577 hoc
2096 3547 2185 3587 quod
2207 3555 2256 3576 res
2274 3545 2315 3576 sit
2336 3545 2466 3576 materia
2479 3545 2600 3575 exhibi-

1541 3587 1646 3623 tionis,
1670 3596 1736 3618 rem
1758 3587 1846 3619 illam
1868 3589 1991 3620 retraxit
2014 3590 2054 3620 ad
2076 3598 2125 3626 se;
2152 3589 2307 3626 subditus,
2331 3589 2421 3620 cuius
2443 3599 2511 3620 non
2534 3596 2600 3620 erat

1542 3631 1645 3661 adhuc
1669 3638 1739 3662 actu
1763 3631 1857 3662 etiam
1880 3633 2056 3663 secundum
2079 3633 2156 3674 quid
2180 3643 2227 3663 res
2245 3633 2308 3670 illa,
2332 3643 2396 3664 non
2420 3640 2543 3664 tenetur
2558 3633 2598 3663 ad
