2860 4244
9 623 19 632 *
35 622 83 648 Qu.
97 627 124 643 2.
139 624 181 642 art.
197 627 220 647 4.

9 887 20 898 ⁸
29 887 81 915 Οἱς.
92 886 116 912 L.
125 891 181 912 xm,
192 886 222 907 de

10 913 56 936 dlv.
74 919 130 940 reg.
143 912 220 939 lurra,

10 946 42 968 ⁵5.
57 945 95 967 ¹51·

904 234 1170 281 QUAESTIO
1200 235 1321 283 LXII,
1350 235 1649 272 ARTICULUS
1678 235 1764 271 VIII
2378 235 2422 271 61

247 325 321 346 cum
339 314 379 345 sit
398 314 431 344 in
447 324 538 344 mora
557 320 588 344 et
609 319 752 344 teneatur
771 312 902 343 domino
923 312 961 342 de
980 312 1098 342 damno
1115 312 1204 342 omni
1220 312 1308 352 quod

246 369 283 390 ex
306 358 487 389 detentione
510 358 661 398 sequitur,
686 366 883 397 consequens
907 362 953 386 est
975 356 1064 396 quod
1088 356 1146 386 sibi
1167 356 1227 396 ipsi
1250 356 1308 386 im-

246 409 336 443 putet
359 402 501 433 detinens
524 402 612 443 quod
627 402 782 432 damnum
797 399 935 431 notabile
958 399 1095 430 incurrat
1118 400 1150 430 in
1174 400 1309 440 propriis

246 456 283 477 ex
305 446 502 477 restitutione
527 445 636 482 alieni,
661 455 698 476 ex
720 455 787 486 quo
818 444 852 474 in
875 443 968 483 culpa
995 450 1050 474 aut
1077 454 1167 474 mora
1193 451 1255 480 est,
1280 451 1311 475 et

246 490 396 521 dominus
424 489 603 521 notabiliter
633 488 860 520 damnificatur.
893 487 935 518 Et
960 487 1023 518 hoc
1046 494 1092 518 est
1122 488 1217 518 etiam
1244 488 1310 518 sine

246 534 345 565 dubio
367 544 488 565 verum.

300 578 333 609 Si
355 588 431 609 vero
454 577 524 608 talis
548 576 657 607 dilatio
681 576 713 606 in
737 576 902 607 modicum
926 580 981 606 aut
1004 575 1131 605 nullum
1155 576 1310 606 damnum

247 622 408 653 creditoris
424 628 515 657 esset,
532 627 608 651 tunc
624 621 801 650 secundum
817 620 960 655 Scotum,
977 619 1010 649 in
1026 629 1066 649 xv
1083 619 1282 650 distinctione
1294 619 1312 638 *

247 666 370 704 Quarti,
386 675 452 696 non
469 671 594 696 tenetur
616 664 721 694 statim
743 663 923 694 restituere:
947 663 1023 704 quia
1047 663 1197 694 dominus
1219 664 1313 694 debet

246 710 347 749 magis
362 709 443 739 velle
455 709 545 748 quod
560 707 675 739 vitetur
687 717 841 747 magnum
857 707 1103 738 incommodum
1115 707 1253 748 proximi
1266 717 1311 737 re-

246 752 405 784 stituentis
427 762 527 793 quam
550 751 715 782 modicum
738 752 788 782 vel
804 752 931 782 nullum
954 761 1050 782 suum
1066 751 1311 782 incommodum

245 797 278 827 in
301 795 355 827 illa
377 806 435 827 sua
457 795 583 826 modica
606 795 756 826 dilatione
780 796 980 827 restituentis.
1003 813 1024 818 -
1048 795 1110 826 Sed
1133 795 1210 825 haec
1232 794 1311 825 ratio

246 851 313 871 non
330 840 503 871 concludit.v
527 839 611 877 Quia
635 839 716 870 sicut
735 841 844 871 nullus
866 840 1018 871 damnum
1041 839 1139 870 alteri
1152 838 1240 879 facit
1258 839 1314 878 qui

247 886 350 916 utitur
372 886 445 915 iure
465 893 525 915 suo
538 883 566 921 *,
590 883 632 914 ita
655 884 763 914 nullus
786 885 942 914 damnum
965 883 1053 914 alteri
1075 882 1144 913 vult
1166 882 1222 922 qui
1245 882 1314 912 vult

247 929 294 959 uti
309 928 377 959 iure
393 938 463 959 su0.
488 927 622 959 Constat
637 935 744 958 autem
763 928 852 968 quod
875 927 1026 958 dominus
1044 926 1090 957 rei
1109 925 1194 955 licite
1209 932 1315 965 potest

245 972 325 1003 velle
344 972 391 1003 uti
409 982 496 1003 nunc
509 982 542 1003 re
557 980 630 1003 sua:
651 972 727 1013 quia
743 979 789 1002 est
808 972 958 1002 dominus
974 970 1018 1001 rei
1034 979 1124 1006 suae,
1148 979 1206 999 nec
1222 969 1315 1000 debet

246 1026 313 1047 esse
336 1016 499 1048 deterioris
523 1015 715 1047 conditionis
737 1015 812 1056 quia
834 1015 960 1046 detenta
983 1020 1030 1044 est
1051 1023 1100 1044 res
1116 1023 1173 1043 sua
1196 1013 1235 1043 ab
1250 1013 1313 1044 alio

246 1071 345 1103 quam
368 1061 394 1091 si
413 1070 483 1091 eam
504 1061 590 1100 apud
606 1070 638 1091 se
660 1060 798 1090 haberet.
821 1059 896 1089 Non
912 1058 1008 1098 igitur
1023 1063 1148 1088 tenetur
1163 1057 1314 1087 dominus

246 1106 291 1136 rei
313 1105 354 1136 ad
376 1115 443 1135 non
466 1105 546 1136 velle
570 1104 616 1135 uti
640 1113 726 1134 nunc
748 1113 781 1133 re
804 1113 871 1139 sua,
894 1108 1025 1143 propter
1047 1102 1202 1131 damnum
1225 1101 1314 1142 quod

246 1149 390 1191 sequitur
411 1149 446 1179 in
469 1149 646 1179 detentore:
672 1146 826 1187 quoniam
848 1146 926 1187 ipse,
952 1146 1012 1187 qui
1035 1145 1134 1177 utitur
1156 1145 1228 1176 iure*
1243 1155 1314 1181 suo,

246 1203 313 1224 non
328 1192 423 1223 infert
437 1192 592 1222 damnum
607 1191 697 1222 illud.
713 1191 790 1221 Non
804 1197 928 1221 tenetur
942 1190 1038 1230 igitur
1053 1190 1204 1220 dominus
1220 1189 1314 1220 malle

245 1237 336 1279 quod
357 1236 473 1267 vitetur
494 1245 649 1275 magnum
672 1234 808 1275 proximi
830 1234 1077 1265 incommodum
1100 1244 1198 1274 quam
1218 1243 1314 1264 suum

245 1290 382 1322 parvum
405 1287 460 1311 aut
483 1280 578 1311 etiam
601 1279 744 1310 nullum:
777 1279 852 1320 quia
875 1289 941 1309 non
965 1285 1090 1309 tenetur
1111 1278 1191 1309 velle
1214 1278 1315 1318 impe-

246 1324 306 1356 diri
329 1334 362 1356 se
389 1334 408 1355 a
429 1324 530 1354 libero
554 1333 614 1354 usu
644 1323 688 1354 rei
712 1333 787 1354 suae
816 1323 1086 1364 quandocumque
1108 1322 1195 1359 vult,
1225 1322 1315 1363 quod

224 1369 512 1412 *impedimentum
536 1368 711 1399 necessario
734 1367 828 1398 infert
850 1367 920 1398 talis
943 1366 1062 1398 dilatio.
1085 1367 1198 1407 Neque
1220 1366 1316 1407 igitur

245 1410 318 1445 actu
342 1412 459 1449 elicito,
483 1422 588 1453 neque
608 1418 679 1443 actu
696 1412 803 1442 debito
819 1411 933 1442 desinit
948 1421 1015 1442 esse
1030 1411 1148 1441 invitus
1163 1411 1316 1441 dominus

246 1457 398 1489 dominus
420 1457 454 1487 in
477 1456 663 1487 huiusmodi
686 1465 772 1486 casu.
801 1456 941 1486 Aliunde
964 1464 1038 1495 ergo
1061 1455 1246 1485 sustinenda
1269 1461 1316 1485 est

246 1501 324 1534 haec
354 1501 539 1537 conclusio,
563 1500 590 1531 si
617 1499 802 1531 sustinenda
824 1506 881 1531 est.
903 1517 925 1523 -
947 1498 1081 1530 Videtur
1103 1505 1210 1529 autem
1236 1498 1317 1529 mihi

245 1546 336 1588 quod
358 1545 392 1576 in
415 1545 471 1576 tali
486 1555 561 1576 casu
583 1544 667 1576 licite
689 1543 791 1584 possit
813 1543 928 1574 differri
942 1542 1098 1574 restitutio
1122 1542 1244 1573 ratione
1259 1542 1316 1572 im-

245 1589 407 1632 potentiae
423 1588 645 1631 restitutionis.
672 1587 730 1619 Est
752 1587 910 1628 siquidem
932 1586 1094 1618 restitutor
1117 1586 1167 1617 cui
1190 1593 1315 1618 tantum

247 1640 420 1676 emergeret
441 1634 597 1664 damnum
618 1633 653 1663 in
675 1631 818 1672 propriis·
835 1641 872 1662 ex
894 1630 1091 1662 restitutione
1114 1630 1232 1667 subita,
1257 1630 1316 1661 im-

246 1685 362 1720 potens
389 1687 450 1719 pro
473 1684 550 1709 tunc
573 1677 612 1708 ad
635 1676 877 1707 restituendum.
908 1675 1099 1716 impotentia
1122 1682 1228 1706 autem
1256 1685 1316 1715 pro

247 1729 334 1755 nunc
355 1721 507 1758 absolvit,
531 1727 568 1752 ut
589 1721 622 1752 in
645 1721 748 1752 littera
773 1720 887 1751 dicitur
913 1719 947 1750 in
970 1719 1178 1760 responsione
1205 1719 1245 1750 ad
1268 1729 1316 1750 se-

247 1766 401 1804 cundum,
424 1765 601 1797 debitorem
624 1775 642 1795 a
661 1764 855 1808 restituendo
877 1764 1003 1795 statim:
1027 1764 1108 1795 sicut
1129 1763 1318 1804 impotentia

247 1810 433 1851 simpliciter
455 1809 591 1841 absolvit
613 1819 632 1840 a
650 1809 848 1840 restitutione
871 1808 1064 1849 simpliciter.
1089 1808 1187 1846 Quod
1210 1814 1318 1838 autem

248 1854 372 1886 debitor
398 1854 431 1885 in
454 1854 510 1886 tali
533 1864 608 1885 casu
636 1854 676 1884 sit
703 1863 763 1893 pro
787 1860 864 1884 tunc
886 1852 1063 1893 impotens,
1088 1859 1174 1893 patet
1196 1862 1233 1882 ex
1256 1852 1318 1882 hoc

1365 322 1466 352 usque
1489 311 1602 342 habeat
1625 322 1680 352 per
1703 321 1800 352 quern
1824 311 1891 342 sine
1914 311 2032 341 damno
2055 321 2129 342 suae
2146 311 2248 342 famae
2271 312 2427 342 restituat:

1365 363 1410 386 est
1427 366 1564 397 namque
1581 366 1639 395 pro
1657 362 1732 387 tunc
1747 356 1907 396 impotens
1930 356 1986 396 qui
2010 355 2076 386 sine
2093 365 2168 386 suae
2184 355 2286 386 famae
2310 357 2428 386 damno

1365 410 1429 430 non
1454 407 1559 440 potest
1582 400 1754 430 restituere.

1420 444 1473 474 lv.
1499 444 1560 474 Sed
1583 450 1677 474 restat
1704 451 1779 474 tunc
1806 443 1957 480 dubium,
1981 453 2022 474 an
2045 443 2076 473 in
2100 443 2162 474 hoc
2185 453 2259 474 casu
2289 450 2430 474 teneatur

1363 487 1431 523 iste,
1456 486 1499 517 sic
1522 498 1580 527 pro
1599 497 1685 518 nunc
1707 488 1877 528 impotens,
1902 487 1941 517 ad
1963 487 2195 518 restitutionem
2211 487 2296 518 illius
2313 488 2429 518 modici

1365 531 1472 560 damni
1503 532 1591 571 quod
1618 531 1768 562 dominus
1798 531 1928 562 incurrit
1957 541 1993 561 ex
2020 531 2077 562 ista
2105 531 2265 562 dilatione.
2298 532 2430 563 Videtur

1365 574 1451 604 enim
1475 575 1563 614 quod
1587 584 1663 606 non.
1687 575 1772 612 Quia
1787 585 1824 606 ex
1839 585 1905 615 quo
1928 575 2116 615 impotentia
2137 576 2282 606 concedit
2305 575 2362 606 sibi
2377 576 2429 606 be-

1366 617 1514 648 neficium
1539 619 1713 655 dilationis,
1739 629 1804 649 non
1829 626 1874 649 est
1897 628 1955 659 pro
1980 626 2055 650 tunc
2078 619 2110 649 in
2134 628 2239 649 mora:
2268 626 2298 650 et
2321 629 2429 650 conse-

1365 668 1499 702 quenter
1525 672 1591 692 non
1618 669 1742 693 tenetur
1769 664 1808 693 ad
1837 662 2031 693 solutionem
2061 663 2219 694 interesse.
2247 680 2266 686 —
2294 664 2341 694 Ex
2371 663 2431 694 alia

1366 712 1453 745 parte
1474 713 1603 745 apparet
1627 707 1830 751 opposituffi:
1855 706 1930 747 quia
1944 707 2053 738 vitatio
2078 707 2184 737 damni
2200 707 2349 738 debitoris
2364 717 2430 738 non

1367 749 1459 779 debet
1482 759 1548 779 esse
1572 760 1646 780 cum
1671 751 1788 780 damno
1812 751 1982 781 creditoris.

1422 793 1602 823 Dicendum
1618 800 1664 823 est
1682 794 1780 834 quod,
1796 794 1868 825 licet
1887 802 1951 824 tam
1966 794 2153 834 impotentia
2169 795 2314 825 absolute
2332 804 2430 836 quam

1365 836 1555 876 impotentia
1577 847 1613 867 ex
1637 847 1730 867 causa
1754 838 1923 877 superioris
1947 838 2066 868 ordinis
2090 846 2215 869 excuset
2237 849 2255 869 a
2271 838 2430 870 solutione

1366 880 1515 911 interesse
1544 880 1578 910 in
1608 880 1680 911 foro
1711 882 1936 912 conscientiae:
1961 900 1981 904 -
2004 882 2078 922 quia
2101 889 2132 912 et
2154 892 2275 922 pauper
2297 883 2430 913 omnino

1367 924 1500 961 debitor,
1520 934 1594 955 cum
1616 925 1791 964 pervenerit
1814 926 1854 955 ad
1876 926 2077 965 pinguiorem
2101 925 2271 963 fortunam,
2296 937 2362 957 non
2386 934 2430 958 te-

1367 975 1469 1004 netur,
1493 968 1615 998 ratione
1639 979 1757 1005 morae,
1782 970 1821 999 ad
1844 969 2001 1006 interesse,
2025 970 2099 1010 quia
2122 980 2188 1000 non
2212 970 2271 1001 fuit
2293 971 2325 1001 in
2342 981 2432 1001 mora

1367 1012 1423 1052 qui
1447 1022 1513 1042 non
1537 1012 1661 1049 habuit;
1685 1019 1716 1043 et
1738 1013 1794 1053 qui
1818 1013 1939 1043 ratione
1961 1013 2106 1044 vitandae
2129 1024 2204 1044 suae
2219 1014 2366 1045 infamiae
2382 1025 2431 1045 co-

1367 1057 1451 1096 gitur
1473 1055 1594 1086 differre
1613 1056 1854 1093 restitutionem,
1879 1067 1945 1087 non
1967 1064 2091 1088 tenetur
2106 1057 2210 1094 etiam,
2226 1058 2347 1088 ratione
2363 1068 2432 1089 mo-

1367 1110 1429 1137 rae,
1454 1101 1494 1130 ad
1516 1100 1674 1136 interesse,
1699 1100 1774 1141 quia
1797 1111 1863 1131 non
1887 1107 1933 1131 est
1954 1101 1986 1131 in
2011 1111 2100 1131 mora
2123 1102 2178 1142 qui
2197 1102 2367 1142 superioris
2383 1112 2432 1132 or-

1368 1144 1450 1174 dinis
1472 1145 1635 1175 bonorum
1661 1144 1783 1184 legibus
1812 1144 2013 1184 adstringitur
2036 1145 2075 1175 ad
2102 1145 2309 1176 differendum
2335 1144 2433 1188 (fama

1369 1188 1454 1219 enim
1478 1195 1525 1219 est
1549 1189 1673 1219 bonum
1701 1188 1872 1229 superioris
1896 1188 2014 1219 ordinis
2045 1199 2143 1229 quam
2171 1189 2233 1220 sint
2262 1190 2432 1230 pecuniae,

1368 1233 1433 1272 agri
1450 1239 1481 1263 et
1496 1231 1711 1275 huiusmodi):
1729 1250 1749 1255 —
1772 1233 1960 1273 impotentia
1982 1240 2088 1263 tamen
2105 1243 2164 1273 pro
2181 1243 2265 1264 nunc
2289 1243 2325 1264 ex
2341 1244 2433 1264 causa

1367 1277 1509 1307 eiusdem
1534 1277 1654 1307 ordinis
1677 1287 1743 1307 non
1765 1277 1889 1308 videtur
1903 1286 2049 1307 excusare
2069 1287 2086 1306 a
2101 1277 2259 1308 solutione
2275 1277 2431 1309 interesse.

1367 1322 1451 1352 Nam
1478 1327 1562 1351 recta
1589 1321 1668 1351 ratio
1698 1321 1840 1361 postulat
1869 1327 1904 1351 ut
1928 1321 1972 1352 ita
1998 1320 2156 1351 indemnis
2186 1321 2218 1351 in
2249 1321 2434 1352 huiusmodi

1367 1365 1461 1396 bonis
1484 1365 1607 1395 debitor
1630 1372 1778 1402 servetur,
1803 1372 1839 1396 ut
1861 1365 1961 1406 magis
1984 1365 2141 1395 indemnis
2165 1365 2198 1395 in
2222 1365 2363 1396 eiusdem
2387 1376 2435 1396 or-

1367 1409 1450 1440 dinis
1472 1409 1565 1440 bonis
1589 1415 1762 1440 servaretur
1786 1409 1930 1440 creditor.

1424 1453 1475 1484 Ad
1498 1453 1711 1483 obiectionem
1726 1460 1832 1484 autem
1848 1453 1881 1483 in
1897 1453 2083 1493 oppositum
2106 1452 2220 1483 dicitur
2242 1453 2341 1494 quod,
2362 1453 2435 1484 licet

1368 1497 1426 1528 iste
1449 1497 1610 1527 restitutor
1639 1507 1706 1527 non
1734 1497 1774 1527 sit
1802 1497 1835 1527 in
1862 1507 1953 1527 mora
1981 1497 2181 1536 simpliciter,
2210 1503 2241 1528 et
2269 1504 2434 1538 propterea

1368 1547 1474 1582 potest
1496 1540 1618 1571 differre
1636 1541 1883 1577 restitutionem;
1907 1547 1953 1572 est
1975 1547 2082 1571 tamen
2097 1541 2131 1571 in
2145 1551 2235 1571 mora
2257 1541 2434 1572 secundum

1369 1585 1456 1626 quid,
1481 1584 1598 1615 scilicet
1619 1585 1796 1615 secundum
1820 1584 1948 1622 factum,
1973 1585 2048 1625 quia
2071 1584 2188 1615 scilicet
2210 1584 2293 1616 facto
2317 1585 2435 1616 detinet

1369 1629 1509 1660 alienum
1533 1638 1570 1659 ex
1586 1638 1680 1659 causa
1694 1629 1748 1660 tali
1771 1638 1853 1670 quae
1875 1639 1942 1659 non
1965 1629 2057 1659 debet
2079 1628 2111 1659 in
2136 1629 2289 1659 damnum
2313 1629 2435 1659 domini

1370 1673 1557 1704 redundare.

1425 1718 1464 1749 V.
1482 1718 1518 1747 In
1541 1717 1656 1747 eodem
1675 1717 1807 1748 articulo
1824 1723 1937 1747 octavo
1951 1716 1978 1753 *,
1995 1717 2120 1747 adverte
2141 1717 2230 1757 quod
2251 1716 2362 1756 petitio
2386 1716 2434 1746 di-

1370 1762 1507 1798 lationis,
1531 1761 1557 1791 si
1581 1768 1742 1801 speratum
1766 1761 1970 1802 consequitur
1993 1760 2149 1796 effectum,
2173 1761 2307 1791 absolvit
2330 1761 2435 1791 deten-

1371 1814 1474 1837 torem
1497 1816 1516 1836 a
1538 1815 1639 1842 mora,
1659 1805 1702 1836 ita
1726 1812 1761 1836 ut
1784 1806 1822 1835 de
1846 1812 1949 1836 cetero
1973 1815 2039 1835 non
2061 1811 2203 1836 teneatur
2226 1805 2265 1835 ad
2287 1804 2435 1835 interesse

1371 1850 1580 1882 solvendum:
1611 1849 1637 1880 si
1664 1857 1770 1880 tamen
1801 1849 1984 1880 conceditur
2013 1849 2109 1879 libere
2139 1849 2259 1879 dilatio.
2294 1848 2327 1879 Si
2351 1849 2435 1879 enim

2462 1720 2471 1728 ⁸
2488 1718 2513 1739 In
2533 1724 2597 1745 corp.
2613 1722 2633 1739 et
2649 1719 2671 1739 in

2461 1750 2521 1772 resp.
2537 1744 2565 1766 ad
2579 1751 2599 1766 2.

1371 1895 1470 1926 mixto
1493 1893 1673 1925 voluntario
1693 1893 1884 1930 conceditur,
1898 1900 1976 1934 puta
1991 1899 2089 1929 metu,
2109 1893 2159 1923 vel
2181 1893 2256 1934 quia
2278 1903 2344 1923 non
2367 1900 2437 1933 pot-

1371 1946 1418 1970 est
1441 1939 1530 1969 aliter
1552 1938 1652 1969 facere
1676 1944 1731 1968 aut
1754 1938 1871 1974 dicere,
1896 1947 1962 1968 non
1985 1937 2119 1968 absolvit
2141 1938 2179 1967 ab
2203 1937 2350 1968 interesse
2373 1937 2437 1967 sol-

1370 1984 1492 2014 vendo:
1524 1983 1604 2014 sicut
1627 1992 1643 2013 e
1667 1982 1824 2013 contrario
1849 1982 1974 2012 solvens
1997 1981 2178 2012 voluntario
2202 1981 2300 2011 mixto
2324 1991 2435 2012 usuras

1371 2037 1437 2058 non
1461 2027 1563 2068 perdit
1585 2027 1635 2058 ius
1656 2026 1793 2057 illarum.
2053 2036 2058 2039 “

27 1904 223 1957 wast-ff
247 1896 338 1941 q'uod
359 1898 520 1939 impotens
539 1907 606 1929 non
622 1898 730 1928 solum
749 1897 862 1928 dicitur
884 1897 940 1938 qui
964 1907 1030 1928 non
1051 1903 1167 1937 potest,
1183 1897 1239 1926 sed
1262 1896 1318 1937 qui

55 1974 63 1982 ,
80 1963 122 1986 m,
135 1946 160 1981 ι’,
173 1959 195 1986 γ,
214 1946 222 1957 “
248 1942 333 1975 male
347 1949 466 1984 potest:
486 1949 523 1974 ut
537 1942 671 1974 habetur
685 1952 722 1973 ex
735 1941 984 1982 VMetaphys.*
1000 1948 1031 1972 et
1046 1941 1072 1971 ΙΙ
1088 1941 1128 1972 de
1142 1941 1260 1971 Anima
1271 1939 1316 1971 **.

0 1962 115 2037 ξξῆξῃ
127 1989 223 2033 ’Μ’ζὶ·
247 1987 299 2019 Ad
329 1986 412 2018 hanc
439 1987 535 2018 etiam
558 1996 687 2018 causam
715 1986 876 2017 reducitur
904 1986 994 2026 quod
1023 1985 1153 2026 quando
1178 1984 1319 2016 detentio

0 2028 50 2063 1...
83 2027 91 2035 ⁰
156 2026 164 2033 ⁹
215 2026 222 2038 ’
247 2031 341 2064 alieni
368 2037 415 2063 est
437 2038 571 2068 secreta,
594 2037 700 2072 potest
727 2030 799 2072 quis
828 2029 950 2061 differre
975 2029 1208 2061 restitutionem
1239 2039 1319 2070 quo-
