2860 4244
134 618 143 625 ⁸
163 616 227 638 Scor.
249 622 287 643 qu.
305 622 343 639 1v:

134 643 197 663 Rich.
204 646 246 663 art.
254 649 274 670 5,
281 648 343 670 qu-3.

132 1325 342 1352 ‘Loc.cit.,memb.

130 1359 152 1389 33
166 1378 222 1399 Loc.
237 1378 274 1400 cit.

377 242 430 276 44

374 310 601 349 poenitentiam
629 319 739 349 agens,
765 309 887 349 quaerit
908 320 951 343 an
975 317 1118 340 teneatur
1142 309 1181 339 ad
1211 308 1444 339 restitutionem

374 354 487 384 famae.
521 354 561 384 Et
583 354 662 384 ratio
687 353 851 383 dubitandi
873 360 919 384 est
942 353 1017 394 quia
1041 353 1118 382 socii
1140 352 1208 388 sui,
1233 352 1350 392 quibus
1380 353 1443 383 hoc

375 397 492 428 dixerat
515 397 603 433 olim,
622 404 657 428 ut
681 404 858 438 postergata
881 398 1027 427 videntur
1048 396 1162 426 habere
1187 403 1216 426 et
1241 396 1339 426 oblita
1361 406 1444 437 quae
1470 437 1471 441 Ἰ

374 441 502 471 fuerunt
525 441 769 476 adolescentiae,
795 442 875 472 sicut
904 448 933 471 et
956 441 1023 480 ipse
1053 440 1216 470 evacuavit
1239 449 1321 480 quae
1357 442 1443 470 erant
1470 443 1471 473 i

374 485 514 524 parvuli:
539 494 597 515 nec
621 484 735 515 mulier
758 485 810 514 illa
834 485 967 515 habetur
989 483 1096 513 minus
1120 484 1214 519 bona,
1241 484 1386 524 sedipsa
1409 484 1442 514 in
1469 506 1471 509 v

374 529 504 569 antiqua
528 529 656 569 propria
676 529 797 568 optima
822 529 906 558 fama
929 535 1106 568 perseverat
1129 528 1215 567 apud
1238 537 1362 558 omnes.

429 573 480 604 111.
506 574 557 603 Ad
580 573 721 613 primum
746 573 891 607 dubium,
917 573 1005 612 quod
1029 582 1046 602 a
1066 572 1163 602 Scoto
1178 578 1208 602 et
1227 572 1386 603 Richardo
1409 573 1442 603 in

374 617 416 647 IV
435 617 533 653 Sent„
558 617 629 647 dist.
644 626 684 646 xv
700 614 724 651 *,
749 623 908 652 tractatur,
934 626 1009 646 cum
1023 615 1224 647 distinctione
1243 611 1441 656 'responden-

373 705 604 734 denuntiatum.
629 704 746 739 Prim0‚
771 704 803 734 in
821 714 894 734 casu
919 714 995 745 quo,
1020 710 1144 734 'servato
1159 704 1236 734 iuris
1253 704 1373 741 ordine,
1398 712 1441 735 te-

372 756 464 779 netur
488 748 575 778 fateri
600 747 773 778 veritatem.
797 748 839 779 Et
862 748 929 778 sine
948 747 1048 778 dubio
1065 748 1169 784 laedit,
1187 756 1346 789 quantum
1359 749 1392 779 in
1410 759 1442 779 se

372 799 434 828 est,
459 791 577 821 famam
600 791 775 822 accusantis
798 792 848 822 vel
871 792 1104 828 denuntiantis,
1128 792 1154 822 si
1178 793 1442 824 calumniatorem

372 846 446 867 eum
466 835 558 866 dicit:
584 835 749 876 quoniam,
775 843 810 866 ut
832 843 918 876 patet
941 837 1045 873 Extra,
1069 837 1110 868 de
1134 836 1440 875 Calumniatoribus,

371 890 426 920 per
449 887 506 910 tot.
520 902 527 915 ‚
550 889 703 919 magnum
733 880 851 910 crimen
876 888 922 912 est
945 890 1091 912 accusare
1113 881 1164 912 vel
1187 881 1372 912 denuntiare
1388 881 1443 912 fal-

371 934 460 960 sum,
486 931 516 954 et
539 934 654 964 magna
677 934 782 964 poena
810 925 951 964 punitur.
976 925 1057 956 Dico
1081 932 1204 961 autem,
1229 931 1384 966 quantum
1407 927 1440 956 in

370 977 404 998 se
428 973 490 998 est:
514 967 589 1008 quia
612 968 692 998 forte
722 978 758 998 ex
789 969 1028 999 circumstantiis
1053 976 1084 999 et
1111 969 1347 1000 conditionibus
1371 979 1441 1010 per-

371 1021 523 1042 sonarum
545 1012 578 1042 in
606 1012 695 1042 nullo
724 1011 807 1042 laesa
830 1020 973 1044 remanet
995 1012 1079 1043 fama
1102 1013 1331 1050 denuntiantis,
1363 1014 1441 1044 dum

371 1066 482 1086 omnes
500 1056 631 1087 credunt
647 1057 888 1087 denuntiantem
902 1062 1056 1093 veracem,
1070 1062 1102 1088 et
1117 1058 1339 1088 denuntiatum
1355 1067 1442 1088 men·

370 1101 497 1136 dacem,
523 1100 669 1140 quamvis
692 1110 758 1131 non
783 1101 1000 1133 convincatur.
1025 1101 1106 1133 Dico
1130 1112 1279 1142 quoque,
1302 1103 1338 1132 si>
1354 1103 1441 1133 calu-

371 1146 562 1175 mniatorem
591 1155 663 1176 eum
692 1145 787 1176 dicit:
817 1146 972 1186 quoniam
1001 1155 1092 1176 secus
1120 1153 1201 1177 esset
1228 1146 1254 1177 si
1283 1156 1319 1176 ex
1342 1146 1440 1177 animi

369 1189 493 1219 levitate
517 1188 567 1219 vel
594 1189 679 1220 iusto
709 1198 812 1220 errore
840 1190 998 1221 accusatio
1026 1190 1076 1220 vel
1107 1190 1306 1222 denuntiatio
1335 1191 1442 1230 potuit

370 1233 550 1273 procedere,
576 1234 694 1274 absque
718 1233 885 1264 calumnia.

425 1276 499 1306 Alio
516 1277 615 1307 modo
640 1277 795 1317 contingit
817 1277 942 1308 mentiri
958 1277 990 1307 in
1008 1286 1081 1308 casu
1098 1277 1131 1307 in
1148 1287 1214 1318 quo
1231 1287 1296 1307 non
1317 1284 1441 1308 tenetur

369 1321 458 1351 fateri
481 1321 653 1351 veritatem.
679 1322 720 1351 Et
736 1322 788 1357 sic,
806 1322 878 1352 licet
894 1321 999 1352 dicant
1014 1321 1157 1352 Scotus*
1173 1329 1203 1352 et
1219 1321 1394 1352 Richardus
1406 1322 1441 1342 ⁸⁸⁸*

370 1366 459 1405 quod
482 1366 539 1396 iste
568 1375 635 1396 non
657 1365 754 1396 laedit
776 1365 895 1395 famam
918 1365 1110 1397 accusatoris
1133 1375 1189 1396 seu
1215 1366 1440 1402 denuntiantis,

370 1410 425 1439 sed
448 1409 516 1449 ipse
539 1409 634 1440 laedit
657 1409 809 1449 seipsum.
834 1409 910 1449 quia
930 1416 1058 1442 accusat
1080 1410 1131 1440 vel
1155 1410 1321 1440 denuntiat
1343 1410 1376 1440 in
1391 1410 1440 1441 iu-

370 1453 452 1484 dicio
477 1463 514 1484 ea
536 1463 617 1493 quae
642 1463 708 1483 non
732 1461 867 1493 possunt
890 1453 1016 1493 probari
1040 1453 1073 1484 in
1097 1453 1232 1484 iudicio:
1257 1454 1371 1485 melius
1395 1462 1439 1486 ta·
1466 1451 1468 1463 ¹

369 1507 443 1528 men
467 1495 671 1536 distinguitur
689 1498 778 1538 quod
795 1503 958 1529 accusator
973 1507 1029 1528 seu
1046 1494 1250 1529 denuntiator
1273 1498 1440 1539 dupliciter

370 1540 595 1572 consideratur.
625 1541 750 1578 Primo,
775 1549 811 1573 ut
833 1549 996 1572 accusator
1019 1541 1069 1572 vel
1093 1542 1313 1573 denuntiator:
1343 1549 1373 1573 et
1396 1543 1440 1574 sic

369 1596 434 1616 non
458 1585 592 1616 laeditur
615 1596 632 1616 a
655 1586 840 1622 mentiente,
865 1586 1031 1626 quia'non
1054 1592 1180 1617 tenetur
1204 1586 1305 1617 dicere
1328 1587 1439 1618 verita-

368 1637 443 1661 tem.
469 1630 627 1666 Secundo,
645 1638 742 1670 prout
758 1638 805 1662 est
823 1631 893 1662 talis
909 1631 1020 1662 horno.
1041 1630 1082 1661 Et
1098 1631 1141 1662 sic
1157 1631 1291 1662 laeditur
1306 1631 1339 1662 in
1355 1631 1439 1663 fama

369 1685 387 1705 a
403 1674 589 1705 mentiente:
614 1674 769 1715 quoniam
788 1675 845 1706 iste
860 1684 977 1715 negans
1002 1674 1076 1705 dicit
1099 1675 1250 1709 indirecte
1271 1675 1364 1710 illum
1380 1676 1439 1707 ho-

369 1719 490 1749 minem
521 1728 588 1749 esse
612 1719 798 1750 mendacem
829 1719 997 1751 mendacio
1021 1719 1218 1759 pernicioso,
1243 1726 1356 1761 utpote
1379 1720 1438 1751 im-

370 1763 546 1803 positorern
571 1762 719 1794 criminis.
888 1760 895 1770 Α
1171 1766 1174 1769 ’
1356 1803 1357 1806 ¹

424 1807 471 1837 De
495 1806 688 1846 obligatione
713 1817 787 1846 ergo
816 1807 855 1837 ad
883 1806 1115 1837 restitutionem
1143 1807 1247 1838 famae
1276 1807 1309 1838 in
1332 1808 1438 1848 primo

369 1860 441 1882 casu
467 1851 540 1881 satis
563 1851 684 1881 clarum
708 1858 763 1887 est,
789 1851 814 1881 si
839 1852 1007 1882 subsecuta
1030 1858 1082 1881 est
1098 1851 1197 1882 laesio
1221 1851 1332 1883 famae.
1357 1852 1438 1883 Dico

368 1902 476 1926 autem
500 1895 562 1926 hoc
584 1895 670 1935 quia,
695 1906 769 1927 cum
792 1896 825 1926 in
845 1896 936 1926 nullo
959 1896 1095 1926 istorum
1113 1905 1246 1927 casuum
1269 1906 1341 1927 reus
1363 1896 1438 1928 insi·
1465 1901 1466 1904 ’

368 1939 471 1970 dietur
498 1938 601 1970 famae
625 1940 752 1971 alterius
785 1940 844 1971 nisi
873 1940 949 1981 quia
977 1939 1128 1970 indirecte
1157 1947 1187 1971 et
1216 1949 1272 1980 per
1295 1941 1439 1972 accidens

369 1983 470 2014 aufert
493 1983 628 2014 famam:
652 2002 673 2007 —
697 1984 827 2024 quando
852 1991 959 2015 autem
983 1991 1029 2014 est
1051 1983 1203 2015 indirecta
1226 1991 1256 2015 et
1278 1995 1335 2026 per
1358 1985 1439 2024 acci-

368 2028 444 2058 dens
461 2027 576 2057 ablatio
597 2027 709 2064 famae,
727 2028 751 2058 si
769 2038 834 2058 non
850 2026 993 2069 sequitur
1009 2027 1136 2059 effectus
1156 2027 1304 2059 laesionis
1324 2026 1437 2066 famae,

367 2081 432 2102 non
457 2071 551 2102 habet
574 2071 682 2102 locum
699 2071 851 2112 obligatio
876 2073 914 2102 ad
934 2072 1185 2109 restituendum;
1210 2073 1365 2114 quoniam
1380 2079 1438 2104 nec

368 2126 404 2146 ex
427 2116 601 2146 intentione
626 2125 683 2146 nec
711 2116 821 2147 effectu
851 2116 936 2147 fama
963 2116 1066 2147 ablata
1090 2124 1150 2153 est,
1176 2118 1323 2158 quamvis
1350 2125 1438 2148 actus

368 2160 462 2191 fuerit
483 2160 633 2191 indirecte
656 2161 812 2192 ablativus
836 2161 949 2192 famae.
979 2160 1259 2193 Considerandum
1282 2169 1330 2193 est
1352 2162 1438 2193 enim

368 2204 445 2245 quid
476 2214 532 2244 per
556 2204 699 2235 accidens
723 2205 827 2236 evenit
855 2206 887 2235 in
913 2204 1040 2241 effectu,
1067 2215 1103 2236 ex
1127 2216 1193 2246 quo
1222 2205 1318 2239 etiam
1345 2216 1440 2239 causa

369 2259 424 2288 per
448 2248 591 2278 accidens
615 2249 790 2280 discutitur.

423 2293 457 2322 In
480 2293 621 2323 secundo
650 2300 757 2323 autem
785 2304 858 2324 casu
890 2294 1076 2333 supradictis
1108 2293 1291 2324 doctoribus
1315 2293 1439 2325 videtur
1465 2306 1466 2310 ¹

369 2337 458 2377 quod
481 2346 547 2368 non
571 2343 715 2367 teneatur
731 2338 769 2367 ad
784 2338 886 2368 famae
902 2338 1144 2374 restitutionem,
1170 2345 1300 2379 propter
1323 2338 1439 2369 dictam

368 2381 534 2417 rationem,
553 2381 628 2422 quia
645 2381 760 2412 scilicet
776 2393 926 2413 accusans
942 2392 996 2412 seu
1015 2381 1204 2413 denuntians
1229 2382 1355 2414 sibimet
1377 2383 1438 2413 im-

369 2431 479 2465 putare
496 2425 557 2455 hoc
573 2425 674 2461 debet,
700 2426 912 2466 proponendo
937 2427 1025 2467 quod
1045 2436 1111 2456 non
1127 2433 1231 2465 potest
1256 2427 1400 2466 probare.
1416 2445 1438 2451 —

369 2469 440 2505 Sed,
465 2470 550 2500 salva
575 2479 686 2500 eorum
711 2471 891 2506 reverentia,
917 2471 1105 2510 oppositum
1128 2478 1175 2501 est
1198 2481 1319 2502 verum.
1349 2471 1438 2508 Quo-

369 2513 456 2544 niam
480 2514 530 2544 hic
554 2514 670 2553 duplex
694 2515 816 2544 malum
839 2515 1007 2545 intervenit
1038 2514 1212 2545 accusantis
1237 2525 1292 2545 seu
1317 2515 1438 2546 denun-

369 2557 485 2588 tiantis.
510 2558 653 2588 Primum
670 2565 716 2588 est
740 2560 828 2599 quod
845 2558 949 2589 deficit
973 2560 1004 2589 in
1025 2558 1227 2598 probatione:
1253 2566 1283 2589 et
1303 2559 1363 2590 hoc
1378 2558 1439 2600 ipsi

369 2602 595 2641 imputandum
620 2603 732 2642 procul
757 2603 855 2633 dubio
880 2611 935 2634 est.
961 2603 1107 2633 Alterum
1122 2610 1168 2633 est
1191 2604 1280 2643 quod
1304 2605 1440 2634 mendax
1465 2599 1467 2636 ἒ

371 2646 484 2676 dicitur
507 2657 524 2676 a
549 2653 698 2685 negante:
724 2654 754 2677 et
777 2647 838 2678 hoc
863 2648 950 2677 nulla
970 2647 1046 2678 iuris
1066 2647 1187 2678 ratione
1212 2647 1308 2678 actori
1333 2648 1439 2688 impu-

370 2697 463 2726 tatur,
489 2691 542 2720 sed
566 2700 602 2720 ex
625 2691 790 2731 iniquitate
814 2692 966 2730 negantis,
991 2691 1045 2732 qui
1070 2701 1136 2721 non
1153 2691 1213 2722 fuit
1232 2693 1271 2722 ad
1288 2692 1440 2722 mentien-

371 2735 450 2765 dum
472 2734 621 2765 invitatus
645 2735 683 2765 ab
707 2743 812 2766 actore
837 2743 891 2766 aut
913 2736 1032 2771 iudice,
1057 2736 1112 2766 sed
1136 2743 1260 2775 poterat
1282 2736 1440 2767 subterfu-

370 2789 442 2818 gere
466 2789 523 2810 nec
547 2778 734 2810 affirmando
758 2790 817 2811 nec
841 2781 1004 2819 negando,
1029 2790 1066 2810 ex
1089 2790 1155 2820 quo
1184 2790 1250 2811 non
1274 2781 1439 2812 tenebatur

371 2823 468 2853 fateri.
495 2822 580 2854 Cum
602 2823 698 2863 igitur
721 2831 864 2864 uterque,
889 2830 976 2855 actor
999 2824 1117 2855 scilicet
1136 2830 1166 2855 et
1181 2834 1262 2860 reus,
1283 2825 1439 2861 erraverit,

371 2874 481 2898 neuter
505 2867 631 2898 alterius
654 2867 803 2899 iniuriam
827 2876 962 2900 excusat.
983 2869 1053 2899 Nec
1077 2875 1124 2899 est
1146 2868 1197 2900 hic
1221 2870 1439 2909 compensatio

371 2911 557 2942 iniuriarum
581 2912 620 2942 ad
643 2911 796 2949 invicem,
822 2913 877 2943 sed
901 2919 1034 2953 uterque
1058 2919 1183 2944 tenetur
1205 2913 1244 2943 ad
1268 2913 1439 2945 restitutio-

371 2966 445 2986 nem
461 2955 575 2992 famae,
590 2955 801 2987 diversimode
817 2963 940 2988 tamen:
960 2957 1036 2998 quia
1050 2964 1146 2993 actor,
1161 2957 1216 2997 qui
1231 2957 1357 2994 iniuste,
1373 2967 1440 2989 non

371 3007 478 3031 tamen
501 2999 581 3030 falso
605 3000 787 3037 infamavit,
812 3008 937 3032 tenetur
959 3001 1061 3032 dicere
1092 3001 1181 3043 quod
1210 3001 1327 3033 iniuste
1349 3002 1438 3039 fecit;

372 3054 444 3074 reus
463 3050 580 3080 autern,
597 3044 652 3084 qui
672 3044 751 3075 falso
775 3045 950 3082 infamavit,
973 3052 1099 3077 tenetur
1122 3046 1224 3076 dicere
1246 3056 1281 3077 se
1305 3046 1384 3077 falso
1403 3047 1440 3077 il-

371 3088 441 3119 lum
465 3087 700 3118 criminatorem
723 3088 846 3120 dixisse.
880 3090 922 3120 Et
943 3089 1023 3126 hoc,
1048 3097 1084 3120 ut
1107 3090 1303 3130 praedictum
1328 3098 1390 3127 est,
1414 3091 1439 3122 si

373 3138 479 3163 secuta
503 3132 542 3162 sit
564 3131 695 3163 infamia
718 3133 842 3164 actoris.
875 3134 974 3164 Aliter
998 3144 1065 3164 non
1089 3141 1231 3165 tenetur:
1255 3133 1330 3175 quia
1353 3135 1440 3166 resti-

373 3176 455 3207 tutio
478 3176 517 3206 ad
537 3176 598 3207 hoc
622 3176 835 3217 principaliter
851 3178 1015 3209 ordinatur
1038 3185 1074 3208 ut
1097 3178 1252 3208 damnum
1276 3188 1369 3219 passo
1394 3189 1440 3209 sa-

374 3220 516 3251 tisfaciat.

430 3264 512 3295 Sunt
535 3271 643 3295 autem
665 3264 742 3295 haec
761 3264 869 3296 omnia
889 3265 922 3295 in
941 3271 1078 3306 utroque
1098 3275 1171 3296 casu
1191 3272 1320 3297 tractata
1339 3273 1370 3297 et
1389 3267 1441 3297 de-

374 3308 538 3339 terminata
562 3308 743 3349 accipienda
766 3309 896 3350 quando
913 3316 1056 3350 uterque,
1079 3309 1195 3340 scilicet
1211 3317 1297 3340 actor
1312 3317 1344 3341 et
1358 3320 1439 3347 reus,

375 3362 412 3383 ex
434 3359 516 3384 certa
539 3353 668 3384 scientia
691 3354 730 3384 de
746 3353 816 3384 visu
838 3353 991 3393 loquitur,
1013 3360 1042 3384 et
1065 3361 1208 3385 asserunt
1231 3354 1440 3386 contradicto-

375 3397 429 3432 ria,
452 3407 534 3427 unus
553 3398 731 3434 asserendo,
756 3397 832 3428 alter
855 3399 1012 3437 negando.
1036 3398 1191 3439 Alioquin
1215 3406 1323 3438 posset
1346 3399 1441 3430 altera

375 3450 446 3481 pars
471 3441 608 3472 excusari
633 3442 671 3472 de
694 3448 792 3478 tanto,
817 3442 962 3482 quamvis
987 3452 1053 3472 non
1078 3442 1116 3472 de
1138 3449 1218 3478 toto,
1243 3450 1373 3483 propter
1395 3443 1441 3475 iu-

376 3492 462 3516 stum
491 3495 629 3516 errorem
652 3486 701 3516 vel
731 3486 906 3522 levitatem,
932 3493 967 3517 ut
995 3486 1115 3517 dictum
1148 3493 1211 3517 est:
1243 3494 1274 3518 et
1300 3487 1344 3518 sic
1374 3497 1441 3518 non

375 3529 550 3560 laederetur
573 3529 752 3560 notabiliter
775 3530 806 3560 in
830 3530 924 3561 fama.
949 3548 969 3553 —
994 3531 1034 3561 Et
1058 3541 1094 3561 ex
1117 3531 1165 3562 his
1189 3537 1274 3571 patet
1297 3531 1374 3572 quid
1396 3531 1442 3562 vdi-

377 3574 513 3604 cendum
537 3581 582 3604 est
606 3574 643 3604 de
667 3573 746 3604 falso
772 3574 1011 3605 defendentibus
1028 3585 1060 3605 se
1085 3575 1134 3605 vel
1157 3575 1236 3606 alios
1260 3582 1344 3606 extra
1360 3575 1439 3606 iudi-

1071 231 1338 276 QUAESTlO
1368 231 1486 277 LX11,
1515 231 1813 269 ARTICULUS
1843 234 1874 269 ΙΙ

1500 308 1585 339 cium
1609 316 1718 340 contra
1740 318 1912 342 asserentes
1936 322 1973 342 ex
1996 318 2079 342 certa
2094 311 2221 343 scientia
2245 312 2363 343 crimen
2378 313 2519 354 aliquod,
2537 321 2568 345 et

1498 362 1571 383 vere
1593 353 1638 384 sic
1660 361 1716 385 est.
1741 354 1774 387 Si
1798 365 1937 396 namque
1961 365 1997 386 ex
2012 355 2075 386 hoc
2090 362 2225 386 assertor
2237 356 2291 387 ille
2312 357 2446 388 laeditur
2461 358 2494 389 in
2510 369 2568 390 sua

1499 395 1593 432 fama,
1618 403 1655 428 ut
1677 405 1755 437 puta
1777 399 1851 439 quia
1869 399 2016 430 defensor
2032 399 2107 430 dicit
2127 410 2159 430 se
2174 406 2256 431 certe
2272 399 2350 431 scire
2367 402 2567 443 oppositum,

1499 446 1529 471 et
1552 440 1595 471 sic
1624 441 1702 471 alter
1728 449 1892 482 reputatur
1917 444 2038 480 malus,
2065 443 2104 473 ad
2131 443 2233 474 famae
2261 444 2494 476 restitutionem
2521 453 2567 477 te-

1498 492 1600 515 netur.

1554 528 1607 559 IV.
1631 529 1686 559 Ad
1696 530 1876 561 secundum
1893 531 2026 561 dubium
2039 531 2057 551 *
2074 531 2188 562 dicitur
2202 531 2292 572 quod
2312 531 2387 572 quia
2410 540 2476 563 non
2493 543 2567 565 con-

1497 578 1558 605 stat
1581 572 1742 606 auditores
1763 583 1831 605 esse
1854 574 1988 612 oblitos;
2018 582 2048 606 et
2071 576 2248 607 multorum
2272 575 2367 607 etiarn
2390 586 2476 609 nunc
2499 587 2566 609 non

1469 629 1470 652 3
1496 617 1717 654 recordamur,
1742 627 1883 658 quorum
1905 626 1981 659 post
2003 626 2148 661 tempora
2171 619 2405 652 reminiscimur
2412 629 2420 657 ;
2452 627 2483 653 et
2510 631 2567 661 per

373 661 452 691 dum
476 667 531 696 est,
556 661 644 700 quod
669 659 835 700 dupliciter
859 659 1014 699 contingit
1037 659 1162 691 mentiri
1187 667 1370 691 accusatum
1393 661 1443 691 vel
1469 660 1470 665 ’

1496 661 1558 691 hoc
1582 659 1710 691 effectus
1733 660 1881 693 infamiae
1909 673 1926 692 a
1954 662 2110 704 principio
2139 670 2285 694 causatus
2315 663 2394 694 falsa
2420 665 2567 697 iactantia

1468 730 1470 736 .
1496 714 1551 735 seu
1576 703 1738 740 relatione,
1758 713 1934 745 permanet:
1958 707 2030 737 ideo
2050 708 2090 737 ad
2113 708 2344 738 restitutionem
2369 714 2494 739 tenetur
2513 708 2566 741 ille

1495 749 1550 789 qui
1575 748 1666 785 falso,
1692 749 1770 779 dum
1786 759 1866 789 puer
1882 757 1972 787 esset,
1991 751 2116 792 mulieri
2133 749 2273 783 detraxit.
2298 752 2465 793 Contingit
2479 753 2565 784 enirn

1495 799 1540 829 ut,
1566 802 1678 823 eorum
1701 802 1783 833 quae
1802 793 1892 833 pueri
1906 794 2089 826 audivimus
2104 804 2274 832 memores,
2291 796 2324 826 in
2341 797 2453 828 eadem
2475 804 2565 829 tanto

1495 837 1618 869 firmius
1641 846 1877 877 perseveremus
1901 839 2099 875 credulitate,
2124 847 2246 880 quanto
2273 841 2445 878 detractor,
2471 852 2565 883 saepe

1494 881 1661 922 poenitens
1677 891 1766 912 more
1783 881 2048 919 Christianorum,
2065 893 2233 924 nunquam
2248 886 2424 917 retractavit
2443 886 2565 918 dictum

1496 935 1622 956 suum..

1550 969 1588 1000 V.
1615 970 1649 999 In
1682 970 1792 1000 eadem
1820 970 2028 1009 responsione
2057 970 2096 1000 ad
2120 971 2297 1002 secundum
2321 973 2446 1004 adverte
2475 972 2565 1016 q'uod

1494 1015 1626 1050 Auctor,
1650 1013 1683 1044 in
1708 1014 1848 1045 secundo
1865 1024 1940 1045 suae
1957 1014 2167 1046 distinctionis
2183 1016 2338 1053 membro,
2356 1018 2445 1058 quod
2463 1018 2564 1050 modo

1495 1058 1708 1094 tractavimus,
1733 1058 1876 1098 adiungit
1898 1058 2024 1090 falsitati
2048 1058 2253 1090 iniustitiam:
2273 1059 2355 1091 dicit·
2373 1061 2468 1098 enim,
2491 1062 2566 1095 Alio

1495 1102 1607 1139 modo,
1626 1101 1756 1143 salsum
1781 1102 1914 1134 dicendo
1937 1108 1968 1134 et
1990 1104 2116 1135 iniuste.
2147 1103 2262 1144 Neque
2286 1103 2401 1136 frustra
2426 1105 2564 1138 addidit:

1495 1147 1550 1177 sed
1578 1153 1614 1177 ut
1643 1153 1855 1186 praeservaret
1884 1147 2062 1178 doctrinam
2089 1148 2171 1178 hanc
2194 1158 2213 1178 a
2236 1148 2360 1179 casibus
2389 1148 2423 1180 in
2446 1150 2565 1191 quibus

1493 1190 1611 1221 falsum
1634 1190 1758 1227 dicitur,
1780 1190 1862 1223 iuste
1886 1198 2007 1228 tamem
2031 1199 2068 1223 ut
2091 1191 2246 1232 contingit
2267 1191 2365 1225 iudici
2387 1194 2566 1227 secundum

1467 1237 1469 1246 ¹
1494 1234 1627 1274 allegata
1658 1241 1689 1265 et
1715 1235 1847 1275 probata
1875 1235 2038 1267 damnanti
2065 1236 2205 1277 aliquem
2229 1235 2444 1268 innocentem.
2476 1236 2565 1269 Talis

1495 1278 1580 1308 enim
1605 1287 1670 1308 non
1693 1285 1820 1309 tenetur
1840 1279 1881 1309 ad
1904 1279 2137 1310 restitutionem
2160 1279 2264 1311 famae
2273 1280 2286 1317 ,¹
2305 1281 2389 1312 sicut
2408 1287 2468 1312 nec
2490 1282 2565 1314 alte-

1494 1322 1559 1352 rius
1587 1322 1726 1352 cuiusvis
1752 1322 1880 1353 damni:
1911 1323 1967 1353 sed
1993 1323 2063 1354 falsi
2087 1327 2185 1354 testes
2210 1326 2421 1356 tenentur-ad
2443 1327 2564 1358 omnia.

1548 1366 1583 1396 In
1595 1366 1708 1397 eadem
1719 1366 1927 1406 responsione
1943 1369 1984 1398 ad
1998 1368 2188 1404 secundum,
2200 1370 2309 1408 quoad
2316 1369 2450 1402 tertium
2459 1380 2566 1403 ,mem-

1494 1410 1598 1446 brum,
1615 1410 1734 1441 scilicet
1757 1411 1886 1452 quando
1910 1411 1982 1452 quis
2004 1411 2135 1443 abstulit
2158 1411 2278 1447 famam
2300 1413 2437 1454 dicendo
2452 1411 2565 1457 verum

1493 1454 1617 1491 iniuste,
1639 1455 1764 1486 adverte
1788 1456 1864 1487 duo.
1888 1455 2007 1494 Primo,
2031 1465 2139 1498 coram
2162 1455 2278 1496 quibus
2302 1463 2349 1488 est
2371 1457 2481 1499 resfitu
2502 1459 2565 1491 nda

1494 1498 1579 1528 fama
1607 1498 1662 1529 tali
1689 1498 1808 1535 modo,
1833 1499 1951 1530 scilicet
1979 1500 2069 1546 quod
2096 1497 2297 1538 maledixi,
2327 1495 2564 1579 iniusle'ggg'af

1493 1543 1591 1580 mavi,
1608 1549 1675 1573 etc.·
1691 1543 1776 1580 Quia
1799 1543 1825 1574 si
1850 1550 1925 1574 sunt
1945 1553 2100 1584 personae
2115 1543 2237 1585 aliquid
2252 1545 2370 1585 ingenii
2384 1543 2417 1577 et
2435 1544 2488 1576 [Γ
2529 1541 2566 1578 ae

1493 1588 1537 1618 de·
1556 1587 1656 1617 modo
1681 1587 1865 1618 restituendi
1889 1587 2008 1618 famam
2028 1588 2197 1624 habentes,
2222 1589 2293 1619 talis
2314 1589 2478 1623 restitutio*
2498 1592 2565 1622 noh

1493 1638 1540 1663 est
1555 1631 1713 1663 facienda:
1734 1631 1810 1674 quia
1825 1638 1906 1663 esset
1921 1632 2021 1672 tnagis
2037 1632 2237 1664 confirmatio
2261 1633 2335 1665 dicti
2354 1634 2453 1674 prius
2465 1643 2566 1677 qum

2592 538 2603 549 ⁸
2616 537 2687 559 Num.
2703 544 2727 559 u.

1492 1675 1648 1711 restitutio
1668 1675 1782 1707 famae.
1807 1676 1869 1707 Sed
1885 1685 1999 1717 ,coram
2007 1676 2129 1717 talibus
2140 1677 2243 1714 debet,
2259 1679 2397 1719 tacendo
2411 1679 2452 1710 de
2465 1679 2566 1720 primi
2589 1691 2659 1706 ³
2684 1691 2698 1703 ι·
2737 1703 2755 1730 ff.

1465 1753 1467 1758 .
1493 1720 1589 1756 dicto,
1611 1720 1750 1756 laudare,
1775 1730 1849 1762 curn
1863 1720 1992 1752 veritate
2008 1727 2126 1766 tamen,
2142 1720 2314 1762 personam
2335 1718 2434 1760 illam,
2445 1717 2565 1774 1²1¹)ka
2589 1718 2635 1731 ·’··“

1465 1763 1467 1796 Ξ
1492 1763 1665 1804 aperiendo
1688 1764 1777 1805 quod
1801 1764 1898 1795 credit
1920 1764 2027 1805 ipsum
2051 1764 2156 1796 virum
2179 1765 2313 1803 bonum,
2338 1773 2369 1797 et
2392 1766 2466 1799 dare
2490 1770 2566 1815 op'e-

1493 1818 1562 1838 ram
1586 1807 1625 1838 ad
1649 1807 1712 1838 hoc
1736 1808 1825 1848 quod
1848 1808 1892 1838 sic
1915 1804 2080 1840 habeatur>v
2091 1810 2130 1839 ab
2154 1809 2224 1841 illis.
2255 1805 2448 1842 Etho'eita
2471 1806 2564 1851 caute

1493 1862 1533 1883 ne
1556 1852 1703 1883 videatur
1717 1852 1779 1883 hoc
1795 1852 1896 1883 facere
1919 1862 1979 1893 pro
1994 1853 2207 1884 restitutione:
2232 1853 2309 1894 quia
2325 1854 2388 1886 hoc
2406 1862 2494 1887 esset
2515 1853 2563 1887 in*

1493 1897 1608 1928 famiae
1636 1895 1857 1934 confirmatio,
1880 1905 1917 1927 ut
1947 1897 2069 1929 dictum
2097 1904 2153 1928 est.
2176 1915 2199 1921 -
2223 1898 2390 1936 Secundo,
2420 1899 2564 1941 quodvd

1493 1941 1625 1982 quando
1648 1940 1804 1972 restitutio
1829 1941 1899 1972 talis
1917 1941 2077 1973 videretur
2099 1941 2200 1982 magis
2217 1942 2442 1976 rememoratio
2465 1950 2566 1989 quoq

1493 1985 1665 2022 excusatio,
1689 1992 1726 2017 ut
1747 1992 1827 2025 puta
1849 1985 1925 2026 quia
1946 1986 2013 2016 iam
2033 1985 2191 2018 habentur
2212 1986 2401 2027 huiusmodi
2423 1997 2507 2029 pro,v
2528 1989 2565 2064 Ιί-

1491 2028 1573 2066 litis;
1599 2039 1636 2060 ex
1682 2039 1726 2060 uo
1749 2029 1815 2060 non*
1839 2029 2007 2061 intervenit
2031 2030 2166 2061 mendax
2189 2030 2336 2071 infamia,
2362 2029 2467 2063 omitti
2488 2028 2535 2074 p'o
2551 2031 2565 2056 ἶ-

1493 2081 1555 2110 est,
1580 2078 1627 2110 et,
1686 2075 1788 2114 ‘'opus
1816 2072 1928 2110 fuerit,
1950 2073 2054 2106 ‘aliter⁴
2070 2074 2263 2112 satisfacere,
2293 2069 2371 2116 plu'ta
2401 2074 2563 2112 laudando

1491 2123 1662 2159 personam
1680 2118 1812 2159 quando
1831 2118 1966 2159 expedit,
1984 2125 2015 2149 et
2033 2119 2251 2150 conversando
2268 2119 2474 2152 amicabiliter
2488 2114 2564 2153 euni

1492 2163 1648 2199 illaretcs
2468 2190 2470 2193 .
2495 2174 2560 2197 ω’)

1495 2227 1505 2247 ·,
1530 2207 1670 2247 ..VJ-⁷1⁰¹·
1685 2206 1895 2246 responsione
1911 2207 1957 2236 -ad
1981 2214 2132 2248 quartum
2155 2206 2299 2245 eiusdem
2321 2208 2551 2248 articuli-dub*

1493 2251 1585 2292 plura
1609 2257 1789 2282 occurrunt.
1813 2250 1958 2281 Primum
1974 2250 1992 2270 *
2015 2258 2070 2287 est,
2096 2261 2135 2281 an
2159 2261 2334 2292 procurans
2358 2253 2448 2294 quod
2471 2218 2566 2287 deuii

1493 2305 1594 2336 aeque
1617 2294 1725 2335 digno,
1750 2304 1785 2325 ac
1809 2304 1864 2335 per
1888 2295 1949 2325 hoc
1971 2294 2149 2335 impediens
2171 2295 2270 2326 aliurn
2294 2305 2394 2337 aeque
2418 2297 2562 2338 dignum,

1491 2346 1636 2371 teneatur
1658 2339 1699 2369 ad
1722 2338 1966 2370 restitutionem.
1991 2339 2039 2370 De
2055 2339 2117 2370 hoc
2133 2339 2219 2371 enim
2235 2339 2314 2374 nihil
2335 2340 2369 2382 in
2391 2341 2495 2373 littera
2518 2341 2564 2372 di-

1494 2384 1583 2420 citur,
1608 2384 1662 2415 sed
1686 2382 1793 2414 solum
1817 2384 1857 2414 de
1879 2383 2024 2424 digniore
2047 2390 2078 2415 et
2100 2384 2207 2423 minus
2231 2380 2340 2426 dig'no.
2368 2390 2369 2393 ’

1547 2427 1729 2461 Secundum
1745 2426 1763 2446 *
1786 2434 1847 2464 est,
1871 2438 1926 2464 an,
1952 2427 2060 2459 multis
2083 2438 2143 2467 pro
2167 2428 2279 2468 seipsis
2301 2430 2562 2469 procurantibus„
2589 2436 2600 2447 ¹⁸

1493 2472 1519 2502 si
1542 2482 1609 2502 non
1631 2478 1818 2512 assequatur
1842 2471 1982 2511 dignior,
2007 2479 2152 2503 teneatur
2173 2472 2228 2503 ille
2250 2473 2306 2513 qui
2330 2481 2494 2505 assecutus
2515 2481 2564 2506 est

1493 2516 1532 2546 ad
1555 2515 1798 2546 restitutionem.
1824 2515 1864 2546 Et
1883 2522 1931 2546 est
1953 2516 2003 2546 hic
2019 2516 2098 2546 ratio
2115 2515 2202 2547 dubii
2221 2517 2297 2558 quia
2311 2517 2445 2558 quilibet
2458 2524 2565 2560 potest

1493 2570 1552 2600 pro
1577 2559 1680 2600 seipso
1708 2559 1792 2590 licite
1818 2568 2006 2599 procurare;
2039 2567 2069 2591 et
2093 2570 2184 2591 nemo
2211 2560 2364 2593 damnum
2384 2561 2474 2604 facit
2501 2558 2565 2597 n'isi

1493 2605 1548 2644 qui
1562 2604 1651 2645 facit
1675 2604 1756 2634 illud
1778 2604 1863 2644 quod
1876 2604 1996 2644 facere
2019 2605 2069 2635 ius
2093 2615 2155 2635 non
2178 2605 2281 2643 habet,
2308 2613 2343 2636 ut
2366 2606 2441 2637 dicit
2456 2606 2564 2648 regula

1491 2648 1571 2679 iuris
1586 2648 1612 2679 *-

1553 2693 1695 2723 Tertium
1711 2691 1728 2711 *
1752 2698 1798 2722 est
1820 2691 1914 2732 quia,
1940 2702 2014 2722 cum
2037 2692 2146 2723 nullus
2169 2699 2312 2724 teneatur
2334 2694 2374 2724 ad
2397 2695 2563 2726 restituen-

1493 2737 1573 2767 dum
1596 2736 1656 2767 nisi
1680 2743 1716 2767 ut
1738 2735 1849 2767 iterato
1873 2742 1990 2767 statuat
2011 2737 2104 2767 illurn
2125 2737 2159 2768 in
2183 2738 2385 2777 possessione
2408 2739 2453 2770 tei
2476 2749 2534 2771 sua
2554 2763 2562 2777 ‚

1494 2781 1582 2812 nulla
1605 2781 1684 2811 ratio
1709 2787 1839 2820 apparet
1861 2790 1959 2821 quare
1981 2791 2062 2821 ego,
2086 2781 2262 2822 impediens
2286 2782 2386 2813 alium
2414 2793 2432 2814 a
2455 2749 2564 2815 oonsi-

1494 2825 1623 2856 cutione
1647 2823 1790 2855 beneficii
1805 2825 1839 2855 in
1855 2835 1921 2865 quo
1945 2825 2024 2856 nihil
2046 2825 2124 2856 iuris
2147 2835 2292 2866 unquam
2315 2826 2435 2863 habuit,
2458 2834 2565 2859 tenear

1495 2870 1658 2900 restituere
1680 2875 1787 2900 totum
1809 2869 1860 2900 vel
1883 2876 2015 2910 partem.
2046 2870 2094 2900 Ex
2116 2870 2179 2901 hoc
2203 2880 2342 2911 namque
2369 2872 2461 2911 quod
2486 2872 2566 2904 nihii

1494 2923 1639 2955 unquam
1662 2913 1739 2944 iuris
1764 2919 1810 2949 est
1832 2913 1890 2944 sibi
1914 2914 2095 2954 quaesitum
2117 2914 2150 2944 in
2167 2913 2286 2955 aliquo,
2309 2915 2454 2956 sequitur
2475 2916 2566 2957 quod

1494 2958 1575 2989 nihil
1596 2958 1657 2989 fuit
1680 2967 1786 2988 suum.
1810 2958 1851 2988 Et
1865 2967 1922 2998 per
1941 2968 2140 2999 consequens
2159 2959 2302 3000 sequitur
2320 2960 2410 3000 quod
2423 2959 2503 2992 nihil
2517 2966 2566 2992 nt

1494 3002 1554 3033 sibi
1577 3002 1819 3033 restituendum.
1844 3018 1866 3025 —
1889 3002 1930 3034 Et
1952 3002 1978 3033 si
2001 3002 2158 3034 diceretur
2184 3003 2273 3043 quod
2295 3003 2432 3035 habebat
2457 3004 2508 3036 ius
2529 3004 2564 3036 ‘n

1495 3057 1568 3087 spe,
1592 3047 1655 3077 hoc
1685 3056 1751 3077 non
1773 3046 1867 3077 valet.
1899 3047 1988 3077 Tum
2015 3047 2091 3088 quia
2117 3047 2168 3078 ius
2186 3047 2224 3078 -in
2247 3057 2303 3087 spe
2331 3057 2399 3078 non
2422 3054 2471 3080 est
2492 3049 2563 3080 ,ime

1494 3091 1576 3122 sicut
1598 3101 1657 3121 nec
1681 3090 1768 3121 dives
1790 3090 1824 3120 in
1847 3100 1903 3130 spe
1927 3098 1974 3122 est
1996 3091 2093 3122 dives.
2124 3092 2213 3122 Tum
2241 3091 2317 3131 quia
2339 3092 2497 3124 restitutio
2519 3092 2565 3124 rei

1494 3135 1527 3165 in
1551 3145 1607 3174 spe
1629 3141 1706 3165 tunc
1729 3134 1825 3165 habet
1846 3134 1959 3166 locum
1981 3136 2112 3175 quando
2129 3135 2271 3166 aufertur
2285 3135 2335 3167 ius
2358 3137 2450 3177 quod
2471 3136 2566 3168 habet

1494 3179 1528 3209 in
1551 3188 1584 3209 re
1606 3178 1640 3208 in
1661 3188 1725 3219 qua
1750 3178 1904 3209 fundatur
1922 3179 1975 3209 illa
1999 3189 2080 3219 spes,
2097 3186 2133 3210 ut
2154 3185 2241 3219 patet
2263 3179 2296 3210 in
2319 3180 2564 3213 destruentem·

1495 3222 1582 3253 mina
1610 3222 1662 3252 vel
1691 3221 1856 3262 diripiente
1882 3222 2092 3254 instrumenta
2122 3224 2196 3255 artis
2232 3233 2373 3264 quorum
2399 3234 2463 3256 usu
2491 3224 2563 3267 quis

1495 3277 1570 3298 cum
1593 3276 1651 3297 sua
1673 3266 1793 3296 familia
1815 3266 1902 3303 vivit,
1927 3274 1958 3298 et
1979 3267 2154 3299 similibus:
2178 3268 2211 3298 in
2230 3268 2382 3300 omnibus
2400 3268 2487 3300 enim
2509 3269 2563 3300 ab—

1494 3310 1572 3342 latio
1596 3320 1652 3341 seu
1676 3309 1890 3342 damnificatio
1912 3310 1949 3341 fit
1971 3312 2104 3343 alicuius
2119 3311 2164 3342 rei
2186 3312 2219 3343 in
2233 3322 2297 3353 qua
2313 3319 2389 3344 actu
2404 3312 2499 3344 habet
2512 3312 2563 3344 ius

1496 3355 1553 3396 qui
1576 3354 1805 3390 damnificatur,
1829 3365 1911 3395 quae
1931 3363 1978 3387 est
2000 3356 2246 3388 fundamentum
2265 3356 2342 3396 spei.
2367 3357 2402 3388 ln
2419 3366 2492 3388 casu
2507 3367 2563 3388 au—

1496 3406 1562 3430 tem
1584 3399 1752 3440 proposito
1776 3399 1895 3430 nullius
1911 3399 1955 3430 rei
1973 3400 2024 3431 ius
2046 3401 2142 3432 habet
2164 3407 2236 3432 actu
2250 3400 2305 3431 ille
2320 3400 2376 3441 qui
2390 3401 2564 3442 impeditur

1497 3454 1514 3474 a
1538 3450 1773 3474 consecutione.

1551 3488 1592 3518 Et
1615 3487 1821 3518 confirmatur
1836 3487 1863 3518 *ἦ
1889 3488 1974 3525 Quia
1996 3488 2022 3519 si
2046 3489 2072 3519 is
2095 3489 2135 3519 ad
2158 3498 2255 3529 quem
2278 3495 2398 3529 spectat
2420 3488 2562 3520 conferre

1495 3531 1555 3562 tale
1580 3531 1780 3568 beneficium,
1800 3533 1866 3563 sive
1890 3541 2061 3573 antequam
2083 3532 2218 3564 omnino
2235 3532 2476 3570 confirmaverit,
2497 3533 2562 3564 sive

1468 3585 1469 3614 ᾗ
1495 3582 1578 3616 post,
1601 3583 1672 3607 ante
1695 3583 1802 3607 tamen
1826 3587 1924 3617 quam
1947 3577 2008 3613 det,
2031 3587 2067 3607 ex
2084 3576 2188 3617 seipso
2205 3584 2296 3608 motu
2312 3577 2443 3618 proprio
2460 3584 2563 3609 rnutat

2590 2260 2602 2272 ·
2615 2259 2652 2283 Cf.
2667 2266 2732 2283 num.
2746 2267 2784 2283 xv.

2589 2645 2728 2695 2⁰3·ss
2739 2652 2803 2702 ¹³22:

2588 2698 2646 2749 5⁸&
2659 2705 2725 2748 2⁵5³..
2738 2732 2788 2748 vm.

2588 3491 2600 3501 ⁴
2613 3490 2650 3513 Cf.
2665 3496 2730 3515 uum.
2740 3497 2772 3513 rx.
