2860 4244
201 591 211 601 ⁸
225 589 280 616 Cap.
297 595 330 610 ιιι.

201 906 210 915 ·
231 905 279 925 Art.
302 910 317 930 ι,
337 903 366 924 ad
382 909 406 928 2;

200 934 241 952 art.
256 936 275 951 2.

196 1805 204 1811 ·
218 1803 263 1824 ἱΕῐ.
286 1804 322 1824 Au
341 1818 346 1824 .

197 1829 244 1850 Civ.
256 1829 308 1850 Dei.

197 1861 246 1883 cap.
262 1862 277 1877 1.

331 1829 362 1850 ιδ.
372 1828 403 1855 V,

202 3172 212 3182 ⁸
222 3172 245 3193 S.
254 3172 298 3194 Th.
314 3173 364 3194 lect.
377 3179 409 3194 ιιι.

203 3198 270 3219 -Did.
279 3198 352 3226 lib.V‚
359 3205 409 3227 cap.

439 295 515 332 320

437 373 504 409 sed
542 372 664 408 solum
703 371 958 407 consideratur
996 367 1186 416 dispositio
1230 374 1485 402 creaturarum

436 425 518 462 Dei.
549 425 648 472 Ergo
669 423 817 461 videtur
843 422 946 470 quod
965 419 1183 457 huiusmodi
1208 418 1388 456 divinatio
1409 430 1487 454 non

437 478 482 515 sit
510 477 642 513 illicita.

491 530 563 566 SED
597 539 740 566 CONTRA
773 539 838 563 EST
870 526 973 574 quod
1001 524 1231 572 Augustinus
1261 523 1358 570 dicit,
1379 523 1416 559 in
1437 523 1488 559 IV
1514 554 1515 579 ;

442 583 604 629 Corffess.
625 581 663 616 *ε
701 580 790 616 Illos
819 578 1048 627 planetarzos
1082 589 1174 625 quos
1209 576 1488 612 mathematicos
1514 582 1515 598 ³

435 640 588 679 vocant,
625 632 816 669 consulere
843 643 916 667 non
955 631 1190 667 desistebam:
1219 630 1319 677 quod
1337 634 1354 650 α
1382 628 1490 677 quasi
1514 626 1516 656 ἶ

436 662 588 724 nullum'
606 690 697 721 esset
728 685 779 720 eis
810 684 1052 729 sacrificium,
1081 688 1117 719 et
1142 681 1267 718 nullae
1279 693 1412 729 preces
1439 681 1490 717 ad
1514 705 1516 732 2

435 740 595 787 aliquem
631 737 799 785 spiritum
835 738 882 773 ob
919 735 1183 772 divinationem
1223 735 1487 783 dirigerentur.

440 792 546 833 Quod
572 796 694 826 tamen
728 790 938 826 Christiana
967 794 1001 824 et
1027 799 1117 825 vera
1139 788 1261 835 pietas
1289 787 1437 835 expellit
1455 792 1490 823 et

434 845 596 880 damnat.

487 897 709 932 RESPONDEO
738 905 920 931 mel-:NDUM
950 893 1065 941 quod,
1087 892 1182 929 sicut
1210 892 1351 929 dictum
1382 899 1437 928 est
1455 891 1486 938 ⁹¹²,
1515 935 1516 940 ¹

435 947 654 985 divinationi
683 959 781 994 quae
802 959 846 983 ex
875 946 1053 995 opinione
1074 946 1165 982 falsa
1192 946 1253 982 vel
1273 957 1374 982 vana
1401 957 1488 993 pro-
1514 941 1516 988 j

434 1001 541 1047 cedit,
561 999 691 1048 ingerit
718 1012 757 1036 se
787 1000 953 1048 operatio
984 998 1192 1045 daemonis,
1218 999 1259 1035 ut
1286 998 1487 1035 hominum
1514 1004 1516 1050 ξ

434 1053 580 1090 animos
599 1053 764 1101 implicet
782 1052 937 1089 vanitati
966 1060 1029 1088 aut
1048 1051 1205 1088 falsitati.
1231 1052 1339 1088 Vana
1360 1059 1487 1087 autem
1514 1052 1516 1088 ἐ

434 1114 497 1143 aut
515 1107 605 1142 falsa
624 1106 803 1154 opinione
830 1105 945 1142 utitur
963 1105 993 1140 si
1014 1105 1096 1152 quis
1117 1116 1161 1140 ex
1186 1104 1487 1141 consideratione

434 1160 624 1196 stellarum
652 1159 775 1195 futura
806 1158 896 1195 velit
929 1169 1252 1206 praecognoscere
1290 1168 1386 1205 quae
1420 1168 1488 1204 per

434 1224 478 1248 ea
497 1211 765 1260 praecognosci
784 1223 861 1247 non
891 1218 1057 1259 possunt.
1089 1211 1156 1246 Est
1179 1209 1288 1256 igitur
1316 1209 1487 1245 conside-

434 1266 593 1302 randum
615 1264 704 1313 quid
732 1277 800 1312 per
819 1263 1036 1300 caelestium
1064 1274 1266 1310 corporum
1287 1261 1486 1309 inspectio-

433 1330 522 1354 nem
552 1317 598 1354 de
627 1317 757 1353 futuris
786 1316 902 1365 possit
929 1315 1137 1363 praenosci.
1168 1315 1216 1350 Et
1244 1316 1290 1351 de
1319 1314 1376 1350 his
1405 1314 1486 1361 qui-

433 1372 521 1407 dem
559 1382 656 1418 quae
689 1382 733 1405 ex
762 1368 981 1405 necessitate
1017 1367 1212 1412 eveniunt,
1242 1366 1484 1403 manifestum

433 1431 487 1459 est
514 1423 618 1470 quod
646 1434 713 1470 per
741 1420 1080 1458 considerationem
1108 1420 1297 1456 stellarum
1326 1421 1486 1468 possunt
1512 1445 1513 1449 ,

431 1475 647 1524 praenosci:
683 1474 777 1510 sicut
813 1473 988 1521 astrologi
1024 1472 1290 1521 praenuntiant
1328 1472 1484 1521 eclipses

431 1528 583 1564 futuras.
623 1526 731 1564 Circa
763 1526 1109 1575 praecognitionem
1138 1538 1233 1563 vero
1271 1526 1483 1563 futurorum
1511 1539 1513 1580 ᾗ

432 1588 634 1618 eventuum
655 1592 699 1616 ex
728 1580 1028 1616 consideratione
1047 1579 1251 1626 stellarum,
1272 1579 1411 1616 diversi
1432 1579 1485 1616 di-

430 1646 540 1670 versa
568 1633 751 1670 dixerunt.

484 1687 649 1723 Fuerunt
676 1685 777 1722 enim
806 1685 871 1733 qui
901 1685 1067 1721 dicerent
1085 1684 1191 1734 quod
1219 1685 1345 1721 stellae
1375 1685 1485 1733 signi-

430 1739 545 1776 ficant
571 1738 696 1787 potius
724 1750 839 1786 quam
869 1738 1005 1774 faciant
1039 1750 1083 1774 ea
1111 1749 1210 1785 quae
1244 1749 1289 1774 ex
1319 1736 1485 1775 earum!3
1511 1757 1513 1764 ·

432 1791 730 1829 consideratione
745 1790 1100 1840 praenuntiantur&
1116 1811 1140 1818 -
1157 1791 1233 1828 Sed
1248 1791 1323 1827 hoc
1341 1790 1484 1828 irratio-

430 1845 600 1882 nabiliter
629 1844 772 1881 dicitur.
817 1845 944 1881 Omne
973 1844 1074 1881 enim
1109 1845 1305 1892 corporale
1335 1843 1483 1891 signum

430 1898 491 1934 vel
520 1905 574 1934 est
602 1897 756 1934 effectus
784 1898 862 1933 eius
892 1897 997 1934 cuius
1026 1905 1081 1933 est
1109 1897 1277 1944 signum,
1306 1897 1402 1933 sicut
1429 1898 1485 1934 fu-

430 1963 516 1987 mus
540 1950 726 1998 significat
760 1950 899 1998 ignem,
928 1963 949 1987 a
978 1962 1054 1998 quo
1084 1958 1278 1987 causatur:
1307 1951 1369 1986 vel
1397 1963 1484 1999 pro-

431 2004 528 2041 cedit
556 2004 604 2040 ab
638 2004 772 2040 eadem
810 2016 943 2050 causa,
974 2011 1009 2040 et
1037 2003 1109 2050 sic,
1141 2003 1233 2040 dum
1267 2003 1484 2051 significat*

430 2069 594 2103 causam,
614 2068 683 2104 per
711 2069 948 2104 consequens
968 2056 1150 2104 significat
1179 2057 1368 2103 effectum,
1389 2057 1485 2094 sicut

428 2110 489 2146 iris
517 2110 745 2158 quandoque
774 2109 957 2156 significat
984 2110 1233 2157 serenitatem,
1260 2110 1482 2158 inquantum

430 2174 542 2199 causa
569 2163 649 2199 eius
670 2170 724 2199 est
752 2175 864 2199 causa
883 2163 1099 2200 serenitatis.
1130 2164 1221 2199 Non
1247 2170 1372 2199 autem
1401 2170 1484 2212 pot-

429 2223 484 2252 est
512 2215 583 2251 dici
611 2216 713 2263 quod
743 2215 1008 2264 dispositiones
1033 2216 1248 2253 caelestium
1279 2228 1483 2265 corporum

430 2276 465 2305 et
485 2276 608 2304 motus
637 2268 709 2305 sint
729 2269 884 2306 effectus
908 2270 1123 2306 futurorum
1149 2276 1368 2306 eventuum.
1399 2270 1483 2306 Nec

429 2322 564 2358 iterum
601 2329 761 2370 possunt
802 2321 932 2359 reduci
968 2322 1006 2358 in
1043 2322 1211 2370 aliquam
1247 2322 1484 2371 superiorem

431 2386 582 2411 causam
612 2387 859 2411 communem
880 2387 978 2423 quae
1007 2375 1052 2412 sit
1071 2375 1288 2424 corporalis.
1320 2376 1484 2413 Possunt

431 2434 556 2463 autem
577 2427 705 2464 reduci
734 2428 772 2464 in
790 2440 907 2464 unam
937 2440 1090 2465 causam
1117 2440 1364 2465 communem
1386 2441 1483 2477 quae

431 2487 485 2516 est
511 2480 748 2529 providentia
777 2481 905 2518 divina
924 2479 958 2517 δε
988 2482 1054 2518 sed
1084 2481 1155 2517 alia
1184 2481 1328 2518 ratione
1358 2481 1483 2530 dispo-

431 2541 569 2569 nuntur
597 2546 619 2570 a
648 2533 775 2570 divina
803 2533 1041 2582 providentia
1065 2542 1191 2571 motus
1216 2541 1251 2570 et
1279 2534 1370 2570 situs
1399 2547 1483 2571 cae-

430 2586 580 2622 lestium
610 2599 835 2635 corporum,
865 2594 902 2623 et
933 2586 1004 2623 alia
1033 2587 1177 2623 ratione
1207 2595 1366 2623 eventus
1395 2600 1484 2624 con-

431 2639 653 2686 tingentium
682 2640 915 2684 futurorum3
946 2639 1033 2688 quia
1060 2639 1121 2676 illa
1150 2639 1401 2688 disponuntur
1428 2652 1484 2676 se-

432 2692 598 2728 cundum
619 2692 802 2728 rationem
823 2693 1064 2739 necessitatis,
1085 2701 1125 2729 ut
1144 2705 1296 2741 semper
1315 2693 1450 2729 eodem
1473 2698 1485 2714 ε
1511 2713 1513 2728 ι

431 2746 548 2781 modo
576 2745 821 2793 proveniant;
850 2746 944 2782 haec
973 2753 1098 2781 autern
1135 2747 1345 2783 secundum
1376 2746 1486 2782 ratio·
1511 2740 1514 2749 ’

431 2809 518 2834 nem
548 2798 834 2846 contingentiae,
854 2807 895 2834 ut
922 2798 1150 2835 variabiliter
1178 2799 1405 2846 contingant.
1443 2802 1450 2809 '

483 2850 594 2887 Unde
623 2863 701 2888 non
719 2859 842 2899 potest
872 2863 952 2887 esse
972 2852 1076 2900 quod
1106 2864 1150 2888 ex
1179 2851 1410 2900 inspectione
1439 2851 1486 2888 si-

434 2902 566 2939 derum
586 2904 788 2952 accipiatur
815 2905 1071 2952 praecognitio
1091 2905 1304 2942 futurorum
1328 2904 1400 2941 nisi
1419 2904 1487 2941 sic-

432 2963 473 2991 ut
500 2968 545 2992 ex
574 2957 693 2993 causis
720 2965 1092 3005 praecognoscuntur
1112 2958 1278 2994 effectus.
1308 2957 1487 3006 Duplices

434 3015 561 3044 autem
582 3009 736 3046 effectus
756 3011 1025 3047 subtrahuntur
1044 3010 1249 3047 causalitati
1268 3010 1487 3047 caelestium

436 3072 651 3108 corporum.
677 3062 804 3098 Primo
824 3063 990 3110 quidem,
1011 3076 1145 3100 omnes
1166 3064 1321 3100 effectus
1340 3075 1408 3112 per
1427 3076 1486 3100 ac-

437 3112 564 3149 cidens
593 3114 860 3162 contingentes,
881 3116 1027 3152 sivein
1055 3117 1167 3153 rebus
1204 3116 1381 3154 humanis
1408 3116 1487 3153 sive

436 3164 474 3201 in
494 3165 606 3202 rebus
625 3167 865 3203 naturalibus.
897 3168 1006 3214 Quia,
1022 3176 1062 3205 ut
1080 3170 1261 3217 probatur
1279 3170 1317 3206 in
1331 3169 1381 3206 VI
1401 3170 1486 3206 Me·
1513 3181 1515 3195 ⁴

436 3219 580 3266 taphys.
599 3217 630 3265 ³¹⁸,
662 3231 727 3255 ens
755 3232 823 3268 per
851 3220 1024 3257 accidens
1054 3234 1131 3258 non
1163 3222 1277 3258 habet
1312 3234 1488 3259 causam.

490 3333 517 3365 α)
536 3334 614 3366 quod.
627 3348 646 3354 -
665 3335 724 3359 Om.
744 3335 845 3362 PGa.-—
863 3337 900 3362 ets
918 3344 971 3361 orn.
990 3337 1018 3362 P.

490 3368 515 3401 β)
534 3376 635 3394 earum.
649 3383 666 3389 -
684 3377 775 3395 eorum
795 3371 948 3403 ADFHILa,
967 3379 1021 3397 om.
1039 3372 1069 3397 E.
1514 3391 1516 3404 ⁴

490 3404 516 3436 γ)
534 3403 702 3437 significat.-
715 3405 839 3439 designat
853 3407 899 3438 Pa,
913 3405 979 3440 (om.
991 3407 1065 3440 dum)
1079 3408 1203 3441 designat
1212 3409 1330 3440 (causam
1345 3413 1372 3435 et
1379 3411 1441 3442 per)
1456 3410 1488 3436 G.
1514 3406 1516 3425 ⁴

490 3437 515 3470 δ)
535 3439 634 3464 divina.
646 3453 665 3458 -
683 3440 743 3465 Om.
762 3442 814 3466 PD.
1514 3448 1516 3463 ¹

492 3473 514 3504 ε)
533 3474 631 3499 eodem.
644 3488 662 3494 -
679 3478 706 3499 et
723 3476 813 3500 eodem
832 3477 878 3501 Pa.

491 3507 516 3540 ζ)
535 3516 624 3534 unum.
637 3522 656 3529 -
673 3510 826 3542 simpliciter
844 3519 924 3537 unum
943 3512 990 3538 Pa.

492 3543 518 3574 η)
538 3551 655 3575 operum.
672 3558 691 3563 -
708 3547 890 3577 operationum
915 3548 991 3577 PGa,
1010 3556 1063 3573 om.
1082 3548 1113 3574 D.
1131 3562 1150 3568 —
1167 3549 1217 3574 Pro
1235 3549 1291 3580 hoc,
1310 3550 1374 3576 haec
1391 3551 1490 3578 ACEF.

493 3575 517 3609 Ο)
532 3580 793 3612 praecognoscendos
805 3582 955 3615 futuros.-
967 3585 1234 3617 praecognoscendas
1249 3586 1363 3618 futuras
1382 3587 1489 3619 BEFlK,

436 3615 714 3646 praecognoscendum
725 3616 836 3647 futuros
855 3617 885 3641 D.

1117 288 1382 336 QUAEsT1o
1411 288 1533 334 xcv,

1563 287 1859 324 ARTICULUS
1887 287 1922 322 V

1543 372 1579 400 et
1597 364 1801 412 praecipue
1821 364 2043 409 naturalem,
2066 361 2279 398 cuiusmodi
2301 369 2356 398 est
2373 362 2492 399 virtus
2521 374 2604 398 cae-

1542 416 1691 453 lestium
1712 428 1929 465 corporum.
1952 415 2054 462 Quia
2073 414 2177 462 quod
2195 426 2264 463 per
2284 414 2459 452 accidens
2479 415 2520 451 fit
2540 427 2604 452 ne-

1542 481 1616 516 que
1641 477 1696 505 est
1725 481 1791 505 ens
1810 468 1962 518 proprie
1987 479 2111 516 neque
2131 479 2272 503 unum:
2302 467 2397 503 sicut
2415 467 2532 516 quod,
2552 469 2604 504 la-

1542 521 1630 570 pide
1651 522 1820 569 cadente,
1841 522 1907 558 fiat
1932 527 2193 566 terraemotus,
2221 520 2283 557 vel
2309 520 2425 568 quod,
2445 520 2604 557 homine

1542 574 1708 610 fodiente
1743 575 1978 622 sepulcrum,
2008 573 2220 610 inveniatur
2252 573 2470 618 thesaurus3
2508 573 2604 609 haec

1544 626 1657 673 enim,
1681 635 1715 663 et
1742 627 1975 674 huiusmodi,
2002 638 2080 662 non
2113 633 2199 662 sunt
2226 637 2346 662 unum
2366 624 2390 672 ζ,
2421 625 2488 662 sed
2516 625 2605 662 sitn-

1542 679 1686 728 pliciter
1713 680 1842 716 multa.
1887 679 2069 728 Operatio
2099 686 2226 715 autem
2264 686 2421 715 naturae
2454 689 2605 727 semper

1515 734 1516 763 l
1543 732 1764 768 terminatur
1783 732 1833 768 ad
1852 732 1993 780 aliquid
2021 743 2160 768 unum:
2187 731 2283 768 sicut
2302 739 2338 768 et
2355 731 2528 780 procedit
2556 731 2603 768 ab

1542 797 1619 821 uno
1648 784 1846 833 principio,
1867 786 1971 832 quod
2000 792 2056 821 est
2088 785 2212 821 forma
2245 784 2299 821 rei
2332 784 2522 821 naturalis.

1597 837 1774 874 Secundo
1795 845 1935 883 autern,
1956 838 2224 873 subtrahuntur
2253 837 2458 874 causalitati
2486 838 2605 873 caele-

1543 890 1656 926 stium
1677 901 1882 939 corporum
1903 897 2007 926 actus
2036 889 2142 926 liberi
2162 890 2315 938 arbitrii,
2336 890 2439 938 quod
2469 898 2525 926 est
2535 891 2604 938 fa-

1543 943 1660 980 cultas
1673 943 1873 980 voluntatis
1887 948 1922 978 et
1939 942 2095 978 rationis
2104 942 2136 979 ³¹⁶.
2163 943 2374 979 Intellectus
2391 942 2506 990 enirn,
2523 942 2641 980 sive

1544 996 1648 1042 ratio,
1679 1009 1756 1032 non
1786 1003 1840 1032 est
1869 1007 2006 1043 corpus
2027 1007 2096 1031 nec
2116 1002 2220 1031 actus
2250 996 2381 1043 organi
2409 996 2603 1045 corporei3

1543 1057 1580 1085 et
1606 1061 1674 1097 per
1702 1061 1939 1097 consequens
1968 1060 2039 1084 nec
2057 1049 2251 1094 voluntas,
2281 1060 2378 1096 quae
2407 1056 2463 1085 est
2481 1049 2518 1085 in
2548 1061 2605 1086 ra-

1542 1102 1661 1138 tione:
1681 1110 1723 1138 ut
1737 1110 1838 1150 patet
1851 1113 1920 1150 per
1935 1101 2226 1149 Philosophum,
2243 1101 2281 1138 in
2298 1102 2346 1137 111
2357 1101 2404 1138 de
2416 1102 2602 1139 Anima.
2571 1101 2591 1124 '⁸‘

1543 1155 1700 1191 Nullum
1730 1163 1858 1191 autem
1888 1166 2027 1203 corpus
2054 1161 2179 1203 potest
2207 1154 2426 1202 imprimere
2455 1154 2493 1191 in
2522 1166 2603 1192 rem

1541 1207 1820 1256 incorpoream.
1851 1207 1961 1244 Unde
1981 1207 2213 1256 impossibile
2239 1215 2295 1244 est
2318 1206 2422 1255 quod
2443 1219 2605 1257 corpora

1542 1260 1713 1296 caelestia
1742 1260 1880 1298 directe
1909 1259 2128 1308 imprimant
2156 1260 2194 1297 in
2221 1260 2451 1298 intellectum
2482 1269 2518 1298 et
2535 1273 2604 1298 vo—

1512 1315 1514 1330 *
1540 1314 1742 1350 luntatem:
1768 1314 1843 1349 hoc
1863 1313 1963 1349 enim
1988 1321 2085 1350 esset
2107 1325 2252 1361 ponere
2271 1313 2502 1351 intellectum
2525 1327 2604 1352 non

1542 1365 1692 1402 differre
1721 1378 1742 1402 a
1772 1377 1903 1411 sensu3
1938 1367 2043 1413 quod
2079 1366 2320 1414 Aristoteles,
2349 1366 2388 1403 in
2423 1367 2519 1404 libro
2557 1368 2604 1404 de

1538 1419 1680 1455 Anima
1699 1417 1730 1465 *,
1751 1418 1914 1467 imponit
1936 1418 1994 1455 his
2022 1419 2086 1467 qui
2108 1419 2284 1456 dicebant
2303 1419 2408 1468 quod
2428 1421 2512 1457 talis
2538 1431 2604 1458 νο-

1540 1471 1661 1508 luntas
1681 1477 1735 1508 est
1760 1472 1796 1508 in
1816 1471 2028 1508 hominihus
2051 1473 2198 1520 qualem
2219 1473 2256 1509 in
2285 1473 2344 1509 die
2370 1473 2512 1511 inducit
2527 1474 2603 1513 Pa—

1539 1530 1595 1561 ter
1618 1525 1789 1562 virorum
1817 1525 2046 1574 deorumque
2064 1525 2095 1572 ²¹⁶,
2116 1526 2255 1562 scilicet
2283 1526 2340 1562 sol
2359 1526 2421 1563 vel
2441 1522 2602 1565 caelum.

1539 1578 1650 1615 Unde
1679 1590 1840 1626 corpora
1869 1579 2043 1615 caelestia
2071 1591 2149 1616 non
2177 1586 2338 1627 possunt
2365 1591 2447 1616 esse
2467 1593 2540 1629 per·
2559 1593 2604 1618 se

1540 1643 1654 1667 causa
1682 1643 1842 1679 operum
1864 1636 1881 1658 η
1901 1631 2008 1668 liberi
2041 1632 2192 1669 arbitrii.
2222 1653 2247 1660 —
2275 1633 2440 1670 Possunt
2473 1641 2604 1670 tamen

1540 1685 1587 1721 ad
1615 1685 1690 1720 hoc
1724 1683 1943 1733 dispositive
1980 1684 2182 1723 inclinare:
2210 1685 2435 1734 inquantum
2473 1686 2603 1737 impri—

1539 1745 1648 1774 munt
1676 1736 1714 1773 in
1743 1749 1881 1785 corpus
1906 1738 2131 1785 humanum,
2153 1746 2189 1775 et
2207 1750 2276 1787 per
2305 1751 2545 1788 consequens
2562 1739 2604 1779 in

1537 1790 1638 1827 vires
1667 1790 1877 1836 sensitivaS,
1898 1803 1995 1838 quae
2025 1799 2112 1828 sunt
2131 1799 2235 1828 actus
2260 1792 2536 1841 corporalium
2544 1805 2604 1831 or-

1539 1855 1739 1891 ganorum,
1760 1855 1857 1891 quae
1877 1843 2057 1880 inclinant
2077 1845 2125 1881 ad
2143 1845 2335 1882 humanos
2354 1853 2471 1883 actus.
2501 1836 2605 1892 Quia

1539 1904 1668 1933 tamen
1696 1896 1797 1933 vires
1825 1896 2027 1933 sensitivae
2055 1897 2242 1934 obediunt
2269 1898 2424 1946 rationi,
2461 1905 2504 1935 ut
2535 1910 2602 1948 pa-

1539 1957 1590 1986 tet
1617 1961 1686 1998 per
1714 1950 2010 1998 Philosophum,
2040 1950 2078 1986 in
2117 1951 2166 1986 III
2205 1951 2251 1987 de
2277 1951 2418 1988 Anima
2445 1951 2467 1973 ⁸*
2495 1957 2532 1990 et
2563 1952 2602 1990 i'n

1540 2004 1553 2039 I
1581 2003 1702 2039 Ethic.
1726 2001 1757 2049 ²¹⁸,
1779 2003 1881 2039 nulla
1909 2003 2113 2040 necessitas
2133 2015 2177 2039 ex
2197 2003 2272 2040 hoc
2299 2003 2418 2042 libero
2447 2003 2639 2045 arbitrio

1539 2055 1764 2104 imponitur,
1795 2056 1862 2093 sed
1896 2064 2026 2093 contra
2059 2055 2344 2095 inclinationem
2383 2048 2660 2100 caelestium*

1540 2121 1745 2168 corporum
1772 2109 1892 2145 horno
1921 2117 2046 2157 potest
2073 2121 2143 2157 per
2171 2109 2356 2147 rationem
2386 2111 2548 2159 operari.

1593 2162 1632 2198 Si
1666 2162 1749 2210 quis
1785 2173 1874 2209 ergo
1913 2162 2215 2199 consideratione
2251 2170 2439 2201 astrorum
2477 2171 2605 2203 utatur

1538 2214 1586 2252 ad
1614 2215 1998 2264 praecognoscendos
2034 2213 2213 2252 futuros⁶
2234 2217 2403 2254 casuales
2429 2218 2493 2255 vel
2526 2216 2608 2256 for'·

1538 2267 1651 2304 tuitos
1681 2275 1860 2315 eventus,
1892 2276 1956 2305 aut
1985 2267 2097 2305 etiam
2126 2270 2173 2305 ad
2194 2269 2506 2318 cognoscendum
2523 2262 2602 2324 ρξὶ·
2655 2275 2660 2287 “

1539 2320 1803 2358 certitudinem
1831 2321 1955 2358 futura
1989 2334 2107 2381 opera
2134 2322 2358 2370 hominum,
2387 2323 2601 2371 procedet*

1537 2375 1612 2411 hoc
1641 2386 1686 2411 ex
1720 2374 1812 2411 falsa
1842 2382 1878 2410 et
1905 2387 2006 2411 vana
2038 2375 2232 2423 opinione.
2270 2376 2320 2413 Et
2347 2376 2400 2413 sic
2427 2377 2603 2425 operatio

1538 2427 1738 2464 daemonis
1762 2440 1802 2463 se
1822 2427 2021 2464 immiscet
2051 2428 2162 2465 Unde
2182 2429 2251 2465 erit
2270 2428 2451 2466 divinatio
2472 2438 2602 2480 super-

1538 2480 1680 2517 stitiosa
1710 2488 1745 2516 et
1773 2479 1907 2516 illicita.
1937 2500 1962 2508 —
1992 2481 2032 2517 Si
2059 2492 2154 2517 vero
2191 2481 2324 2531 aliquis
2359 2489 2484 2519 utatur
2512 2494 2602 2520 con-

1538 2532 1764 2570 sideratione
1803 2539 1990 2569 astrorum
2026 2533 2075 2570 ad
2111 2535 2518 2582 praecognoscendum
2546 2536 2602 2585 fu-

1538 2594 1621 2622 tura
1657 2598 1754 2634 quae
1784 2598 1828 2622 ex
1864 2585 2087 2623 caelestibus
2123 2595 2324 2624 causantur
2359 2589 2601 2638 corporibus,

1538 2646 1630 2687 puta
1658 2639 1840 2675 siccitates
1870 2646 1905 2675 et
1933 2639 2081 2687 pluvias
2111 2647 2147 2676 et
2169 2639 2241 2676 alia
2270 2641 2502 2689 huiusmodi,
2523 2655 2603 2681 non

1540 2692 1607 2728 erit
1634 2691 1757 2727 illicita
1786 2691 1968 2728 divinatio
1997 2704 2067 2728 nec
2096 2693 2365 2741 superstitiosa.

1594 2745 1642 2781 Et
1671 2745 1880 2781 secundum
1899 2745 1974 2780 hoc
1992 2752 2095 2793 patet
2116 2746 2313 2794 responsio
2343 2747 2391 2783 ad
2420 2747 2600 2796 primum.

1593 2799 1651 2834 AD
1671 2809 1861 2834 SECUNDUM
1880 2809 2064 2835 DicENDuM
2093 2799 2197 2846 quod
2223 2800 2298 2836 hoc
2324 2800 2429 2848 quod
2448 2806 2464 2822 κ
2484 2809 2601 2838 astro-

1539 2850 1614 2898 logi
1643 2862 1688 2886 ex
1718 2850 2020 2888 consideratione
2049 2859 2238 2888 astrorum
2267 2853 2483 2901 frequenter
2508 2866 2603 2892 vera

1539 2903 1824 2952 praenuntiant,
1855 2903 2034 2952 contingit
2071 2904 2278 2954 dupliciter.
2317 2906 2404 2943 Uno
2442 2906 2601 2954 quidem

1540 2956 1670 3003 modo,
1692 2956 1781 3004 quia
1800 2957 1927 3005 plures
1946 2957 2146 2994 hominum
2165 2958 2362 3006 passiones
2385 2961 2602 3008 corporales

1541 3017 1761 3058 sequuntur,
1793 3017 1828 3046 et
1856 3009 1942 3047 ideo
1971 3017 2076 3047 actus
2106 3022 2240 3048 eorum
2270 3011 2535 3061 disponuntur,
2560 3019 2603 3050 ut

1541 3062 1579 3099 in
1608 3062 1789 3111 pluribus,
1824 3063 2036 3100 secundum
2065 3060 2346 3101 inclinationem
2385 3065 2603 3104 caelestium

1543 3127 1766 3175 corporum:
1795 3116 1907 3164 pauci
1927 3124 2055 3153 autern
2076 3125 2174 3163 sunt,
2195 3117 2292 3154 idest
2311 3117 2381 3154 soli
2400 3119 2602 3170 sapientes,

1543 3168 1607 3216 qui
1626 3168 1770 3205 ratione
1789 3169 2009 3206 huiusmodi
2029 3168 2323 3207 inclinationes*
2342 3171 2601 3212 moderentur.

1542 3222 1591 3258 Et
1618 3221 1705 3258 ideo
1735 3221 1941 3270 astrologi
1933 3234 1971 3259 ιιι
1991 3222 2116 3260 multis
2144 3235 2236 3260 vera
2263 3224 2553 3272 praenuntiant*-
2565 3230 2604 3270 eft

1595 3338 1613 3371 ι)
1628 3340 1796 3370 ρνοεεάεῖμ-
1777 3340 1935 3372 -procedit
1953 3341 1982 3366 P.

1595 3374 1620 3406 κ)
1639 3374 1688 3399 hoc
1699 3375 1779 3407 quod.
1792 3389 1811 3394 -
1829 3375 1981 3401 huiusmodi
1998 3376 2319 3407 ABCEnta‚hu1·usmodn·
2337 3377 2482 3410 (astrologi
2493 3377 2540 3410 qm·
2552 3378 2602 3410 ex)

1542 3409 1577 3439 L;
1596 3417 1644 3442 pro
1661 3410 1800 3443 contingit,
1819 3411 1952 3444 contingit
1975 3414 2065 3436 autem
2083 3412 2133 3438 hoc
2151 3413 2203 3443 sm
2229 3413 2253 3438 G
2273 3413 2349 3454 legit:
2371 3412 2512 3438 dicendum
2531 3413 2604 3445 quod

1541 3444 1692 3470 huiusmodi
1715 3446 1893 3479 astrologos...
1910 3447 2071 3480 frequenter
2101 3454 2165 3472 vera
2187 3447 2320 3482 contingit
2348 3447 2491 3474 enuntiare
2514 3448 2602 3481 dupli—

1541 3479 1617 3505 citer.

1594 3519 1621 3553 λ)
1641 3521 1859 3547 inclinationes.-
1872 3522 2052 3548 inclinationis
2062 3523 2271 3556 BCEFHKLpA.
2281 3524 2425 3555 (rationem
2438 3523 2603 3558 huiusmodi)

1543 3555 1721 3581 inclinationis
1739 3557 1771 3582 D.
1783 3570 1802 3576 ·—
1820 3557 1871 3582 Pro
1889 3558 2068 3589 moderentur,
2088 3559 2263 3584 moderantur
2279 3559 2334 3584 BD.

2630 1102 2704 1131 Ἐιμ
2712 1109 2743 1129 ιν,
2751 1109 2775 1125 ιι.

2631 1135 2663 1156 ιι,
2677 1135 2701 1151 ιι.

2630 1145 2683 1178 loen
2693 1161 2735 1184 vu,
2744 1161 2792 1178 nv.

2748 1109 2840 1152 :s'ffi

2629 1424 2709 1448 ’.Lib
2723 1426 2771 1452 ΠΙ,

2629 1456 2756 1500 322?ss:
2733 1457 2756 1478 ²
2770 1457 2791 1474 ⁸

2629 1528 2840 1583 ἶιὶἷοῗῗωοὲζὲἶ.

2630 1582 2733 1611 135,136.

2722 1956 2791 2002 {123
2793 1959 2841 2002 ..3ὴῖ

2654 2006 2712 2035 cap.
2721 2013 2771 2032 xm.
2786 2013 2810 2028 n.
2818 2013 2841 2034 ¹7

2629 2039 2698 2062 ιπη-
2685 2013 2730 2056 -S.
2735 2023 2780 2056 Tli.
2787 2034 2842 2055 lect.

2629 1952 2710 2002 3.τί”.

2855 2721 2860 2742 1

2855 2748 2860 2769 ¹.

2852 2774 2860 2847 ι
