2860 4244
193 841 202 849 ⁹
218 839 253 859 Ps.
270 843 326 863 xxx,
341 842 401 858 vers.

194 1248 203 1256 ⁸
217 1245 281 1266 Vers.
298 1251 317 1272 ¹3
333 1250 383 1272 sqq.

194 1456 200 1464 ”
218 1455 282 1476 Vers.
305 1455 331 1484 38
351 1460 401 1482 sqq.

195 1566 203 1574 ⁸
219 1564 283 1585 Vers.
298 1570 310 1591 7
325 1569 379 1590 sqq.

195 1617 203 1625 ·
218 1615 283 1636 Vei-s.
301 1621 324 1642 9.

195 1722 203 1730 ⁸
218 1719 284 1740 Vers.
301 1718 336 1739 26.

197 1880 205 1888 ⁸
227 1878 261 1900 Cf.
286 1877 353 1899 caus.
376 1876 404 1903 11,

196 1911 236 1932 qu.
249 1911 269 1927 v.
286 1910 335 1925 cau.
350 1903 404 1924 Μο-

196 1930 349 1953 nemachium.

197 1960 205 1968 ·
212 1958 246 1980 ef.
256 1963 303 1984 cap.
312 1955 404 1982 Dilecti,

198 1985 225 2005 de
235 1983 335 2010 Purgat.
352 1981 406 2003 Vul-

194 2016 250 2039 gar.
292 2036 306 2061 ὃ

197 2199 205 2207 “
222 2196 286 2218 Vers.
302 2202 326 2224 32
341 2201 391 2223 sqq.

199 2304 206 2312 ⁸
222 2301 276 2323 Can.
292 2302 382 2323 Sortes.

200 2667 209 2674 ·
225 2665 274 2686 Art.
290 2670 310 2692 3.

426 294 499 330 326

1077 283 1342 331 QUAESTIO
1372 282 1494 328 xcv,
1524 280 1819 318 ARTICULUS
1848 280 1933 315 V111

1199 422 1514 466 ARTICULUS
1544 421 1815 464 OCTAVUS

1049 518 1201 549 UTRUM
1225 514 1448 547 DlVlNArio
1473 513 1666 544 SORTIUM
1689 514 1755 544 SIT
1779 513 1967 544 1LL1C1TA

771 603 800 626 lll
822 602 898 626 Cont.
920 601 1006 627 Gent„
1027 606 1081 630 cap.
1101 603 1174 625 cmv;
1196 596 1237 620 De
1256 595 1364 622 Sortib„
1385 601 1440 626 cap.
1458 601 1492 623 ιν,
1511 600 1542 623 v;
1564 592 1659 622 Quodl.
1678 593 1732 622 ΧΠ,
1752 600 1797 625 qu.
1816 600 1874 622 xm.
1895 598 1940 617 art.
1961 591 1990 623 ’ὃς
2010 592 2040 616 In
2061 591 2158 617 Psalm.
2177 599 2238 622 xxx3

1081 632 1124 657 Ad
1144 631 1248 663 Ephes„
1269 638 1324 662 cap.
1342 637 1360 660 1,
1382 630 1439 654 lect.
1458 636 1484 653 ιν
1491 635 1498 658 ;
1517 628 1561 652 Aa
1582 628 1689 658 Coloss„
1709 636 1765 660 cap.
1784 636 1802 659 1,
1821 629 1879 652 lect.
1898 635 1936 653 111.

462 735 507 761 af-
548 746 599 763 fl<
638 729 660 754 D
681 726 850 753 OCTAVUM
870 725 922 750 Sic
942 722 1179 749 pnocssmrun.
1200 709 1357 746 Videtur
1377 707 1479 756 quod
1507 716 1509 744 ῑ

455 740 615 828 {QZ}
640 768 818 806 divinatio
849 765 1005 803 sortium
1033 776 1110 800 non
1139 762 1184 799 sit
1211 761 1345 798 illicita.
1382 760 1481 807 Quia
1508 765 1509 789 ³

447 804 752 869 'quffllff'smlaeaer
789 820 876 856 illud
915 818 1053 855 Psalm.
1074 816 1111 862 ²¹⁸,
1136 816 1183 852 In
1212 815 1384 851 manibus
1411 813 1481 849 tuis
1508 815 1509 861 l

448 853 470 882 ρ
486 852 574 904 (⁰³23ss
596 867 753 911 Ksortes
781 883 906 916 meae,
937 870 1024 907 dicit
1052 869 1188 906 Glossa
1212 867 1232 889 ‘¹‘
1260 866 1478 914 Augustini:

428 930 516 965 Sors
535 939 608 963 non
637 932 691 963 est
715 925 857 973 aliquid
875 923 976 969 mali,
995 922 1062 959 sed
1084 933 1155 967 res,
1172 921 1208 957 in
1228 921 1395 957 humana
1414 919 1481 955 du-

428 980 612 1025 bitatione,
642 979 806 1016 divinam
836 977 1003 1014 indicans
1031 975 1269 1012 voluntatem.

482 1045 515 1069 2.
535 1033 768 1078 PRAETEREA,
799 1043 843 1066 ea
872 1041 969 1078 quae
998 1041 1020 1064 a
1048 1027 1184 1064 sanctis
1218 1027 1254 1062 in
1284 1023 1483 1073 Scripturis
1509 1059 1511 1077 L

429 1086 627 1122 observata
654 1086 826 1133 leguntur
845 1095 922 1119 non
940 1081 1117 1118 videntur
1137 1091 1219 1116 esse
1242 1077 1375 1114 illicita.
1407 1077 1483 1113 Sed

429 1138 544 1175 sancti
572 1137 655 1183 viri,
685 1146 760 1174 tam
790 1137 827 1173 in
855 1134 974 1172 veteri
1003 1145 1117 1182 quam
1146 1132 1184 1168 in
1218 1143 1322 1168 novo
1351 1130 1483 1166 Testa-

430 1199 570 1238 mento,
588 1190 828 1227 inveniuntur
843 1187 1004 1225 sortibus
1019 1186 1076 1223 usi
1092 1197 1184 1222 esse.
1213 1183 1364 1231 Legitur
1383 1182 1483 1219 enim

428 1245 539 1280 Iosue
557 1255 604 1279 vn
623 1243 654 1289 ²¹⁶,
675 1242 779 1292 quod
804 1243 924 1286 Iosue,
947 1251 991 1276 ex
1018 1244 1219 1287 praecepto
1241 1235 1409 1281 Domini,
1430 1235 1484 1270 iu-

431 1296 526 1333 dicio
547 1296 703 1332 sortium
727 1294 873 1343 punivit
901 1293 1026 1329 Aehar
1042 1296 1070 1338 α,
1094 1290 1157 1338 qui
1179 1289 1225 1326 de
1245 1289 1483 1325 anathemate

430 1349 667 1396 surripuerat.
699 1348 788 1384 Saul
818 1346 929 1382 etiam
959 1351 1057 1381 sorte
1087 1340 1334 1391 deprehendit
1362 1340 1482 1377 filium

430 1414 542 1438 suum
585 1401 781 1437 Ionatham
816 1399 891 1435 mel
929 1396 1162 1442 comedisse,
1191 1402 1233 1430 ut
1273 1394 1435 1430 habetur
1469 1394 1482 1428 I

428 1456 524 1503 Reg.
545 1465 605 1489 X1v
622 1454 669 1490 *.”
685 1454 795 1489 Ionas
825 1451 950 1496 etiam,
977 1462 999 1486 a
1019 1449 1111 1485 facie
1140 1446 1298 1484 Domini
1326 1446 1484 1493 fugiens,

429 1514 527 1543 sorte
557 1506 825 1554 deprehensus,
857 1510 911 1540 est
929 1501 944 1532 β
964 1503 1001 1539 in
1030 1513 1134 1538 mare
1164 1500 1343 1546 deiectus,
1368 1506 1409 1535 ut
1436 1499 1486 1535 le-

429 1559 523 1606 gitur
552 1560 665 1595 lonae
687 1570 696 1595 1
718 1558 748 1594 ³¹⁸.
778 1555 979 1594 Zacharias
1004 1554 1116 1591 etiam
1135 1558 1234 1590 sorte
1256 1553 1348 1589 exiit
1365 1558 1405 1588 ut
1431 1552 1485 1588 in-

429 1623 579 1648 censum
610 1616 791 1659 poneret,
832 1617 874 1646 ut
910 1609 1042 1656 legitur
1075 1608 1167 1644 Luc.
1197 1619 1207 1642 1
1234 1605 1265 1642 ²¹².
1309 1604 1486 1642 Matthias

431 1664 543 1701 etiam
564 1672 618 1700 est
637 1671 737 1700 sorte
755 1668 771 1691 Ὺ
791 1663 838 1699 ab
858 1661 1052 1710 Apostolis
1072 1660 1110 1696 in
1129 1659 1384 1708 apostolatum
1413 1659 1487 1694 ele—

432 1725 529 1763 ctuS,
559 1725 600 1753 ut
627 1717 759 1764 legitur
785 1716 867 1752 Act.
898 1726 907 1750 1
933 1714 963 1750 ²³⁶.
995 1714 1096 1761 Ergo
1124 1712 1274 1749 videtur
1302 1711 1405 1760 quod
1434 1710 1487 1747 di-

430 1770 572 1806 vinatio
600 1770 757 1806 sortium
783 1780 861 1805 non
889 1767 934 1804 sit
961 1766 1096 1803 illicita.

487 1824 520 1860 3.
542 1823 781 1868 PRAETEREA,
811 1832 937 1869 pugna
966 1819 1136 1868 pugilum
1165 1829 1263 1865 quae
1293 1827 1486 1853 monoma-

432 1876 514 1912 chia
553 1875 685 1912 dicitur
711 1875 751 1922 ²¹⁶,
789 1873 885 1910 idest
922 1871 1117 1920 singularis
1160 1869 1410 1916 concertatio,
1454 1876 1489 1905 et

433 1928 568 1965 iudicia
596 1928 689 1976 ignis
719 1935 754 1964 et
782 1938 915 1975 aquae,
937 1937 1034 1974 quae
1055 1924 1230 1961 dicuntur
1255 1922 1433 1972 vulgaria
1454 1923 1486 1969 ²²²,

432 1981 607 2017 videntur
644 1980 692 2017 ad
727 1986 844 2016 sortes
881 1978 1089 2026 pertinere:
1133 1988 1220 2013 cum
1258 1987 1326 2024 per
1359 1975 1487 2011 huius-

433 2033 538 2070 modi
557 2033 680 2082 aliqua
700 2032 940 2081 exquirantur
954 2029 967 2052 δ
987 2030 1144 2068 occulta.
1173 2028 1250 2066 Sed
1268 2028 1488 2065 huiusmodi

435 2099 512 2123 non
539 2086 716 2123 videntur
745 2097 826 2122 esse
845 2083 987 2120 illicita:
1017 2083 1106 2132 quia
1125 2090 1161 2119 et
1179 2081 1306 2118 David
1325 2080 1458 2129 legitur
1475 2085 1487 2101 ⁵

434 2151 520 2175 cum
541 2138 768 2175 Philisthaeo
789 2137 976 2185 singulare
995 2136 1123 2173 iniisse
1148 2142 1351 2180 certamen,
1371 2141 1413 2171 ut
1439 2134 1488 2170 le-

433 2192 528 2240 gitur
556 2193 570 2228 I
598 2193 695 2241 Reg.
719 2203 791 2227 xvu
810 2190 840 2227 ²¹⁸.
867 2189 968 2237 Ergo
995 2188 1146 2227 videtur
1174 2188 1278 2236 quod
1307 2186 1487 2224 divinatio

434 2244 591 2281 sortium
619 2256 698 2280 non
725 2243 771 2280 sit
798 2242 930 2279 illicita.

488 2298 561 2334 Si-:n
577 2308 721 2334 CONTRA
736 2307 801 2333 EST
815 2295 917 2344 quod
933 2295 970 2331 in
987 2294 1169 2340 Decretis,
1185 2293 1322 2339 XXVI,
1339 2305 1402 2341 qu.
1418 2304 1443 2326 v
1455 2291 1487 2339 *,

436 2349 585 2386 dicitur:
624 2350 747 2386 Sortes
781 2349 912 2397 quibus
939 2353 1071 2384 cuncta
1100 2358 1165 2383 vos
1198 2346 1328 2383 vestris
1362 2345 1489 2383 discri-

435 2402 583 2438 minatis
604 2402 820 2450 provinciis,
850 2412 943 2448 quas
961 2401 1091 2436 Patres
1118 2400 1404 2444 damnaverunt,
1434 2399 1487 2435 ni-

436 2455 487 2491 hil
514 2455 616 2491 aliud
642 2466 755 2502 quam
783 2453 1026 2490 divinationes
1053 2458 1088 2488 et
1115 2452 1299 2499 maleficia
1327 2451 1491 2488 decerni-

437 2520 529 2544 mus.
564 2507 814 2548 Quamobrem
834 2506 1005 2542 volumus
1025 2505 1177 2541 omnino
1199 2504 1280 2540 illas
1303 2504 1490 2551 damnari,

436 2566 472 2596 et
491 2559 588 2596 ultra
608 2559 703 2596 inter
725 2559 954 2595 Christianos
973 2557 1145 2594 nolumus
1165 2557 1356 2593 nominari
1363 2570 1375 2593 .·
1394 2562 1430 2593 et
1447 2569 1493 2593 ne

437 2618 694 2658 exerceantur,
723 2611 969 2648 anathematis
997 2610 1186 2646 interdicto
1209 2610 1464 2656 prohibemus.

490 2667 713 2702 Rsssposnsso
743 2675 925 2700 DtCENDUM
958 2663 1083 2710 quod,
1123 2662 1219 2699 sicut
1250 2674 1363 2710 supra
1391 2661 1410 2683 ³⁸
1439 2662 1491 2699 di-

439 2726 539 2754 ctum
570 2726 644 2764 est,
682 2725 800 2754 sortes
838 2716 989 2764 proprie
1027 2715 1201 2752 dicuntur
1234 2727 1322 2751 eum
1351 2714 1492 2763 aliquid

438 2771 479 2807 fit
507 2778 556 2817 ut,
581 2771 661 2806 eius
690 2777 828 2807 eventu
858 2769 1108 2815 considerato,
1134 2767 1273 2816 aliquid
1301 2768 1490 2804 occultum

438 2824 654 2860 innotescat.
672 2823 734 2859 ‘Et
762 2822 791 2859 si
825 2822 980 2870 quidem
1010 2828 1212 2870 quaeratur
1239 2820 1378 2857 iudicio
1411 2833 1490 2858 sor-

437 2877 529 2913 tium
549 2876 642 2924 quid
669 2875 727 2912 cui
755 2875 800 2912 sit
827 2874 1081 2911 exhibendum
1096 2873 1120 2920 ζ,
1142 2873 1220 2910 sive
1242 2873 1330 2910 illud
1360 2873 1405 2910 sit
1432 2886 1492 2910 res

437 2941 623 2977 possessa,
654 2929 733 2965 sive
761 2928 806 2964 sit
833 2928 958 2964 honor
976 2939 1043 2964 seu
1064 2926 1233 2974 dignitas,
1258 2938 1325 2963 seu
1353 2939 1491 2975 poena,

439 2989 502 3018 aut
521 2981 616 3017 actio
637 2981 771 3030 aliqua,
792 2988 950 3017 vocatur
976 2992 1057 3017 sors
1085 2979 1275 3016 divisoria.
1306 2978 1345 3016 Si
1365 2987 1491 3017 autem

439 3034 646 3081 inquiratur
674 3033 764 3081 quid
783 3045 893 3080 agere
914 3040 1096 3081 oporteat,
1116 3039 1276 3069 vocatur
1301 3044 1382 3069 sors
1406 3045 1492 3070 con-

438 3086 603 3122 sultoria.
635 3085 673 3122 Si
703 3097 794 3122 vero
815 3093 1017 3134 quaeratur
1041 3085 1131 3134 quid
1151 3085 1196 3121 sit
1214 3085 1394 3133 futurum,
1423 3098 1492 3123 vo-

441 3146 544 3175 catur
571 3150 652 3174 sors
680 3137 914 3174 divinatoria.

492 3193 608 3227 Actus
629 3197 754 3226 autem
770 3190 983 3236 hominurn,
1005 3189 1068 3237 qui
1089 3189 1328 3236 requiruntur
1348 3190 1396 3227 ad
1415 3203 1492 3227 sor-

493 3305 520 3337 α)
539 3304 637 3330 Achar.
649 3318 668 3323 -
687 3304 725 3330 Cf.
744 3287 788 3336 qu.
803 3311 868 3333 Lxxx,
888 3308 933 3328 art.
957 3311 977 3332 1,
997 3308 1048 3327 not.
1065 3301 1089 3335 β.

493 3339 518 3381 β)
537 3343 584 3364 est.
596 3353 614 3358 -
632 3342 671 3364 est
695 3342 721 3364 et
739 3339 808 3369 PDa,
828 3342 867 3364 est
886 3338 980 3364 deinde
999 3338 1038 3368 H3
1065 3346 1112 3371 pro
1132 3338 1259 3368 deiectus,
1279 3339 1416 3370 proiectus
1439 3340 1494 3369 HL.

437 3375 727 3442 prossftgagrtfgt-Dbm·
745 3409 944 3440 ABCDEFIKL,
964 3414 1023 3434 ante
1041 3411 1081 3433 est
1099 3414 1199 3440 ponunt
1217 3408 1274 3433 GH.

494 3443 518 3476 δ)
537 3452 624 3470 cum...
642 3444 831 3477 exquirantur.
844 3458 863 3464 -
880 3444 969 3476 quia...
988 3444 1170 3476 exquiruntur
1189 3443 1234 3469 Pa.

495 3477 519 3512 ε)
536 3480 642 3512 legitur.
654 3493 673 3498 -
691 3480 754 3504 Post
771 3483 904 3504 certamen
924 3484 1024 3512 ponunt
1042 3479 1093 3508 Pa‚·
1118 3486 1165 3511 pro
1185 3478 1302 3511 sequenti
1321 3479 1427 3512 legitur,
1447 3479 1494 3504 ha—

444 3514 521 3582 betug)
537 3515 725 3574 {zhibendum
738 3563 757 3568 -
774 3549 950 3574 adhibendum
971 3550 1016 3574 Pa.
1520 3539 1522 3581 l

1536 715 1609 752 teS,
1649 719 1727 743 non
1764 707 1978 743 subduntur
2015 706 2252 756 dispositioni
2278 706 2486 753 stellarum,
2525 718 2596 743 nec

1537 759 1649 796 etiarn
1679 767 1837 795 eventus
1866 759 2049 807 ipsorum.
2087 759 2199 797 Unde
2227 759 2258 796 si
2285 759 2369 807 quis
2405 771 2450 796 ea
2477 758 2596 796 inten-

1536 813 1638 849 tione
1667 812 1830 848 sortibus
1858 818 1984 848 utatur
2011 812 2119 860 quasi
2146 812 2366 850 huiusmodi
2393 820 2499 849 actus
2525 812 2597 849 hu—

1537 865 1656 911 mani,
1687 864 1750 913 qui
1778 864 2020 912 requiruntur
2048 865 2096 902 ad
2129 872 2261 912 sortes,
2282 865 2494 902 secundum
2524 865 2596 902 dis-

1536 918 1764 967 positionem
1802 917 1993 954 stellarum
2031 917 2233 954 sortiantur
2271 917 2467 965 effectum,
2494 930 2598 955 vana

1538 979 1573 1008 et
1601 971 1692 1008 falsa
1722 978 1777 1007 est
1805 970 1952 1018 opinio,
1983 977 2019 1006 et
2045 982 2115 1018 per
2153 982 2391 1019 consequens
2429 983 2506 1008 non
2537 983 2598 1008 ca—

1538 1037 1623 1061 rens
1644 1025 1877 1060 daemonum
1899 1022 2119 1070 ingestione.
2141 1023 2199 1059 Ex
2218 1035 2294 1072 quo
2315 1022 2397 1060 talis
2416 1023 2596 1061 divinatio
2622 1029 2627 1035 “

1539 1077 1606 1114 erit
1634 1076 1890 1125 superstitiosa
1919 1083 1955 1112 et
1982 1075 2117 1114 illicita.

1591 1131 1674 1167 Hac
1703 1137 1830 1166 autem
1870 1141 1983 1166 causa
2021 1135 2188 1175 remota,
2217 1140 2373 1165 necesse
2410 1136 2467 1166 est
2494 1129 2599 1178 quod

1538 1182 1747 1219 sortialium
1776 1190 1928 1219 actuum
1958 1188 2174 1230 expectetur
2194 1189 2352 1218 eventus
2379 1182 2442 1218 vel
2462 1194 2507 1219 ex
2525 1181 2600 1220 for-

1537 1243 1640 1282 tuna,
1670 1236 1731 1272 vel
1762 1247 1806 1272 ex
1835 1234 1960 1283 aliqua
1984 1234 2166 1283 spirituali
2190 1247 2303 1272 causa
2330 1234 2523 1283 dirigente.
2552 1234 2601 1273 Et

1539 1288 1568 1324 si
1599 1288 1755 1335 quidem
1785 1300 1830 1324 ex
1858 1288 2025 1334 fortuna,
2065 1287 2170 1337 quod
2206 1288 2335 1325 locum
2362 1288 2504 1325 habere
2531 1300 2601 1337 po-

1538 1348 1609 1377 test
1637 1342 1760 1377 solum
1782 1341 1820 1377 in
1841 1340 2019 1377 divisoria
2039 1347 2151 1387 sorte,
2181 1352 2259 1378 non
2287 1340 2439 1379 videtur
2456 1340 2599 1379 habere

1540 1394 1610 1430 nisi
1647 1394 1741 1430 forte
1778 1393 1911 1430 vitium
1949 1393 2144 1430 vanitatis:
2183 1393 2278 1430 sicut
2314 1393 2345 1430 si
2373 1393 2488 1442 aliqui
2522 1405 2601 1433 non

1538 1448 1708 1484 valentes
1737 1446 1876 1495 aliquid
1906 1446 2143 1484 concorditer
2172 1446 2354 1498 dividere,
2373 1446 2491 1485 velint
2520 1458 2599 1485 sor-

1539 1500 1638 1537 tibus
1667 1501 1715 1536 ad
1736 1499 1961 1536 divisionem
1982 1499 2047 1547 uti,
2068 1499 2176 1548 quasi
2205 1499 2377 1537 fortunae
2407 1500 2601 1548 exponen&

1539 1561 1595 1590 tes
1625 1553 1708 1601 quis
1736 1565 1854 1601 quam
1874 1559 2021 1602 partem
2051 1552 2220 1601 accipiat.
2559 1552 2563 1554 ’

1595 1605 1634 1642 Si
1662 1618 1756 1643 vero
1787 1618 1831 1642 ex
1860 1605 2038 1654 spirituali
2058 1617 2172 1642 causa
2199 1613 2415 1654 expectetur
2442 1604 2602 1650 sortium

1541 1658 1734 1706 iudicium,
1764 1658 1996 1708 quandoque
2025 1658 2182 1707 quidem
2210 1665 2429 1707 expectatur
2447 1670 2494 1697 ex
2513 1657 2600 1699 dae:

1542 1712 1745 1748 monibus:
1775 1711 1869 1748 sicut
1905 1711 2039 1760 legitur
2067 1711 2205 1748 Ezech.
2234 1723 2294 1749 xxi
2321 1711 2359 1759 ²¹⁸,
2389 1711 2496 1760 quod
2532 1723 2604 1749 rex

1540 1765 1749 1814 Babylonis
1783 1765 1880 1801 stetit
1905 1765 1941 1801 in
1971 1764 2090 1810 bivio,
2121 1765 2157 1801 in
2186 1764 2306 1814 capite
2332 1765 2496 1802 duarum
2522 1764 2603 1806 mh,

1541 1830 1627 1854 rum
1648 1823 1679 1864 η,
1706 1817 1950 1854 commiscens
1984 1818 2162 1867 sagittas:
2199 1817 2448 1868 interrogavit
2481 1817 2603 1866 idola,

1542 1876 1629 1907 exta
1657 1869 1851 1907 consuluit.
1885 1870 1935 1906 Et
1961 1870 2054 1907 tales
2091 1877 2211 1907 sortes
2247 1878 2334 1908 sunt
2369 1869 2516 1908 illicitae
2527 1899 2541 1919 „
2567 1877 2604 1916 et

1543 1923 1755 1960 secundum
1785 1935 1950 1960 canones
1978 1922 2238 1971 prohibentur.
2409 1924 2412 1926 ’
2526 1926 2529 1930 ’
2592 1921 2598 1927 ’

1597 1976 1839 2025 Quandoque
1859 1988 1953 2012 vero
1983 1983 2200 2025 expectatur
2219 1988 2241 2012 a
2263 1976 2368 2013 Deo:
2389 1975 2603 2024 secundum

1542 2029 1632 2066 illud
1660 2030 1772 2066 Prov.
1788 2041 1847 2065 XVI
1865 2028 1902 2065 *ε
1932 2029 2056 2066 Sortes
2080 2029 2275 2066 mittuntur
2292 2028 2330 2065 in
2349 2028 2473 2067 sinum
2492 2024 2519 2078 θ,
2535 2027 2605 2073 sed
2633 2034 2642 2044 ⁸

1542 2094 1566 2119 a
1594 2083 1760 2119 Domino
1789 2087 2054 2130 temperantur.
2091 2083 2140 2119 Et
2167 2081 2250 2119 talis
2282 2093 2364 2119 sors
2392 2079 2604 2134 secundum

1544 2147 1583 2171 se
1603 2147 1682 2172 non
1711 2142 1765 2171 est
1784 2136 1928 2171 malurn
1948 2140 1969 2182 ²,
1990 2141 2031 2171 ut
2058 2134 2290 2183 Augustinus
2310 2134 2398 2172 dicit
2413 2134 2446 2173 ²⁸⁸.
2475 2135 2606 2179 Pooest
2631 2169 2642 2181 ,

1543 2195 1671 2224 tamen
1704 2188 1741 2224 in
1770 2188 1843 2225 hoc
1871 2187 2165 2237 quadrupliciter
2193 2194 2394 2237 peccatum
2423 2187 2604 2230 incidere..

1543 2241 1673 2278 Primo
1703 2241 1870 2290 quidem,
1892 2240 1921 2277 si
1941 2241 2087 2290 absque
2106 2242 2183 2278 ulla
2202 2240 2422 2279 necessitate
2451 2241 2501 2282 ad
2523 2254 2606 2288 sor÷
2630 2234 2643 2241 ’

1543 2301 1598 2330 tes
1627 2301 1860 2331 recurratur:
1898 2294 1973 2331 hoc
2002 2293 2103 2331 enim
2131 2294 2284 2332 videtur
2311 2294 2360 2332 ad
2387 2294 2460 2336 Dei
2486 2288 2606 2342 tenta-

1543 2346 1686 2383 tionem
1715 2347 1913 2396 pertinere.
1952 2347 2064 2385 Unde
2092 2347 2318 2384 Ambrosius
2352 2346 2456 2394 dicit,
2493 2359 2607 2397 super

1544 2401 1689 2436 Lucam
1707 2399 1746 2436 *ε
1773 2400 1846 2442 Qui
1870 2405 1970 2437 sorte
1989 2400 2150 2450 eligitur,
2171 2402 2337 2438 humano
2366 2401 2503 2441 iudicio
2527 2412 2602 2441 non
2633 2407 2644 2418 ⁸

1544 2453 1879 2500 comprehenditur.
1910 2474 1935 2481 -
1964 2453 2156 2500 Secundo,
2177 2453 2207 2490 si
2227 2453 2322 2502 quis,
2349 2453 2462 2490 etiarn
2483 2453 2520 2490 in
2539 2455 2604 2490 ne-

1546 2506 1740 2551 cessitate,
1783 2506 1926 2554 absque
1970 2506 2181 2542 reverentia
2213 2511 2230 2527 ²
2263 2505 2427 2544 sortibus
2468 2514 2604 2544 utatur.

1545 2558 1669 2604 Unde,
1689 2570 1801 2606 super
1819 2559 1934 2594 Actus
1962 2559 2089 2606 Apost.
2110 2558 2141 2605 ³¹²,
2168 2557 2255 2595 dicit
2282 2559 2409 2597 Beda:
2438 2559 2481 2596 Si
2495 2557 2510 2581 λ
2529 2560 2605 2609 qui,
2633 2561 2644 2572 ⁸

1546 2611 1758 2647 necessitate
1785 2611 1912 2659 aliqua
1947 2611 2148 2660 compulsi,
2178 2613 2303 2650 Deum
2334 2617 2474 2660 putant
2497 2612 2606 2653 sorti-

1546 2664 1633 2708 bus,
1672 2663 1843 2711 exemplo
1879 2664 2166 2712 Apostolorum,
2203 2676 2280 2702 esse
2312 2665 2605 2711 consulendum,

1544 2716 1696 2753 videant
1715 2717 1787 2753 hoc
1809 2716 1906 2764 ipsos
1925 2717 2122 2765 Apostolos
2141 2729 2215 2754 non
2246 2718 2318 2754 nisi
2345 2718 2496 2754 collecto
2513 2719 2608 2767 fra·

1545 2774 1644 2805 trum
1673 2774 1789 2815 coetu,
1814 2775 1850 2806 et
1870 2770 2045 2817 precibus
2072 2771 2123 2807 ad
2149 2771 2273 2807 Deum
2290 2771 2406 2818 fusis,
2427 2771 2558 2820 egisse.
2579 2791 2604 2799 -

1545 2821 1689 2868 Tertio,
1710 2822 1741 2858 si
1769 2822 1896 2859 divina
1915 2823 2069 2860 oracula
2098 2823 2146 2861 ad
2164 2831 2314 2861 terrena
2343 2823 2496 2872 negotia
2514 2836 2606 2875 conr

1544 2882 1750 2911 vertantur.
1780 2875 1891 2912 Unde
1919 2875 2151 2923 Augustinus
2180 2875 2286 2923 dicit,
2315 2878 2368 2914 ad
2394 2877 2606 2925 Inquisitio!—

1546 2939 1610 2964 nes
1646 2928 1822 2964 Ianuarii
1846 2927 1884 2965 *ε
1914 2929 1988 2965 His
2016 2929 2082 2978 qui
2116 2929 2162 2966 de
2189 2929 2345 2979 paginis
2381 2930 2609 2980 evangelicis

1544 2986 1661 3017 sortes
1687 2980 1828 3031 legunt,
1857 2981 1924 3018 etsi
1950 2982 2155 3030 optandum
2182 2981 2231 3019 sit
2248 2987 2288 3019 ut
2313 2982 2353 3019 id
2368 2987 2387 3011 μ
2401 2983 2530 3032 potius,
2539 2982 2608 3037 fais-j

1546 3034 1648 3070 ciant
1673 3045 1787 3082 quam
1815 3034 1867 3071 ad
1891 3034 2092 3073 daemonia
2120 3035 2348 3074 consulenda
2367 3042 2608 3083 concurrant,

1546 3092 1670 3124 tamen
1698 3087 1767 3124 ista
1795 3087 1889 3124 mihi
1914 3087 2080 3137 displicet
2104 3089 2348 3135 consuetudo,
2378 3089 2430 3127 ad
2457 3089 2610 3140 negotia

1545 3139 1757 3176 saecularia
1775 3145 1812 3176 et
1828 3140 1879 3176 ad
1896 3141 1994 3178 vitae
2006 3141 2117 3178 huius
2133 3142 2337 3179 vanitatem
2347 3147 2360 3163 ⁹
2377 3142 2506 3180 divina
2521 3153 2609 3181 oms·

1546 3192 1631 3228 cula
1659 3192 1752 3229 velle
1779 3198 2005 3230 convertere.
2035 3214 2059 3222 -·
2089 3194 2260 3242 Quarto,
2289 3194 2319 3231 si
2347 3194 2386 3231 in
2418 3194 2608 3235 electioni-³

1600 3306 1627 3337 η)
1647 3305 1760 3331 viarum.
1773 3320 1792 3325 -
1810 3306 2000 3332 divinationem
2020 3315 2150 3340 quaerens
2169 3309 2267 3335 addunt
2285 3309 2400 3340 PFscm
2418 3316 2466 3342 pro
2483 3312 2559 3340 exta,
2571 3315 2610 3335 ex

1547 3347 1578 3365 ea
1598 3340 1679 3373 BIpK,
1699 3344 1726 3365 et
1744 3348 1775 3366 ea
1794 3341 1862 3373 LsK,
1881 3345 1907 3366 et
1925 3345 1991 3367 exta
2011 3343 2052 3369 ed.
2070 3350 2097 3368 a.

1600 3373 1626 3407 θ)
1644 3376 1741 3401 sinum.
1752 3390 1771 3395 -
1788 3375 1847 3418 sinen
1867 3376 1969 3418 eodices
1988 3383 2014 3402 et
2031 3386 2057 3403 a.
2448 3413 2454 3420 ·
2473 3413 2479 3420 .

1548 3411 1899 3478 ἀνηὲιέαιὲἔιὲὲ-Ρὲιιὲἔιίί
1910 3413 2008 3438 malum
2021 3414 2054 3445 G,
2074 3414 2146 3439 mala
2158 3414 2189 3439 t..
2201 3427 2221 3434 -
2239 3414 2296 3450 Pro,
2309 3414 2528 3447 quadrupliciter,
2541 3421 2609 3447 qua-

1600 3481 1628 3548 i}
1646 3482 1837 3542 'sitem-1·
1845 3482 2021 3543 §253de
2039 3484 2086 3508 ¹²⁶·

1602 3552 1630 3584 μ)
1650 3534 1717 3592 ''⁴¹:ss
1735 3551 1796 3576 0m.
1816 3536 1844 3577 i>.
1939 3589 1944 3594 .
1996 3536 2003 3543 ”
2166 3588 2172 3594 .

1601 3585 1627 3619 ν)
1645 3590 1798 3612 vamtatem.
1810 3602 1827 3606 -
1846 3592 2026 3621 necessitatem
2046 3589 2089 3620 Gl,
2109 3592 2241 3614 vanitates
2259 3589 2305 3614 Pa.
