2860 4244
209 807 218 815 ⁸
227 805 273 831 Qu.
282 810 340 830 xcxv,
350 807 416 832 art.3.

448 225 523 272 394
1137 223 1401 269 QUAESTIO
1431 224 1514 270 CV,
1543 224 1838 262 ARTICULUS
1869 226 1899 261 11

1208 348 1522 390 ARTICULUS
1552 349 1850 392 SECUNDUS

953 442 1106 472 UTRUM
1131 441 1439 471 INOBEDIENTIA
1462 442 1529 485 srr
1552 442 1844 490 GRAvlssnthM
1866 443 2104 488 PECCATUM

482 549 537 574 ἦκ’
563 564 577 577 ..‘

474 552 633 643 CN}
655 583 908 620 inobedientia
937 584 981 619 sit
1000 583 1266 630 gravissimum
1287 591 1498 630 peccatum.

460 633 581 714 μὴν
592 625 623 680 ²?
636 632 799 672 Dicitur
820 636 919 672 enim
946 638 958 672 l
979 637 1077 685 Reg.
1098 648 1145 672 xv
1163 636 1204 672 *ε
1237 636 1355 677 Quasi
1366 647 1499 684 pecca-

516 679 731 724 Qtum
760 689 948 725 ariolandi
983 694 1036 725 est
1062 700 1298 738 repugnare:
1334 694 1370 725 et
1395 689 1503 737 quasi

443 726 560 775 scelus
588 739 821 778 idololatriae
848 741 945 778 nolle
964 742 1208 790 acquiescere
1240 742 1315 778 Sed
1344 742 1500 779 idolola-
1527 746 1529 790 j

444 791 511 827 tria
546 800 600 828 est
632 794 899 840 gravissimum
928 803 1149 842 peccatum,
1179 802 1220 830 ut
1248 807 1362 842 supra
1384 794 1404 816 ’¹‘
1436 795 1502 830 ha-

444 845 563 880 bitum
602 854 666 882 est.
710 847 811 894 Ergo
850 846 1105 884 inobedientia
1144 855 1198 884 est
1234 847 1500 894 gravissimum

443 905 653 945 peccatum.

444 1108 740 1146 inobedientiam
757 1111 963 1147 contemnit
981 1112 1100 1147 homo
1121 1119 1380 1160 praeceptum,
1397 1111 1502 1158 quod

444 1161 609 1198 maxime
639 1163 792 1199 retrahit
819 1164 1017 1200 hominem
1038 1176 1059 1200 a
1078 1164 1287 1211 peccando.
1318 1165 1419 1211 Ergo
1449 1163 1502 1199 in-

444 1214 661 1251 obedientia
700 1223 754 1252 est
787 1224 985 1264 peccatum
1014 1216 1051 1252 in
1090 1215 1269 1264 Spiritum
1306 1217 1500 1252 Sanctum.

444 1267 492 1303 Et
519 1266 569 1303 ita
597 1275 652 1304 est
678 1268 944 1316 gravissimum
972 1276 1185 1316 peccatum.

438 1384 510 1420 per
538 1373 646 1409 unius
674 1374 957 1410 inobedientiam
972 1379 1190 1422 peccatores
1208 1375 1395 1410 constituti
1419 1379 1505 1411 sunt

443 1425 550 1461 multi
569 1430 596 1462 α.
634 1426 709 1462 Sed
748 1439 862 1463 causa
889 1427 1040 1464 videtur
1074 1439 1155 1463 esse
1190 1427 1316 1476 potior
1353 1427 1500 1464 effectu.

444 1479 544 1525 Ergo
566 1478 822 1516 inobedientia
848 1480 1000 1517 videtur
1020 1492 1102 1516 esse
1122 1480 1274 1527 gravius
1302 1487 1503 1529 peccatum

444 1542 559 1579 quam
588 1531 660 1567 alia
688 1544 787 1579 quae
817 1545 861 1569 ex
891 1545 934 1569 ea
964 1540 1175 1569 causantur.

498 1583 570 1619 SED
600 1596 744 1632 CONTRA
768 1597 834 1622 EST
862 1586 967 1634 quod
995 1586 1146 1633 gravius
1175 1593 1230 1622 est
1259 1593 1502 1622 contemnere

442 1636 737 1684 praecipientem
768 1651 883 1686 quam
912 1646 1170 1687 praeceptum.
1207 1639 1282 1675 Sed
1312 1639 1502 1687 quaedam
1529 1635 1531 1663 ἴ

442 1695 598 1737 peccata
626 1699 712 1727 sunt
741 1699 869 1728 contra
898 1691 1019 1740 ipsam
1047 1703 1251 1740 personam
1272 1692 1503 1740 praecipien-

444 1742 504 1778 tis:
535 1742 630 1779 sicut
648 1751 750 1792 patet
770 1744 817 1780 de
837 1744 1073 1793 blasphemia
1094 1751 1129 1781 et
1148 1744 1370 1781 homicidio.
1400 1746 1502 1793 Ergo

444 1795 700 1833 inobedientia
729 1809 806 1833 non
836 1805 890 1834 est
917 1797 1183 1845 gravissimum
1210 1804 1423 1845 peccatum.

498 1849 721 1886 RESPONDEO
749 1861 932 1887 DICENDUM
970 1850 1075 1899 quod
1103 1862 1181 1886 non
1211 1850 1335 1886 omnis
1373 1850 1503 1887 inobe-

446 1901 585 1938 dientia
614 1910 669 1938 est
697 1904 854 1951 aequale
883 1910 1095 1952 peccatum.
1134 1904 1263 1939 Potest
1292 1903 1394 1940 enim
1427 1915 1504 1939 una

444 1954 700 1991 inobedientia
729 1968 811 1992 esse
839 1955 988 2003 gravior
1025 1957 1141 1992 altera
1171 1955 1377 2004 dupliciter.
1415 1956 1502 1993 Uno
1530 1958 1531 1992 ἰ

444 2007 583 2054 modo,
624 2020 668 2044 ex
706 2016 810 2056 parte
851 2008 1125 2057 praecipientis.
1170 2009 1358 2055 Quamvis
1401 2008 1503 2045 enim

445 2073 603 2097 omnem
633 2073 762 2097 curam
795 2063 913 2098 homo
953 2073 1146 2110 apponere
1180 2062 1317 2098 debeat
1345 2061 1392 2098 ad
1429 2062 1504 2098 hoc

445 2219 570 2256 feriori
598 2220 784 2268 potestati.
815 2221 932 2257 Cuius
961 2220 1110 2268 signum
1141 2227 1195 2256 est
1223 2221 1326 2268 quod
1350 2232 1504 2269 praece-

445 2280 552 2321 ptum
591 2273 774 2310 inferioris
811 2274 1118 2322 praetermittitur
1155 2273 1184 2309 si
1220 2274 1265 2309 sit
1299 2281 1503 2321 praecepto

447 2325 650 2373 superioris
672 2327 912 2363 contrarium.
934 2327 1044 2363 Unde
1066 2338 1304 2374 consequens
1325 2334 1380 2362 est
1399 2326 1504 2374 quod

447 2385 589 2425 quanto
619 2379 790 2426 superior
820 2387 874 2416 est
910 2379 969 2415 ille
999 2379 1064 2426 qui
1092 2379 1293 2427 praecipit,
1332 2387 1436 2415 tanto
1472 2379 1504 2415 ei

447 2431 729 2467 inobedientem
758 2444 838 2468 esse
868 2432 913 2468 sit
940 2432 1102 2479 gravius.
1133 2433 1181 2468 Et
1209 2432 1260 2468 sic
1283 2431 1504 2468 inobedien-

447 2491 523 2520 tem
562 2496 642 2520 esse
675 2485 759 2520 Deo
790 2492 845 2521 est
877 2484 1028 2532 gravius
1066 2497 1183 2532 quam
1221 2484 1504 2521 inobedientem

449 2548 530 2573 esse
558 2536 716 2573 homini.

502 2589 699 2636 Secundo,
731 2602 775 2626 ex
803 2597 907 2638 parte
935 2596 1238 2638 praeceptorum.
1278 2589 1370 2626 Non
1403 2589 1505 2626 enim

448 2642 683 2690 praecipiens
717 2643 921 2691 aequaliter
947 2643 1029 2678 vult
1064 2642 1213 2690 impleri
1242 2642 1371 2678 omnia
1409 2654 1505 2691 quae

449 2695 621 2732 mandat:
653 2695 773 2743 magis
803 2696 903 2732 enim
933 2695 1195 2744 unusquisque
1215 2693 1230 2724 β
1257 2696 1337 2731 vult
1365 2695 1505 2742 finem,
1533 2709 1534 2716 ¹

450 2756 485 2784 et
513 2748 549 2784 id
580 2748 684 2796 quod
713 2756 767 2785 est
804 2748 870 2785 fini
898 2748 1162 2796 propinquius.
1201 2748 1248 2784 Et
1278 2748 1364 2785 ideo
1402 2755 1506 2784 tanto
1533 2791 1534 2795 Ἰ

450 2808 504 2837 est
523 2801 778 2838 inobedientia
797 2801 958 2849 gravior,
975 2809 1116 2849 quanto
1136 2809 1382 2850 praeceptum
1402 2801 1507 2848 quod

450 2853 533 2902 quis
562 2854 735 2901 praeterit
762 2854 883 2902 magis
913 2862 966 2890 est
996 2855 1042 2890 de
1071 2854 1278 2890 intentione
1316 2853 1412 2890 illius
1442 2853 1505 2902 qui

450 3011 543 3058 liori,
560 3019 663 3048 tanto
681 3020 735 3048 est
751 3012 830 3049 eius
846 3013 1102 3049 inobedientia
1117 3013 1278 3060 gravior.
1305 3013 1406 3060 Quia
1422 3025 1508 3049 cum

451 3066 628 3102 voluntas
643 3065 714 3101 Dei
735 3077 802 3112 per
822 3077 861 3101 se
881 3066 1020 3102 feratur
1040 3066 1087 3102 ad
1108 3067 1268 3111 bonum,
1285 3073 1427 3114 quanto
1444 3066 1507 3102 ali·
1534 3049 1536 3094 i

453 3118 544 3165 quid
565 3125 620 3154 est
639 3117 786 3164 melius,
807 3125 910 3153 tanto
939 3119 1044 3154 Deus
1069 3119 1151 3154 vult
1179 3119 1270 3155 illud
1294 3119 1412 3166 magis
1440 3119 1509 3155 irn-
1535 3129 1537 3156 ι
1565 3126 1704 3155 catum.

504 3252 530 3282 α)
550 3250 687 3275 constituti
704 3253 766 3274 sunt
785 3250 897 3274 multi.—
916 3249 992 3274 multi
1010 3249 1148 3274 constituti
1165 3253 1227 3274 sunt
1247 3250 1291 3274 Pa.
1416 3272 1418 3274 .

506 3285 530 3318 β)
551 3286 734 3318 unusquisque.
747 3299 765 3303 -
779 3285 946 3317 praecipiens
966 3285 1061 3308 addunt
1080 3285 1197 3317 Pa,·.pro
1217 3287 1250 3313 et,
1269 3292 1347 3316 quam
1368 3285 1407 3309 ed.
1427 3291 1452 3309 a.

505 3322 530 3354 γ)
550 3321 628 3353 quod.
642 3334 661 3339 —
680 3321 745 3345 illud
764 3321 835 3352 quod
853 3319 882 3345 P.

505 3355 529 3388 δ)
549 3357 616 3381 dico.
629 3370 646 3375 —-
664 3356 722 3380 ideo
742 3356 800 3380 dico
820 3356 848 3380 Ρ.

655 543 676 567 D
692 543 880 568 SECUNDUM
896 543 948 567 sm
964 542 1202 567 PROCEDITUR.
1219 530 1377 566 Videtur
1396 530 1500 578 quod
1526 558 1528 571 f

1555 524 1662 578 pleriss
1689 531 1799 568 Unde
1829 532 1891 580 qui
1921 531 2142 567 inobediens
2163 538 2217 567 est
2236 538 2437 579 praecepto
2459 530 2505 566 de
2526 530 2615 567 dile-

1525 577 1528 622 l
1556 582 1678 619 ctione
1713 583 1794 630 Dei,
1815 584 1967 631 gravius
1996 592 2127 632 peccat
2155 595 2271 631 quam
2301 583 2364 631 qui
2392 582 2616 620 inobediens

1526 657 1528 668 ι
1556 643 1612 671 est
1640 644 1843 684 praecepto
1882 637 1928 673 de
1958 637 2156 673 dilectione
2185 635 2360 685 proximi.

2386 656 2410 663 -
2429 636 2616 672 Voluntas

1555 695 1681 724 autem
1698 688 1863 725 hominis
1878 701 1955 725 non
1971 702 2124 737 semper
2142 689 2261 736 magis
2276 689 2392 725 fertur
2410 688 2449 724 in
2468 688 2614 726 melius.

1556 741 1604 776 Et
1632 740 1731 788 ideo,
1754 741 1817 777 ubi
1848 742 2061 789 obligamur
2089 754 2135 778 ex
2164 743 2246 778 solo
2274 741 2442 778 hominis
2461 753 2616 790 praece-

1555 801 1634 841 pto,
1655 806 1733 830 non
1754 801 1809 830 est
1828 794 1980 853 gravius
2007 802 2207 843 peccatum
2230 806 2274 830 ex
2295 806 2340 830 eo
2362 794 2463 842 quod
2493 794 2616 838 maius

1556 847 1703 882 bonurn
1732 846 1970 895 praeteritur:
2009 847 2076 883 sed
2105 859 2150 883 ex
2180 859 2226 883 eo
2260 847 2363 895 quod
2396 846 2617 895 praeteritur

1528 924 1530 935 ι
1557 899 1662 946 quod
1681 904 1696 927 Υ
1727 907 1781 936 est
1809 899 1928 946 magis
1958 900 2005 936 de
2035 899 2240 936 intentione
2268 899 2543 948 praecipientis.

498 961 532 986 2.
563 951 798 999 PRAETEREA,
828 952 919 989 illud
947 960 1146 1000 peccatum
1186 953 1321 989 dicitur
1353 964 1434 989 esse
1464 952 1501 988 in
1529 958 1530 994 j

445 1002 623 1050 Spiritum
663 1005 845 1041 Sanctum
882 1017 951 1053 per
989 1006 1094 1054 quod
1128 1006 1307 1042 tolluntur
1343 1005 1530 1053 impedi-³

290 1072 356 1092 mm
380 1072 414 1087 .2.
443 1063 572 1091 menta
600 1057 764 1104 peccati,
794 1066 835 1094 ut
864 1070 977 1106 supra
996 1058 1016 1079 ’¹‘
1045 1059 1187 1095 dictum
1227 1066 1292 1095 est.
1331 1059 1406 1095 Sed
1435 1070 1504 1106 per
1529 1074 1530 1079 ¹

1611 952 1672 988 Sic
1693 964 1783 999 ergo
1803 960 1953 1000 oportet
1972 953 2182 988 secundum
2204 952 2375 989 diversos
2395 951 2616 989 inobedien-

1557 1005 1630 1041 tiae
1662 1005 1800 1052 gradus
1834 1005 1991 1042 diversis
2019 1013 2264 1053 peccatorum
2297 1004 2476 1052 gradibus
2513 1017 2616 1041 com-

1557 1070 1702 1105 parare.
1743 1058 1844 1094 Nam
1875 1058 2132 1094 inobedientia
2162 1070 2236 1106 qua
2265 1057 2518 1094 contemnitur
2545 1057 2618 1094 Dei

1529 1153 1530 1161 ἵ
1557 1118 1813 1159 praeceptum,
1836 1123 1880 1147 ex
1900 1111 1981 1166 ipsa
2002 1111 2144 1147 ratione
2166 1110 2444 1147 inobedientiae
2465 1110 2617 1169 gravius

1529 1163 1530 1198 Ξ
1559 1170 1613 1199 est
1639 1172 1838 1211 peccatum
1876 1175 1993 1212 quarn
2026 1170 2225 1212 peccatum
2254 1175 2331 1212 quo
2368 1170 2554 1222 peccatur
2578 1163 2617 1201 in

1529 1232 1530 1235 ¹
1557 1215 1773 1264 hominem,
1808 1216 1838 1252 si
1871 1224 2131 1253 secerneretur
2167 1215 2437 1254 inobedientia
2456 1209 2548 1270 Det.
2554 1202 2618 1266 (a

1528 1276 1530 1320 3
1556 1268 1631 1304 hoc
1668 1267 1753 1304 dico
1783 1266 1813 1315 ⁶,
1844 1268 1932 1316 quia
1960 1269 2025 1316 qui
2058 1276 2187 1306 contra
2222 1268 2454 1318 proximum
2471 1271 2616 1322 pedem«,

499 1320 532 1356 3.
562 1321 793 1367 PRAETEREA,
822 1322 1029 1370 Apostolus
1050 1321 1148 1367 dicit,
1169 1322 1280 1358 Rom.
1302 1321 1369 1368 v*,
1398 1321 1502 1369 quod
1528 1332 1530 1374 ᾗ

1558 1319 1671 1356 etiam
1701 1328 1830 1357 contra
1858 1321 1930 1358 Dei
1959 1330 2205 1370 praeceptum
2233 1321 2333 1369 agit).
2364 1321 2404 1358 Si
2423 1321 2623 1376 famenna

1529 1398 1530 1422 ι
1558 1372 1684 1422 aliquo
1713 1373 1852 1433 potiori
1879 1381 2126 1422 praeceptum
2155 1373 2228 1411 Dei
2257 1372 2540 1427 contemneret,
2530 1363 2623 1431 {fif-⁴

1529 1439 1530 1458 ς
1556 1427 1632 1462 huc
1660 1426 1812 1473 gravius
1840 1435 2042 1475 peccatum
2071 1434 2180 1463 esset.
2211 1448 2234 1454 —
2263 1421 2540 1474 Inobedientia
2544 1425 2623 1473 311-”
2697 1423 2700 1425 ’

1529 1483 1530 1530 J
1557 1486 1635 1515 tem
1671 1491 1747 1527 qua
1780 1480 2034 1516 contemnitur
2065 1486 2310 1528 praeceptum
2343 1478 2529 1529 hominis,
2557 1477 2623 1517 le?
2656 1522 2677 1529 μη

1529 1537 1530 1540 ’
1557 1532 1642 1568 vior
1662 1539 1718 1568 est
1730 1539 1887 1580 peccato
1904 1545 1981 1580 quo
1998 1532 2252 1569 contemnitur
2270 1532 2350 1581 ipse
2365 1520 2625 1585 ΡιειιτεὶΡίιῑιιξς4
2731 1541 2744 1554 ³

1529 1606 1531 1634 ;
1558 1584 1646 1633 quia
1677 1596 1721 1621 ex
1750 1585 1962 1622 reverentia
1989 1585 2253 1634 praecipientis
2277 1585 2486 1634 procedere
2506 1575 2625 1643 debet]

1558 1637 1770 1674 reverentia
1797 1638 1998 1697 praecepti.
2029 1639 2078 1674 Et
2097 1637 2265 1674 similiter
2283 1645 2484 1686 peccatum
2512 1632 2625 1696 quod

1558 1690 1695 1727 directe
1724 1691 1886 1739 pertinet
1914 1692 1961 1727 ad
1991 1699 2251 1739 contemptum
2286 1690 2371 1737 Dei,
2396 1691 2492 1728 sicut
2518 1686 2617 1728 bla's-

1529 1783 1531 1787 ,
1557 1743 1711 1791 phemia
1729 1744 1791 1780 vel
1821 1744 1961 1792 aliquid
1990 1743 2221 1791 huiusmodi,
2242 1744 2394 1791 gravius
2416 1751 2481 1792 est,
2503 1742 2617 1803 etiam

1529 1809 1531 1818 <
1558 1804 1705 1833 semota
1733 1809 1802 1844 per
1834 1796 2064 1833 intellectum
2102 1773 2359 1833 inobedientia
2391 1809 2413 1833 a
2439 1772 2618 1846 peccato,

1558 1854 1707 1896 quamss
1727 1857 1928 1897 peccatum
1957 1849 1994 1886 in
2024 1836 2100 1898 quo
2130 1849 2383 1886 contemnitur
2402 1850 2526 1886 solum
2545 1849 2618 1892 Dei

1586 1914 1694 1938 raece
1723 1910 1817 1939 tum.

1557 1914 1582 1950 p
1611 1957 1669 1991 An
1696 1915 1835 1992 {ulmum
1864 1966 1961 1991 ERGO
1990 1966 2174 1991 D1CENDUM
2203 1954 2308 2003 quod
2329 1954 2390 1991 illa
2419 1966 2618 2003 compara-

1530 2018 1531 2048 ι
1557 2008 1608 2044 ιὶο
1643 2008 1831 2044 Samuelis
1869 2020 1947 2044 non
1977 2015 2032 2044 est
2064 2007 2316 2056 aequalitatis,
2346 2007 2414 2044 sed
2450 2007 2628 2051 3ἰιιιιΙίῗιι-,

1530 2083 1531 2112 3
1559 2061 1672 2097 dinis:
1703 2061 1791 2109 quia
1810 2060 2067 2097 inobedientia
2091 2059 2305 2097 redundat
2297 2072 2335 2096 tn
2355 2057 2618 2112 contemptum

446 2113 551 2161 quod
581 2114 732 2151 cuilibet
760 2114 945 2163 superiori
966 2114 1130 2161 obediat,
1152 2122 1280 2151 tamen
1309 2114 1428 2162 magis
1450 2122 1504 2151 est
1530 2113 1531 2117 ’

446 2166 614 2203 debitum
645 2168 895 2215 quod'homo
925 2167 1079 2204 obediat
1098 2167 1282 2215 superiori
1311 2179 1426 2216 quam
1450 2167 1504 2204 in·
1530 2171 1531 2189 ¹

1558 2114 1631 2150 Dei
1659 2114 1754 2150 sicut
1783 2121 1818 2150 et
1846 2113 2067 2160 idololatria,
2097 2112 2213 2150 lieet!
2241 2113 2452 2150 idololatria
2485 2113 2619 2212 magis.

1611 2169 1669 2203 AD
1690 2178 1879 2203 SECUNDUM
1902 2178 2086 2203 DICENDUM
2106 2166 2212 2214 quod
2236 2178 2314 2203 non
2334 2165 2460 2203 omnis
2487 2179 2550 2203 1110

1559 2431 1727 2490 alioquin
1757 2431 1954 2467 cuiuslibet
1982 2430 2072 2467 boni
2101 2437 2342 2479 contemptus
2363 2438 2461 2468 esset
2488 2442 2621 2479 pecca-

1531 2491 1640 2520 ›tum
1669 2484 1707 2520 in
1744 2483 1925 2532 Spiritum
1966 2484 2170 2529 Sanctum,
2200 2483 2288 2532 quia
2323 2495 2392 2532 per
2425 2483 2631 2546 quodlibet

1560 2538 1707 2573 bonum
1735 2544 1859 2584 potest
1886 2537 2004 2572 homo
2034 2548 2055 2572 a
2082 2543 2241 2584 peccato
2269 2535 2455 2585 impediri.
2486 2537 2562 2579 Sed
2578 2530 2620 2573 *11-
2629 2532 2631 2536 *
2678 2575 2679 2578 ,

1559 2590 1684 2626 lorum
1721 2589 1910 2626 bonorum
1951 2596 2191 2638 contemptus
2226 2588 2312 2626 facit
2348 2596 2547 2637 peccatum
2572 2589 2629 2626 ὶιι
2721 2606 2725 2614 .

1562 2642 1742 2702 Spiritum
1771 2643 1952 2679 Sanctum
1983 2654 2079 2701 quae
2109 2642 2248 2679 directe
2278 2642 2420 2678 ducunt
2453 2642 2502 2695 ad
2529 2654 2621 2691 poe-

1561 2695 1757 2732 nitentiam
1787 2703 1823 2731 et
1850 2695 2114 2731 remissionem
2143 2702 2399 2743 peccatorum.

1615 2750 1674 2784 AD
1698 2759 1858 2784 TERTHJM
1887 2760 2072 2785 met-:nuum
2101 2748 2206 2795 quod
2233 2747 2401 2796 primum
2421 2726 2621 2797 peccatum

1560 2801 1671 2860 primi
1691 2800 1867 2850 parentis,
1898 2813 1943 2837 ex
1971 2813 2049 2849 quo
2069 2801 2108 2837 in
2128 2813 2263 2837 omnes
2292 2808 2491 2849 peccatum
2521 2810 2623 2837 etna-

1533 2858 1535 2891 }
1562 2854 1676 2900 navit,
1706 2866 1784 2890 non
1813 2854 1879 2890 fuit
1906 2853 2174 2900 inobedientia,
2196 2855 2406 2890 secundum
2434 2853 2540 2902 quod
2569 2861 2624 2890 est

449 2907 640 2955 praecipit.
662 2928 686 2935 —
715 2908 763 2943 Et
786 2907 823 2943 in
844 2907 1053 2955 praeceptis
1073 2906 1228 2955 quidem
1248 2907 1331 2954 Dei,
1353 2907 1507 2944 manife-
1534 2923 1535 2939 1

450 2967 549 2995 stum
579 2968 633 2996 est
653 2960 756 3008 quod
786 2967 926 3008 quanto
951 2967 1197 3008 praeceptum
1228 2960 1337 2996 datur
1361 2961 1407 2996 de
1427 2972 1507 2996 me·
1534 2958 1535 2991 ἶ

1563 2907 1725 2955 speciale
1745 2915 1958 2955 peccatum,
1980 2907 2048 2944 sed
2067 2907 2258 2955 superbia,
2276 2919 2320 2944 ex
2340 2919 2415 2955 qua
2433 2907 2553 2943 homo
2573 2906 2621 2943 ad

1562 2960 1859 2996 inobedientiam
1884 2960 2077 3008 processit.
2109 2960 2219 2996 Unde
2247 2960 2454 3008 Apostolus
2474 2959 2512 2996 in
2539 2969 2623 2996 ver-

1563 3013 1619 3049 bis
1658 3013 1725 3049 illis
1761 3013 1910 3050 videtur
1948 3013 2118 3062 accipere
2156 3012 2451 3050 inobedientiam
2489 3024 2623 3049 secun-

1565 3066 1656 3102 dum
1687 3066 1790 3114 quod
1827 3066 2049 3113 generaliter
2085 3078 2125 3102 se
2154 3064 2268 3102 habet
2305 3066 2354 3102 ad
2387 3077 2503 3102 omne
2536 3077 2622 3114 pec-

2618 3131 2626 3178 i

1615 3250 1636 3281 ε)
1657 3257 1674 3273 α
1688 3252 1807 3281 peccato,
1823 3256 1911 3280 quam.
1924 3263 1944 3268 -
1958 3253 2069 3281 peccato
2082 3257 2160 3281 quam
2175 3249 2384 3281 ABDEFHKpC,
2398 3256 2478 3281 quam
2491 3249 2520 3278 L,
2534 3255 2553 3273 a
2562 3255 2623 3280 pec-

1562 3287 1621 3309 cato
1640 3291 1719 3316 quam
1739 3288 1806 3309 esset
1825 3284 1891 3309 illud
1910 3284 1956 3309 Pa.

1615 3319 1640 3350 ζ)
1660 3319 1728 3344 licet.
1742 3333 1759 3338 ·-
1779 3326 1861 3351 neque
1879 3319 2090 3352 ABEFGHLpK,
2104 3320 2152 3344 sed
2171 3319 2255 3350 CIsK3
2275 3319 2335 3345 licet
2348 3318 2502 3344 idololatria
2519 3326 2573 3343 om.
2585 3317 2623 3348 D3

1563 3355 1650 3387 magis
1669 3362 1722 3378 om.
1741 3355 1815 3379 ABF.

1617 3390 1643 3421 η)
1663 3393 1838 3422 contemptus.
1851 3403 1869 3409 —
1887 3393 2063 3421 contemptum
2100 3390 2263 3422 BEFHKpA.

2582 2179 2619 2203 e—
2627 2194 2629 2197 .

1559 2219 1699 2256 dientia
1728 2227 1783 2256 est
1810 2227 2010 2268 peccatum
2039 2219 2077 2256 in
2107 2219 2288 2268 Spiritum
2322 2220 2521 2267 Sanctum,
2546 2207 2627 2256 sed

1530 2274 1684 2310 nsolum
1714 2272 1774 2308 illa
1811 2273 1869 2309 cui
1906 2272 2107 2309 obstinatio
2145 2272 2356 2308 adhibetur.
2394 2273 2486 2309 Non
2513 2249 2629 2323 enini
2747 2317 2749 2323 Α

1560 2333 1799 2374 contemptus
1819 2331 1837 2352 η
1867 2326 2139 2373 cuiuscumque
2174 2325 2280 2374 quod
2315 2333 2514 2373 peccatum
2551 2323 2620 2367 im·
2665 2321 2704 2377 3³³9
2724 2338 2732 2349 ²

1558 2378 1673 2427 pedit,
1704 2378 1895 2414 constituit
1921 2386 2120 2426 peccatum
2151 2378 2188 2414 in
2218 2377 2399 2426 Spiritum
2421 2379 2619 2428 Sanctum:
2627 2379 2630 2382 ’
