<?xml version="1.0" encoding="UTF-8"?>
<!DOCTYPE html PUBLIC "-//W3C//DTD XHTML 1.0 Transitional//EN"
    "http://www.w3.org/TR/xhtml1/DTD/xhtml1-transitional.dtd">
<html xmlns="http://www.w3.org/1999/xhtml" xml:lang="en" lang="en">
 <head>
  <title>
</title>
<meta http-equiv="Content-Type" content="text/html;charset=utf-8" />
  <meta name='ocr-system' content='tesseract 3.04.00' />
  <meta name='ocr-capabilities' content='ocr_page ocr_carea ocr_par ocr_line ocrx_word'/>
</head>
<body>
  <div class='ocr_page' id='page_1' title='image "./operaomniaiussui09thom/operaomniaiussui09thom_0132.png"; bbox 0 0 2860 4244; ppageno 0'>
   <div class='ocr_carea' id='block_1_1' title="bbox 101 2061 312 2110">
    <p class='ocr_par' dir='ltr' id='par_1_1' title="bbox 101 2061 312 2110">
     <span class='ocr_line' id='line_1_1' title="bbox 101 2061 312 2088; baseline -0.005 -6"><span class='ocrx_word' id='word_1_1' title='bbox 101 2061 110 2071; x_wconf 79' lang='lat'>⁸</span> <span class='ocrx_word' id='word_1_2' title='bbox 119 2061 165 2088; x_wconf 89' lang='lat' dir='ltr'>Qu.</span> <span class='ocrx_word' id='word_1_3' title='bbox 174 2064 282 2088; x_wconf 44' lang='lat' dir='ltr'>ulman.</span> <span class='ocrx_word' id='word_1_4' title='bbox 291 2066 312 2088; x_wconf 84' lang='lat'>7,</span> 
     </span>
     <span class='ocr_line' id='line_1_2' title="bbox 101 2087 312 2110; baseline -0.005 -1"><span class='ocrx_word' id='word_1_5' title='bbox 101 2087 232 2110; x_wconf 90' lang='lat' dir='ltr'>Comment.</span> <span class='ocrx_word' id='word_1_6' title='bbox 248 2093 270 2109; x_wconf 90' lang='lat' dir='ltr'>n.</span> <span class='ocrx_word' id='word_1_7' title='bbox 286 2093 312 2109; x_wconf 87' lang='lat' dir='ltr'>n.</span> 
     </span>
    </p>
   </div>
   <div class='ocr_carea' id='block_1_2' title="bbox 105 2507 316 2588">
    <p class='ocr_par' dir='ltr' id='par_1_2' title="bbox 105 2507 316 2588">
     <span class='ocr_line' id='line_1_3' title="bbox 108 2507 316 2535; baseline 0 -7"><span class='ocrx_word' id='word_1_8' title='bbox 108 2509 117 2518; x_wconf 85' lang='lat'><strong>·</strong></span> <span class='ocrx_word' id='word_1_9' title='bbox 126 2507 177 2535; x_wconf 83' lang='lat' dir='ltr'>Dig.</span> <span class='ocrx_word' id='word_1_10' title='bbox 187 2507 213 2533; x_wconf 90' lang='lat' dir='ltr'>L,</span> <span class='ocrx_word' id='word_1_11' title='bbox 224 2512 278 2533; x_wconf 84' lang='lat' dir='ltr'>xvn,</span> <span class='ocrx_word' id='word_1_12' title='bbox 287 2507 316 2528; x_wconf 80' lang='lat' dir='ltr'>de</span> 
     </span>
     <span class='ocr_line' id='line_1_4' title="bbox 105 2533 315 2588; baseline 0 -33"><span class='ocrx_word' id='word_1_13' title='bbox 105 2534 192 2588; x_wconf 32' lang='lat' dir='ltr'>gignere.</span> <span class='ocrx_word' id='word_1_14' title='bbox 198 2539 252 2562; x_wconf 75' lang='lat' dir='ltr'>reg.</span> <span class='ocrx_word' id='word_1_15' title='bbox 258 2533 315 2560; x_wconf 67' lang='lat' dir='ltr'>Iur„</span> 
     </span>
    </p>
   </div>
   <div class='ocr_carea' id='block_1_3' title="bbox 111 3456 1406 3512">
    <p class='ocr_par' dir='ltr' id='par_1_3' title="bbox 111 3456 1406 3512">
     <span class='ocr_line' id='line_1_5' title="bbox 111 3456 1406 3512; baseline -0.002 -13"><span class='ocrx_word' id='word_1_16' title='bbox 111 3458 222 3512; x_wconf 52' lang='lat' dir='ltr'>psirfinm</span> <span class='ocrx_word' id='word_1_17' title='bbox 233 3456 320 3509; x_wconf 47' lang='lat' dir='ltr'>,1⁶2¹ss</span> <span class='ocrx_word' id='word_1_18' title='bbox 349 3469 549 3505; x_wconf 90' lang='lat' dir='ltr'>damentum;</span> <span class='ocrx_word' id='word_1_19' title='bbox 582 3475 612 3499; x_wconf 91' lang='lat' dir='ltr'>et</span> <span class='ocrx_word' id='word_1_20' title='bbox 635 3468 843 3499; x_wconf 89' lang='lat' dir='ltr'>nihilominus</span> <span class='ocrx_word' id='word_1_21' title='bbox 866 3476 991 3500; x_wconf 89' lang='lat' dir='ltr'>tenetur</span> <span class='ocrx_word' id='word_1_22' title='bbox 1014 3479 1031 3498; x_wconf 88' lang='lat' dir='ltr'>a</span> <span class='ocrx_word' id='word_1_23' title='bbox 1053 3475 1103 3499; x_wconf 90' lang='lat' dir='ltr'>tot</span> <span class='ocrx_word' id='word_1_24' title='bbox 1124 3468 1324 3503; x_wconf 88' lang='lat' dir='ltr'>doctoribus,</span> <span class='ocrx_word' id='word_1_25' title='bbox 1350 3468 1406 3498; x_wconf 88' lang='lat' dir='ltr'>sci-</span> 
     </span>
    </p>
   </div>
   <div class='ocr_carea' id='block_1_4' title="bbox 241 3511 1435 3564">
    <p class='ocr_par' dir='ltr' id='par_1_4' title="bbox 241 3511 1435 3564">
     <span class='ocr_line' id='line_1_6' title="bbox 241 3511 1435 3564; baseline 0 -22"><span class='ocrx_word' id='word_1_26' title='bbox 241 3513 321 3564; x_wconf 38' lang='lat' dir='ltr'>fffhgt</span> <span class='ocrx_word' id='word_1_27' title='bbox 347 3513 419 3543; x_wconf 89' lang='lat' dir='ltr'>licet</span> <span class='ocrx_word' id='word_1_28' title='bbox 433 3520 541 3543; x_wconf 87' lang='lat' dir='ltr'>sancto</span> <span class='ocrx_word' id='word_1_29' title='bbox 554 3513 692 3548; x_wconf 89' lang='lat' dir='ltr'>Thoma‚</span> <span class='ocrx_word' id='word_1_30' title='bbox 705 3513 883 3543; x_wconf 88' lang='lat' dir='ltr'>Alexandro</span> <span class='ocrx_word' id='word_1_31' title='bbox 901 3514 939 3543; x_wconf 91' lang='lat' dir='ltr'>de</span> <span class='ocrx_word' id='word_1_32' title='bbox 954 3513 1028 3543; x_wconf 87' lang='lat' dir='ltr'>Ales</span> <span class='ocrx_word' id='word_1_33' title='bbox 1042 3512 1068 3548; x_wconf 89' lang='lat'>*‚</span> <span class='ocrx_word' id='word_1_34' title='bbox 1082 3512 1241 3542; x_wconf 89' lang='lat' dir='ltr'>Richardo</span> <span class='ocrx_word' id='word_1_35' title='bbox 1253 3511 1297 3547; x_wconf 85' lang='lat'>**,</span> <span class='ocrx_word' id='word_1_36' title='bbox 1313 3512 1406 3542; x_wconf 90' lang='lat' dir='ltr'>Petro</span> <span class='ocrx_word' id='word_1_37' title='bbox 1434 3523 1435 3541; x_wconf 67' lang='lat'>1</span> 
     </span>
    </p>
   </div>
   <div class='ocr_carea' id='block_1_5' title="bbox 110 3511 240 3586">
    <p class='ocr_par' dir='ltr' id='par_1_5' title="bbox 110 3511 240 3586">
     <span class='ocr_line' id='line_1_7' title="bbox 111 3511 196 3533; baseline 0 -1"><span class='ocrx_word' id='word_1_38' title='bbox 111 3511 196 3533; x_wconf 82' lang='lat' dir='ltr'>memb.</span> 
     </span>
     <span class='ocr_line' id='line_1_8' title="bbox 111 3526 240 3564; baseline 0 -6"><span class='ocrx_word' id='word_1_39' title='bbox 111 3539 132 3548; x_wconf 79' lang='grc'>··</span> <span class='ocrx_word' id='word_1_40' title='bbox 140 3526 240 3564; x_wconf 67' lang='grc' dir='ltr'>ραοαι.ἰ</span> 
     </span>
     <span class='ocr_line' id='line_1_9' title="bbox 110 3570 162 3586; baseline -0.019 -1"><span class='ocrx_word' id='word_1_41' title='bbox 110 3570 162 3586; x_wconf 76' lang='lat' dir='ltr'>XXV.</span> 
     </span>
    </p>
   </div>
   <div class='ocr_carea' id='block_1_6' title="bbox 351 234 420 258">
    <p class='ocr_par' dir='ltr' id='par_1_6' title="bbox 351 234 420 258">
     <span class='ocr_line' id='line_1_10' title="bbox 351 234 420 258; baseline 0 0"><span class='ocrx_word' id='word_1_42' title='bbox 351 234 420 258; x_wconf 92' lang='lat'>100</span> 
     </span>
    </p>
   </div>
   <div class='ocr_carea' id='block_1_7' title="bbox 344 294 1401 560">
    <p class='ocr_par' dir='ltr' id='par_1_7' title="bbox 344 294 1401 465">
     <span class='ocr_line' id='line_1_11' title="bbox 345 294 1400 340; baseline -0.008 -9"><span class='ocrx_word' id='word_1_43' title='bbox 345 310 482 340; x_wconf 91' lang='lat' dir='ltr'>cumque</span> <span class='ocrx_word' id='word_1_44' title='bbox 506 310 588 334; x_wconf 88' lang='lat' dir='ltr'>casu,</span> <span class='ocrx_word' id='word_1_45' title='bbox 614 298 706 329; x_wconf 91' lang='lat' dir='ltr'>unica</span> <span class='ocrx_word' id='word_1_46' title='bbox 729 305 774 328; x_wconf 92' lang='lat' dir='ltr'>est</span> <span class='ocrx_word' id='word_1_47' title='bbox 798 297 876 328; x_wconf 89' lang='lat' dir='ltr'>ratio</span> <span class='ocrx_word' id='word_1_48' title='bbox 893 296 1066 327; x_wconf 88' lang='lat' dir='ltr'>ostensiva:</span> <span class='ocrx_word' id='word_1_49' title='bbox 1090 295 1165 335; x_wconf 86' lang='lat' dir='ltr'>quia</span> <span class='ocrx_word' id='word_1_50' title='bbox 1181 294 1298 325; x_wconf 90' lang='lat' dir='ltr'>scilicet</span> <span class='ocrx_word' id='word_1_51' title='bbox 1319 294 1400 324; x_wconf 89' lang='lat' dir='ltr'>iniu-</span> 
     </span>
     <span class='ocr_line' id='line_1_12' title="bbox 344 338 1400 379; baseline -0.008 -4"><span class='ocrx_word' id='word_1_52' title='bbox 344 352 430 375; x_wconf 92' lang='lat' dir='ltr'>stum</span> <span class='ocrx_word' id='word_1_53' title='bbox 453 344 526 374; x_wconf 82' lang='lat' dir='ltr'>facit</span> <span class='ocrx_word' id='word_1_54' title='bbox 548 342 728 373; x_wconf 81' lang='lat' dir='ltr'>damnando</span> <span class='ocrx_word' id='word_1_55' title='bbox 752 342 963 375; x_wconf 85' lang='lat' dir='ltr'>innocentem,</span> <span class='ocrx_word' id='word_1_56' title='bbox 987 339 1075 379; x_wconf 91' lang='lat' dir='ltr'>quod</span> <span class='ocrx_word' id='word_1_57' title='bbox 1099 345 1145 369; x_wconf 88' lang='lat' dir='ltr'>est</span> <span class='ocrx_word' id='word_1_58' title='bbox 1168 338 1345 368; x_wconf 89' lang='lat' dir='ltr'>secundum</span> <span class='ocrx_word' id='word_1_59' title='bbox 1367 347 1400 368; x_wconf 90' lang='lat' dir='ltr'>se</span> 
     </span>
     <span class='ocr_line' id='line_1_13' title="bbox 344 381 1401 428; baseline -0.007 -10"><span class='ocrx_word' id='word_1_60' title='bbox 344 398 478 428; x_wconf 90' lang='lat' dir='ltr'>pravum</span> <span class='ocrx_word' id='word_1_61' title='bbox 501 394 531 417; x_wconf 89' lang='lat' dir='ltr'>et</span> <span class='ocrx_word' id='word_1_62' title='bbox 549 386 635 417; x_wconf 89' lang='lat' dir='ltr'>nulla</span> <span class='ocrx_word' id='word_1_63' title='bbox 651 392 755 426; x_wconf 89' lang='lat' dir='ltr'>potest</span> <span class='ocrx_word' id='word_1_64' title='bbox 770 392 851 414; x_wconf 88' lang='lat' dir='ltr'>recta</span> <span class='ocrx_word' id='word_1_65' title='bbox 868 383 1051 418; x_wconf 86' lang='lat' dir='ltr'>intentione,</span> <span class='ocrx_word' id='word_1_66' title='bbox 1069 381 1159 412; x_wconf 88' lang='lat' dir='ltr'>nullo</span> <span class='ocrx_word' id='word_1_67' title='bbox 1175 381 1298 417; x_wconf 89' lang='lat' dir='ltr'>timore,</span> <span class='ocrx_word' id='word_1_68' title='bbox 1315 381 1401 412; x_wconf 88' lang='lat' dir='ltr'>nulla</span> 
     </span>
     <span class='ocr_line' id='line_1_14' title="bbox 345 427 932 465; baseline -0.009 -3"><span class='ocrx_word' id='word_1_69' title='bbox 345 431 482 462; x_wconf 77' lang='lat' dir='ltr'>scandali</span> <span class='ocrx_word' id='word_1_70' title='bbox 504 431 687 465; x_wconf 89' lang='lat' dir='ltr'>intentione,</span> <span class='ocrx_word' id='word_1_71' title='bbox 711 428 832 459; x_wconf 90' lang='lat' dir='ltr'>licitum</span> <span class='ocrx_word' id='word_1_72' title='bbox 856 427 932 457; x_wconf 90' lang='lat' dir='ltr'>fieri.</span> 
     </span>
    </p>

    <p class='ocr_par' dir='ltr' id='par_1_8' title="bbox 344 469 1400 560">
     <span class='ocr_line' id='line_1_15' title="bbox 398 469 1400 511; baseline -0.006 -6"><span class='ocrx_word' id='word_1_73' title='bbox 398 476 448 505; x_wconf 89' lang='lat' dir='ltr'>Ad</span> <span class='ocrx_word' id='word_1_74' title='bbox 465 473 709 504; x_wconf 87' lang='lat' dir='ltr'>monstrandum</span> <span class='ocrx_word' id='word_1_75' title='bbox 726 482 799 501; x_wconf 91' lang='lat' dir='ltr'>vero</span> <span class='ocrx_word' id='word_1_76' title='bbox 821 471 909 511; x_wconf 91' lang='lat' dir='ltr'>quod</span> <span class='ocrx_word' id='word_1_77' title='bbox 933 471 1027 500; x_wconf 90' lang='lat' dir='ltr'>iudex</span> <span class='ocrx_word' id='word_1_78' title='bbox 1051 479 1116 500; x_wconf 92' lang='lat' dir='ltr'>non</span> <span class='ocrx_word' id='word_1_79' title='bbox 1140 475 1256 510; x_wconf 85' lang='lat' dir='ltr'>peccat,</span> <span class='ocrx_word' id='word_1_80' title='bbox 1274 469 1328 499; x_wconf 90' lang='lat' dir='ltr'>sed</span> <span class='ocrx_word' id='word_1_81' title='bbox 1349 470 1400 499; x_wconf 89' lang='lat' dir='ltr'>de-</span> 
     </span>
     <span class='ocr_line' id='line_1_16' title="bbox 344 513 1400 560; baseline -0.007 -10"><span class='ocrx_word' id='word_1_82' title='bbox 344 520 405 555; x_wconf 87' lang='lat' dir='ltr'>bet,</span> <span class='ocrx_word' id='word_1_83' title='bbox 422 519 551 560; x_wconf 87' lang='lat' dir='ltr'>quando</span> <span class='ocrx_word' id='word_1_84' title='bbox 576 527 641 547; x_wconf 92' lang='lat' dir='ltr'>non</span> <span class='ocrx_word' id='word_1_85' title='bbox 658 522 762 556; x_wconf 88' lang='lat' dir='ltr'>potest</span> <span class='ocrx_word' id='word_1_86' title='bbox 785 515 872 545; x_wconf 86' lang='lat' dir='ltr'>aliter</span> <span class='ocrx_word' id='word_1_87' title='bbox 888 515 997 550; x_wconf 83' lang='lat' dir='ltr'>facere,</span> <span class='ocrx_word' id='word_1_88' title='bbox 1014 514 1152 544; x_wconf 84' lang='lat' dir='ltr'>iudicare</span> <span class='ocrx_word' id='word_1_89' title='bbox 1167 520 1276 544; x_wconf 87' lang='lat' dir='ltr'>contra</span> <span class='ocrx_word' id='word_1_90' title='bbox 1291 513 1400 544; x_wconf 89' lang='lat' dir='ltr'>huius-</span> 
     </span>
    </p>
   </div>
   <div class='ocr_carea' id='block_1_8' title="bbox 345 557 1428 604">
    <p class='ocr_par' dir='ltr' id='par_1_9' title="bbox 345 557 1428 604">
     <span class='ocr_line' id='line_1_17' title="bbox 345 557 1428 604; baseline -0.006 -10"><span class='ocrx_word' id='word_1_91' title='bbox 345 563 433 593; x_wconf 90' lang='lat' dir='ltr'>modi</span> <span class='ocrx_word' id='word_1_92' title='bbox 456 562 616 592; x_wconf 88' lang='lat' dir='ltr'>veritatem</span> <span class='ocrx_word' id='word_1_93' title='bbox 633 559 808 590; x_wconf 90' lang='lat' dir='ltr'>secundum</span> <span class='ocrx_word' id='word_1_94' title='bbox 825 559 955 598; x_wconf 85' lang='lat' dir='ltr'>allegata</span> <span class='ocrx_word' id='word_1_95' title='bbox 972 565 1002 589; x_wconf 89' lang='lat' dir='ltr'>et</span> <span class='ocrx_word' id='word_1_96' title='bbox 1021 558 1162 598; x_wconf 81' lang='lat' dir='ltr'>probata,</span> <span class='ocrx_word' id='word_1_97' title='bbox 1178 564 1225 588; x_wconf 89' lang='lat' dir='ltr'>est</span> <span class='ocrx_word' id='word_1_98' title='bbox 1246 557 1338 588; x_wconf 87' lang='lat' dir='ltr'>unica</span> <span class='ocrx_word' id='word_1_99' title='bbox 1353 567 1400 588; x_wconf 84' lang='lat' dir='ltr'>ra·</span> <span class='ocrx_word' id='word_1_100' title='bbox 1426 593 1428 604; x_wconf 28' lang='grc' dir='ltr'><em>γ</em></span> 
     </span>
    </p>
   </div>
   <div class='ocr_carea' id='block_1_9' title="bbox 343 601 1400 732">
    <p class='ocr_par' dir='ltr' id='par_1_10' title="bbox 343 601 1400 732">
     <span class='ocr_line' id='line_1_18' title="bbox 344 601 1400 645; baseline -0.005 -8"><span class='ocrx_word' id='word_1_101' title='bbox 344 607 407 637; x_wconf 86' lang='lat' dir='ltr'>tio:</span> <span class='ocrx_word' id='word_1_102' title='bbox 432 606 547 636; x_wconf 86' lang='lat' dir='ltr'>scilicet</span> <span class='ocrx_word' id='word_1_103' title='bbox 563 605 637 645; x_wconf 89' lang='lat' dir='ltr'>quia</span> <span class='ocrx_word' id='word_1_104' title='bbox 653 613 786 643; x_wconf 88' lang='lat' dir='ltr'>persona</span> <span class='ocrx_word' id='word_1_105' title='bbox 805 603 931 643; x_wconf 89' lang='lat' dir='ltr'>publica</span> <span class='ocrx_word' id='word_1_106' title='bbox 946 606 1100 644; x_wconf 77' lang='lat' dir='ltr'>potestate</span> <span class='ocrx_word' id='word_1_107' title='bbox 1119 601 1257 642; x_wconf 84' lang='lat' dir='ltr'>publica,</span> <span class='ocrx_word' id='word_1_108' title='bbox 1272 601 1400 633; x_wconf 87' lang='lat' dir='ltr'>scientia</span> 
     </span>
     <span class='ocr_line' id='line_1_19' title="bbox 346 644 1400 690; baseline -0.006 -9"><span class='ocrx_word' id='word_1_109' title='bbox 346 650 469 690; x_wconf 89' lang='lat' dir='ltr'>publica</span> <span class='ocrx_word' id='word_1_110' title='bbox 492 656 522 679; x_wconf 91' lang='lat' dir='ltr'>et</span> <span class='ocrx_word' id='word_1_111' title='bbox 544 648 705 678; x_wconf 89' lang='lat' dir='ltr'>voluntate</span> <span class='ocrx_word' id='word_1_112' title='bbox 721 646 847 687; x_wconf 88' lang='lat' dir='ltr'>publica</span> <span class='ocrx_word' id='word_1_113' title='bbox 863 646 908 678; x_wconf 91' lang='lat' dir='ltr'>uti</span> <span class='ocrx_word' id='word_1_114' title='bbox 925 646 1016 677; x_wconf 92' lang='lat' dir='ltr'>debet</span> <span class='ocrx_word' id='word_1_115' title='bbox 1031 646 1063 676; x_wconf 91' lang='lat' dir='ltr'>in</span> <span class='ocrx_word' id='word_1_116' title='bbox 1079 644 1212 682; x_wconf 85' lang='lat' dir='ltr'>iudiciis,</span> <span class='ocrx_word' id='word_1_117' title='bbox 1229 645 1295 676; x_wconf 89' lang='lat' dir='ltr'>sine</span> <span class='ocrx_word' id='word_1_118' title='bbox 1311 645 1400 685; x_wconf 86' lang='lat' dir='ltr'>igno-</span> 
     </span>
     <span class='ocr_line' id='line_1_20' title="bbox 343 688 1400 732; baseline -0.005 -8"><span class='ocrx_word' id='word_1_119' title='bbox 343 694 455 729; x_wconf 88' lang='lat' dir='ltr'>rantia,</span> <span class='ocrx_word' id='word_1_120' title='bbox 480 691 691 732; x_wconf 88' lang='lat' dir='ltr'>imprudentia</span> <span class='ocrx_word' id='word_1_121' title='bbox 715 697 746 721; x_wconf 91' lang='lat' dir='ltr'>et</span> <span class='ocrx_word' id='word_1_122' title='bbox 768 690 956 730; x_wconf 84' lang='lat' dir='ltr'>negligentia</span> <span class='ocrx_word' id='word_1_123' title='bbox 979 690 1124 730; x_wconf 84' lang='lat' dir='ltr'>propria,</span> <span class='ocrx_word' id='word_1_124' title='bbox 1149 688 1305 730; x_wconf 90' lang='lat' dir='ltr'>quidquid</span> <span class='ocrx_word' id='word_1_125' title='bbox 1328 689 1400 720; x_wconf 87' lang='lat' dir='ltr'>inde</span> 
     </span>
    </p>
   </div>
   <div class='ocr_carea' id='block_1_10' title="bbox 344 733 1428 774">
    <p class='ocr_par' dir='ltr' id='par_1_11' title="bbox 344 733 1428 774">
     <span class='ocr_line' id='line_1_21' title="bbox 344 733 1428 774; baseline -0.003 -7"><span class='ocrx_word' id='word_1_126' title='bbox 344 738 455 767; x_wconf 87' lang='lat' dir='ltr'>veniat.</span> <span class='ocrx_word' id='word_1_127' title='bbox 489 737 549 766; x_wconf 91' lang='lat' dir='ltr'>Sed</span> <span class='ocrx_word' id='word_1_128' title='bbox 579 735 671 766; x_wconf 89' lang='lat' dir='ltr'>iudex</span> <span class='ocrx_word' id='word_1_129' title='bbox 699 741 745 765; x_wconf 90' lang='lat' dir='ltr'>est</span> <span class='ocrx_word' id='word_1_130' title='bbox 774 733 977 764; x_wconf 86' lang='lat' dir='ltr'>huiusmodi:</span> <span class='ocrx_word' id='word_1_131' title='bbox 1011 742 1042 765; x_wconf 88' lang='lat' dir='ltr'>et</span> <span class='ocrx_word' id='word_1_132' title='bbox 1070 734 1102 764; x_wconf 91' lang='lat' dir='ltr'>in</span> <span class='ocrx_word' id='word_1_133' title='bbox 1132 743 1205 764; x_wconf 87' lang='lat' dir='ltr'>casu</span> <span class='ocrx_word' id='word_1_134' title='bbox 1234 734 1399 774; x_wconf 83' lang='lat' dir='ltr'>proposito</span> <span class='ocrx_word' id='word_1_135' title='bbox 1426 756 1428 764; x_wconf 40' lang='lat' dir='ltr'><em>s</em></span> 
     </span>
    </p>
   </div>
   <div class='ocr_carea' id='block_1_11' title="bbox 343 779 876 818">
    <p class='ocr_par' dir='ltr' id='par_1_12' title="bbox 343 779 876 818">
     <span class='ocr_line' id='line_1_22' title="bbox 343 779 876 818; baseline -0.006 -7"><span class='ocrx_word' id='word_1_136' title='bbox 343 781 450 811; x_wconf 90' lang='lat' dir='ltr'>omnia</span> <span class='ocrx_word' id='word_1_137' title='bbox 473 780 531 810; x_wconf 91' lang='lat' dir='ltr'>ista</span> <span class='ocrx_word' id='word_1_138' title='bbox 555 786 757 810; x_wconf 90' lang='lat' dir='ltr'>concurrunt.</span> <span class='ocrx_word' id='word_1_139' title='bbox 781 779 876 818; x_wconf 89' lang='lat' dir='ltr'>Ergo.</span> 
     </span>
    </p>
   </div>
   <div class='ocr_carea' id='block_1_12' title="bbox 397 821 2113 900">
    <p class='ocr_par' dir='ltr' id='par_1_13' title="bbox 397 821 2113 900">
     <span class='ocr_line' id='line_1_23' title="bbox 397 821 1428 870; baseline -0.003 -16"><span class='ocrx_word' id='word_1_140' title='bbox 397 825 447 855; x_wconf 89' lang='lat' dir='ltr'>Ad</span> <span class='ocrx_word' id='word_1_141' title='bbox 463 825 524 854; x_wconf 91' lang='lat' dir='ltr'>hoc</span> <span class='ocrx_word' id='word_1_142' title='bbox 541 823 707 854; x_wconf 84' lang='lat' dir='ltr'>deducitur</span> <span class='ocrx_word' id='word_1_143' title='bbox 722 829 788 854; x_wconf 88' lang='lat' dir='ltr'>tota</span> <span class='ocrx_word' id='word_1_144' title='bbox 809 823 867 853; x_wconf 82' lang='lat' dir='ltr'>ista</span> <span class='ocrx_word' id='word_1_145' title='bbox 886 822 1040 863; x_wconf 77' lang='lat' dir='ltr'>quaestio,</span> <span class='ocrx_word' id='word_1_146' title='bbox 1058 829 1092 853; x_wconf 93' lang='lat' dir='ltr'>ut</span> <span class='ocrx_word' id='word_1_147' title='bbox 1108 822 1324 852; x_wconf 85' lang='lat' dir='ltr'>examinentur</span> <span class='ocrx_word' id='word_1_148' title='bbox 1343 821 1401 851; x_wconf 87' lang='lat' dir='ltr'>hae</span> <span class='ocrx_word' id='word_1_149' title='bbox 1426 827 1428 870; x_wconf 48' lang='grc' dir='ltr'>ζ</span> 
     </span>
     <span class='ocr_line' id='line_1_24' title="bbox 1426 864 2113 900; baseline 0 -4"><span class='ocrx_word' id='word_1_150' title='bbox 1426 876 1427 891; x_wconf 63' lang='lat'>³</span> <span class='ocrx_word' id='word_1_151' title='bbox 1454 865 1589 897; x_wconf 89' lang='lat' dir='ltr'>sistentis</span> <span class='ocrx_word' id='word_1_152' title='bbox 1611 865 1645 895; x_wconf 90' lang='lat' dir='ltr'>in</span> <span class='ocrx_word' id='word_1_153' title='bbox 1668 865 1763 900; x_wconf 87' lang='lat' dir='ltr'>facto,</span> <span class='ocrx_word' id='word_1_154' title='bbox 1788 864 1870 895; x_wconf 90' lang='lat' dir='ltr'>actio</span> <span class='ocrx_word' id='word_1_155' title='bbox 1894 873 1951 895; x_wconf 84' lang='lat' dir='ltr'>sua</span> <span class='ocrx_word' id='word_1_156' title='bbox 1973 864 2113 896; x_wconf 85' lang='lat' dir='ltr'>vertitur.</span> 
     </span>
    </p>
   </div>
   <div class='ocr_carea' id='block_1_13' title="bbox 342 866 1259 907">
    <p class='ocr_par' dir='ltr' id='par_1_14' title="bbox 342 866 1259 907">
     <span class='ocr_line' id='line_1_25' title="bbox 342 866 1259 907; baseline -0.004 -7"><span class='ocrx_word' id='word_1_157' title='bbox 342 869 489 905; x_wconf 56' lang='lat' dir='ltr'>rationes9</span> <span class='ocrx_word' id='word_1_158' title='bbox 513 875 543 898; x_wconf 92' lang='lat' dir='ltr'>et</span> <span class='ocrx_word' id='word_1_159' title='bbox 567 868 760 898; x_wconf 83' lang='lat' dir='ltr'>discernatur</span> <span class='ocrx_word' id='word_1_160' title='bbox 781 866 828 897; x_wconf 90' lang='lat' dir='ltr'>vis</span> <span class='ocrx_word' id='word_1_161' title='bbox 851 876 960 897; x_wconf 87' lang='lat' dir='ltr'>earum</span> <span class='ocrx_word' id='word_1_162' title='bbox 984 866 1024 896; x_wconf 92' lang='lat' dir='ltr'>ad</span> <span class='ocrx_word' id='word_1_163' title='bbox 1046 866 1259 907; x_wconf 88' lang='lat' dir='ltr'>propositum.</span> 
     </span>
    </p>
   </div>
   <div class='ocr_carea' id='block_1_14' title="bbox 342 910 1427 996">
    <p class='ocr_par' dir='ltr' id='par_1_15' title="bbox 342 910 1427 996">
     <span class='ocr_line' id='line_1_26' title="bbox 398 910 1427 951; baseline -0.003 -8"><span class='ocrx_word' id='word_1_164' title='bbox 398 913 449 943; x_wconf 90' lang='lat' dir='ltr'>lV.</span> <span class='ocrx_word' id='word_1_165' title='bbox 474 912 668 951; x_wconf 89' lang='lat' dir='ltr'>Principium</span> <span class='ocrx_word' id='word_1_166' title='bbox 684 918 790 941; x_wconf 89' lang='lat' dir='ltr'>autem</span> <span class='ocrx_word' id='word_1_167' title='bbox 806 910 1055 951; x_wconf 80' lang='lat' dir='ltr'>investigationis</span> <span class='ocrx_word' id='word_1_168' title='bbox 1070 910 1165 941; x_wconf 92' lang='lat' dir='ltr'>huius</span> <span class='ocrx_word' id='word_1_169' title='bbox 1185 910 1258 940; x_wconf 91' lang='lat' dir='ltr'>hinc</span> <span class='ocrx_word' id='word_1_170' title='bbox 1273 919 1401 940; x_wconf 88' lang='lat' dir='ltr'>sumen—</span> <span class='ocrx_word' id='word_1_171' title='bbox 1426 914 1427 936; x_wconf 69' lang='grc' dir='ltr'>ἶ</span> 
     </span>
     <span class='ocr_line' id='line_1_27' title="bbox 342 954 1427 996; baseline -0.004 -9"><span class='ocrx_word' id='word_1_172' title='bbox 342 958 421 987; x_wconf 93' lang='lat' dir='ltr'>dum</span> <span class='ocrx_word' id='word_1_173' title='bbox 437 963 492 992; x_wconf 88' lang='lat' dir='ltr'>est,</span> <span class='ocrx_word' id='word_1_174' title='bbox 506 957 593 996; x_wconf 92' lang='lat' dir='ltr'>quod</span> <span class='ocrx_word' id='word_1_175' title='bbox 610 964 674 986; x_wconf 87' lang='lat' dir='ltr'>tam</span> <span class='ocrx_word' id='word_1_176' title='bbox 691 955 866 985; x_wconf 87' lang='lat' dir='ltr'>secundum</span> <span class='ocrx_word' id='word_1_177' title='bbox 882 955 1036 986; x_wconf 83' lang='lat' dir='ltr'>moralem</span> <span class='ocrx_word' id='word_1_178' title='bbox 1052 954 1287 996; x_wconf 76' lang='lat' dir='ltr'>philosophiam</span> <span class='ocrx_word' id='word_1_179' title='bbox 1303 963 1401 994; x_wconf 92' lang='lat' dir='ltr'>quam</span> <span class='ocrx_word' id='word_1_180' title='bbox 1426 961 1427 993; x_wconf 53' lang='grc' dir='ltr'><strong>ξ</strong></span> 
     </span>
    </p>
   </div>
   <div class='ocr_carea' id='block_1_15' title="bbox 341 997 1402 1218">
    <p class='ocr_par' dir='ltr' id='par_1_16' title="bbox 341 997 1402 1218">
     <span class='ocr_line' id='line_1_28' title="bbox 342 997 1402 1038; baseline -0.003 -7"><span class='ocrx_word' id='word_1_181' title='bbox 342 1001 518 1032; x_wconf 90' lang='lat' dir='ltr'>secundum</span> <span class='ocrx_word' id='word_1_182' title='bbox 542 1000 623 1036; x_wconf 88' lang='lat' dir='ltr'>iura,</span> <span class='ocrx_word' id='word_1_183' title='bbox 649 1009 685 1030; x_wconf 84' lang='lat' dir='ltr'>ex</span> <span class='ocrx_word' id='word_1_184' title='bbox 707 999 882 1030; x_wconf 89' lang='lat' dir='ltr'>intentione</span> <span class='ocrx_word' id='word_1_185' title='bbox 907 998 1060 1030; x_wconf 88' lang='lat' dir='ltr'>maleficia</span> <span class='ocrx_word' id='word_1_186' title='bbox 1083 998 1330 1038; x_wconf 81' lang='lat' dir='ltr'>distinguuntur.</span> <span class='ocrx_word' id='word_1_187' title='bbox 1360 997 1402 1028; x_wconf 86' lang='lat' dir='ltr'>Et</span> 
     </span>
     <span class='ocr_line' id='line_1_29' title="bbox 343 1042 1400 1082; baseline -0.004 -7"><span class='ocrx_word' id='word_1_188' title='bbox 343 1046 403 1076; x_wconf 91' lang='lat' dir='ltr'>hoc</span> <span class='ocrx_word' id='word_1_189' title='bbox 426 1045 459 1075; x_wconf 91' lang='lat' dir='ltr'>in</span> <span class='ocrx_word' id='word_1_190' title='bbox 483 1051 606 1075; x_wconf 88' lang='lat' dir='ltr'>tantum</span> <span class='ocrx_word' id='word_1_191' title='bbox 631 1043 846 1074; x_wconf 82' lang='lat' dir='ltr'>consideratur</span> <span class='ocrx_word' id='word_1_192' title='bbox 868 1050 904 1074; x_wconf 92' lang='lat' dir='ltr'>ut</span> <span class='ocrx_word' id='word_1_193' title='bbox 926 1044 1069 1074; x_wconf 90' lang='lat' dir='ltr'>dicamus</span> <span class='ocrx_word' id='word_1_194' title='bbox 1093 1042 1283 1072; x_wconf 89' lang='lat' dir='ltr'>unanimiter</span> <span class='ocrx_word' id='word_1_195' title='bbox 1311 1042 1400 1082; x_wconf 92' lang='lat' dir='ltr'>quod</span> 
     </span>
     <span class='ocr_line' id='line_1_30' title="bbox 342 1085 1401 1126; baseline -0.005 -6"><span class='ocrx_word' id='word_1_196' title='bbox 342 1089 488 1120; x_wconf 91' lang='lat' dir='ltr'>occidens</span> <span class='ocrx_word' id='word_1_197' title='bbox 511 1098 608 1119; x_wconf 89' lang='lat' dir='ltr'>suum</span> <span class='ocrx_word' id='word_1_198' title='bbox 629 1088 830 1124; x_wconf 85' lang='lat' dir='ltr'>invasorem,·</span> <span class='ocrx_word' id='word_1_199' title='bbox 844 1087 932 1118; x_wconf 87' lang='lat' dir='ltr'>aliter</span> <span class='ocrx_word' id='word_1_200' title='bbox 954 1097 987 1118; x_wconf 90' lang='lat' dir='ltr'>se</span> <span class='ocrx_word' id='word_1_201' title='bbox 1004 1087 1122 1117; x_wconf 86' lang='lat' dir='ltr'>salvare</span> <span class='ocrx_word' id='word_1_202' title='bbox 1144 1096 1212 1116; x_wconf 87' lang='lat' dir='ltr'>non</span> <span class='ocrx_word' id='word_1_203' title='bbox 1234 1093 1358 1126; x_wconf 86' lang='lat' dir='ltr'>potens,</span> <span class='ocrx_word' id='word_1_204' title='bbox 1375 1085 1401 1115; x_wconf 90' lang='lat' dir='ltr'>si</span> 
     </span>
     <span class='ocr_line' id='line_1_31' title="bbox 341 1129 1399 1169; baseline -0.005 -5"><span class='ocrx_word' id='word_1_205' title='bbox 341 1133 476 1165; x_wconf 89' lang='lat' dir='ltr'>intendit</span> <span class='ocrx_word' id='word_1_206' title='bbox 499 1133 656 1169; x_wconf 86' lang='lat' dir='ltr'>occidere,</span> <span class='ocrx_word' id='word_1_207' title='bbox 681 1132 842 1163; x_wconf 83' lang='lat' dir='ltr'>homicida</span> <span class='ocrx_word' id='word_1_208' title='bbox 864 1139 926 1163; x_wconf 85' lang='lat' dir='ltr'>est:</span> <span class='ocrx_word' id='word_1_209' title='bbox 957 1132 982 1162; x_wconf 90' lang='lat' dir='ltr'>si</span> <span class='ocrx_word' id='word_1_210' title='bbox 1004 1130 1139 1162; x_wconf 90' lang='lat' dir='ltr'>intendit</span> <span class='ocrx_word' id='word_1_211' title='bbox 1160 1140 1194 1161; x_wconf 93' lang='lat' dir='ltr'>se</span> <span class='ocrx_word' id='word_1_212' title='bbox 1218 1129 1399 1165; x_wconf 86' lang='lat' dir='ltr'>defendere,</span> 
     </span>
     <span class='ocr_line' id='line_1_32' title="bbox 343 1173 1400 1218; baseline -0.005 -10"><span class='ocrx_word' id='word_1_213' title='bbox 343 1178 397 1208; x_wconf 91' lang='lat' dir='ltr'>sed</span> <span class='ocrx_word' id='word_1_214' title='bbox 421 1177 549 1215; x_wconf 89' lang='lat' dir='ltr'>occisio,</span> <span class='ocrx_word' id='word_1_215' title='bbox 574 1176 716 1218; x_wconf 87' lang='lat' dir='ltr'>praevisa</span> <span class='ocrx_word' id='word_1_216' title='bbox 738 1176 843 1211; x_wconf 86' lang='lat' dir='ltr'>etiam,</span> <span class='ocrx_word' id='word_1_217' title='bbox 868 1175 1073 1216; x_wconf 84' lang='lat' dir='ltr'>consequitur</span> <span class='ocrx_word' id='word_1_218' title='bbox 1095 1184 1132 1204; x_wconf 85' lang='lat' dir='ltr'>ex</span> <span class='ocrx_word' id='word_1_219' title='bbox 1146 1174 1270 1205; x_wconf 86' lang='lat' dir='ltr'>actione</span> <span class='ocrx_word' id='word_1_220' title='bbox 1294 1173 1400 1204; x_wconf 84' lang='lat' dir='ltr'>defen-</span> 
     </span>
    </p>
   </div>
   <div class='ocr_carea' id='block_1_16' title="bbox 342 1217 1427 1261">
    <p class='ocr_par' dir='ltr' id='par_1_17' title="bbox 342 1217 1427 1261">
     <span class='ocr_line' id='line_1_33' title="bbox 342 1217 1427 1261; baseline -0.005 -9"><span class='ocrx_word' id='word_1_221' title='bbox 342 1222 424 1258; x_wconf 90' lang='lat' dir='ltr'>siva,</span> <span class='ocrx_word' id='word_1_222' title='bbox 449 1231 515 1252; x_wconf 90' lang='lat' dir='ltr'>non</span> <span class='ocrx_word' id='word_1_223' title='bbox 537 1228 655 1261; x_wconf 87' lang='lat' dir='ltr'>peccat.</span> <span class='ocrx_word' id='word_1_224' title='bbox 688 1221 738 1251; x_wconf 84' lang='lat' dir='ltr'>Ab</span> <span class='ocrx_word' id='word_1_225' title='bbox 761 1220 935 1251; x_wconf 88' lang='lat' dir='ltr'>intentione</span> <span class='ocrx_word' id='word_1_226' title='bbox 965 1220 1060 1259; x_wconf 90' lang='lat' dir='ltr'>igitur</span> <span class='ocrx_word' id='word_1_227' title='bbox 1081 1218 1193 1249; x_wconf 87' lang='lat' dir='ltr'>iudicis</span> <span class='ocrx_word' id='word_1_228' title='bbox 1222 1217 1341 1258; x_wconf 90' lang='lat' dir='ltr'>species</span> <span class='ocrx_word' id='word_1_229' title='bbox 1372 1224 1402 1247; x_wconf 90' lang='lat' dir='ltr'>et</span> <span class='ocrx_word' id='word_1_230' title='bbox 1426 1222 1427 1258; x_wconf 66' lang='lat' dir='ltr'>J</span> 
     </span>
    </p>
   </div>
   <div class='ocr_carea' id='block_1_17' title="bbox 309 1261 1403 2012">
    <p class='ocr_par' dir='ltr' id='par_1_18' title="bbox 309 1261 1403 2012">
     <span class='ocr_line' id='line_1_34' title="bbox 343 1261 1401 1305; baseline -0.006 -9"><span class='ocrx_word' id='word_1_231' title='bbox 343 1273 454 1296; x_wconf 87' lang='lat' dir='ltr'>natura</span> <span class='ocrx_word' id='word_1_232' title='bbox 484 1265 578 1296; x_wconf 89' lang='lat' dir='ltr'>huius</span> <span class='ocrx_word' id='word_1_233' title='bbox 609 1265 713 1305; x_wconf 90' lang='lat' dir='ltr'>operis</span> <span class='ocrx_word' id='word_1_234' title='bbox 744 1265 899 1294; x_wconf 91' lang='lat' dir='ltr'>sumenda</span> <span class='ocrx_word' id='word_1_235' title='bbox 922 1271 978 1294; x_wconf 82' lang='lat' dir='ltr'>est.</span> <span class='ocrx_word' id='word_1_236' title='bbox 1011 1263 1146 1293; x_wconf 85' lang='lat' dir='ltr'>Constat</span> <span class='ocrx_word' id='word_1_237' title='bbox 1175 1268 1282 1292; x_wconf 87' lang='lat' dir='ltr'>autem</span> <span class='ocrx_word' id='word_1_238' title='bbox 1312 1261 1401 1301; x_wconf 93' lang='lat' dir='ltr'>quod</span> 
     </span>
     <span class='ocr_line' id='line_1_35' title="bbox 342 1305 1400 1350; baseline -0.006 -10"><span class='ocrx_word' id='word_1_239' title='bbox 342 1310 435 1341; x_wconf 89' lang='lat' dir='ltr'>iudex</span> <span class='ocrx_word' id='word_1_240' title='bbox 459 1310 497 1339; x_wconf 92' lang='lat' dir='ltr'>de</span> <span class='ocrx_word' id='word_1_241' title='bbox 521 1319 586 1350; x_wconf 91' lang='lat' dir='ltr'>quo</span> <span class='ocrx_word' id='word_1_242' title='bbox 610 1309 784 1349; x_wconf 80' lang='lat' dir='ltr'>loquimur,</span> <span class='ocrx_word' id='word_1_243' title='bbox 805 1308 861 1348; x_wconf 88' lang='lat' dir='ltr'>qui</span> <span class='ocrx_word' id='word_1_244' title='bbox 877 1308 994 1338; x_wconf 87' lang='lat' dir='ltr'>scilicet</span> <span class='ocrx_word' id='word_1_245' title='bbox 1005 1315 1141 1337; x_wconf 81' lang='lat' dir='ltr'>omnem</span> <span class='ocrx_word' id='word_1_246' title='bbox 1155 1315 1248 1335; x_wconf 86' lang='lat' dir='ltr'>suam</span> <span class='ocrx_word' id='word_1_247' title='bbox 1264 1305 1400 1345; x_wconf 89' lang='lat' dir='ltr'>pruden-</span> 
     </span>
     <span class='ocr_line' id='line_1_36' title="bbox 309 1348 1403 1391; baseline -0.005 -7"><span class='ocrx_word' id='word_1_248' title='bbox 309 1370 314 1376; x_wconf 90' lang='lat'>·</span> <span class='ocrx_word' id='word_1_249' title='bbox 342 1355 429 1390; x_wconf 85' lang='lat' dir='ltr'>tiam,</span> <span class='ocrx_word' id='word_1_250' title='bbox 453 1353 716 1388; x_wconf 88' lang='lat' dir='ltr'>sollicitudinem,</span> <span class='ocrx_word' id='word_1_251' title='bbox 740 1352 918 1388; x_wconf 87' lang='lat' dir='ltr'>scientiam,</span> <span class='ocrx_word' id='word_1_252' title='bbox 942 1356 1142 1391; x_wconf 89' lang='lat' dir='ltr'>potestatem,</span> <span class='ocrx_word' id='word_1_253' title='bbox 1159 1356 1234 1385; x_wconf 90' lang='lat' dir='ltr'>etc.‚</span> <span class='ocrx_word' id='word_1_254' title='bbox 1258 1348 1403 1379; x_wconf 82' lang='lat' dir='ltr'>adhibuit</span> 
     </span>
     <span class='ocr_line' id='line_1_37' title="bbox 344 1393 1399 1433; baseline -0.005 -5"><span class='ocrx_word' id='word_1_255' title='bbox 344 1405 379 1429; x_wconf 87' lang='lat' dir='ltr'>ut</span> <span class='ocrx_word' id='word_1_256' title='bbox 406 1398 551 1428; x_wconf 89' lang='lat' dir='ltr'>liberaret</span> <span class='ocrx_word' id='word_1_257' title='bbox 575 1397 777 1427; x_wconf 86' lang='lat' dir='ltr'>innocentem</span> <span class='ocrx_word' id='word_1_258' title='bbox 807 1394 1009 1426; x_wconf 82' lang='lat' dir='ltr'>huiusmodi:</span> <span class='ocrx_word' id='word_1_259' title='bbox 1038 1411 1059 1417; x_wconf 88' lang='lat'>-</span> <span class='ocrx_word' id='word_1_260' title='bbox 1089 1399 1226 1430; x_wconf 82' lang='lat' dir='ltr'>constat,</span> <span class='ocrx_word' id='word_1_261' title='bbox 1249 1393 1399 1433; x_wconf 88' lang='lat' dir='ltr'>inquam,</span> 
     </span>
     <span class='ocr_line' id='line_1_38' title="bbox 343 1437 1401 1483; baseline -0.005 -11"><span class='ocrx_word' id='word_1_262' title='bbox 343 1443 430 1483; x_wconf 93' lang='lat' dir='ltr'>quod</span> <span class='ocrx_word' id='word_1_263' title='bbox 453 1451 520 1471; x_wconf 89' lang='lat' dir='ltr'>non</span> <span class='ocrx_word' id='word_1_264' title='bbox 539 1441 672 1471; x_wconf 87' lang='lat' dir='ltr'>intendit</span> <span class='ocrx_word' id='word_1_265' title='bbox 695 1450 731 1470; x_wconf 90' lang='lat' dir='ltr'>ex</span> <span class='ocrx_word' id='word_1_266' title='bbox 754 1439 874 1480; x_wconf 85' lang='lat' dir='ltr'>privata</span> <span class='ocrx_word' id='word_1_267' title='bbox 893 1439 1058 1470; x_wconf 87' lang='lat' dir='ltr'>voluntate</span> <span class='ocrx_word' id='word_1_268' title='bbox 1081 1437 1233 1474; x_wconf 88' lang='lat' dir='ltr'>occidere,</span> <span class='ocrx_word' id='word_1_269' title='bbox 1255 1437 1401 1468; x_wconf 85' lang='lat' dir='ltr'>mutilare</span> 
     </span>
     <span class='ocr_line' id='line_1_39' title="bbox 343 1482 1403 1522; baseline -0.005 -6"><span class='ocrx_word' id='word_1_270' title='bbox 343 1494 389 1522; x_wconf 85' lang='lat' dir='ltr'>et,</span> <span class='ocrx_word' id='word_1_271' title='bbox 414 1486 562 1521; x_wconf 89' lang='lat' dir='ltr'>breviter,</span> <span class='ocrx_word' id='word_1_272' title='bbox 585 1485 740 1515; x_wconf 86' lang='lat' dir='ltr'>iniustum</span> <span class='ocrx_word' id='word_1_273' title='bbox 771 1483 888 1514; x_wconf 85' lang='lat' dir='ltr'>facere:</span> <span class='ocrx_word' id='word_1_274' title='bbox 919 1484 975 1514; x_wconf 87' lang='lat' dir='ltr'>sed</span> <span class='ocrx_word' id='word_1_275' title='bbox 1004 1483 1065 1513; x_wconf 86' lang='lat' dir='ltr'>tale</span> <span class='ocrx_word' id='word_1_276' title='bbox 1093 1482 1249 1513; x_wconf 85' lang='lat' dir='ltr'>iniustum</span> <span class='ocrx_word' id='word_1_277' title='bbox 1279 1488 1403 1517; x_wconf 86' lang='lat' dir='ltr'>constat</span> 
     </span>
     <span class='ocr_line' id='line_1_40' title="bbox 342 1525 1401 1571; baseline -0.006 -10"><span class='ocrx_word' id='word_1_278' title='bbox 342 1530 431 1571; x_wconf 91' lang='lat' dir='ltr'>sequi</span> <span class='ocrx_word' id='word_1_279' title='bbox 455 1539 491 1560; x_wconf 83' lang='lat' dir='ltr'>ex</span> <span class='ocrx_word' id='word_1_280' title='bbox 514 1530 575 1560; x_wconf 92' lang='lat' dir='ltr'>hoc</span> <span class='ocrx_word' id='word_1_281' title='bbox 604 1529 694 1570; x_wconf 92' lang='lat' dir='ltr'>quod</span> <span class='ocrx_word' id='word_1_282' title='bbox 715 1528 849 1559; x_wconf 84' lang='lat' dir='ltr'>intendit</span> <span class='ocrx_word' id='word_1_283' title='bbox 872 1528 918 1558; x_wconf 88' lang='lat' dir='ltr'>uti</span> <span class='ocrx_word' id='word_1_284' title='bbox 941 1527 1071 1568; x_wconf 85' lang='lat' dir='ltr'>publico</span> <span class='ocrx_word' id='word_1_285' title='bbox 1095 1525 1218 1563; x_wconf 88' lang='lat' dir='ltr'>officio,</span> <span class='ocrx_word' id='word_1_286' title='bbox 1243 1533 1274 1556; x_wconf 90' lang='lat' dir='ltr'>et</span> <span class='ocrx_word' id='word_1_287' title='bbox 1303 1526 1401 1556; x_wconf 89' lang='lat' dir='ltr'>utitur</span> 
     </span>
     <span class='ocr_line' id='line_1_41' title="bbox 341 1570 1402 1611; baseline -0.005 -6"><span class='ocrx_word' id='word_1_288' title='bbox 341 1575 407 1606; x_wconf 89' lang='lat' dir='ltr'>illo.</span> <span class='ocrx_word' id='word_1_289' title='bbox 439 1574 531 1605; x_wconf 92' lang='lat' dir='ltr'>Unde</span> <span class='ocrx_word' id='word_1_290' title='bbox 555 1584 621 1604; x_wconf 92' lang='lat' dir='ltr'>non</span> <span class='ocrx_word' id='word_1_291' title='bbox 645 1580 690 1603; x_wconf 92' lang='lat' dir='ltr'>est</span> <span class='ocrx_word' id='word_1_292' title='bbox 713 1572 864 1603; x_wconf 90' lang='lat' dir='ltr'>iniustitia</span> <span class='ocrx_word' id='word_1_293' title='bbox 888 1582 923 1602; x_wconf 88' lang='lat' dir='ltr'>ex</span> <span class='ocrx_word' id='word_1_294' title='bbox 947 1571 1009 1602; x_wconf 92' lang='lat' dir='ltr'>hoc</span> <span class='ocrx_word' id='word_1_295' title='bbox 1033 1577 1104 1601; x_wconf 89' lang='lat' dir='ltr'>actu</span> <span class='ocrx_word' id='word_1_296' title='bbox 1127 1571 1216 1611; x_wconf 90' lang='lat' dir='ltr'>quod</span> <span class='ocrx_word' id='word_1_297' title='bbox 1239 1570 1333 1600; x_wconf 89' lang='lat' dir='ltr'>iudex</span> <span class='ocrx_word' id='word_1_298' title='bbox 1356 1570 1402 1600; x_wconf 88' lang='lat' dir='ltr'>fa-</span> 
     </span>
     <span class='ocr_line' id='line_1_42' title="bbox 342 1614 1403 1654; baseline -0.006 -4"><span class='ocrx_word' id='word_1_299' title='bbox 342 1619 402 1650; x_wconf 90' lang='lat' dir='ltr'>ciat</span> <span class='ocrx_word' id='word_1_300' title='bbox 414 1617 578 1654; x_wconf 80' lang='lat' dir='ltr'>,iniustum</span> <span class='ocrx_word' id='word_1_301' title='bbox 594 1617 768 1648; x_wconf 81' lang='lat' dir='ltr'>innocenti:</span> <span class='ocrx_word' id='word_1_302' title='bbox 794 1626 868 1647; x_wconf 88' lang='lat' dir='ltr'>cum</span> <span class='ocrx_word' id='word_1_303' title='bbox 890 1616 951 1646; x_wconf 90' lang='lat' dir='ltr'>hoc</span> <span class='ocrx_word' id='word_1_304' title='bbox 967 1625 1033 1646; x_wconf 88' lang='lat' dir='ltr'>non</span> <span class='ocrx_word' id='word_1_305' title='bbox 1049 1615 1191 1646; x_wconf 85' lang='lat' dir='ltr'>intendat</span> <span class='ocrx_word' id='word_1_306' title='bbox 1213 1614 1332 1654; x_wconf 90' lang='lat' dir='ltr'>privata</span> <span class='ocrx_word' id='word_1_307' title='bbox 1348 1621 1403 1645; x_wconf 88' lang='lat' dir='ltr'>aut</span> 
     </span>
     <span class='ocr_line' id='line_1_43' title="bbox 342 1659 1402 1704; baseline -0.006 -10"><span class='ocrx_word' id='word_1_308' title='bbox 342 1663 468 1704; x_wconf 87' lang='lat' dir='ltr'>publica</span> <span class='ocrx_word' id='word_1_309' title='bbox 490 1662 662 1692; x_wconf 82' lang='lat' dir='ltr'>voluntate.</span> <span class='ocrx_word' id='word_1_310' title='bbox 693 1661 756 1692; x_wconf 87' lang='lat' dir='ltr'>Sed</span> <span class='ocrx_word' id='word_1_311' title='bbox 777 1661 952 1691; x_wconf 90' lang='lat' dir='ltr'>videndum</span> <span class='ocrx_word' id='word_1_312' title='bbox 974 1666 1069 1690; x_wconf 88' lang='lat' dir='ltr'>restat</span> <span class='ocrx_word' id='word_1_313' title='bbox 1097 1659 1123 1689; x_wconf 91' lang='lat' dir='ltr'>si</span> <span class='ocrx_word' id='word_1_314' title='bbox 1147 1659 1227 1690; x_wconf 80' lang='lat' dir='ltr'>forte</span> <span class='ocrx_word' id='word_1_315' title='bbox 1250 1665 1330 1689; x_wconf 88' lang='lat' dir='ltr'>esset</span> <span class='ocrx_word' id='word_1_316' title='bbox 1354 1659 1402 1689; x_wconf 91' lang='lat' dir='ltr'>in—</span> 
     </span>
     <span class='ocr_line' id='line_1_44' title="bbox 341 1702 1402 1746; baseline -0.005 -8"><span class='ocrx_word' id='word_1_317' title='bbox 341 1706 459 1738; x_wconf 90' lang='lat' dir='ltr'>iustitia</span> <span class='ocrx_word' id='word_1_318' title='bbox 481 1716 519 1737; x_wconf 86' lang='lat' dir='ltr'>ex</span> <span class='ocrx_word' id='word_1_319' title='bbox 541 1706 602 1737; x_wconf 91' lang='lat' dir='ltr'>hoc</span> <span class='ocrx_word' id='word_1_320' title='bbox 628 1705 717 1746; x_wconf 92' lang='lat' dir='ltr'>quod</span> <span class='ocrx_word' id='word_1_321' title='bbox 740 1711 899 1736; x_wconf 86' lang='lat' dir='ltr'>teneretur</span> <span class='ocrx_word' id='word_1_322' title='bbox 921 1714 987 1735; x_wconf 90' lang='lat' dir='ltr'>non</span> <span class='ocrx_word' id='word_1_323' title='bbox 1010 1703 1058 1734; x_wconf 89' lang='lat' dir='ltr'>uti</span> <span class='ocrx_word' id='word_1_324' title='bbox 1086 1702 1215 1744; x_wconf 87' lang='lat' dir='ltr'>publico</span> <span class='ocrx_word' id='word_1_325' title='bbox 1240 1702 1346 1733; x_wconf 88' lang='lat' dir='ltr'>officio</span> <span class='ocrx_word' id='word_1_326' title='bbox 1369 1703 1402 1734; x_wconf 91' lang='lat' dir='ltr'>in</span> 
     </span>
     <span class='ocr_line' id='line_1_45' title="bbox 341 1747 1402 1791; baseline -0.005 -9"><span class='ocrx_word' id='word_1_327' title='bbox 341 1752 395 1782; x_wconf 85' lang='lat' dir='ltr'>tali</span> <span class='ocrx_word' id='word_1_328' title='bbox 425 1761 516 1787; x_wconf 82' lang='lat' dir='ltr'>casu,</span> <span class='ocrx_word' id='word_1_329' title='bbox 547 1756 676 1791; x_wconf 91' lang='lat' dir='ltr'>propter</span> <span class='ocrx_word' id='word_1_330' title='bbox 704 1749 800 1780; x_wconf 86' lang='lat' dir='ltr'>talem</span> <span class='ocrx_word' id='word_1_331' title='bbox 831 1759 868 1780; x_wconf 84' lang='lat' dir='ltr'>ex</span> <span class='ocrx_word' id='word_1_332' title='bbox 897 1748 946 1779; x_wconf 89' lang='lat' dir='ltr'>sui</span> <span class='ocrx_word' id='word_1_333' title='bbox 973 1747 1068 1778; x_wconf 84' lang='lat' dir='ltr'>officii</span> <span class='ocrx_word' id='word_1_334' title='bbox 1097 1747 1222 1778; x_wconf 90' lang='lat' dir='ltr'>actione</span> <span class='ocrx_word' id='word_1_335' title='bbox 1253 1755 1402 1778; x_wconf 89' lang='lat' dir='ltr'>eventum</span> 
     </span>
     <span class='ocr_line' id='line_1_46' title="bbox 341 1790 1402 1836; baseline -0.005 -10"><span class='ocrx_word' id='word_1_336' title='bbox 341 1796 537 1836; x_wconf 88' lang='lat' dir='ltr'>praevisum,</span> <span class='ocrx_word' id='word_1_337' title='bbox 561 1794 677 1825; x_wconf 92' lang='lat' dir='ltr'>scilicet</span> <span class='ocrx_word' id='word_1_338' title='bbox 706 1801 843 1824; x_wconf 86' lang='lat' dir='ltr'>mortem</span> <span class='ocrx_word' id='word_1_339' title='bbox 869 1792 1056 1823; x_wconf 89' lang='lat' dir='ltr'>innocentis.</span> <span class='ocrx_word' id='word_1_340' title='bbox 1091 1791 1152 1822; x_wconf 90' lang='lat' dir='ltr'>Sed</span> <span class='ocrx_word' id='word_1_341' title='bbox 1182 1790 1208 1821; x_wconf 91' lang='lat' dir='ltr'>si</span> <span class='ocrx_word' id='word_1_342' title='bbox 1239 1791 1402 1831; x_wconf 86' lang='lat' dir='ltr'>diligenter</span> 
     </span>
     <span class='ocr_line' id='line_1_47' title="bbox 341 1834 1401 1878; baseline -0.005 -8"><span class='ocrx_word' id='word_1_343' title='bbox 341 1840 594 1874; x_wconf 86' lang='lat' dir='ltr'>consideremus,</span> <span class='ocrx_word' id='word_1_344' title='bbox 618 1847 754 1878; x_wconf 87' lang='lat' dir='ltr'>persona</span> <span class='ocrx_word' id='word_1_345' title='bbox 783 1847 865 1878; x_wconf 89' lang='lat' dir='ltr'>quae</span> <span class='ocrx_word' id='word_1_346' title='bbox 889 1843 936 1868; x_wconf 92' lang='lat' dir='ltr'>est</span> <span class='ocrx_word' id='word_1_347' title='bbox 957 1837 1052 1867; x_wconf 86' lang='lat' dir='ltr'>iudex</span> <span class='ocrx_word' id='word_1_348' title='bbox 1078 1842 1203 1866; x_wconf 88' lang='lat' dir='ltr'>tenetur</span> <span class='ocrx_word' id='word_1_349' title='bbox 1224 1835 1272 1866; x_wconf 89' lang='lat' dir='ltr'>uti</span> <span class='ocrx_word' id='word_1_350' title='bbox 1295 1834 1401 1866; x_wconf 90' lang='lat' dir='ltr'>officio</span> 
     </span>
     <span class='ocr_line' id='line_1_48' title="bbox 341 1879 1402 1923; baseline -0.005 -9"><span class='ocrx_word' id='word_1_351' title='bbox 341 1893 411 1920; x_wconf 87' lang='lat' dir='ltr'>suo,</span> <span class='ocrx_word' id='word_1_352' title='bbox 435 1891 522 1923; x_wconf 87' lang='lat' dir='ltr'>parte</span> <span class='ocrx_word' id='word_1_353' title='bbox 546 1890 576 1913; x_wconf 88' lang='lat' dir='ltr'>et</span> <span class='ocrx_word' id='word_1_354' title='bbox 599 1882 721 1922; x_wconf 91' lang='lat' dir='ltr'>populo</span> <span class='ocrx_word' id='word_1_355' title='bbox 737 1882 888 1912; x_wconf 81' lang='lat' dir='ltr'>instante:</span> <span class='ocrx_word' id='word_1_356' title='bbox 912 1881 1067 1922; x_wconf 85' lang='lat' dir='ltr'>quoniam</span> <span class='ocrx_word' id='word_1_357' title='bbox 1083 1880 1140 1910; x_wconf 89' lang='lat' dir='ltr'>sibi</span> <span class='ocrx_word' id='word_1_358' title='bbox 1156 1879 1312 1910; x_wconf 89' lang='lat' dir='ltr'>incumbit</span> <span class='ocrx_word' id='word_1_359' title='bbox 1328 1889 1402 1910; x_wconf 88' lang='lat' dir='ltr'>cura</span> 
     </span>
     <span class='ocr_line' id='line_1_49' title="bbox 341 1923 1401 1968; baseline -0.005 -9"><span class='ocrx_word' id='word_1_360' title='bbox 341 1928 451 1959; x_wconf 89' lang='lat' dir='ltr'>utendi</span> <span class='ocrx_word' id='word_1_361' title='bbox 481 1932 635 1968; x_wconf 83' lang='lat' dir='ltr'>potestate</span> <span class='ocrx_word' id='word_1_362' title='bbox 662 1926 804 1966; x_wconf 85' lang='lat' dir='ltr'>publica;</span> <span class='ocrx_word' id='word_1_363' title='bbox 836 1933 866 1956; x_wconf 91' lang='lat' dir='ltr'>et</span> <span class='ocrx_word' id='word_1_364' title='bbox 896 1926 969 1965; x_wconf 89' lang='lat' dir='ltr'>plus</span> <span class='ocrx_word' id='word_1_365' title='bbox 998 1931 1123 1955; x_wconf 89' lang='lat' dir='ltr'>tenetur</span> <span class='ocrx_word' id='word_1_366' title='bbox 1151 1934 1260 1955; x_wconf 89' lang='lat' dir='ltr'>curam</span> <span class='ocrx_word' id='word_1_367' title='bbox 1287 1923 1401 1954; x_wconf 88' lang='lat' dir='ltr'>habere</span> 
     </span>
     <span class='ocr_line' id='line_1_50' title="bbox 341 1968 1400 2012; baseline -0.005 -10"><span class='ocrx_word' id='word_1_368' title='bbox 341 1971 459 2012; x_wconf 88' lang='lat' dir='ltr'>publici</span> <span class='ocrx_word' id='word_1_369' title='bbox 489 1971 584 2001; x_wconf 88' lang='lat' dir='ltr'>officii</span> <span class='ocrx_word' id='word_1_370' title='bbox 614 1980 689 2000; x_wconf 89' lang='lat' dir='ltr'>suae</span> <span class='ocrx_word' id='word_1_371' title='bbox 713 1980 804 2000; x_wconf 88' lang='lat' dir='ltr'>curae</span> <span class='ocrx_word' id='word_1_372' title='bbox 833 1969 994 2000; x_wconf 86' lang='lat' dir='ltr'>commissi</span> <span class='ocrx_word' id='word_1_373' title='bbox 1026 1978 1124 2009; x_wconf 89' lang='lat' dir='ltr'>quam</span> <span class='ocrx_word' id='word_1_374' title='bbox 1146 1968 1228 1998; x_wconf 89' lang='lat' dir='ltr'>vitae</span> <span class='ocrx_word' id='word_1_375' title='bbox 1258 1968 1400 2004; x_wconf 86' lang='lat' dir='ltr'>alterius,</span> 
     </span>
    </p>
   </div>
   <div class='ocr_carea' id='block_1_18' title="bbox 339 2012 2517 2360">
    <p class='ocr_par' dir='ltr' id='par_1_19' title="bbox 339 2012 2517 2362">
     <span class='ocr_line' id='line_1_51' title="bbox 341 2012 1429 2054; baseline -0.005 -7"><span class='ocrx_word' id='word_1_376' title='bbox 341 2017 430 2047; x_wconf 91' lang='lat' dir='ltr'>cuius</span> <span class='ocrx_word' id='word_1_377' title='bbox 455 2025 528 2046; x_wconf 83' lang='lat' dir='ltr'>cura</span> <span class='ocrx_word' id='word_1_378' title='bbox 559 2025 624 2045; x_wconf 91' lang='lat' dir='ltr'>non</span> <span class='ocrx_word' id='word_1_379' title='bbox 649 2021 767 2054; x_wconf 87' lang='lat' dir='ltr'>spectat</span> <span class='ocrx_word' id='word_1_380' title='bbox 790 2014 829 2044; x_wconf 86' lang='lat' dir='ltr'>ad</span> <span class='ocrx_word' id='word_1_381' title='bbox 852 2014 958 2054; x_wconf 89' lang='lat' dir='ltr'>ipsum</span> <span class='ocrx_word' id='word_1_382' title='bbox 991 2013 1050 2043; x_wconf 90' lang='lat' dir='ltr'>nisi</span> <span class='ocrx_word' id='word_1_383' title='bbox 1079 2013 1161 2043; x_wconf 89' lang='lat' dir='ltr'>sicut</span> <span class='ocrx_word' id='word_1_384' title='bbox 1190 2012 1230 2042; x_wconf 88' lang='lat' dir='ltr'>ad</span> <span class='ocrx_word' id='word_1_385' title='bbox 1251 2012 1400 2043; x_wconf 89' lang='lat' dir='ltr'>iudicem.</span> <span class='ocrx_word' id='word_1_386' title='bbox 1428 2017 1429 2051; x_wconf 48' lang='grc' dir='ltr'>ᾗ</span> 
     </span>
     <span class='ocr_line' id='line_1_52' title="bbox 340 2056 1430 2101; baseline -0.005 -10"><span class='ocrx_word' id='word_1_387' title='bbox 340 2061 381 2092; x_wconf 93' lang='lat' dir='ltr'>Et</span> <span class='ocrx_word' id='word_1_388' title='bbox 407 2059 682 2101; x_wconf 81' lang='lat' dir='ltr'>quemadmodum</span> <span class='ocrx_word' id='word_1_389' title='bbox 702 2058 847 2099; x_wconf 89' lang='lat' dir='ltr'>superius</span> <span class='ocrx_word' id='word_1_390' title='bbox 862 2057 880 2077; x_wconf 88' lang='lat'><strong>*</strong></span> <span class='ocrx_word' id='word_1_391' title='bbox 904 2058 937 2088; x_wconf 91' lang='lat' dir='ltr'>in</span> <span class='ocrx_word' id='word_1_392' title='bbox 960 2057 1146 2098; x_wconf 82' lang='lat' dir='ltr'>quaestione</span> <span class='ocrx_word' id='word_1_393' title='bbox 1166 2057 1204 2086; x_wconf 92' lang='lat' dir='ltr'>de</span> <span class='ocrx_word' id='word_1_394' title='bbox 1229 2056 1401 2087; x_wconf 89' lang='lat' dir='ltr'>homicidio</span> <span class='ocrx_word' id='word_1_395' title='bbox 1428 2074 1430 2090; x_wconf 60' lang='grc' dir='ltr'>;Υ</span> 
     </span>
     <span class='ocr_line' id='line_1_53' title="bbox 1428 2097 2516 2131; baseline -0.004 0"><span class='ocrx_word' id='word_1_396' title='bbox 1428 2107 1430 2131; x_wconf 77' lang='grc'>’.</span> <span class='ocrx_word' id='word_1_397' title='bbox 1455 2101 1533 2131; x_wconf 90' lang='lat' dir='ltr'>dum</span> <span class='ocrx_word' id='word_1_398' title='bbox 1556 2101 1652 2131; x_wconf 85' lang='lat' dir='ltr'>Deut.</span> <span class='ocrx_word' id='word_1_399' title='bbox 1673 2109 1723 2129; x_wconf 82' lang='lat' dir='ltr'>xrx</span> <span class='ocrx_word' id='word_1_400' title='bbox 1738 2099 1756 2118; x_wconf 88' lang='lat'><em>*</em></span> <span class='ocrx_word' id='word_1_401' title='bbox 1778 2098 1904 2129; x_wconf 89' lang='lat' dir='ltr'>dicitur:</span> <span class='ocrx_word' id='word_1_402' title='bbox 1929 2098 1969 2129; x_wconf 90' lang='lat' dir='ltr'>In</span> <span class='ocrx_word' id='word_1_403' title='bbox 1986 2108 2043 2129; x_wconf 87' lang='lat' dir='ltr'>ore</span> <span class='ocrx_word' id='word_1_404' title='bbox 2065 2098 2202 2129; x_wconf 85' lang='lat' dir='ltr'>duorum</span> <span class='ocrx_word' id='word_1_405' title='bbox 2226 2097 2277 2128; x_wconf 70' lang='lat' dir='ltr'>vel</span> <span class='ocrx_word' id='word_1_406' title='bbox 2298 2097 2398 2128; x_wconf 79' lang='lat' dir='ltr'>trium</span> <span class='ocrx_word' id='word_1_407' title='bbox 2420 2097 2516 2128; x_wconf 76' lang='lat' dir='ltr'>stabit</span> 
     </span>
     <span class='ocr_line' id='line_1_54' title="bbox 1428 2141 2515 2182; baseline -0.004 -6"><span class='ocrx_word' id='word_1_408' title='bbox 1428 2142 1430 2169; x_wconf 66' lang='grc' dir='ltr'><strong>ἱ</strong></span> <span class='ocrx_word' id='word_1_409' title='bbox 1455 2154 1548 2175; x_wconf 84' lang='lat' dir='ltr'>omne</span> <span class='ocrx_word' id='word_1_410' title='bbox 1564 2144 1715 2180; x_wconf 75' lang='lat' dir='ltr'>verbum;</span> <span class='ocrx_word' id='word_1_411' title='bbox 1738 2150 1768 2174; x_wconf 89' lang='lat' dir='ltr'>et</span> <span class='ocrx_word' id='word_1_412' title='bbox 1791 2143 1824 2173; x_wconf 94' lang='lat' dir='ltr'>in</span> <span class='ocrx_word' id='word_1_413' title='bbox 1839 2142 1970 2173; x_wconf 88' lang='lat' dir='ltr'>materia</span> <span class='ocrx_word' id='word_1_414' title='bbox 1988 2142 2110 2178; x_wconf 87' lang='lat' dir='ltr'>mortis,</span> <span class='ocrx_word' id='word_1_415' title='bbox 2127 2151 2196 2182; x_wconf 88' lang='lat' dir='ltr'>cap.</span> <span class='ocrx_word' id='word_1_416' title='bbox 2211 2151 2276 2172; x_wconf 84' lang='lat' dir='ltr'>xvu</span> <span class='ocrx_word' id='word_1_417' title='bbox 2289 2141 2317 2178; x_wconf 69' lang='lat'>²⁸,</span> <span class='ocrx_word' id='word_1_418' title='bbox 2333 2141 2459 2172; x_wconf 88' lang='lat' dir='ltr'>dicitur:</span> <span class='ocrx_word' id='word_1_419' title='bbox 2474 2141 2515 2172; x_wconf 83' lang='lat' dir='ltr'>In</span> 
     </span>
     <span class='ocr_line' id='line_1_55' title="bbox 339 2188 1430 2233; baseline -0.004 -10"><span class='ocrx_word' id='word_1_420' title='bbox 339 2193 463 2223; x_wconf 85' lang='lat' dir='ltr'>videtur</span> <span class='ocrx_word' id='word_1_421' title='bbox 486 2202 524 2222; x_wconf 86' lang='lat' dir='ltr'>ex</span> <span class='ocrx_word' id='word_1_422' title='bbox 541 2191 613 2232; x_wconf 89' lang='lat' dir='ltr'>ipso</span> <span class='ocrx_word' id='word_1_423' title='bbox 637 2191 727 2233; x_wconf 89' lang='lat' dir='ltr'>sequi</span> <span class='ocrx_word' id='word_1_424' title='bbox 744 2197 881 2221; x_wconf 88' lang='lat' dir='ltr'>mortem</span> <span class='ocrx_word' id='word_1_425' title='bbox 897 2190 1024 2221; x_wconf 85' lang='lat' dir='ltr'>alterius</span> <span class='ocrx_word' id='word_1_426' title='bbox 1043 2190 1138 2220; x_wconf 84' lang='lat' dir='ltr'>etiam</span> <span class='ocrx_word' id='word_1_427' title='bbox 1154 2188 1401 2229; x_wconf 90' lang='lat' dir='ltr'>impoenitentis,</span> <span class='ocrx_word' id='word_1_428' title='bbox 1429 2193 1430 2231; x_wconf 69' lang='lat' dir='ltr'>j</span> 
     </span>
     <span class='ocr_line' id='line_1_56' title="bbox 340 2232 1430 2278; baseline -0.004 -11"><span class='ocrx_word' id='word_1_429' title='bbox 340 2237 416 2278; x_wconf 90' lang='lat' dir='ltr'>quia</span> <span class='ocrx_word' id='word_1_430' title='bbox 439 2236 555 2267; x_wconf 90' lang='lat' dir='ltr'>scilicet</span> <span class='ocrx_word' id='word_1_431' title='bbox 578 2235 636 2266; x_wconf 92' lang='lat' dir='ltr'>sibi</span> <span class='ocrx_word' id='word_1_432' title='bbox 660 2235 760 2276; x_wconf 84' lang='lat' dir='ltr'>magis</span> <span class='ocrx_word' id='word_1_433' title='bbox 782 2235 938 2267; x_wconf 89' lang='lat' dir='ltr'>incumbit</span> <span class='ocrx_word' id='word_1_434' title='bbox 961 2245 1035 2265; x_wconf 87' lang='lat' dir='ltr'>cura</span> <span class='ocrx_word' id='word_1_435' title='bbox 1055 2234 1105 2264; x_wconf 89' lang='lat' dir='ltr'>sui</span> <span class='ocrx_word' id='word_1_436' title='bbox 1128 2243 1226 2274; x_wconf 85' lang='lat' dir='ltr'>quarn</span> <span class='ocrx_word' id='word_1_437' title='bbox 1249 2232 1400 2273; x_wconf 82' lang='lat' dir='ltr'>proximi;</span> <span class='ocrx_word' id='word_1_438' title='bbox 1429 2243 1430 2263; x_wconf 61' lang='grc' dir='ltr'>ι</span> 
     </span>
     <span class='ocr_line' id='line_1_57' title="bbox 342 2277 1430 2319; baseline -0.004 -8"><span class='ocrx_word' id='word_1_439' title='bbox 342 2281 452 2312; x_wconf 88' lang='lat' dir='ltr'>eadem</span> <span class='ocrx_word' id='word_1_440' title='bbox 481 2279 616 2310; x_wconf 87' lang='lat' dir='ltr'>efficacia</span> <span class='ocrx_word' id='word_1_441' title='bbox 639 2286 743 2319; x_wconf 92' lang='lat' dir='ltr'>potest</span> <span class='ocrx_word' id='word_1_442' title='bbox 770 2279 820 2309; x_wconf 91' lang='lat' dir='ltr'>hic</span> <span class='ocrx_word' id='word_1_443' title='bbox 849 2279 996 2310; x_wconf 90' lang='lat' dir='ltr'>concludi</span> <span class='ocrx_word' id='word_1_444' title='bbox 1025 2278 1114 2319; x_wconf 92' lang='lat' dir='ltr'>quod</span> <span class='ocrx_word' id='word_1_445' title='bbox 1144 2277 1219 2318; x_wconf 83' lang='lat' dir='ltr'>quia</span> <span class='ocrx_word' id='word_1_446' title='bbox 1248 2287 1401 2318; x_wconf 86' lang='lat' dir='ltr'>personae</span> <span class='ocrx_word' id='word_1_447' title='bbox 1429 2309 1430 2312; x_wconf 50' lang='lat'>,</span> 
     </span>
     <span class='ocr_line' id='line_1_58' title="bbox 1455 2317 2517 2360; baseline -0.004 -8.096"><span class='ocrx_word' id='word_1_448' title='bbox 1455 2328 1521 2352; x_wconf 90' lang='lat' dir='ltr'>tem</span> <span class='ocrx_word' id='word_1_449' title='bbox 1551 2328 1582 2352; x_wconf 90' lang='lat' dir='ltr'>et</span> <span class='ocrx_word' id='word_1_450' title='bbox 1608 2319 1739 2351; x_wconf 86' lang='lat' dir='ltr'>moralia</span> <span class='ocrx_word' id='word_1_451' title='bbox 1768 2319 1908 2351; x_wconf 82' lang='lat' dir='ltr'>iudicant</span> <span class='ocrx_word' id='word_1_452' title='bbox 1935 2329 1991 2360; x_wconf 90' lang='lat' dir='ltr'>per</span> <span class='ocrx_word' id='word_1_453' title='bbox 2013 2329 2066 2355; x_wconf 87' lang='lat' dir='ltr'>se,</span> <span class='ocrx_word' id='word_1_454' title='bbox 2090 2325 2120 2349; x_wconf 91' lang='lat' dir='ltr'>et</span> <span class='ocrx_word' id='word_1_455' title='bbox 2143 2327 2226 2359; x_wconf 83' lang='lat' dir='ltr'>quae</span> <span class='ocrx_word' id='word_1_456' title='bbox 2249 2325 2286 2349; x_wconf 88' lang='lat' dir='ltr'>ut</span> <span class='ocrx_word' id='word_1_457' title='bbox 2313 2317 2346 2349; x_wconf 90' lang='lat' dir='ltr'>in</span> <span class='ocrx_word' id='word_1_458' title='bbox 2373 2317 2517 2359; x_wconf 89' lang='lat' dir='ltr'>pluribus</span> 
     </span>
    </p>
   </div>
   <div class='ocr_carea' id='block_1_19' title="bbox 339 2101 1401 2186">
    <p class='ocr_par' dir='ltr' id='par_1_20' title="bbox 339 2101 1401 2186">
     <span class='ocr_line' id='line_1_59' title="bbox 340 2101 1401 2145; baseline -0.005 -10"><span class='ocrx_word' id='word_1_459' title='bbox 340 2114 395 2145; x_wconf 89' lang='lat' dir='ltr'>per</span> <span class='ocrx_word' id='word_1_460' title='bbox 417 2104 499 2134; x_wconf 86' lang='lat' dir='ltr'>hanc</span> <span class='ocrx_word' id='word_1_461' title='bbox 522 2103 678 2134; x_wconf 90' lang='lat' dir='ltr'>rationem</span> <span class='ocrx_word' id='word_1_462' title='bbox 703 2103 891 2133; x_wconf 89' lang='lat' dir='ltr'>conclusum</span> <span class='ocrx_word' id='word_1_463' title='bbox 915 2107 962 2132; x_wconf 90' lang='lat' dir='ltr'>est</span> <span class='ocrx_word' id='word_1_464' title='bbox 984 2102 1072 2142; x_wconf 91' lang='lat' dir='ltr'>quod</span> <span class='ocrx_word' id='word_1_465' title='bbox 1098 2101 1270 2131; x_wconf 85' lang='lat' dir='ltr'>defendens</span> <span class='ocrx_word' id='word_1_466' title='bbox 1286 2110 1319 2131; x_wconf 89' lang='lat' dir='ltr'>se</span> <span class='ocrx_word' id='word_1_467' title='bbox 1335 2110 1401 2131; x_wconf 88' lang='lat' dir='ltr'>non</span> 
     </span>
     <span class='ocr_line' id='line_1_60' title="bbox 339 2145 1401 2186; baseline -0.004 -7"><span class='ocrx_word' id='word_1_468' title='bbox 339 2155 463 2180; x_wconf 89' lang='lat' dir='ltr'>tenetur</span> <span class='ocrx_word' id='word_1_469' title='bbox 478 2147 624 2178; x_wconf 87' lang='lat' dir='ltr'>omittere</span> <span class='ocrx_word' id='word_1_470' title='bbox 646 2153 753 2177; x_wconf 90' lang='lat' dir='ltr'>actum</span> <span class='ocrx_word' id='word_1_471' title='bbox 770 2146 961 2177; x_wconf 87' lang='lat' dir='ltr'>defensionis</span> <span class='ocrx_word' id='word_1_472' title='bbox 984 2145 1131 2186; x_wconf 87' lang='lat' dir='ltr'>propriae</span> <span class='ocrx_word' id='word_1_473' title='bbox 1154 2154 1210 2185; x_wconf 89' lang='lat' dir='ltr'>per</span> <span class='ocrx_word' id='word_1_474' title='bbox 1228 2145 1290 2175; x_wconf 91' lang='lat' dir='ltr'>hoc</span> <span class='ocrx_word' id='word_1_475' title='bbox 1313 2145 1401 2185; x_wconf 90' lang='lat' dir='ltr'>quod</span> 
     </span>
    </p>
   </div>
   <div class='ocr_carea' id='block_1_20' title="bbox 341 2321 1402 2363">
    <p class='ocr_par' dir='ltr' id='par_1_21' title="bbox 341 2321 1402 2363">
     <span class='ocr_line' id='line_1_61' title="bbox 341 2321 1402 2363; baseline -0.004 -8"><span class='ocrx_word' id='word_1_476' title='bbox 341 2324 453 2356; x_wconf 91' lang='lat' dir='ltr'>iudicis</span> <span class='ocrx_word' id='word_1_477' title='bbox 468 2323 623 2354; x_wconf 90' lang='lat' dir='ltr'>incumbit</span> <span class='ocrx_word' id='word_1_478' title='bbox 642 2333 716 2354; x_wconf 85' lang='lat' dir='ltr'>cura</span> <span class='ocrx_word' id='word_1_479' title='bbox 734 2330 770 2354; x_wconf 85' lang='lat' dir='ltr'>ut</span> <span class='ocrx_word' id='word_1_480' title='bbox 789 2330 895 2354; x_wconf 87' lang='lat' dir='ltr'>utatur</span> <span class='ocrx_word' id='word_1_481' title='bbox 913 2323 1042 2363; x_wconf 91' lang='lat' dir='ltr'>publico</span> <span class='ocrx_word' id='word_1_482' title='bbox 1058 2321 1174 2358; x_wconf 82' lang='lat' dir='ltr'>officio,</span> <span class='ocrx_word' id='word_1_483' title='bbox 1190 2327 1220 2352; x_wconf 91' lang='lat' dir='ltr'>et</span> <span class='ocrx_word' id='word_1_484' title='bbox 1242 2331 1309 2351; x_wconf 92' lang='lat' dir='ltr'>non</span> <span class='ocrx_word' id='word_1_485' title='bbox 1329 2331 1402 2352; x_wconf 86' lang='lat' dir='ltr'>cura</span> 
     </span>
    </p>
   </div>
   <div class='ocr_carea' id='block_1_21' title="bbox 341 2366 1430 2452">
    <p class='ocr_par' dir='ltr' id='par_1_22' title="bbox 341 2366 1430 2452">
     <span class='ocr_line' id='line_1_62' title="bbox 341 2366 1430 2409; baseline -0.001 -10"><span class='ocrx_word' id='word_1_486' title='bbox 341 2368 478 2409; x_wconf 85' lang='lat' dir='ltr'>proximi</span> <span class='ocrx_word' id='word_1_487' title='bbox 500 2368 559 2398; x_wconf 91' lang='lat' dir='ltr'>nisi</span> <span class='ocrx_word' id='word_1_488' title='bbox 582 2368 703 2398; x_wconf 88' lang='lat' dir='ltr'>ratione</span> <span class='ocrx_word' id='word_1_489' title='bbox 725 2367 844 2407; x_wconf 89' lang='lat' dir='ltr'>publici</span> <span class='ocrx_word' id='word_1_490' title='bbox 868 2367 977 2403; x_wconf 88' lang='lat' dir='ltr'>officii,</span> <span class='ocrx_word' id='word_1_491' title='bbox 1001 2367 1074 2397; x_wconf 91' lang='lat' dir='ltr'>ideo</span> <span class='ocrx_word' id='word_1_492' title='bbox 1098 2376 1164 2396; x_wconf 91' lang='lat' dir='ltr'>non</span> <span class='ocrx_word' id='word_1_493' title='bbox 1187 2372 1312 2397; x_wconf 88' lang='lat' dir='ltr'>tenetur</span> <span class='ocrx_word' id='word_1_494' title='bbox 1334 2366 1402 2396; x_wconf 85' lang='lat' dir='ltr'>abs·</span> <span class='ocrx_word' id='word_1_495' title='bbox 1429 2391 1430 2398; x_wconf 66' lang='grc'>,</span> 
     </span>
     <span class='ocr_line' id='line_1_63' title="bbox 342 2411 1430 2452; baseline -0.005 -8"><span class='ocrx_word' id='word_1_496' title='bbox 342 2413 439 2444; x_wconf 90' lang='lat' dir='ltr'>tinere</span> <span class='ocrx_word' id='word_1_497' title='bbox 463 2412 501 2442; x_wconf 86' lang='lat' dir='ltr'>ab</span> <span class='ocrx_word' id='word_1_498' title='bbox 525 2422 585 2442; x_wconf 90' lang='lat' dir='ltr'>usu</span> <span class='ocrx_word' id='word_1_499' title='bbox 609 2411 727 2452; x_wconf 89' lang='lat' dir='ltr'>publici</span> <span class='ocrx_word' id='word_1_500' title='bbox 751 2411 847 2443; x_wconf 84' lang='lat' dir='ltr'>officii</span> <span class='ocrx_word' id='word_1_501' title='bbox 874 2418 1004 2452; x_wconf 89' lang='lat' dir='ltr'>propter</span> <span class='ocrx_word' id='word_1_502' title='bbox 1027 2411 1181 2441; x_wconf 86' lang='lat' dir='ltr'>damnum</span> <span class='ocrx_word' id='word_1_503' title='bbox 1205 2419 1403 2450; x_wconf 89' lang='lat' dir='ltr'>consequens</span> <span class='ocrx_word' id='word_1_504' title='bbox 1429 2413 1430 2416; x_wconf 77' lang='grc'>’</span> 
     </span>
    </p>
   </div>
   <div class='ocr_carea' id='block_1_22' title="bbox 342 2454 1404 2584">
    <p class='ocr_par' dir='ltr' id='par_1_23' title="bbox 342 2454 1404 2584">
     <span class='ocr_line' id='line_1_64' title="bbox 342 2454 1404 2498; baseline -0.003 -11"><span class='ocrx_word' id='word_1_505' title='bbox 342 2457 490 2498; x_wconf 82' lang='lat' dir='ltr'>proximi.</span> <span class='ocrx_word' id='word_1_506' title='bbox 514 2474 535 2480; x_wconf 90' lang='lat'>-</span> <span class='ocrx_word' id='word_1_507' title='bbox 558 2457 599 2486; x_wconf 91' lang='lat' dir='ltr'>Et</span> <span class='ocrx_word' id='word_1_508' title='bbox 615 2455 828 2486; x_wconf 86' lang='lat' dir='ltr'>confirmatur.</span> <span class='ocrx_word' id='word_1_509' title='bbox 854 2456 938 2493; x_wconf 87' lang='lat' dir='ltr'>Quia</span> <span class='ocrx_word' id='word_1_510' title='bbox 954 2465 1045 2485; x_wconf 84' lang='lat' dir='ltr'>nemo</span> <span class='ocrx_word' id='word_1_511' title='bbox 1063 2455 1216 2486; x_wconf 80' lang='lat' dir='ltr'>damnum</span> <span class='ocrx_word' id='word_1_512' title='bbox 1231 2454 1319 2494; x_wconf 86' lang='lat' dir='ltr'>facit</span> <span class='ocrx_word' id='word_1_513' title='bbox 1342 2455 1404 2485; x_wconf 84' lang='lat' dir='ltr'>nisi</span> 
     </span>
     <span class='ocr_line' id='line_1_65' title="bbox 342 2497 1401 2542; baseline -0.002 -11"><span class='ocrx_word' id='word_1_514' title='bbox 342 2503 396 2542; x_wconf 85' lang='lat' dir='ltr'>qui</span> <span class='ocrx_word' id='word_1_515' title='bbox 420 2501 452 2531; x_wconf 86' lang='lat' dir='ltr'>id</span> <span class='ocrx_word' id='word_1_516' title='bbox 465 2499 554 2541; x_wconf 87' lang='lat' dir='ltr'>facit</span> <span class='ocrx_word' id='word_1_517' title='bbox 577 2500 661 2540; x_wconf 86' lang='lat' dir='ltr'>quod</span> <span class='ocrx_word' id='word_1_518' title='bbox 675 2499 792 2541; x_wconf 85' lang='lat' dir='ltr'>facere</span> <span class='ocrx_word' id='word_1_519' title='bbox 815 2501 866 2530; x_wconf 86' lang='lat' dir='ltr'>ius</span> <span class='ocrx_word' id='word_1_520' title='bbox 889 2510 951 2530; x_wconf 84' lang='lat' dir='ltr'>non</span> <span class='ocrx_word' id='word_1_521' title='bbox 975 2500 1079 2536; x_wconf 83' lang='lat' dir='ltr'>habet,</span> <span class='ocrx_word' id='word_1_522' title='bbox 1104 2498 1280 2528; x_wconf 90' lang='lat' dir='ltr'>secundum</span> <span class='ocrx_word' id='word_1_523' title='bbox 1295 2497 1363 2528; x_wconf 90' lang='lat' dir='ltr'>iura</span> <span class='ocrx_word' id='word_1_524' title='bbox 1374 2498 1401 2529; x_wconf 87' lang='lat'>*.</span> 
     </span>
     <span class='ocr_line' id='line_1_66' title="bbox 343 2541 1403 2584; baseline -0.004 -8"><span class='ocrx_word' id='word_1_525' title='bbox 343 2545 430 2576; x_wconf 91' lang='lat' dir='ltr'>Cum</span> <span class='ocrx_word' id='word_1_526' title='bbox 445 2554 520 2584; x_wconf 90' lang='lat' dir='ltr'>ergo</span> <span class='ocrx_word' id='word_1_527' title='bbox 545 2554 680 2584; x_wconf 85' lang='lat' dir='ltr'>persona</span> <span class='ocrx_word' id='word_1_528' title='bbox 695 2543 807 2574; x_wconf 91' lang='lat' dir='ltr'>iudicis</span> <span class='ocrx_word' id='word_1_529' title='bbox 824 2543 872 2574; x_wconf 87' lang='lat' dir='ltr'>ius</span> <span class='ocrx_word' id='word_1_530' title='bbox 887 2543 1001 2574; x_wconf 87' lang='lat' dir='ltr'>habeat</span> <span class='ocrx_word' id='word_1_531' title='bbox 1020 2542 1129 2574; x_wconf 90' lang='lat' dir='ltr'>utendi</span> <span class='ocrx_word' id='word_1_532' title='bbox 1152 2542 1281 2582; x_wconf 91' lang='lat' dir='ltr'>publico</span> <span class='ocrx_word' id='word_1_533' title='bbox 1297 2541 1403 2572; x_wconf 88' lang='lat' dir='ltr'>officio</span> 
     </span>
    </p>
   </div>
   <div class='ocr_carea' id='block_1_23' title="bbox 343 2585 1431 2627">
    <p class='ocr_par' dir='ltr' id='par_1_24' title="bbox 343 2585 1431 2627">
     <span class='ocr_line' id='line_1_67' title="bbox 343 2585 1431 2627; baseline -0.004 -7"><span class='ocrx_word' id='word_1_534' title='bbox 343 2590 519 2620; x_wconf 89' lang='lat' dir='ltr'>secundum</span> <span class='ocrx_word' id='word_1_535' title='bbox 549 2589 633 2627; x_wconf 85' lang='lat' dir='ltr'>leges</span> <span class='ocrx_word' id='word_1_536' title='bbox 666 2594 696 2618; x_wconf 90' lang='lat' dir='ltr'>et</span> <span class='ocrx_word' id='word_1_537' title='bbox 718 2587 785 2618; x_wconf 90' lang='lat' dir='ltr'>iura</span> <span class='ocrx_word' id='word_1_538' title='bbox 817 2595 848 2618; x_wconf 91' lang='lat' dir='ltr'>et</span> <span class='ocrx_word' id='word_1_539' title='bbox 870 2588 1002 2627; x_wconf 85' lang='lat' dir='ltr'>allegata</span> <span class='ocrx_word' id='word_1_540' title='bbox 1029 2595 1060 2618; x_wconf 90' lang='lat' dir='ltr'>et</span> <span class='ocrx_word' id='word_1_541' title='bbox 1088 2587 1238 2626; x_wconf 83' lang='lat' dir='ltr'>probata,</span> <span class='ocrx_word' id='word_1_542' title='bbox 1263 2585 1404 2626; x_wconf 88' lang='lat' dir='ltr'>sequitur</span> <span class='ocrx_word' id='word_1_543' title='bbox 1429 2603 1431 2627; x_wconf 46' lang='grc' dir='ltr'>ς</span> 
     </span>
    </p>
   </div>
   <div class='ocr_carea' id='block_1_24' title="bbox 343 2629 1404 2762">
    <p class='ocr_par' dir='ltr' id='par_1_25' title="bbox 343 2629 1404 2762">
     <span class='ocr_line' id='line_1_68' title="bbox 343 2629 1403 2675; baseline -0.004 -11"><span class='ocrx_word' id='word_1_544' title='bbox 343 2634 432 2675; x_wconf 88' lang='lat' dir='ltr'>quod</span> <span class='ocrx_word' id='word_1_545' title='bbox 462 2643 528 2663; x_wconf 92' lang='lat' dir='ltr'>non</span> <span class='ocrx_word' id='word_1_546' title='bbox 551 2632 625 2663; x_wconf 85' lang='lat' dir='ltr'>facit</span> <span class='ocrx_word' id='word_1_547' title='bbox 648 2632 802 2662; x_wconf 87' lang='lat' dir='ltr'>damnum</span> <span class='ocrx_word' id='word_1_548' title='bbox 826 2632 919 2662; x_wconf 89' lang='lat' dir='ltr'>alicui</span> <span class='ocrx_word' id='word_1_549' title='bbox 947 2632 1066 2662; x_wconf 89' lang='lat' dir='ltr'>utendo</span> <span class='ocrx_word' id='word_1_550' title='bbox 1090 2631 1158 2661; x_wconf 90' lang='lat' dir='ltr'>iure</span> <span class='ocrx_word' id='word_1_551' title='bbox 1182 2629 1276 2660; x_wconf 90' lang='lat' dir='ltr'>officii</span> <span class='ocrx_word' id='word_1_552' title='bbox 1300 2630 1359 2661; x_wconf 90' lang='lat' dir='ltr'>sui.</span> <span class='ocrx_word' id='word_1_553' title='bbox 1382 2647 1403 2653; x_wconf 89' lang='lat'>—</span> 
     </span>
     <span class='ocr_line' id='line_1_69' title="bbox 343 2674 1404 2717; baseline -0.004 -9"><span class='ocrx_word' id='word_1_554' title='bbox 343 2678 436 2708; x_wconf 86' lang='lat' dir='ltr'>Ratio</span> <span class='ocrx_word' id='word_1_555' title='bbox 460 2687 535 2717; x_wconf 86' lang='lat' dir='ltr'>ergo</span> <span class='ocrx_word' id='word_1_556' title='bbox 559 2686 653 2717; x_wconf 89' lang='lat' dir='ltr'>super</span> <span class='ocrx_word' id='word_1_557' title='bbox 675 2686 740 2716; x_wconf 88' lang='lat' dir='ltr'>qua</span> <span class='ocrx_word' id='word_1_558' title='bbox 763 2676 914 2707; x_wconf 87' lang='lat' dir='ltr'>fundatur</span> <span class='ocrx_word' id='word_1_559' title='bbox 936 2675 1053 2716; x_wconf 89' lang='lat' dir='ltr'>positio</span> <span class='ocrx_word' id='word_1_560' title='bbox 1077 2674 1250 2705; x_wconf 87' lang='lat' dir='ltr'>dicentium</span> <span class='ocrx_word' id='word_1_561' title='bbox 1266 2674 1404 2705; x_wconf 91' lang='lat' dir='ltr'>iudicem</span> 
     </span>
     <span class='ocr_line' id='line_1_70' title="bbox 343 2719 1404 2762; baseline -0.004 -10"><span class='ocrx_word' id='word_1_562' title='bbox 343 2731 471 2762; x_wconf 89' lang='lat' dir='ltr'>peccare</span> <span class='ocrx_word' id='word_1_563' title='bbox 499 2721 525 2751; x_wconf 84' lang='lat' dir='ltr'>si</span> <span class='ocrx_word' id='word_1_564' title='bbox 549 2728 659 2752; x_wconf 82' lang='lat' dir='ltr'>contra</span> <span class='ocrx_word' id='word_1_565' title='bbox 681 2720 843 2751; x_wconf 87' lang='lat' dir='ltr'>veritatem</span> <span class='ocrx_word' id='word_1_566' title='bbox 867 2720 925 2750; x_wconf 91' lang='lat' dir='ltr'>sibi</span> <span class='ocrx_word' id='word_1_567' title='bbox 949 2726 1059 2750; x_wconf 88' lang='lat' dir='ltr'>notam</span> <span class='ocrx_word' id='word_1_568' title='bbox 1088 2719 1206 2750; x_wconf 87' lang='lat' dir='ltr'>iudicet</span> <span class='ocrx_word' id='word_1_569' title='bbox 1228 2719 1404 2749; x_wconf 89' lang='lat' dir='ltr'>secundum</span> 
     </span>
    </p>
   </div>
   <div class='ocr_carea' id='block_1_25' title="bbox 343 2762 2518 2891">
    <p class='ocr_par' dir='ltr' id='par_1_26' title="bbox 343 2762 2518 2891">
     <span class='ocr_line' id='line_1_71' title="bbox 343 2762 1432 2806; baseline -0.004 -10"><span class='ocrx_word' id='word_1_570' title='bbox 343 2766 475 2805; x_wconf 87' lang='lat' dir='ltr'>allegata</span> <span class='ocrx_word' id='word_1_571' title='bbox 497 2771 528 2795; x_wconf 92' lang='lat' dir='ltr'>et</span> <span class='ocrx_word' id='word_1_572' title='bbox 550 2765 691 2805; x_wconf 85' lang='lat' dir='ltr'>probata,</span> <span class='ocrx_word' id='word_1_573' title='bbox 709 2771 778 2801; x_wconf 90' lang='lat' dir='ltr'>etc.,</span> <span class='ocrx_word' id='word_1_574' title='bbox 802 2764 927 2794; x_wconf 84' lang='lat' dir='ltr'>infirma</span> <span class='ocrx_word' id='word_1_575' title='bbox 950 2771 1005 2799; x_wconf 91' lang='lat' dir='ltr'>est,</span> <span class='ocrx_word' id='word_1_576' title='bbox 1030 2770 1060 2794; x_wconf 91' lang='lat' dir='ltr'>et</span> <span class='ocrx_word' id='word_1_577' title='bbox 1084 2773 1149 2793; x_wconf 90' lang='lat' dir='ltr'>non</span> <span class='ocrx_word' id='word_1_578' title='bbox 1174 2762 1335 2793; x_wconf 90' lang='lat' dir='ltr'>concludit</span> <span class='ocrx_word' id='word_1_579' title='bbox 1356 2762 1404 2792; x_wconf 91' lang='lat' dir='ltr'>in-</span> <span class='ocrx_word' id='word_1_580' title='bbox 1430 2781 1432 2806; x_wconf 59' lang='lat'>¹.</span> 
     </span>
     <span class='ocr_line' id='line_1_72' title="bbox 343 2807 1432 2850; baseline -0.001 -10"><span class='ocrx_word' id='word_1_581' title='bbox 343 2816 480 2840; x_wconf 88' lang='lat' dir='ltr'>tentum:</span> <span class='ocrx_word' id='word_1_582' title='bbox 505 2815 618 2849; x_wconf 86' lang='lat' dir='ltr'>utpote</span> <span class='ocrx_word' id='word_1_583' title='bbox 641 2818 678 2839; x_wconf 87' lang='lat' dir='ltr'>ex</span> <span class='ocrx_word' id='word_1_584' title='bbox 700 2808 749 2838; x_wconf 90' lang='lat' dir='ltr'>his</span> <span class='ocrx_word' id='word_1_585' title='bbox 772 2818 854 2850; x_wconf 84' lang='lat' dir='ltr'>quae</span> <span class='ocrx_word' id='word_1_586' title='bbox 877 2815 951 2839; x_wconf 89' lang='lat' dir='ltr'>sunt</span> <span class='ocrx_word' id='word_1_587' title='bbox 973 2817 1030 2848; x_wconf 88' lang='lat' dir='ltr'>per</span> <span class='ocrx_word' id='word_1_588' title='bbox 1053 2807 1195 2838; x_wconf 87' lang='lat' dir='ltr'>accidens</span> <span class='ocrx_word' id='word_1_589' title='bbox 1219 2807 1402 2847; x_wconf 82' lang='lat' dir='ltr'>procedens.</span> <span class='ocrx_word' id='word_1_590' title='bbox 1430 2826 1432 2839; x_wconf 56' lang='lat' dir='ltr'>l</span> 
     </span>
     <span class='ocr_line' id='line_1_73' title="bbox 1430 2846 2518 2891; baseline -0.003 -11"><span class='ocrx_word' id='word_1_591' title='bbox 1430 2846 1432 2858; x_wconf 70' lang='lat'>¹</span> <span class='ocrx_word' id='word_1_592' title='bbox 1457 2849 1658 2891; x_wconf 88' lang='lat' dir='ltr'>perveniatur</span> <span class='ocrx_word' id='word_1_593' title='bbox 1680 2849 1720 2879; x_wconf 88' lang='lat' dir='ltr'>ad</span> <span class='ocrx_word' id='word_1_594' title='bbox 1743 2847 1850 2885; x_wconf 85' lang='lat' dir='ltr'>finem,</span> <span class='ocrx_word' id='word_1_595' title='bbox 1874 2847 2035 2888; x_wconf 82' lang='lat' dir='ltr'>publicam</span> <span class='ocrx_word' id='word_1_596' title='bbox 2051 2847 2168 2878; x_wconf 87' lang='lat' dir='ltr'>scilicet</span> <span class='ocrx_word' id='word_1_597' title='bbox 2185 2847 2358 2878; x_wconf 88' lang='lat' dir='ltr'>veritatem.</span> <span class='ocrx_word' id='word_1_598' title='bbox 2383 2846 2518 2878; x_wconf 74' lang='lat' dir='ltr'>Constat</span> 
     </span>
    </p>
   </div>
   <div class='ocr_carea' id='block_1_26' title="bbox 399 2850 1404 2893">
    <p class='ocr_par' dir='ltr' id='par_1_27' title="bbox 399 2850 1404 2893">
     <span class='ocr_line' id='line_1_74' title="bbox 399 2850 1404 2893; baseline -0.004 -9"><span class='ocrx_word' id='word_1_599' title='bbox 399 2853 491 2884; x_wconf 87' lang='lat' dir='ltr'>Ratio</span> <span class='ocrx_word' id='word_1_600' title='bbox 515 2860 622 2883; x_wconf 89' lang='lat' dir='ltr'>autem</span> <span class='ocrx_word' id='word_1_601' title='bbox 646 2853 738 2883; x_wconf 87' lang='lat' dir='ltr'>allata</span> <span class='ocrx_word' id='word_1_602' title='bbox 766 2862 825 2893; x_wconf 90' lang='lat' dir='ltr'>pro</span> <span class='ocrx_word' id='word_1_603' title='bbox 849 2859 935 2893; x_wconf 88' lang='lat' dir='ltr'>parte</span> <span class='ocrx_word' id='word_1_604' title='bbox 960 2851 1114 2883; x_wconf 88' lang='lat' dir='ltr'>contraria</span> <span class='ocrx_word' id='word_1_605' title='bbox 1141 2850 1305 2881; x_wconf 89' lang='lat' dir='ltr'>manifeste</span> <span class='ocrx_word' id='word_1_606' title='bbox 1331 2861 1404 2891; x_wconf 87' lang='lat' dir='ltr'>pro-</span> 
     </span>
    </p>
   </div>
   <div class='ocr_carea' id='block_1_27' title="bbox 345 2895 1432 2938">
    <p class='ocr_par' dir='ltr' id='par_1_28' title="bbox 345 2895 1432 2938">
     <span class='ocr_line' id='line_1_75' title="bbox 345 2895 1432 2938; baseline -0.002 -11"><span class='ocrx_word' id='word_1_607' title='bbox 345 2898 425 2928; x_wconf 88' lang='lat' dir='ltr'>cedit</span> <span class='ocrx_word' id='word_1_608' title='bbox 448 2907 485 2927; x_wconf 88' lang='lat' dir='ltr'>ex</span> <span class='ocrx_word' id='word_1_609' title='bbox 507 2897 555 2927; x_wconf 90' lang='lat' dir='ltr'>his</span> <span class='ocrx_word' id='word_1_610' title='bbox 578 2907 662 2938; x_wconf 88' lang='lat' dir='ltr'>quae</span> <span class='ocrx_word' id='word_1_611' title='bbox 685 2897 878 2927; x_wconf 88' lang='lat' dir='ltr'>conveniunt</span> <span class='ocrx_word' id='word_1_612' title='bbox 900 2906 957 2937; x_wconf 89' lang='lat' dir='ltr'>per</span> <span class='ocrx_word' id='word_1_613' title='bbox 971 2906 1004 2926; x_wconf 91' lang='lat' dir='ltr'>se</span> <span class='ocrx_word' id='word_1_614' title='bbox 1023 2895 1117 2927; x_wconf 90' lang='lat' dir='ltr'>actui.</span> <span class='ocrx_word' id='word_1_615' title='bbox 1142 2897 1241 2926; x_wconf 88' lang='lat' dir='ltr'>Actus</span> <span class='ocrx_word' id='word_1_616' title='bbox 1265 2905 1404 2936; x_wconf 88' lang='lat' dir='ltr'>namque</span> <span class='ocrx_word' id='word_1_617' title='bbox 1429 2922 1432 2925; x_wconf 85' lang='lat'>.</span> 
     </span>
    </p>
   </div>
   <div class='ocr_carea' id='block_1_28' title="bbox 345 2940 1405 3025">
    <p class='ocr_par' dir='ltr' id='par_1_29' title="bbox 345 2940 1405 3025">
     <span class='ocr_line' id='line_1_76' title="bbox 345 2940 1405 2980; baseline -0.003 -8"><span class='ocrx_word' id='word_1_618' title='bbox 345 2941 515 2972; x_wconf 87' lang='lat' dir='ltr'>sententiae</span> <span class='ocrx_word' id='word_1_619' title='bbox 532 2941 709 2971; x_wconf 88' lang='lat' dir='ltr'>damnantis</span> <span class='ocrx_word' id='word_1_620' title='bbox 726 2948 771 2971; x_wconf 89' lang='lat' dir='ltr'>est</span> <span class='ocrx_word' id='word_1_621' title='bbox 787 2948 875 2971; x_wconf 87' lang='lat' dir='ltr'>actus</span> <span class='ocrx_word' id='word_1_622' title='bbox 891 2941 1048 2980; x_wconf 91' lang='lat' dir='ltr'>publicus.</span> <span class='ocrx_word' id='word_1_623' title='bbox 1074 2940 1115 2971; x_wconf 94' lang='lat' dir='ltr'>Et</span> <span class='ocrx_word' id='word_1_624' title='bbox 1131 2947 1298 2980; x_wconf 86' lang='lat' dir='ltr'>propterea</span> <span class='ocrx_word' id='word_1_625' title='bbox 1313 2940 1405 2970; x_wconf 88' lang='lat' dir='ltr'>debet</span> 
     </span>
     <span class='ocr_line' id='line_1_77' title="bbox 345 2984 1404 3025; baseline -0.001 -10"><span class='ocrx_word' id='word_1_626' title='bbox 345 2995 400 3025; x_wconf 92' lang='lat' dir='ltr'>per</span> <span class='ocrx_word' id='word_1_627' title='bbox 416 2995 448 3015; x_wconf 90' lang='lat' dir='ltr'>se</span> <span class='ocrx_word' id='word_1_628' title='bbox 471 2995 580 3015; x_wconf 86' lang='lat' dir='ltr'>causas</span> <span class='ocrx_word' id='word_1_629' title='bbox 603 2985 717 3015; x_wconf 87' lang='lat' dir='ltr'>habere</span> <span class='ocrx_word' id='word_1_630' title='bbox 740 2985 899 3025; x_wconf 90' lang='lat' dir='ltr'>publicas:</span> <span class='ocrx_word' id='word_1_631' title='bbox 924 2984 1041 3015; x_wconf 88' lang='lat' dir='ltr'>scilicet</span> <span class='ocrx_word' id='word_1_632' title='bbox 1064 2994 1243 3024; x_wconf 84' lang='lat' dir='ltr'>personam,</span> <span class='ocrx_word' id='word_1_633' title='bbox 1268 2990 1404 3024; x_wconf 86' lang='lat' dir='ltr'>potesta-</span> 
     </span>
    </p>
   </div>
   <div class='ocr_carea' id='block_1_29' title="bbox 344 3027 1433 3068">
    <p class='ocr_par' dir='ltr' id='par_1_30' title="bbox 344 3027 1433 3068">
     <span class='ocr_line' id='line_1_78' title="bbox 344 3027 1433 3068; baseline -0.001 -9"><span class='ocrx_word' id='word_1_634' title='bbox 344 3036 425 3065; x_wconf 90' lang='lat' dir='ltr'>tem,</span> <span class='ocrx_word' id='word_1_635' title='bbox 451 3028 630 3065; x_wconf 85' lang='lat' dir='ltr'>scientiam,</span> <span class='ocrx_word' id='word_1_636' title='bbox 659 3035 690 3059; x_wconf 90' lang='lat' dir='ltr'>et</span> <span class='ocrx_word' id='word_1_637' title='bbox 718 3029 935 3065; x_wconf 89' lang='lat' dir='ltr'>voluntatem,</span> <span class='ocrx_word' id='word_1_638' title='bbox 965 3039 1047 3068; x_wconf 87' lang='lat' dir='ltr'>quae</span> <span class='ocrx_word' id='word_1_639' title='bbox 1076 3035 1244 3068; x_wconf 88' lang='lat' dir='ltr'>praecepto</span> <span class='ocrx_word' id='word_1_640' title='bbox 1276 3027 1404 3068; x_wconf 91' lang='lat' dir='ltr'>publico</span> <span class='ocrx_word' id='word_1_641' title='bbox 1431 3049 1433 3064; x_wconf 59' lang='lat'><em>2</em></span> 
     </span>
    </p>
   </div>
   <div class='ocr_carea' id='block_1_30' title="bbox 345 3071 1405 3114">
    <p class='ocr_par' dir='ltr' id='par_1_31' title="bbox 345 3071 1405 3114">
     <span class='ocr_line' id='line_1_79' title="bbox 345 3071 1405 3114; baseline -0.001 -11"><span class='ocrx_word' id='word_1_642' title='bbox 345 3073 434 3114; x_wconf 91' lang='lat' dir='ltr'>quod</span> <span class='ocrx_word' id='word_1_643' title='bbox 456 3073 550 3103; x_wconf 88' lang='lat' dir='ltr'>iudex</span> <span class='ocrx_word' id='word_1_644' title='bbox 574 3072 647 3103; x_wconf 89' lang='lat' dir='ltr'>facit</span> <span class='ocrx_word' id='word_1_645' title='bbox 670 3073 708 3102; x_wconf 94' lang='lat' dir='ltr'>de</span> <span class='ocrx_word' id='word_1_646' title='bbox 731 3082 835 3112; x_wconf 88' lang='lat' dir='ltr'>poena</span> <span class='ocrx_word' id='word_1_647' title='bbox 849 3073 1044 3108; x_wconf 90' lang='lat' dir='ltr'>huiusmodi,</span> <span class='ocrx_word' id='word_1_648' title='bbox 1062 3071 1293 3108; x_wconf 61' lang='lat' dir='ltr'>manifestatum</span> <span class='ocrx_word' id='word_1_649' title='bbox 1317 3081 1405 3112; x_wconf 89' lang='lat' dir='ltr'>prae-</span> 
     </span>
    </p>
   </div>
   <div class='ocr_carea' id='block_1_31' title="bbox 346 3115 2519 3197">
    <p class='ocr_par' dir='ltr' id='par_1_32' title="bbox 346 3115 2519 3197">
     <span class='ocr_line' id='line_1_80' title="bbox 346 3115 1433 3156; baseline -0.001 -9"><span class='ocrx_word' id='word_1_650' title='bbox 346 3124 474 3156; x_wconf 90' lang='lat' dir='ltr'>ceptum</span> <span class='ocrx_word' id='word_1_651' title='bbox 497 3117 582 3146; x_wconf 88' lang='lat' dir='ltr'>enim</span> <span class='ocrx_word' id='word_1_652' title='bbox 598 3126 616 3146; x_wconf 91' lang='lat' dir='ltr'>a</span> <span class='ocrx_word' id='word_1_653' title='bbox 630 3116 794 3147; x_wconf 86' lang='lat' dir='ltr'>voluntate</span> <span class='ocrx_word' id='word_1_654' title='bbox 813 3123 868 3147; x_wconf 91' lang='lat' dir='ltr'>est.</span> <span class='ocrx_word' id='word_1_655' title='bbox 891 3117 957 3147; x_wconf 89' lang='lat' dir='ltr'>Nec</span> <span class='ocrx_word' id='word_1_656' title='bbox 980 3126 1115 3156; x_wconf 89' lang='lat' dir='ltr'>persona</span> <span class='ocrx_word' id='word_1_657' title='bbox 1133 3115 1245 3146; x_wconf 86' lang='lat' dir='ltr'>iudicis</span> <span class='ocrx_word' id='word_1_658' title='bbox 1266 3115 1405 3156; x_wconf 86' lang='lat' dir='ltr'>aliquem</span> <span class='ocrx_word' id='word_1_659' title='bbox 1432 3139 1433 3151; x_wconf 31' lang='lat'>¹</span> 
     </span>
     <span class='ocr_line' id='line_1_81' title="bbox 1432 3154 2519 3197; baseline -0.004 -8"><span class='ocrx_word' id='word_1_660' title='bbox 1432 3154 1433 3159; x_wconf 45' lang='lat'>¹</span> <span class='ocrx_word' id='word_1_661' title='bbox 1460 3169 1492 3189; x_wconf 89' lang='lat' dir='ltr'>se</span> <span class='ocrx_word' id='word_1_662' title='bbox 1516 3158 1680 3188; x_wconf 87' lang='lat' dir='ltr'>extendere</span> <span class='ocrx_word' id='word_1_663' title='bbox 1704 3163 1857 3197; x_wconf 88' lang='lat' dir='ltr'>possunt:</span> <span class='ocrx_word' id='word_1_664' title='bbox 1882 3166 1985 3197; x_wconf 86' lang='lat' dir='ltr'>neque</span> <span class='ocrx_word' id='word_1_665' title='bbox 2002 3156 2087 3186; x_wconf 85' lang='lat' dir='ltr'>enim</span> <span class='ocrx_word' id='word_1_666' title='bbox 2107 3156 2180 3197; x_wconf 90' lang='lat' dir='ltr'>plus</span> <span class='ocrx_word' id='word_1_667' title='bbox 2195 3156 2386 3196; x_wconf 87' lang='lat' dir='ltr'>exigendum</span> <span class='ocrx_word' id='word_1_668' title='bbox 2403 3155 2443 3185; x_wconf 83' lang='lat' dir='ltr'>ab</span> <span class='ocrx_word' id='word_1_669' title='bbox 2462 3154 2519 3185; x_wconf 83' lang='lat' dir='ltr'>ho-</span> 
     </span>
    </p>
   </div>
   <div class='ocr_carea' id='block_1_32' title="bbox 346 3159 1406 3244">
    <p class='ocr_par' dir='ltr' id='par_1_33' title="bbox 346 3159 1406 3244">
     <span class='ocr_line' id='line_1_82' title="bbox 346 3159 1406 3201; baseline -0.002 -10"><span class='ocrx_word' id='word_1_670' title='bbox 346 3167 453 3191; x_wconf 88' lang='lat' dir='ltr'>actum</span> <span class='ocrx_word' id='word_1_671' title='bbox 475 3160 622 3201; x_wconf 88' lang='lat' dir='ltr'>propriae</span> <span class='ocrx_word' id='word_1_672' title='bbox 636 3160 808 3191; x_wconf 86' lang='lat' dir='ltr'>voluntatis</span> <span class='ocrx_word' id='word_1_673' title='bbox 825 3160 959 3200; x_wconf 90' lang='lat' dir='ltr'>apponit</span> <span class='ocrx_word' id='word_1_674' title='bbox 977 3160 1010 3190; x_wconf 90' lang='lat' dir='ltr'>in</span> <span class='ocrx_word' id='word_1_675' title='bbox 1026 3160 1087 3190; x_wconf 92' lang='lat' dir='ltr'>hoc</span> <span class='ocrx_word' id='word_1_676' title='bbox 1104 3169 1178 3190; x_wconf 88' lang='lat' dir='ltr'>casu</span> <span class='ocrx_word' id='word_1_677' title='bbox 1201 3159 1234 3189; x_wconf 92' lang='lat' dir='ltr'>in</span> <span class='ocrx_word' id='word_1_678' title='bbox 1251 3160 1406 3189; x_wconf 87' lang='lat' dir='ltr'>damnum</span> 
     </span>
     <span class='ocr_line' id='line_1_83' title="bbox 346 3203 1405 3244; baseline -0.002 -9"><span class='ocrx_word' id='word_1_679' title='bbox 346 3204 533 3241; x_wconf 87' lang='lat' dir='ltr'>innocentis,</span> <span class='ocrx_word' id='word_1_680' title='bbox 557 3204 617 3235; x_wconf 90' lang='lat' dir='ltr'>nisi</span> <span class='ocrx_word' id='word_1_681' title='bbox 641 3204 687 3235; x_wconf 92' lang='lat' dir='ltr'>uti</span> <span class='ocrx_word' id='word_1_682' title='bbox 711 3211 876 3244; x_wconf 86' lang='lat' dir='ltr'>potestate,</span> <span class='ocrx_word' id='word_1_683' title='bbox 900 3204 1028 3235; x_wconf 83' lang='lat' dir='ltr'>scientia</span> <span class='ocrx_word' id='word_1_684' title='bbox 1043 3210 1073 3234; x_wconf 89' lang='lat' dir='ltr'>et</span> <span class='ocrx_word' id='word_1_685' title='bbox 1086 3204 1250 3235; x_wconf 86' lang='lat' dir='ltr'>voluntate</span> <span class='ocrx_word' id='word_1_686' title='bbox 1270 3203 1405 3243; x_wconf 88' lang='lat' dir='ltr'>publica,</span> 
     </span>
    </p>
   </div>
   <div class='ocr_carea' id='block_1_33' title="bbox 346 3239 2520 3507">
    <p class='ocr_par' dir='ltr' id='par_1_34' title="bbox 346 3239 2520 3507">
     <span class='ocr_line' id='line_1_84' title="bbox 346 3239 1434 3290; baseline -0.002 -11"><span class='ocrx_word' id='word_1_687' title='bbox 346 3259 444 3290; x_wconf 90' lang='lat' dir='ltr'>quem</span> <span class='ocrx_word' id='word_1_688' title='bbox 474 3255 580 3279; x_wconf 89' lang='lat' dir='ltr'>actum</span> <span class='ocrx_word' id='word_1_689' title='bbox 610 3248 636 3278; x_wconf 92' lang='lat' dir='ltr'>si</span> <span class='ocrx_word' id='word_1_690' title='bbox 667 3255 775 3288; x_wconf 87' lang='lat' dir='ltr'>posset</span> <span class='ocrx_word' id='word_1_691' title='bbox 800 3248 964 3285; x_wconf 80' lang='lat' dir='ltr'>omittere,</span> <span class='ocrx_word' id='word_1_692' title='bbox 989 3248 1121 3278; x_wconf 88' lang='lat' dir='ltr'>libenter</span> <span class='ocrx_word' id='word_1_693' title='bbox 1146 3247 1313 3278; x_wconf 88' lang='lat' dir='ltr'>omitteret.</span> <span class='ocrx_word' id='word_1_694' title='bbox 1345 3247 1407 3278; x_wconf 91' lang='lat' dir='ltr'>Sed</span> <span class='ocrx_word' id='word_1_695' title='bbox 1433 3239 1434 3261; x_wconf 55' lang='lat'><em>³</em></span> 
     </span>
     <span class='ocr_line' id='line_1_85' title="bbox 347 3291 1434 3334; baseline -0.002 -11"><span class='ocrx_word' id='word_1_696' title='bbox 347 3293 423 3334; x_wconf 88' lang='lat' dir='ltr'>quia</span> <span class='ocrx_word' id='word_1_697' title='bbox 454 3299 577 3323; x_wconf 88' lang='lat' dir='ltr'>tenetur</span> <span class='ocrx_word' id='word_1_698' title='bbox 607 3293 647 3323; x_wconf 87' lang='lat' dir='ltr'>ad</span> <span class='ocrx_word' id='word_1_699' title='bbox 678 3293 790 3329; x_wconf 82' lang='lat' dir='ltr'>illum,</span> <span class='ocrx_word' id='word_1_700' title='bbox 821 3299 951 3333; x_wconf 90' lang='lat' dir='ltr'>propter</span> <span class='ocrx_word' id='word_1_701' title='bbox 981 3291 1223 3322; x_wconf 89' lang='lat' dir='ltr'>coincidentiam</span> <span class='ocrx_word' id='word_1_702' title='bbox 1254 3301 1434 3332; x_wconf 52' lang='lat' dir='ltr'>personaeg</span> 
     </span>
     <span class='ocr_line' id='line_1_86' title="bbox 348 3335 1434 3376; baseline -0.001 -10"><span class='ocrx_word' id='word_1_703' title='bbox 348 3336 493 3376; x_wconf 90' lang='lat' dir='ltr'>publicae</span> <span class='ocrx_word' id='word_1_704' title='bbox 517 3347 591 3367; x_wconf 92' lang='lat' dir='ltr'>cum</span> <span class='ocrx_word' id='word_1_705' title='bbox 610 3346 676 3373; x_wconf 87' lang='lat' dir='ltr'>sua,</span> <span class='ocrx_word' id='word_1_706' title='bbox 693 3336 765 3367; x_wconf 92' lang='lat' dir='ltr'>ideo</span> <span class='ocrx_word' id='word_1_707' title='bbox 782 3346 848 3367; x_wconf 89' lang='lat' dir='ltr'>non</span> <span class='ocrx_word' id='word_1_708' title='bbox 864 3343 987 3367; x_wconf 88' lang='lat' dir='ltr'>tenetur</span> <span class='ocrx_word' id='word_1_709' title='bbox 1003 3336 1147 3366; x_wconf 86' lang='lat' dir='ltr'>omittere</span> <span class='ocrx_word' id='word_1_710' title='bbox 1163 3335 1255 3366; x_wconf 89' lang='lat' dir='ltr'>illum</span> <span class='ocrx_word' id='word_1_711' title='bbox 1278 3342 1407 3376; x_wconf 92' lang='lat' dir='ltr'>propter</span> <span class='ocrx_word' id='word_1_712' title='bbox 1433 3348 1434 3352; x_wconf 51' lang='lat'>¹</span> 
     </span>
     <span class='ocr_line' id='line_1_87' title="bbox 349 3379 1435 3420; baseline -0.002 -9"><span class='ocrx_word' id='word_1_713' title='bbox 349 3381 503 3411; x_wconf 87' lang='lat' dir='ltr'>damnum</span> <span class='ocrx_word' id='word_1_714' title='bbox 525 3380 651 3412; x_wconf 88' lang='lat' dir='ltr'>alterius</span> <span class='ocrx_word' id='word_1_715' title='bbox 674 3390 730 3420; x_wconf 87' lang='lat' dir='ltr'>per</span> <span class='ocrx_word' id='word_1_716' title='bbox 749 3381 893 3411; x_wconf 86' lang='lat' dir='ltr'>accidens</span> <span class='ocrx_word' id='word_1_717' title='bbox 908 3380 1104 3411; x_wconf 88' lang='lat' dir='ltr'>rarissimum</span> <span class='ocrx_word' id='word_1_718' title='bbox 1128 3379 1274 3410; x_wconf 89' lang='lat' dir='ltr'>eveniens</span> <span class='ocrx_word' id='word_1_719' title='bbox 1293 3389 1330 3409; x_wconf 87' lang='lat' dir='ltr'>ex</span> <span class='ocrx_word' id='word_1_720' title='bbox 1346 3389 1406 3410; x_wconf 89' lang='lat' dir='ltr'>usu</span> <span class='ocrx_word' id='word_1_721' title='bbox 1433 3391 1435 3417; x_wconf 49' lang='grc' dir='ltr'><strong>ᾗ</strong></span> 
     </span>
     <span class='ocr_line' id='line_1_88' title="bbox 1434 3419 2520 3464; baseline -0.005 -11"><span class='ocrx_word' id='word_1_722' title='bbox 1434 3424 1435 3464; x_wconf 58' lang='lat' dir='ltr'>J</span> <span class='ocrx_word' id='word_1_723' title='bbox 1460 3422 1532 3454; x_wconf 89' lang='lat' dir='ltr'>ficio</span> <span class='ocrx_word' id='word_1_724' title='bbox 1555 3422 1650 3453; x_wconf 85' lang='lat' dir='ltr'>iudex</span> <span class='ocrx_word' id='word_1_725' title='bbox 1679 3432 1745 3452; x_wconf 93' lang='lat' dir='ltr'>non</span> <span class='ocrx_word' id='word_1_726' title='bbox 1769 3422 1868 3462; x_wconf 89' lang='lat' dir='ltr'>possit</span> <span class='ocrx_word' id='word_1_727' title='bbox 1891 3421 1983 3452; x_wconf 86' lang='lat' dir='ltr'>illum</span> <span class='ocrx_word' id='word_1_728' title='bbox 2005 3421 2135 3452; x_wconf 83' lang='lat' dir='ltr'>liberare</span> <span class='ocrx_word' id='word_1_729' title='bbox 2163 3430 2222 3451; x_wconf 89' lang='lat' dir='ltr'>nec</span> <span class='ocrx_word' id='word_1_730' title='bbox 2245 3428 2281 3450; x_wconf 78' lang='lat' dir='ltr'>ex</span> <span class='ocrx_word' id='word_1_731' title='bbox 2303 3419 2438 3455; x_wconf 86' lang='lat' dir='ltr'>iustitia,</span> <span class='ocrx_word' id='word_1_732' title='bbox 2463 3428 2520 3448; x_wconf 91' lang='lat' dir='ltr'>nec</span> 
     </span>
     <span class='ocr_line' id='line_1_89' title="bbox 1433 3463 2245 3507; baseline -0.004 -10"><span class='ocrx_word' id='word_1_733' title='bbox 1433 3467 1435 3497; x_wconf 59' lang='grc' dir='ltr'><strong>ἶ</strong></span> <span class='ocrx_word' id='word_1_734' title='bbox 1461 3477 1498 3497; x_wconf 88' lang='lat' dir='ltr'>ex</span> <span class='ocrx_word' id='word_1_735' title='bbox 1520 3466 1681 3507; x_wconf 87' lang='lat' dir='ltr'>epieikeia,</span> <span class='ocrx_word' id='word_1_736' title='bbox 1702 3475 1760 3496; x_wconf 91' lang='lat' dir='ltr'>nec</span> <span class='ocrx_word' id='word_1_737' title='bbox 1783 3476 1820 3496; x_wconf 86' lang='lat' dir='ltr'>ex</span> <span class='ocrx_word' id='word_1_738' title='bbox 1843 3475 2046 3506; x_wconf 89' lang='lat' dir='ltr'>quacumque</span> <span class='ocrx_word' id='word_1_739' title='bbox 2070 3463 2245 3505; x_wconf 81' lang='lat' dir='ltr'>prudentia.</span> 
     </span>
    </p>
   </div>
   <div class='ocr_carea' id='block_1_34' title="bbox 349 3423 1405 3465">
    <p class='ocr_par' dir='ltr' id='par_1_35' title="bbox 349 3423 1405 3465">
     <span class='ocr_line' id='line_1_90' title="bbox 349 3423 1405 3465; baseline -0.002 -10"><span class='ocrx_word' id='word_1_740' title='bbox 349 3424 466 3465; x_wconf 90' lang='lat' dir='ltr'>publici</span> <span class='ocrx_word' id='word_1_741' title='bbox 483 3424 588 3455; x_wconf 86' lang='lat' dir='ltr'>officii.</span> <span class='ocrx_word' id='word_1_742' title='bbox 612 3442 630 3447; x_wconf 93' lang='lat'><em>-</em></span> <span class='ocrx_word' id='word_1_743' title='bbox 655 3425 696 3455; x_wconf 91' lang='lat' dir='ltr'>Et</span> <span class='ocrx_word' id='word_1_744' title='bbox 718 3425 872 3465; x_wconf 89' lang='lat' dir='ltr'>quoniam</span> <span class='ocrx_word' id='word_1_745' title='bbox 896 3425 972 3455; x_wconf 87' lang='lat' dir='ltr'>haec</span> <span class='ocrx_word' id='word_1_746' title='bbox 985 3425 1036 3454; x_wconf 78' lang='lat' dir='ltr'>via</span> <span class='ocrx_word' id='word_1_747' title='bbox 1059 3424 1199 3454; x_wconf 91' lang='lat' dir='ltr'>solidum</span> <span class='ocrx_word' id='word_1_748' title='bbox 1218 3423 1313 3454; x_wconf 89' lang='lat' dir='ltr'>habet</span> <span class='ocrx_word' id='word_1_749' title='bbox 1335 3423 1405 3454; x_wconf 83' lang='lat' dir='ltr'>fun—</span> 
     </span>
    </p>
   </div>
   <div class='ocr_carea' id='block_1_35' title="bbox 349 3555 1406 3593">
    <p class='ocr_par' dir='ltr' id='par_1_36' title="bbox 349 3555 1406 3593">
     <span class='ocr_line' id='line_1_91' title="bbox 349 3555 1406 3593; baseline -0.001 -6"><span class='ocrx_word' id='word_1_750' title='bbox 349 3558 386 3587; x_wconf 95' lang='lat' dir='ltr'>de</span> <span class='ocrx_word' id='word_1_751' title='bbox 410 3557 526 3587; x_wconf 88' lang='lat' dir='ltr'>Palude</span> <span class='ocrx_word' id='word_1_752' title='bbox 551 3564 581 3587; x_wconf 93' lang='lat' dir='ltr'>et</span> <span class='ocrx_word' id='word_1_753' title='bbox 605 3557 696 3587; x_wconf 89' lang='lat' dir='ltr'>Petro</span> <span class='ocrx_word' id='word_1_754' title='bbox 722 3557 758 3587; x_wconf 91' lang='lat' dir='ltr'>de</span> <span class='ocrx_word' id='word_1_755' title='bbox 775 3557 968 3593; x_wconf 88' lang='lat' dir='ltr'>Tarantasia,</span> <span class='ocrx_word' id='word_1_756' title='bbox 991 3564 1021 3587; x_wconf 93' lang='lat' dir='ltr'>et</span> <span class='ocrx_word' id='word_1_757' title='bbox 1044 3557 1151 3586; x_wconf 83' lang='lat' dir='ltr'>multis</span> <span class='ocrx_word' id='word_1_758' title='bbox 1175 3556 1252 3591; x_wconf 84' lang='lat' dir='ltr'>aliis,</span> <span class='ocrx_word' id='word_1_759' title='bbox 1271 3563 1306 3586; x_wconf 89' lang='lat' dir='ltr'>ut</span> <span class='ocrx_word' id='word_1_760' title='bbox 1329 3555 1406 3586; x_wconf 88' lang='lat' dir='ltr'>refe-</span> 
     </span>
    </p>
   </div>
   <div class='ocr_carea' id='block_1_36' title="bbox 1426 294 1432 1865">
    <p class='ocr_par' dir='ltr' id='par_1_37' title="bbox 1426 294 1432 1865">
     <span class='ocr_line' id='line_1_92' title="bbox 1426 294 1432 1865; baseline 0 0"><span class='ocrx_word' id='word_1_761' title='bbox 1426 294 1432 1865; x_wconf 95' lang='lat' dir='ltr'> </span> 
     </span>
    </p>
   </div>
   <div class='ocr_carea' id='block_1_37' title="bbox 1429 2629 1435 3294">
    <p class='ocr_par' dir='ltr' id='par_1_38' title="bbox 1429 2629 1435 3294">
     <span class='ocr_line' id='line_1_93' title="bbox 1429 2629 1435 3294; baseline 0 0"><span class='ocrx_word' id='word_1_762' title='bbox 1429 2629 1435 3294; x_wconf 95' lang='lat' dir='ltr'> </span> 
     </span>
    </p>
   </div>
   <div class='ocr_carea' id='block_1_38' title="bbox 1005 217 1842 264">
    <p class='ocr_par' dir='ltr' id='par_1_39' title="bbox 1005 217 1842 264">
     <span class='ocr_line' id='line_1_94' title="bbox 1005 217 1842 264; baseline -0.001 -9"><span class='ocrx_word' id='word_1_763' title='bbox 1005 217 1271 264; x_wconf 90' lang='lat' dir='ltr'>QUAESTIO</span> <span class='ocrx_word' id='word_1_764' title='bbox 1301 217 1457 264; x_wconf 81' lang='lat' dir='ltr'>LXVII,</span> <span class='ocrx_word' id='word_1_765' title='bbox 1486 218 1782 255; x_wconf 87' lang='lat' dir='ltr'>ARTlCULUS</span> <span class='ocrx_word' id='word_1_766' title='bbox 1811 219 1842 254; x_wconf 93' lang='lat' dir='ltr'>ll</span> 
     </span>
    </p>
   </div>
   <div class='ocr_carea' id='block_1_39' title="bbox 1454 295 2512 423">
    <p class='ocr_par' dir='ltr' id='par_1_40' title="bbox 1454 295 2512 423">
     <span class='ocr_line' id='line_1_95' title="bbox 1454 295 2512 330; baseline 0.001 -5"><span class='ocrx_word' id='word_1_767' title='bbox 1454 301 1530 325; x_wconf 91' lang='lat' dir='ltr'>runt</span> <span class='ocrx_word' id='word_1_768' title='bbox 1551 302 1717 326; x_wconf 85' lang='lat' dir='ltr'>tractantes</span> <span class='ocrx_word' id='word_1_769' title='bbox 1744 295 1908 326; x_wconf 82' lang='lat' dir='ltr'>materiam</span> <span class='ocrx_word' id='word_1_770' title='bbox 1934 295 2030 330; x_wconf 88' lang='lat' dir='ltr'>hanc;</span> <span class='ocrx_word' id='word_1_771' title='bbox 2064 302 2095 326; x_wconf 91' lang='lat' dir='ltr'>et</span> <span class='ocrx_word' id='word_1_772' title='bbox 2121 302 2228 326; x_wconf 86' lang='lat' dir='ltr'>ortum</span> <span class='ocrx_word' id='word_1_773' title='bbox 2254 295 2349 327; x_wconf 84' lang='lat' dir='ltr'>habet</span> <span class='ocrx_word' id='word_1_774' title='bbox 2371 295 2410 326; x_wconf 82' lang='lat' dir='ltr'>ab</span> <span class='ocrx_word' id='word_1_775' title='bbox 2435 298 2512 326; x_wconf 85' lang='lat' dir='ltr'>Am-</span> 
     </span>
     <span class='ocr_line' id='line_1_96' title="bbox 1455 338 2510 380; baseline 0.002 -12"><span class='ocrx_word' id='word_1_776' title='bbox 1455 338 1572 375; x_wconf 87' lang='lat' dir='ltr'>brosio,</span> <span class='ocrx_word' id='word_1_777' title='bbox 1584 348 1679 379; x_wconf 86' lang='lat' dir='ltr'>super</span> <span class='ocrx_word' id='word_1_778' title='bbox 1693 340 1787 370; x_wconf 82' lang='lat' dir='ltr'>Beati</span> <span class='ocrx_word' id='word_1_779' title='bbox 1805 340 2013 376; x_wconf 85' lang='lat' dir='ltr'>immaculati,</span> <span class='ocrx_word' id='word_1_780' title='bbox 2028 346 2063 370; x_wconf 90' lang='lat' dir='ltr'>ut</span> <span class='ocrx_word' id='word_1_781' title='bbox 2074 346 2160 378; x_wconf 86' lang='lat' dir='ltr'>patet</span> <span class='ocrx_word' id='word_1_782' title='bbox 2176 338 2228 375; x_wconf 89' lang='lat'>111,</span> <span class='ocrx_word' id='word_1_783' title='bbox 2243 348 2298 380; x_wconf 84' lang='lat' dir='ltr'>qu.</span> <span class='ocrx_word' id='word_1_784' title='bbox 2309 349 2362 375; x_wconf 85' lang='lat' dir='ltr'>vn,</span> <span class='ocrx_word' id='word_1_785' title='bbox 2377 339 2510 377; x_wconf 71' lang='lat' dir='ltr'>Iudicat,</span> 
     </span>
     <span class='ocr_line' id='line_1_97' title="bbox 1455 381 2510 423; baseline 0.003 -12"><span class='ocrx_word' id='word_1_786' title='bbox 1455 389 1486 412; x_wconf 90' lang='lat' dir='ltr'>et</span> <span class='ocrx_word' id='word_1_787' title='bbox 1508 382 1546 412; x_wconf 89' lang='lat' dir='ltr'>ab</span> <span class='ocrx_word' id='word_1_788' title='bbox 1570 383 1767 422; x_wconf 85' lang='lat' dir='ltr'>Augustino,</span> <span class='ocrx_word' id='word_1_789' title='bbox 1791 393 1886 423; x_wconf 90' lang='lat' dir='ltr'>super</span> <span class='ocrx_word' id='word_1_790' title='bbox 1907 382 2073 418; x_wconf 90' lang='lat' dir='ltr'>Psalterio,</span> <span class='ocrx_word' id='word_1_791' title='bbox 2099 389 2134 413; x_wconf 89' lang='lat' dir='ltr'>ut</span> <span class='ocrx_word' id='word_1_792' title='bbox 2160 382 2192 412; x_wconf 90' lang='lat' dir='ltr'>in</span> <span class='ocrx_word' id='word_1_793' title='bbox 2216 381 2317 414; x_wconf 86' lang='lat' dir='ltr'>littera</span> <span class='ocrx_word' id='word_1_794' title='bbox 2340 382 2464 414; x_wconf 83' lang='lat' dir='ltr'>affertur</span> <span class='ocrx_word' id='word_1_795' title='bbox 2478 383 2510 420; x_wconf 89' lang='grc'>*;</span> 
     </span>
    </p>
   </div>
   <div class='ocr_carea' id='block_1_40' title="bbox 1426 425 1847 470">
    <p class='ocr_par' dir='ltr' id='par_1_41' title="bbox 1426 425 1847 470">
     <span class='ocr_line' id='line_1_98' title="bbox 1426 425 1847 470; baseline 0.007 -16"><span class='ocrx_word' id='word_1_796' title='bbox 1426 443 1428 470; x_wconf 49' lang='lat'>2«</span> <span class='ocrx_word' id='word_1_797' title='bbox 1454 425 1526 455; x_wconf 92' lang='lat' dir='ltr'>ideo</span> <span class='ocrx_word' id='word_1_798' title='bbox 1550 426 1769 466; x_wconf 89' lang='lat' dir='ltr'>amplectenda</span> <span class='ocrx_word' id='word_1_799' title='bbox 1792 434 1847 457; x_wconf 89' lang='lat' dir='ltr'>est.</span> 
     </span>
    </p>
   </div>
   <div class='ocr_carea' id='block_1_41' title="bbox 1454 468 2513 860">
    <p class='ocr_par' dir='ltr' id='par_1_42' title="bbox 1454 468 2513 730">
     <span class='ocr_line' id='line_1_99' title="bbox 1507 468 2510 510; baseline 0.002 -11"><span class='ocrx_word' id='word_1_800' title='bbox 1507 469 1546 499; x_wconf 90' lang='lat' dir='ltr'>V.</span> <span class='ocrx_word' id='word_1_801' title='bbox 1559 469 1652 500; x_wconf 89' lang='lat' dir='ltr'>Nunc</span> <span class='ocrx_word' id='word_1_802' title='bbox 1665 477 1807 510; x_wconf 85' lang='lat' dir='ltr'>superest</span> <span class='ocrx_word' id='word_1_803' title='bbox 1819 470 1858 500; x_wconf 89' lang='lat' dir='ltr'>ad</span> <span class='ocrx_word' id='word_1_804' title='bbox 1872 470 1994 500; x_wconf 84' lang='lat' dir='ltr'>obiecta</span> <span class='ocrx_word' id='word_1_805' title='bbox 2003 469 2021 489; x_wconf 85' lang='grc'>*</span> <span class='ocrx_word' id='word_1_806' title='bbox 2036 470 2235 510; x_wconf 89' lang='lat' dir='ltr'>respondere.</span> <span class='ocrx_word' id='word_1_807' title='bbox 2256 468 2297 500; x_wconf 90' lang='lat' dir='ltr'>Et</span> <span class='ocrx_word' id='word_1_808' title='bbox 2309 470 2347 499; x_wconf 90' lang='lat' dir='ltr'>ad</span> <span class='ocrx_word' id='word_1_809' title='bbox 2354 472 2510 510; x_wconf 78' lang='lat' dir='ltr'>primum,</span> 
     </span>
     <span class='ocr_line' id='line_1_100' title="bbox 1455 513 2513 554; baseline 0.003 -12"><span class='ocrx_word' id='word_1_810' title='bbox 1455 519 1485 543; x_wconf 89' lang='lat' dir='ltr'>et</span> <span class='ocrx_word' id='word_1_811' title='bbox 1508 513 1639 550; x_wconf 89' lang='lat' dir='ltr'>similia,</span> <span class='ocrx_word' id='word_1_812' title='bbox 1664 514 1776 544; x_wconf 88' lang='lat' dir='ltr'>dicitur</span> <span class='ocrx_word' id='word_1_813' title='bbox 1806 514 1895 554; x_wconf 90' lang='lat' dir='ltr'>quod</span> <span class='ocrx_word' id='word_1_814' title='bbox 1925 514 2067 545; x_wconf 87' lang='lat' dir='ltr'>occidere</span> <span class='ocrx_word' id='word_1_815' title='bbox 2094 514 2296 544; x_wconf 87' lang='lat' dir='ltr'>innocentem</span> <span class='ocrx_word' id='word_1_816' title='bbox 2320 522 2375 553; x_wconf 89' lang='lat' dir='ltr'>per</span> <span class='ocrx_word' id='word_1_817' title='bbox 2397 524 2447 550; x_wconf 84' lang='lat' dir='ltr'>se,</span> <span class='ocrx_word' id='word_1_818' title='bbox 2469 514 2513 544; x_wconf 82' lang='lat' dir='ltr'>ita</span> 
     </span>
     <span class='ocr_line' id='line_1_101' title="bbox 1455 557 2511 597; baseline 0 -10"><span class='ocrx_word' id='word_1_819' title='bbox 1455 557 1544 597; x_wconf 92' lang='lat' dir='ltr'>quod</span> <span class='ocrx_word' id='word_1_820' title='bbox 1566 557 1746 589; x_wconf 82' lang='lat' dir='ltr'>intendatur</span> <span class='ocrx_word' id='word_1_821' title='bbox 1768 558 1884 588; x_wconf 89' lang='lat' dir='ltr'>occisio</span> <span class='ocrx_word' id='word_1_822' title='bbox 1905 558 2092 594; x_wconf 89' lang='lat' dir='ltr'>innocentis,</span> <span class='ocrx_word' id='word_1_823' title='bbox 2117 565 2163 588; x_wconf 90' lang='lat' dir='ltr'>est</span> <span class='ocrx_word' id='word_1_824' title='bbox 2187 564 2294 588; x_wconf 88' lang='lat' dir='ltr'>contra</span> <span class='ocrx_word' id='word_1_825' title='bbox 2309 558 2420 589; x_wconf 89' lang='lat' dir='ltr'>omnia</span> <span class='ocrx_word' id='word_1_826' title='bbox 2433 557 2511 588; x_wconf 86' lang='lat' dir='ltr'>iura.</span> 
     </span>
     <span class='ocr_line' id='line_1_102' title="bbox 1455 601 2512 642; baseline 0.001 -11"><span class='ocrx_word' id='word_1_827' title='bbox 1455 601 1515 631; x_wconf 91' lang='lat' dir='ltr'>Sed</span> <span class='ocrx_word' id='word_1_828' title='bbox 1539 601 1680 633; x_wconf 87' lang='lat' dir='ltr'>occidere</span> <span class='ocrx_word' id='word_1_829' title='bbox 1703 602 1904 633; x_wconf 88' lang='lat' dir='ltr'>innocentem</span> <span class='ocrx_word' id='word_1_830' title='bbox 1929 612 1984 642; x_wconf 91' lang='lat' dir='ltr'>per</span> <span class='ocrx_word' id='word_1_831' title='bbox 1998 602 2152 638; x_wconf 88' lang='lat' dir='ltr'>accidens,</span> <span class='ocrx_word' id='word_1_832' title='bbox 2177 601 2282 632; x_wconf 89' lang='lat' dir='ltr'>dando</span> <span class='ocrx_word' id='word_1_833' title='bbox 2298 601 2415 633; x_wconf 88' lang='lat' dir='ltr'>scilicet</span> <span class='ocrx_word' id='word_1_834' title='bbox 2437 611 2512 641; x_wconf 89' lang='lat' dir='ltr'>ope-</span> 
     </span>
     <span class='ocr_line' id='line_1_103' title="bbox 1455 643 2511 685; baseline 0.001 -10"><span class='ocrx_word' id='word_1_835' title='bbox 1455 655 1521 675; x_wconf 88' lang='lat' dir='ltr'>ram</span> <span class='ocrx_word' id='word_1_836' title='bbox 1538 644 1581 675; x_wconf 86' lang='lat' dir='ltr'>rei</span> <span class='ocrx_word' id='word_1_837' title='bbox 1597 645 1700 676; x_wconf 85' lang='lat' dir='ltr'>licitae</span> <span class='ocrx_word' id='word_1_838' title='bbox 1717 652 1748 676; x_wconf 91' lang='lat' dir='ltr'>et</span> <span class='ocrx_word' id='word_1_839' title='bbox 1766 643 1974 682; x_wconf 84' lang='lat' dir='ltr'>necessariae‚¹</span> <span class='ocrx_word' id='word_1_840' title='bbox 1983 653 2019 677; x_wconf 92' lang='lat' dir='ltr'>ut</span> <span class='ocrx_word' id='word_1_841' title='bbox 2041 645 2114 677; x_wconf 87' lang='lat' dir='ltr'>facit</span> <span class='ocrx_word' id='word_1_842' title='bbox 2138 652 2228 676; x_wconf 89' lang='lat' dir='ltr'>utens</span> <span class='ocrx_word' id='word_1_843' title='bbox 2247 645 2375 685; x_wconf 86' lang='lat' dir='ltr'>publico</span> <span class='ocrx_word' id='word_1_844' title='bbox 2395 643 2511 681; x_wconf 88' lang='lat' dir='ltr'>officio,</span> 
     </span>
     <span class='ocr_line' id='line_1_104' title="bbox 1454 688 2397 730; baseline 0.001 -11"><span class='ocrx_word' id='word_1_845' title='bbox 1454 699 1520 719; x_wconf 89' lang='lat' dir='ltr'>non</span> <span class='ocrx_word' id='word_1_846' title='bbox 1544 696 1590 719; x_wconf 88' lang='lat' dir='ltr'>est</span> <span class='ocrx_word' id='word_1_847' title='bbox 1614 695 1723 719; x_wconf 83' lang='lat' dir='ltr'>contra</span> <span class='ocrx_word' id='word_1_848' title='bbox 1745 688 1795 720; x_wconf 87' lang='lat' dir='ltr'>ius</span> <span class='ocrx_word' id='word_1_849' title='bbox 1818 690 1967 726; x_wconf 87' lang='lat' dir='ltr'>naturale,</span> <span class='ocrx_word' id='word_1_850' title='bbox 1992 689 2135 720; x_wconf 91' lang='lat' dir='ltr'>divinum</span> <span class='ocrx_word' id='word_1_851' title='bbox 2159 696 2213 720; x_wconf 86' lang='lat' dir='ltr'>aut</span> <span class='ocrx_word' id='word_1_852' title='bbox 2235 689 2397 730; x_wconf 88' lang='lat' dir='ltr'>scriptum.</span> 
     </span>
    </p>

    <p class='ocr_par' dir='ltr' id='par_1_43' title="bbox 1454 732 2513 860">
     <span class='ocr_line' id='line_1_105' title="bbox 1509 732 2511 774; baseline 0 -11"><span class='ocrx_word' id='word_1_853' title='bbox 1509 733 1561 763; x_wconf 89' lang='lat' dir='ltr'>Ad</span> <span class='ocrx_word' id='word_1_854' title='bbox 1583 732 1756 763; x_wconf 80' lang='lat' dir='ltr'>secundum</span> <span class='ocrx_word' id='word_1_855' title='bbox 1781 732 1894 763; x_wconf 88' lang='lat' dir='ltr'>dicitur</span> <span class='ocrx_word' id='word_1_856' title='bbox 1922 734 2011 774; x_wconf 89' lang='lat' dir='ltr'>quod</span> <span class='ocrx_word' id='word_1_857' title='bbox 2034 734 2127 764; x_wconf 86' lang='lat' dir='ltr'>iudex</span> <span class='ocrx_word' id='word_1_858' title='bbox 2150 733 2183 764; x_wconf 90' lang='lat' dir='ltr'>in</span> <span class='ocrx_word' id='word_1_859' title='bbox 2207 743 2280 764; x_wconf 88' lang='lat' dir='ltr'>casu</span> <span class='ocrx_word' id='word_1_860' title='bbox 2304 733 2365 764; x_wconf 88' lang='lat' dir='ltr'>isto</span> <span class='ocrx_word' id='word_1_861' title='bbox 2390 733 2511 764; x_wconf 88' lang='lat' dir='ltr'>nullam</span> 
     </span>
     <span class='ocr_line' id='line_1_106' title="bbox 1455 777 2513 818; baseline 0 -11"><span class='ocrx_word' id='word_1_862' title='bbox 1455 777 1568 807; x_wconf 91' lang='lat' dir='ltr'>deserit</span> <span class='ocrx_word' id='word_1_863' title='bbox 1589 777 1753 807; x_wconf 80' lang='lat' dir='ltr'>veritatem</span> <span class='ocrx_word' id='word_1_864' title='bbox 1775 786 1874 816; x_wconf 86' lang='lat' dir='ltr'>quam</span> <span class='ocrx_word' id='word_1_865' title='bbox 1898 777 1989 807; x_wconf 91' lang='lat' dir='ltr'>debet</span> <span class='ocrx_word' id='word_1_866' title='bbox 2012 778 2169 817; x_wconf 86' lang='lat' dir='ltr'>amplecti.</span> <span class='ocrx_word' id='word_1_867' title='bbox 2199 777 2283 814; x_wconf 88' lang='lat' dir='ltr'>Quia</span> <span class='ocrx_word' id='word_1_868' title='bbox 2306 778 2358 808; x_wconf 92' lang='lat' dir='ltr'>dat</span> <span class='ocrx_word' id='word_1_869' title='bbox 2381 787 2513 818; x_wconf 90' lang='lat' dir='ltr'>operam</span> 
     </span>
     <span class='ocr_line' id='line_1_107' title="bbox 1454 821 2512 860; baseline 0 -9"><span class='ocrx_word' id='word_1_870' title='bbox 1454 822 1497 852; x_wconf 89' lang='lat' dir='ltr'>rei</span> <span class='ocrx_word' id='word_1_871' title='bbox 1520 821 1637 857; x_wconf 85' lang='lat' dir='ltr'>licitae;</span> <span class='ocrx_word' id='word_1_872' title='bbox 1670 827 1700 851; x_wconf 92' lang='lat' dir='ltr'>et</span> <span class='ocrx_word' id='word_1_873' title='bbox 1723 830 1778 860; x_wconf 92' lang='lat' dir='ltr'>per</span> <span class='ocrx_word' id='word_1_874' title='bbox 1802 821 1944 850; x_wconf 87' lang='lat' dir='ltr'>accidens</span> <span class='ocrx_word' id='word_1_875' title='bbox 1974 821 2006 851; x_wconf 92' lang='lat' dir='ltr'>in</span> <span class='ocrx_word' id='word_1_876' title='bbox 2031 821 2253 852; x_wconf 89' lang='lat' dir='ltr'>detrimentum</span> <span class='ocrx_word' id='word_1_877' title='bbox 2278 822 2414 853; x_wconf 86' lang='lat' dir='ltr'>veritatis</span> <span class='ocrx_word' id='word_1_878' title='bbox 2438 831 2512 852; x_wconf 91' lang='lat' dir='ltr'>con-</span> 
     </span>
    </p>
   </div>
   <div class='ocr_carea' id='block_1_42' title="bbox 1452 907 2514 1566">
    <p class='ocr_par' dir='ltr' id='par_1_44' title="bbox 1452 907 2514 1522">
     <span class='ocr_line' id='line_1_108' title="bbox 1509 907 2513 950; baseline 0 -10"><span class='ocrx_word' id='word_1_879' title='bbox 1509 910 1561 940; x_wconf 90' lang='lat' dir='ltr'>Ad</span> <span class='ocrx_word' id='word_1_880' title='bbox 1583 910 1711 940; x_wconf 86' lang='lat' dir='ltr'>tertium</span> <span class='ocrx_word' id='word_1_881' title='bbox 1737 907 1850 938; x_wconf 90' lang='lat' dir='ltr'>dicitur</span> <span class='ocrx_word' id='word_1_882' title='bbox 1873 917 1910 938; x_wconf 86' lang='lat' dir='ltr'>ex</span> <span class='ocrx_word' id='word_1_883' title='bbox 1925 908 2026 938; x_wconf 91' lang='lat' dir='ltr'>littera</span> <span class='ocrx_word' id='word_1_884' title='bbox 2040 908 2073 938; x_wconf 91' lang='lat' dir='ltr'>in</span> <span class='ocrx_word' id='word_1_885' title='bbox 2089 908 2250 939; x_wconf 89' lang='lat' dir='ltr'>solutione</span> <span class='ocrx_word' id='word_1_886' title='bbox 2265 909 2405 946; x_wconf 84' lang='lat' dir='ltr'>secundi,</span> <span class='ocrx_word' id='word_1_887' title='bbox 2424 909 2513 950; x_wconf 90' lang='lat' dir='ltr'>quod</span> 
     </span>
     <span class='ocr_line' id='line_1_109' title="bbox 1454 952 2510 985; baseline -0.001 -1"><span class='ocrx_word' id='word_1_888' title='bbox 1454 954 1546 985; x_wconf 88' lang='lat' dir='ltr'>iudex</span> <span class='ocrx_word' id='word_1_889' title='bbox 1570 954 1730 984; x_wconf 88' lang='lat' dir='ltr'>humanus</span> <span class='ocrx_word' id='word_1_890' title='bbox 1761 962 1826 982; x_wconf 92' lang='lat' dir='ltr'>non</span> <span class='ocrx_word' id='word_1_891' title='bbox 1850 958 1973 982; x_wconf 87' lang='lat' dir='ltr'>tenetur</span> <span class='ocrx_word' id='word_1_892' title='bbox 2001 952 2140 982; x_wconf 86' lang='lat' dir='ltr'>iudicare</span> <span class='ocrx_word' id='word_1_893' title='bbox 2168 952 2248 983; x_wconf 92' lang='lat' dir='ltr'>sicut</span> <span class='ocrx_word' id='word_1_894' title='bbox 2270 952 2388 983; x_wconf 90' lang='lat' dir='ltr'>iudicat</span> <span class='ocrx_word' id='word_1_895' title='bbox 2410 953 2510 983; x_wconf 89' lang='lat' dir='ltr'>Deus:</span> 
     </span>
     <span class='ocr_line' id='line_1_110' title="bbox 1454 996 2512 1036; baseline -0.002 -7"><span class='ocrx_word' id='word_1_896' title='bbox 1454 999 1509 1029; x_wconf 82' lang='lat' dir='ltr'>sed</span> <span class='ocrx_word' id='word_1_897' title='bbox 1532 1004 1656 1028; x_wconf 91' lang='lat' dir='ltr'>tenetur</span> <span class='ocrx_word' id='word_1_898' title='bbox 1678 997 1815 1028; x_wconf 88' lang='lat' dir='ltr'>iudicare</span> <span class='ocrx_word' id='word_1_899' title='bbox 1838 996 1919 1027; x_wconf 84' lang='lat' dir='ltr'>sicut</span> <span class='ocrx_word' id='word_1_900' title='bbox 1941 996 2008 1026; x_wconf 92' lang='lat' dir='ltr'>vult</span> <span class='ocrx_word' id='word_1_901' title='bbox 2031 996 2118 1026; x_wconf 90' lang='lat' dir='ltr'>Deus</span> <span class='ocrx_word' id='word_1_902' title='bbox 2148 997 2235 1036; x_wconf 91' lang='lat' dir='ltr'>quod</span> <span class='ocrx_word' id='word_1_903' title='bbox 2262 996 2362 1026; x_wconf 89' lang='lat' dir='ltr'>homo</span> <span class='ocrx_word' id='word_1_904' title='bbox 2385 996 2512 1027; x_wconf 88' lang='lat' dir='ltr'>iudicet.</span> 
     </span>
     <span class='ocr_line' id='line_1_111' title="bbox 1455 1039 2512 1081; baseline -0.003 -8"><span class='ocrx_word' id='word_1_905' title='bbox 1455 1043 1570 1074; x_wconf 85' lang='lat' dir='ltr'>Statuit</span> <span class='ocrx_word' id='word_1_906' title='bbox 1591 1048 1699 1072; x_wconf 90' lang='lat' dir='ltr'>autem</span> <span class='ocrx_word' id='word_1_907' title='bbox 1721 1041 1787 1081; x_wconf 91' lang='lat' dir='ltr'>ipse</span> <span class='ocrx_word' id='word_1_908' title='bbox 1811 1040 1898 1070; x_wconf 91' lang='lat' dir='ltr'>Deus</span> <span class='ocrx_word' id='word_1_909' title='bbox 1929 1047 1964 1070; x_wconf 94' lang='lat' dir='ltr'>ut</span> <span class='ocrx_word' id='word_1_910' title='bbox 1990 1040 2090 1070; x_wconf 91' lang='lat' dir='ltr'>homo</span> <span class='ocrx_word' id='word_1_911' title='bbox 2114 1039 2231 1070; x_wconf 84' lang='lat' dir='ltr'>iudicet</span> <span class='ocrx_word' id='word_1_912' title='bbox 2262 1040 2438 1070; x_wconf 91' lang='lat' dir='ltr'>secundum</span> <span class='ocrx_word' id='word_1_913' title='bbox 2461 1050 2512 1070; x_wconf 91' lang='lat' dir='ltr'>ve-</span> 
     </span>
     <span class='ocr_line' id='line_1_112' title="bbox 1454 1083 2514 1126; baseline -0.003 -9"><span class='ocrx_word' id='word_1_914' title='bbox 1454 1087 1578 1117; x_wconf 83' lang='lat' dir='ltr'>ritatem</span> <span class='ocrx_word' id='word_1_915' title='bbox 1596 1085 1773 1126; x_wconf 85' lang='lat' dir='ltr'>publicam:</span> <span class='ocrx_word' id='word_1_916' title='bbox 1798 1091 1834 1115; x_wconf 89' lang='lat' dir='ltr'>ut</span> <span class='ocrx_word' id='word_1_917' title='bbox 1852 1091 1937 1124; x_wconf 83' lang='lat' dir='ltr'>patet</span> <span class='ocrx_word' id='word_1_918' title='bbox 1956 1093 1993 1115; x_wconf 82' lang='lat' dir='ltr'>ex</span> <span class='ocrx_word' id='word_1_919' title='bbox 2007 1093 2047 1114; x_wconf 91' lang='lat' dir='ltr'>eo</span> <span class='ocrx_word' id='word_1_920' title='bbox 2066 1084 2156 1124; x_wconf 93' lang='lat' dir='ltr'>quod</span> <span class='ocrx_word' id='word_1_921' title='bbox 2174 1083 2282 1115; x_wconf 83' lang='lat' dir='ltr'>statuit</span> <span class='ocrx_word' id='word_1_922' title='bbox 2303 1084 2394 1125; x_wconf 91' lang='lat' dir='ltr'>quod</span> <span class='ocrx_word' id='word_1_923' title='bbox 2409 1085 2441 1114; x_wconf 87' lang='lat' dir='ltr'>in</span> <span class='ocrx_word' id='word_1_924' title='bbox 2457 1093 2514 1115; x_wconf 84' lang='lat' dir='ltr'>ore</span> 
     </span>
     <span class='ocr_line' id='line_1_113' title="bbox 1452 1127 2509 1168; baseline -0.003 -7"><span class='ocrx_word' id='word_1_925' title='bbox 1452 1131 1590 1162; x_wconf 82' lang='lat' dir='ltr'>duorum</span> <span class='ocrx_word' id='word_1_926' title='bbox 1611 1130 1661 1160; x_wconf 79' lang='lat' dir='ltr'>vel</span> <span class='ocrx_word' id='word_1_927' title='bbox 1678 1130 1775 1160; x_wconf 80' lang='lat' dir='ltr'>trium</span> <span class='ocrx_word' id='word_1_928' title='bbox 1792 1133 1852 1159; x_wconf 79' lang='lat' dir='ltr'>stet</span> <span class='ocrx_word' id='word_1_929' title='bbox 1867 1138 1960 1159; x_wconf 87' lang='lat' dir='ltr'>omne</span> <span class='ocrx_word' id='word_1_930' title='bbox 1976 1129 2104 1161; x_wconf 77' lang='lat' dir='ltr'>verbum</span> <span class='ocrx_word' id='word_1_931' title='bbox 2117 1127 2143 1159; x_wconf 88' lang='lat'>*.</span> <span class='ocrx_word' id='word_1_932' title='bbox 2166 1128 2207 1158; x_wconf 90' lang='lat' dir='ltr'>Et</span> <span class='ocrx_word' id='word_1_933' title='bbox 2225 1135 2391 1168; x_wconf 85' lang='lat' dir='ltr'>propterea</span> <span class='ocrx_word' id='word_1_934' title='bbox 2405 1128 2509 1164; x_wconf 85' lang='lat' dir='ltr'>iudex,</span> 
     </span>
     <span class='ocr_line' id='line_1_114' title="bbox 1453 1172 2512 1213; baseline -0.003 -8"><span class='ocrx_word' id='word_1_935' title='bbox 1453 1174 1623 1205; x_wconf 86' lang='lat' dir='ltr'>iudicando</span> <span class='ocrx_word' id='word_1_936' title='bbox 1648 1173 1825 1204; x_wconf 88' lang='lat' dir='ltr'>secundum</span> <span class='ocrx_word' id='word_1_937' title='bbox 1840 1172 1971 1212; x_wconf 81' lang='lat' dir='ltr'>allegata</span> <span class='ocrx_word' id='word_1_938' title='bbox 1993 1179 2024 1203; x_wconf 92' lang='lat' dir='ltr'>et</span> <span class='ocrx_word' id='word_1_939' title='bbox 2046 1174 2188 1213; x_wconf 84' lang='lat' dir='ltr'>probata,</span> <span class='ocrx_word' id='word_1_940' title='bbox 2204 1172 2322 1204; x_wconf 83' lang='lat' dir='ltr'>iudicat</span> <span class='ocrx_word' id='word_1_941' title='bbox 2336 1172 2512 1203; x_wconf 89' lang='lat' dir='ltr'>secundum</span> 
     </span>
     <span class='ocr_line' id='line_1_115' title="bbox 1453 1216 2512 1256; baseline -0.002 -7"><span class='ocrx_word' id='word_1_942' title='bbox 1453 1220 1559 1249; x_wconf 89' lang='lat' dir='ltr'>Deum</span> <span class='ocrx_word' id='word_1_943' title='bbox 1583 1225 1614 1248; x_wconf 93' lang='lat' dir='ltr'>et</span> <span class='ocrx_word' id='word_1_944' title='bbox 1635 1216 1862 1248; x_wconf 86' lang='lat' dir='ltr'>conscientiam</span> <span class='ocrx_word' id='word_1_945' title='bbox 1890 1216 2068 1256; x_wconf 88' lang='lat' dir='ltr'>publicam,</span> <span class='ocrx_word' id='word_1_946' title='bbox 2092 1223 2129 1247; x_wconf 93' lang='lat' dir='ltr'>ut</span> <span class='ocrx_word' id='word_1_947' title='bbox 2149 1216 2183 1246; x_wconf 87' lang='lat' dir='ltr'>in</span> <span class='ocrx_word' id='word_1_948' title='bbox 2205 1216 2306 1247; x_wconf 90' lang='lat' dir='ltr'>littera</span> <span class='ocrx_word' id='word_1_949' title='bbox 2337 1216 2451 1247; x_wconf 88' lang='lat' dir='ltr'>dicitur</span> <span class='ocrx_word' id='word_1_950' title='bbox 2479 1216 2512 1247; x_wconf 89' lang='lat' dir='ltr'>in</span> 
     </span>
     <span class='ocr_line' id='line_1_116' title="bbox 1453 1260 2513 1302; baseline -0.001 -10"><span class='ocrx_word' id='word_1_951' title='bbox 1453 1261 1659 1302; x_wconf 86' lang='lat' dir='ltr'>responsione</span> <span class='ocrx_word' id='word_1_952' title='bbox 1682 1261 1722 1291; x_wconf 85' lang='lat' dir='ltr'>ad</span> <span class='ocrx_word' id='word_1_953' title='bbox 1745 1260 1912 1291; x_wconf 89' lang='lat' dir='ltr'>ultimum:</span> <span class='ocrx_word' id='word_1_954' title='bbox 1937 1267 1974 1298; x_wconf 28' lang='lat' dir='ltr'>et-</span> <span class='ocrx_word' id='word_1_955' title='bbox 1989 1270 2056 1290; x_wconf 91' lang='lat' dir='ltr'>non</span> <span class='ocrx_word' id='word_1_956' title='bbox 2071 1260 2189 1291; x_wconf 87' lang='lat' dir='ltr'>iudicat</span> <span class='ocrx_word' id='word_1_957' title='bbox 2212 1260 2388 1291; x_wconf 90' lang='lat' dir='ltr'>secundum</span> <span class='ocrx_word' id='word_1_958' title='bbox 2404 1260 2513 1291; x_wconf 88' lang='lat' dir='ltr'>sordes</span> 
     </span>
     <span class='ocr_line' id='line_1_117' title="bbox 1453 1303 2513 1345; baseline -0.002 -8"><span class='ocrx_word' id='word_1_959' title='bbox 1453 1306 1582 1337; x_wconf 90' lang='lat' dir='ltr'>testium</span> <span class='ocrx_word' id='word_1_960' title='bbox 1605 1305 1664 1335; x_wconf 89' lang='lat' dir='ltr'>nisi</span> <span class='ocrx_word' id='word_1_961' title='bbox 1682 1303 1893 1340; x_wconf 86' lang='lat' dir='ltr'>materialiter,</span> <span class='ocrx_word' id='word_1_962' title='bbox 1918 1311 1948 1334; x_wconf 86' lang='lat' dir='ltr'>et</span> <span class='ocrx_word' id='word_1_963' title='bbox 1970 1314 2027 1344; x_wconf 85' lang='lat' dir='ltr'>per</span> <span class='ocrx_word' id='word_1_964' title='bbox 2041 1304 2184 1335; x_wconf 86' lang='lat' dir='ltr'>accidens</span> <span class='ocrx_word' id='word_1_965' title='bbox 2203 1304 2407 1341; x_wconf 88' lang='lat' dir='ltr'>rarissimum,</span> <span class='ocrx_word' id='word_1_966' title='bbox 2423 1305 2513 1345; x_wconf 91' lang='lat' dir='ltr'>quod</span> 
     </span>
     <span class='ocr_line' id='line_1_118' title="bbox 1453 1347 2513 1388; baseline -0.001 -8"><span class='ocrx_word' id='word_1_967' title='bbox 1453 1349 1578 1380; x_wconf 88' lang='lat' dir='ltr'>homini</span> <span class='ocrx_word' id='word_1_968' title='bbox 1607 1358 1673 1379; x_wconf 90' lang='lat' dir='ltr'>non</span> <span class='ocrx_word' id='word_1_969' title='bbox 1697 1348 1881 1387; x_wconf 90' lang='lat' dir='ltr'>imputatur.</span> <span class='ocrx_word' id='word_1_970' title='bbox 1913 1348 2004 1378; x_wconf 88' lang='lat' dir='ltr'>Esset</span> <span class='ocrx_word' id='word_1_971' title='bbox 2026 1347 2113 1378; x_wconf 90' lang='lat' dir='ltr'>enim</span> <span class='ocrx_word' id='word_1_972' title='bbox 2141 1348 2266 1379; x_wconf 89' lang='lat' dir='ltr'>homini</span> <span class='ocrx_word' id='word_1_973' title='bbox 2287 1348 2513 1388; x_wconf 86' lang='lat' dir='ltr'>imputandum</span> 
     </span>
     <span class='ocr_line' id='line_1_119' title="bbox 1453 1391 2514 1432; baseline -0.001 -8"><span class='ocrx_word' id='word_1_974' title='bbox 1453 1395 1479 1425; x_wconf 89' lang='lat' dir='ltr'>si</span> <span class='ocrx_word' id='word_1_975' title='bbox 1501 1394 1552 1424; x_wconf 85' lang='lat' dir='ltr'>vel</span> <span class='ocrx_word' id='word_1_976' title='bbox 1576 1403 1613 1423; x_wconf 87' lang='lat' dir='ltr'>ex</span> <span class='ocrx_word' id='word_1_977' title='bbox 1634 1392 1827 1428; x_wconf 86' lang='lat' dir='ltr'>intentione,</span> <span class='ocrx_word' id='word_1_978' title='bbox 1850 1391 1900 1422; x_wconf 90' lang='lat' dir='ltr'>vel</span> <span class='ocrx_word' id='word_1_979' title='bbox 1922 1391 2115 1431; x_wconf 80' lang='lat' dir='ltr'>ignorantia,</span> <span class='ocrx_word' id='word_1_980' title='bbox 2139 1392 2188 1422; x_wconf 89' lang='lat' dir='ltr'>vel</span> <span class='ocrx_word' id='word_1_981' title='bbox 2211 1392 2440 1432; x_wconf 85' lang='lat' dir='ltr'>imprudentia,</span> <span class='ocrx_word' id='word_1_982' title='bbox 2463 1392 2514 1423; x_wconf 92' lang='lat' dir='ltr'>vel</span> 
     </span>
     <span class='ocr_line' id='line_1_120' title="bbox 1454 1435 2513 1478; baseline -0.001 -9"><span class='ocrx_word' id='word_1_983' title='bbox 1454 1437 1643 1478; x_wconf 87' lang='lat' dir='ltr'>negligentia</span> <span class='ocrx_word' id='word_1_984' title='bbox 1666 1437 1774 1467; x_wconf 90' lang='lat' dir='ltr'>sordes</span> <span class='ocrx_word' id='word_1_985' title='bbox 1797 1435 1925 1466; x_wconf 90' lang='lat' dir='ltr'>testium</span> <span class='ocrx_word' id='word_1_986' title='bbox 1941 1443 2137 1476; x_wconf 89' lang='lat' dir='ltr'>sequeretur:</span> <span class='ocrx_word' id='word_1_987' title='bbox 2161 1436 2216 1466; x_wconf 92' lang='lat' dir='ltr'>sed</span> <span class='ocrx_word' id='word_1_988' title='bbox 2238 1437 2369 1477; x_wconf 88' lang='lat' dir='ltr'>quando</span> <span class='ocrx_word' id='word_1_989' title='bbox 2384 1446 2423 1467; x_wconf 81' lang='lat' dir='ltr'>ex</span> <span class='ocrx_word' id='word_1_990' title='bbox 2438 1446 2513 1468; x_wconf 84' lang='lat' dir='ltr'>con·</span> 
     </span>
     <span class='ocr_line' id='line_1_121' title="bbox 1453 1480 2279 1522; baseline -0.001 -9"><span class='ocrx_word' id='word_1_991' title='bbox 1453 1481 1646 1522; x_wconf 85' lang='lat' dir='ltr'>tingentibus</span> <span class='ocrx_word' id='word_1_992' title='bbox 1669 1480 1747 1511; x_wconf 88' lang='lat' dir='ltr'>nihil</span> <span class='ocrx_word' id='word_1_993' title='bbox 1770 1480 1898 1516; x_wconf 88' lang='lat' dir='ltr'>omittit,</span> <span class='ocrx_word' id='word_1_994' title='bbox 1923 1480 1982 1510; x_wconf 91' lang='lat' dir='ltr'>sibi</span> <span class='ocrx_word' id='word_1_995' title='bbox 2005 1490 2072 1510; x_wconf 92' lang='lat' dir='ltr'>non</span> <span class='ocrx_word' id='word_1_996' title='bbox 2093 1480 2279 1520; x_wconf 88' lang='lat' dir='ltr'>imputatur.</span> 
     </span>
    </p>

    <p class='ocr_par' dir='ltr' id='par_1_45' title="bbox 1508 1523 2514 1566">
     <span class='ocr_line' id='line_1_122' title="bbox 1508 1523 2514 1566; baseline -0.003 -9"><span class='ocrx_word' id='word_1_997' title='bbox 1508 1526 1560 1557; x_wconf 89' lang='lat' dir='ltr'>Ad</span> <span class='ocrx_word' id='word_1_998' title='bbox 1581 1530 1731 1566; x_wconf 82' lang='lat' dir='ltr'>quartum</span> <span class='ocrx_word' id='word_1_999' title='bbox 1756 1524 1868 1556; x_wconf 88' lang='lat' dir='ltr'>dicitur</span> <span class='ocrx_word' id='word_1_1000' title='bbox 1890 1524 1979 1565; x_wconf 92' lang='lat' dir='ltr'>quod</span> <span class='ocrx_word' id='word_1_1001' title='bbox 1998 1534 2036 1555; x_wconf 87' lang='lat' dir='ltr'>ex</span> <span class='ocrx_word' id='word_1_1002' title='bbox 2054 1525 2118 1555; x_wconf 90' lang='lat' dir='ltr'>hoc</span> <span class='ocrx_word' id='word_1_1003' title='bbox 2140 1524 2228 1564; x_wconf 91' lang='lat' dir='ltr'>quod</span> <span class='ocrx_word' id='word_1_1004' title='bbox 2244 1523 2386 1555; x_wconf 90' lang='lat' dir='ltr'>officium</span> <span class='ocrx_word' id='word_1_1005' title='bbox 2401 1523 2514 1555; x_wconf 85' lang='lat' dir='ltr'>iudicis</span> 
     </span>
    </p>
   </div>
   <div class='ocr_carea' id='block_1_43' title="bbox 1445 1566 2514 1609">
    <p class='ocr_par' dir='ltr' id='par_1_46' title="bbox 1445 1566 2514 1609">
     <span class='ocr_line' id='line_1_123' title="bbox 1445 1566 2514 1609; baseline -0.002 -8"><span class='ocrx_word' id='word_1_1006' title='bbox 1445 1566 1501 1602; x_wconf 75' lang='lat' dir='ltr'>&#39;est</span> <span class='ocrx_word' id='word_1_1007' title='bbox 1523 1570 1722 1601; x_wconf 81' lang='lat' dir='ltr'>latissimum.</span> <span class='ocrx_word' id='word_1_1008' title='bbox 1737 1568 1815 1599; x_wconf 86' lang='lat' dir='ltr'>nihil</span> <span class='ocrx_word' id='word_1_1009' title='bbox 1834 1568 1920 1599; x_wconf 81' lang='lat' dir='ltr'>aliud</span> <span class='ocrx_word' id='word_1_1010' title='bbox 1938 1568 2071 1599; x_wconf 88' lang='lat' dir='ltr'>habetur</span> <span class='ocrx_word' id='word_1_1011' title='bbox 2093 1568 2152 1599; x_wconf 87' lang='lat' dir='ltr'>nisi</span> <span class='ocrx_word' id='word_1_1012' title='bbox 2175 1569 2264 1609; x_wconf 89' lang='lat' dir='ltr'>quod</span> <span class='ocrx_word' id='word_1_1013' title='bbox 2287 1569 2390 1605; x_wconf 85' lang='lat' dir='ltr'>debet,</span> <span class='ocrx_word' id='word_1_1014' title='bbox 2414 1577 2514 1608; x_wconf 77' lang='lat' dir='ltr'>quan-</span> 
     </span>
    </p>
   </div>
   <div class='ocr_carea' id='block_1_44' title="bbox 1453 1611 2514 1785">
    <p class='ocr_par' dir='ltr' id='par_1_47' title="bbox 1453 1611 2514 1654">
     <span class='ocr_line' id='line_1_124' title="bbox 1453 1611 2514 1654; baseline -0.003 -8"><span class='ocrx_word' id='word_1_1015' title='bbox 1453 1623 1524 1646; x_wconf 89' lang='lat' dir='ltr'>tum</span> <span class='ocrx_word' id='word_1_1016' title='bbox 1542 1620 1648 1654; x_wconf 86' lang='lat' dir='ltr'>potest</span> <span class='ocrx_word' id='word_1_1017' title='bbox 1670 1613 1758 1644; x_wconf 86' lang='lat' dir='ltr'>salvo</span> <span class='ocrx_word' id='word_1_1018' title='bbox 1775 1611 1892 1649; x_wconf 84' lang='lat' dir='ltr'>officio,</span> <span class='ocrx_word' id='word_1_1019' title='bbox 1916 1612 2118 1644; x_wconf 85' lang='lat' dir='ltr'>innocentem</span> <span class='ocrx_word' id='word_1_1020' title='bbox 2134 1612 2292 1643; x_wconf 85' lang='lat' dir='ltr'>adiuvare.</span> <span class='ocrx_word' id='word_1_1021' title='bbox 2316 1613 2358 1643; x_wconf 89' lang='lat' dir='ltr'>Et</span> <span class='ocrx_word' id='word_1_1022' title='bbox 2379 1622 2446 1644; x_wconf 88' lang='lat' dir='ltr'>non</span> <span class='ocrx_word' id='word_1_1023' title='bbox 2469 1619 2514 1644; x_wconf 86' lang='lat' dir='ltr'>te·</span> 
     </span>
    </p>

    <p class='ocr_par' dir='ltr' id='par_1_48' title="bbox 1455 1656 2513 1742">
     <span class='ocr_line' id='line_1_125' title="bbox 1455 1656 2452 1699; baseline -0.003 -10"><span class='ocrx_word' id='word_1_1024' title='bbox 1455 1666 1547 1690; x_wconf 90' lang='lat' dir='ltr'>netur</span> <span class='ocrx_word' id='word_1_1025' title='bbox 1569 1664 1736 1699; x_wconf 90' lang='lat' dir='ltr'>propterea</span> <span class='ocrx_word' id='word_1_1026' title='bbox 1759 1657 1937 1688; x_wconf 88' lang='lat' dir='ltr'>renuntiare</span> <span class='ocrx_word' id='word_1_1027' title='bbox 1961 1656 2077 1688; x_wconf 85' lang='lat' dir='ltr'>officio.</span> <span class='ocrx_word' id='word_1_1028' title='bbox 2450 1675 2452 1677; x_wconf 97' lang='lat'>-</span> 
     </span>
     <span class='ocr_line' id='line_1_126' title="bbox 1510 1700 2513 1742; baseline -0.003 -9"><span class='ocrx_word' id='word_1_1029' title='bbox 1510 1703 1561 1733; x_wconf 83' lang='lat' dir='ltr'>Ad</span> <span class='ocrx_word' id='word_1_1030' title='bbox 1590 1702 1736 1742; x_wconf 82' lang='lat' dir='ltr'>quintum</span> <span class='ocrx_word' id='word_1_1031' title='bbox 1768 1701 1881 1732; x_wconf 88' lang='lat' dir='ltr'>dicitur</span> <span class='ocrx_word' id='word_1_1032' title='bbox 1908 1701 1997 1742; x_wconf 90' lang='lat' dir='ltr'>quod</span> <span class='ocrx_word' id='word_1_1033' title='bbox 2023 1700 2194 1732; x_wconf 87' lang='lat' dir='ltr'>ridiculum</span> <span class='ocrx_word' id='word_1_1034' title='bbox 2217 1707 2263 1731; x_wconf 88' lang='lat' dir='ltr'>est</span> <span class='ocrx_word' id='word_1_1035' title='bbox 2294 1700 2395 1732; x_wconf 80' lang='lat' dir='ltr'>dicere</span> <span class='ocrx_word' id='word_1_1036' title='bbox 2424 1701 2513 1741; x_wconf 88' lang='lat' dir='ltr'>quod</span> 
     </span>
    </p>

    <p class='ocr_par' dir='ltr' id='par_1_49' title="bbox 1454 1744 2514 1785">
     <span class='ocr_line' id='line_1_127' title="bbox 1454 1744 2514 1785; baseline -0.002 -8"><span class='ocrx_word' id='word_1_1037' title='bbox 1454 1747 1551 1778; x_wconf 83' lang='lat' dir='ltr'>iudex</span> <span class='ocrx_word' id='word_1_1038' title='bbox 1573 1752 1697 1777; x_wconf 87' lang='lat' dir='ltr'>tenetur</span> <span class='ocrx_word' id='word_1_1039' title='bbox 1722 1745 1900 1776; x_wconf 88' lang='lat' dir='ltr'>secundum</span> <span class='ocrx_word' id='word_1_1040' title='bbox 1921 1745 2007 1785; x_wconf 86' lang='lat' dir='ltr'>leges</span> <span class='ocrx_word' id='word_1_1041' title='bbox 2030 1751 2061 1775; x_wconf 91' lang='lat' dir='ltr'>et</span> <span class='ocrx_word' id='word_1_1042' title='bbox 2082 1745 2220 1782; x_wconf 77' lang='lat' dir='ltr'>iura‚‘et</span> <span class='ocrx_word' id='word_1_1043' title='bbox 2248 1753 2315 1775; x_wconf 89' lang='lat' dir='ltr'>non</span> <span class='ocrx_word' id='word_1_1044' title='bbox 2337 1744 2514 1776; x_wconf 84' lang='lat' dir='ltr'>secundum</span> 
     </span>
    </p>
   </div>
   <div class='ocr_carea' id='block_1_45' title="bbox 1427 1788 2512 1831">
    <p class='ocr_par' dir='ltr' id='par_1_50' title="bbox 1427 1788 2512 1831">
     <span class='ocr_line' id='line_1_128' title="bbox 1427 1788 2512 1831; baseline -0.003 -9"><span class='ocrx_word' id='word_1_1045' title='bbox 1427 1795 1429 1802; x_wconf 78' lang='lat'><strong>¹</strong></span> <span class='ocrx_word' id='word_1_1046' title='bbox 1455 1791 1587 1831; x_wconf 78' lang='lat' dir='ltr'>allegata</span> <span class='ocrx_word' id='word_1_1047' title='bbox 1602 1797 1633 1821; x_wconf 91' lang='lat' dir='ltr'>et</span> <span class='ocrx_word' id='word_1_1048' title='bbox 1655 1790 1787 1830; x_wconf 89' lang='lat' dir='ltr'>probata</span> <span class='ocrx_word' id='word_1_1049' title='bbox 1802 1789 1956 1820; x_wconf 77' lang='lat' dir='ltr'>iudicare:</span> <span class='ocrx_word' id='word_1_1050' title='bbox 1981 1798 2055 1820; x_wconf 87' lang='lat' dir='ltr'>cum</span> <span class='ocrx_word' id='word_1_1051' title='bbox 2078 1789 2162 1829; x_wconf 82' lang='lat' dir='ltr'>leges</span> <span class='ocrx_word' id='word_1_1052' title='bbox 2177 1795 2209 1820; x_wconf 87' lang='lat' dir='ltr'>et</span> <span class='ocrx_word' id='word_1_1053' title='bbox 2226 1788 2295 1819; x_wconf 87' lang='lat' dir='ltr'>iura</span> <span class='ocrx_word' id='word_1_1054' title='bbox 2312 1788 2375 1820; x_wconf 78' lang='lat' dir='ltr'>sint</span> <span class='ocrx_word' id='word_1_1055' title='bbox 2391 1789 2430 1820; x_wconf 87' lang='lat' dir='ltr'>de</span> <span class='ocrx_word' id='word_1_1056' title='bbox 2445 1788 2512 1820; x_wconf 84' lang='lat' dir='ltr'>uni·</span> 
     </span>
    </p>
   </div>
   <div class='ocr_carea' id='block_1_46' title="bbox 1454 1832 2513 1918">
    <p class='ocr_par' dir='ltr' id='par_1_51' title="bbox 1454 1832 2513 1918">
     <span class='ocr_line' id='line_1_129' title="bbox 1454 1832 2512 1872; baseline -0.003 -6"><span class='ocrx_word' id='word_1_1057' title='bbox 1454 1835 1636 1869; x_wconf 88' lang='lat' dir='ltr'>versalibus,</span> <span class='ocrx_word' id='word_1_1058' title='bbox 1652 1841 1683 1864; x_wconf 94' lang='lat' dir='ltr'>et</span> <span class='ocrx_word' id='word_1_1059' title='bbox 1705 1833 1858 1864; x_wconf 88' lang='lat' dir='ltr'>sententia</span> <span class='ocrx_word' id='word_1_1060' title='bbox 1881 1834 1992 1864; x_wconf 89' lang='lat' dir='ltr'>debeat</span> <span class='ocrx_word' id='word_1_1061' title='bbox 2007 1843 2074 1864; x_wconf 87' lang='lat' dir='ltr'>esse</span> <span class='ocrx_word' id='word_1_1062' title='bbox 2097 1833 2137 1864; x_wconf 92' lang='lat' dir='ltr'>de</span> <span class='ocrx_word' id='word_1_1063' title='bbox 2159 1833 2222 1864; x_wconf 89' lang='lat' dir='ltr'>hoc</span> <span class='ocrx_word' id='word_1_1064' title='bbox 2244 1832 2395 1872; x_wconf 82' lang='lat' dir='ltr'>singulari</span> <span class='ocrx_word' id='word_1_1065' title='bbox 2417 1833 2512 1864; x_wconf 84' lang='lat' dir='ltr'>facto.</span> 
     </span>
     <span class='ocr_line' id='line_1_130' title="bbox 1456 1876 2513 1918; baseline -0.003 -8"><span class='ocrx_word' id='word_1_1066' title='bbox 1456 1879 1590 1911; x_wconf 91' lang='lat' dir='ltr'>Constat</span> <span class='ocrx_word' id='word_1_1067' title='bbox 1618 1878 1705 1909; x_wconf 88' lang='lat' dir='ltr'>enim</span> <span class='ocrx_word' id='word_1_1068' title='bbox 1735 1878 1824 1918; x_wconf 91' lang='lat' dir='ltr'>quod</span> <span class='ocrx_word' id='word_1_1069' title='bbox 1853 1877 1894 1908; x_wconf 85' lang='lat' dir='ltr'>ad</span> <span class='ocrx_word' id='word_1_1070' title='bbox 1923 1877 2162 1908; x_wconf 84' lang='lat' dir='ltr'>conclusionem</span> <span class='ocrx_word' id='word_1_1071' title='bbox 2189 1876 2401 1916; x_wconf 80' lang='lat' dir='ltr'>singularem,</span> <span class='ocrx_word' id='word_1_1072' title='bbox 2431 1886 2513 1917; x_wconf 79' lang='lat' dir='ltr'>quae</span> 
     </span>
    </p>
   </div>
   <div class='ocr_carea' id='block_1_47' title="bbox 1427 1918 2515 2008">
    <p class='ocr_par' dir='ltr' id='par_1_52' title="bbox 1427 1918 2515 2011">
     <span class='ocr_line' id='line_1_131' title="bbox 1428 1918 2515 1965; baseline -0.004 -11"><span class='ocrx_word' id='word_1_1073' title='bbox 1428 1918 1429 1949; x_wconf 68' lang='grc' dir='ltr'>ἶ</span> <span class='ocrx_word' id='word_1_1074' title='bbox 1454 1933 1512 1965; x_wconf 88' lang='lat' dir='ltr'>per</span> <span class='ocrx_word' id='word_1_1075' title='bbox 1533 1922 1721 1954; x_wconf 86' lang='lat' dir='ltr'>sententiam</span> <span class='ocrx_word' id='word_1_1076' title='bbox 1744 1921 1889 1957; x_wconf 88' lang='lat' dir='ltr'>infertur,</span> <span class='ocrx_word' id='word_1_1077' title='bbox 1913 1931 1979 1952; x_wconf 91' lang='lat' dir='ltr'>non</span> <span class='ocrx_word' id='word_1_1078' title='bbox 2003 1921 2203 1952; x_wconf 88' lang='lat' dir='ltr'>descenditur</span> <span class='ocrx_word' id='word_1_1079' title='bbox 2225 1921 2263 1951; x_wconf 86' lang='lat' dir='ltr'>ab</span> <span class='ocrx_word' id='word_1_1080' title='bbox 2286 1920 2515 1952; x_wconf 83' lang='lat' dir='ltr'>universalibus</span> 
     </span>
     <span class='ocr_line' id='line_1_132' title="bbox 1427 1962 2515 2008; baseline -0.004 -9"><span class='ocrx_word' id='word_1_1081' title='bbox 1427 1962 1429 1999; x_wconf 40' lang='lat' dir='ltr'><strong>j</strong></span> <span class='ocrx_word' id='word_1_1082' title='bbox 1453 1967 1576 2008; x_wconf 87' lang='lat' dir='ltr'>legibus</span> <span class='ocrx_word' id='word_1_1083' title='bbox 1599 1974 1630 1998; x_wconf 93' lang='lat' dir='ltr'>et</span> <span class='ocrx_word' id='word_1_1084' title='bbox 1652 1966 1773 1997; x_wconf 88' lang='lat' dir='ltr'>iuribus</span> <span class='ocrx_word' id='word_1_1085' title='bbox 1802 1965 1862 1996; x_wconf 89' lang='lat' dir='ltr'>nisi</span> <span class='ocrx_word' id='word_1_1086' title='bbox 1885 1975 1942 2005; x_wconf 89' lang='lat' dir='ltr'>per</span> <span class='ocrx_word' id='word_1_1087' title='bbox 1963 1965 2165 2006; x_wconf 83' lang='lat' dir='ltr'>particulares</span> <span class='ocrx_word' id='word_1_1088' title='bbox 2187 1971 2219 1996; x_wconf 89' lang='lat' dir='ltr'>et</span> <span class='ocrx_word' id='word_1_1089' title='bbox 2246 1964 2419 2005; x_wconf 80' lang='lat' dir='ltr'>singulares</span> <span class='ocrx_word' id='word_1_1090' title='bbox 2442 1973 2515 2005; x_wconf 84' lang='lat' dir='ltr'>pro-</span> 
     </span>
    </p>
   </div>
   <div class='ocr_carea' id='block_1_48' title="bbox 1455 2008 2515 2095">
    <p class='ocr_par' dir='ltr' id='par_1_53' title="bbox 1455 2008 2515 2095">
     <span class='ocr_line' id='line_1_133' title="bbox 1455 2008 2515 2052; baseline -0.004 -9"><span class='ocrx_word' id='word_1_1091' title='bbox 1455 2011 1646 2052; x_wconf 84' lang='lat' dir='ltr'>positiones,</span> <span class='ocrx_word' id='word_1_1092' title='bbox 1670 2020 1752 2052; x_wconf 92' lang='lat' dir='ltr'>quae</span> <span class='ocrx_word' id='word_1_1093' title='bbox 1776 2019 1832 2050; x_wconf 90' lang='lat' dir='ltr'>per</span> <span class='ocrx_word' id='word_1_1094' title='bbox 1853 2010 1986 2050; x_wconf 87' lang='lat' dir='ltr'>allegata</span> <span class='ocrx_word' id='word_1_1095' title='bbox 2009 2016 2040 2040; x_wconf 87' lang='lat' dir='ltr'>et</span> <span class='ocrx_word' id='word_1_1096' title='bbox 2066 2010 2199 2050; x_wconf 80' lang='lat' dir='ltr'>probata</span> <span class='ocrx_word' id='word_1_1097' title='bbox 2221 2015 2378 2040; x_wconf 85' lang='lat' dir='ltr'>constant.</span> <span class='ocrx_word' id='word_1_1098' title='bbox 2410 2009 2452 2040; x_wconf 91' lang='lat' dir='ltr'>Et</span> <span class='ocrx_word' id='word_1_1099' title='bbox 2465 2008 2515 2040; x_wconf 80' lang='lat' dir='ltr'>lex</span> 
     </span>
     <span class='ocr_line' id='line_1_134' title="bbox 1455 2052 2515 2095; baseline -0.003 -8"><span class='ocrx_word' id='word_1_1100' title='bbox 1455 2056 1561 2086; x_wconf 89' lang='lat' dir='ltr'>divina</span> <span class='ocrx_word' id='word_1_1101' title='bbox 1591 2055 1721 2086; x_wconf 84' lang='lat' dir='ltr'>mandat</span> <span class='ocrx_word' id='word_1_1102' title='bbox 1750 2054 1838 2095; x_wconf 90' lang='lat' dir='ltr'>quod</span> <span class='ocrx_word' id='word_1_1103' title='bbox 1866 2064 1922 2094; x_wconf 88' lang='lat' dir='ltr'>per</span> <span class='ocrx_word' id='word_1_1104' title='bbox 1951 2054 2083 2094; x_wconf 85' lang='lat' dir='ltr'>allegata</span> <span class='ocrx_word' id='word_1_1105' title='bbox 2113 2061 2144 2084; x_wconf 88' lang='lat' dir='ltr'>et</span> <span class='ocrx_word' id='word_1_1106' title='bbox 2172 2053 2306 2093; x_wconf 82' lang='lat' dir='ltr'>probata</span> <span class='ocrx_word' id='word_1_1107' title='bbox 2342 2052 2515 2089; x_wconf 84' lang='lat' dir='ltr'>iudicetur,</span> 
     </span>
    </p>
   </div>
   <div class='ocr_carea' id='block_1_49' title="bbox 1455 2185 2517 2318">
    <p class='ocr_par' dir='ltr' id='par_1_54' title="bbox 1455 2185 2517 2318">
     <span class='ocr_line' id='line_1_135' title="bbox 1456 2185 2515 2227; baseline -0.002 -8"><span class='ocrx_word' id='word_1_1108' title='bbox 1456 2199 1512 2219; x_wconf 88' lang='lat' dir='ltr'>ore</span> <span class='ocrx_word' id='word_1_1109' title='bbox 1527 2189 1664 2219; x_wconf 87' lang='lat' dir='ltr'>duorum</span> <span class='ocrx_word' id='word_1_1110' title='bbox 1682 2188 1731 2218; x_wconf 84' lang='lat' dir='ltr'>vel</span> <span class='ocrx_word' id='word_1_1111' title='bbox 1750 2188 1848 2218; x_wconf 87' lang='lat' dir='ltr'>trium</span> <span class='ocrx_word' id='word_1_1112' title='bbox 1865 2188 1991 2217; x_wconf 84' lang='lat' dir='ltr'>testium</span> <span class='ocrx_word' id='word_1_1113' title='bbox 2002 2187 2121 2227; x_wconf 79' lang='lat' dir='ltr'>peribit</span> <span class='ocrx_word' id='word_1_1114' title='bbox 2136 2187 2190 2226; x_wconf 87' lang='lat' dir='ltr'>qui</span> <span class='ocrx_word' id='word_1_1115' title='bbox 2205 2185 2431 2227; x_wconf 77' lang='lat' dir='ltr'>interficietur;</span> <span class='ocrx_word' id='word_1_1116' title='bbox 2449 2195 2515 2217; x_wconf 82' lang='lat' dir='ltr'>non</span> 
     </span>
     <span class='ocr_line' id='line_1_136' title="bbox 1455 2229 2514 2272; baseline -0.004 -8"><span class='ocrx_word' id='word_1_1117' title='bbox 1455 2234 1602 2264; x_wconf 89' lang='lat' dir='ltr'>obstante</span> <span class='ocrx_word' id='word_1_1118' title='bbox 1625 2232 1715 2272; x_wconf 90' lang='lat' dir='ltr'>quod</span> <span class='ocrx_word' id='word_1_1119' title='bbox 1737 2231 1870 2271; x_wconf 80' lang='lat' dir='ltr'>allegata</span> <span class='ocrx_word' id='word_1_1120' title='bbox 1891 2237 1922 2262; x_wconf 89' lang='lat' dir='ltr'>et</span> <span class='ocrx_word' id='word_1_1121' title='bbox 1944 2231 2077 2271; x_wconf 87' lang='lat' dir='ltr'>probata</span> <span class='ocrx_word' id='word_1_1122' title='bbox 2099 2229 2293 2271; x_wconf 83' lang='lat' dir='ltr'>quandoque</span> <span class='ocrx_word' id='word_1_1123' title='bbox 2307 2230 2429 2261; x_wconf 84' lang='lat' dir='ltr'>violent</span> <span class='ocrx_word' id='word_1_1124' title='bbox 2448 2229 2514 2260; x_wconf 87' lang='lat' dir='ltr'>ius:</span> 
     </span>
     <span class='ocr_line' id='line_1_137' title="bbox 1455 2273 2517 2318; baseline -0.004 -10"><span class='ocrx_word' id='word_1_1125' title='bbox 1455 2277 1530 2318; x_wconf 88' lang='lat' dir='ltr'>quia</span> <span class='ocrx_word' id='word_1_1126' title='bbox 1553 2277 1615 2307; x_wconf 91' lang='lat' dir='ltr'>hoc</span> <span class='ocrx_word' id='word_1_1127' title='bbox 1638 2282 1685 2307; x_wconf 92' lang='lat' dir='ltr'>est</span> <span class='ocrx_word' id='word_1_1128' title='bbox 1707 2285 1763 2316; x_wconf 90' lang='lat' dir='ltr'>per</span> <span class='ocrx_word' id='word_1_1129' title='bbox 1786 2275 1929 2306; x_wconf 87' lang='lat' dir='ltr'>accidens</span> <span class='ocrx_word' id='word_1_1130' title='bbox 1951 2282 1983 2306; x_wconf 90' lang='lat' dir='ltr'>et</span> <span class='ocrx_word' id='word_1_1131' title='bbox 2005 2281 2042 2306; x_wconf 92' lang='lat' dir='ltr'>ut</span> <span class='ocrx_word' id='word_1_1132' title='bbox 2063 2274 2096 2304; x_wconf 91' lang='lat' dir='ltr'>in</span> <span class='ocrx_word' id='word_1_1133' title='bbox 2119 2273 2338 2315; x_wconf 82' lang='lat' dir='ltr'>paucioribus;</span> <span class='ocrx_word' id='word_1_1134' title='bbox 2362 2273 2447 2314; x_wconf 76' lang='lat' dir='ltr'>leges</span> <span class='ocrx_word' id='word_1_1135' title='bbox 2462 2283 2517 2304; x_wconf 87' lang='lat' dir='ltr'>au-</span> 
     </span>
    </p>
   </div>
   <div class='ocr_carea' id='block_1_50' title="bbox 1455 2365 2518 2536">
    <p class='ocr_par' dir='ltr' id='par_1_55' title="bbox 1455 2365 1546 2396">
     <span class='ocr_line' id='line_1_138' title="bbox 1455 2365 1546 2396; baseline 0 0"><span class='ocrx_word' id='word_1_1136' title='bbox 1455 2365 1546 2396; x_wconf 65' lang='lat' dir='ltr'>fiunn</span> 
     </span>
    </p>

    <p class='ocr_par' dir='ltr' id='par_1_56' title="bbox 1455 2405 2518 2536">
     <span class='ocr_line' id='line_1_139' title="bbox 1510 2405 2518 2448; baseline -0.005 -8"><span class='ocrx_word' id='word_1_1137' title='bbox 1510 2410 1561 2440; x_wconf 88' lang='lat' dir='ltr'>Ad</span> <span class='ocrx_word' id='word_1_1138' title='bbox 1584 2413 1710 2439; x_wconf 81' lang='lat' dir='ltr'>sextum</span> <span class='ocrx_word' id='word_1_1139' title='bbox 1738 2407 1852 2438; x_wconf 86' lang='lat' dir='ltr'>dicitur</span> <span class='ocrx_word' id='word_1_1140' title='bbox 1873 2407 1963 2448; x_wconf 90' lang='lat' dir='ltr'>quod</span> <span class='ocrx_word' id='word_1_1141' title='bbox 1986 2406 2057 2438; x_wconf 87' lang='lat' dir='ltr'>finis</span> <span class='ocrx_word' id='word_1_1142' title='bbox 2079 2406 2215 2437; x_wconf 84' lang='lat' dir='ltr'>iustitiae</span> <span class='ocrx_word' id='word_1_1143' title='bbox 2238 2406 2382 2446; x_wconf 87' lang='lat' dir='ltr'>publicae</span> <span class='ocrx_word' id='word_1_1144' title='bbox 2405 2405 2518 2439; x_wconf 76' lang='lat' dir='ltr'>huma-</span> 
     </span>
     <span class='ocr_line' id='line_1_140' title="bbox 1455 2449 2517 2490; baseline -0.005 -6"><span class='ocrx_word' id='word_1_1145' title='bbox 1455 2463 1514 2484; x_wconf 89' lang='lat' dir='ltr'>nae</span> <span class='ocrx_word' id='word_1_1146' title='bbox 1538 2463 1604 2483; x_wconf 91' lang='lat' dir='ltr'>non</span> <span class='ocrx_word' id='word_1_1147' title='bbox 1625 2459 1671 2482; x_wconf 90' lang='lat' dir='ltr'>est</span> <span class='ocrx_word' id='word_1_1148' title='bbox 1693 2451 1805 2482; x_wconf 88' lang='lat' dir='ltr'>veritas</span> <span class='ocrx_word' id='word_1_1149' title='bbox 1829 2451 1902 2482; x_wconf 88' lang='lat' dir='ltr'>facti</span> <span class='ocrx_word' id='word_1_1150' title='bbox 1925 2451 2079 2487; x_wconf 82' lang='lat' dir='ltr'>absolute,</span> <span class='ocrx_word' id='word_1_1151' title='bbox 2096 2450 2150 2480; x_wconf 90' lang='lat' dir='ltr'>sed</span> <span class='ocrx_word' id='word_1_1152' title='bbox 2166 2449 2279 2480; x_wconf 83' lang='lat' dir='ltr'>veritas</span> <span class='ocrx_word' id='word_1_1153' title='bbox 2294 2449 2368 2481; x_wconf 81' lang='lat' dir='ltr'>facti</span> <span class='ocrx_word' id='word_1_1154' title='bbox 2390 2449 2517 2490; x_wconf 86' lang='lat' dir='ltr'>publica</span> 
     </span>
     <span class='ocr_line' id='line_1_141' title="bbox 1455 2493 2516 2536; baseline -0.003 -9"><span class='ocrx_word' id='word_1_1155' title='bbox 1455 2497 1590 2528; x_wconf 87' lang='lat' dir='ltr'>homini.</span> <span class='ocrx_word' id='word_1_1156' title='bbox 1614 2497 1654 2526; x_wconf 89' lang='lat' dir='ltr'>Et</span> <span class='ocrx_word' id='word_1_1157' title='bbox 1677 2496 1739 2526; x_wconf 92' lang='lat' dir='ltr'>hoc</span> <span class='ocrx_word' id='word_1_1158' title='bbox 1755 2502 1801 2526; x_wconf 87' lang='lat' dir='ltr'>est</span> <span class='ocrx_word' id='word_1_1159' title='bbox 1823 2496 1911 2536; x_wconf 87' lang='lat' dir='ltr'>quod</span> <span class='ocrx_word' id='word_1_1160' title='bbox 1928 2498 2059 2530; x_wconf 89' lang='lat' dir='ltr'>Auctor,</span> <span class='ocrx_word' id='word_1_1161' title='bbox 2080 2494 2304 2535; x_wconf 86' lang='lat' dir='ltr'>respondendo</span> <span class='ocrx_word' id='word_1_1162' title='bbox 2319 2494 2359 2524; x_wconf 88' lang='lat' dir='ltr'>ad</span> <span class='ocrx_word' id='word_1_1163' title='bbox 2378 2493 2516 2530; x_wconf 87' lang='lat' dir='ltr'>tertium,</span> 
     </span>
    </p>
   </div>
   <div class='ocr_carea' id='block_1_51' title="bbox 1429 2537 2516 2580">
    <p class='ocr_par' dir='ltr' id='par_1_57' title="bbox 1429 2537 2516 2580">
     <span class='ocr_line' id='line_1_142' title="bbox 1429 2537 2516 2580; baseline -0.004 -8"><span class='ocrx_word' id='word_1_1164' title='bbox 1429 2548 1431 2557; x_wconf 77' lang='lat'>²</span> <span class='ocrx_word' id='word_1_1165' title='bbox 1457 2541 1531 2572; x_wconf 90' lang='lat' dir='ltr'>dicit</span> <span class='ocrx_word' id='word_1_1166' title='bbox 1554 2541 1612 2571; x_wconf 91' lang='lat' dir='ltr'>sub</span> <span class='ocrx_word' id='word_1_1167' title='bbox 1636 2539 1704 2570; x_wconf 88' lang='lat' dir='ltr'>aliis</span> <span class='ocrx_word' id='word_1_1168' title='bbox 1727 2539 1847 2570; x_wconf 87' lang='lat' dir='ltr'>verbis:</span> <span class='ocrx_word' id='word_1_1169' title='bbox 1872 2539 1989 2570; x_wconf 89' lang='lat' dir='ltr'>scilicet</span> <span class='ocrx_word' id='word_1_1170' title='bbox 2012 2539 2100 2580; x_wconf 93' lang='lat' dir='ltr'>quod</span> <span class='ocrx_word' id='word_1_1171' title='bbox 2122 2540 2151 2569; x_wconf 87' lang='lat' dir='ltr'>si</span> <span class='ocrx_word' id='word_1_1172' title='bbox 2164 2538 2294 2579; x_wconf 83' lang='lat' dir='ltr'>factum</span> <span class='ocrx_word' id='word_1_1173' title='bbox 2317 2538 2358 2569; x_wconf 81' lang='lat' dir='ltr'>sit</span> <span class='ocrx_word' id='word_1_1174' title='bbox 2380 2537 2516 2579; x_wconf 62' lang='lat' dir='ltr'>manife-</span> 
     </span>
    </p>
   </div>
   <div class='ocr_carea' id='block_1_52' title="bbox 1455 2582 2519 2841">
    <p class='ocr_par' dir='ltr' id='par_1_58' title="bbox 1455 2582 2519 2841">
     <span class='ocr_line' id='line_1_143' title="bbox 1456 2582 2518 2620; baseline -0.002 -4"><span class='ocrx_word' id='word_1_1175' title='bbox 1456 2591 1539 2617; x_wconf 86' lang='lat' dir='ltr'>stum</span> <span class='ocrx_word' id='word_1_1176' title='bbox 1565 2584 1662 2615; x_wconf 83' lang='lat' dir='ltr'>iudici</span> <span class='ocrx_word' id='word_1_1177' title='bbox 1685 2589 1715 2614; x_wconf 85' lang='lat' dir='ltr'>et</span> <span class='ocrx_word' id='word_1_1178' title='bbox 1738 2593 1800 2614; x_wconf 87' lang='lat' dir='ltr'>non</span> <span class='ocrx_word' id='word_1_1179' title='bbox 1823 2584 1914 2620; x_wconf 86' lang='lat' dir='ltr'>aliis,</span> <span class='ocrx_word' id='word_1_1180' title='bbox 1939 2583 1989 2614; x_wconf 81' lang='lat' dir='ltr'>vel</span> <span class='ocrx_word' id='word_1_1181' title='bbox 2011 2584 2085 2613; x_wconf 84' lang='lat' dir='ltr'>aliis</span> <span class='ocrx_word' id='word_1_1182' title='bbox 2107 2588 2138 2613; x_wconf 84' lang='lat' dir='ltr'>et</span> <span class='ocrx_word' id='word_1_1183' title='bbox 2161 2592 2223 2613; x_wconf 87' lang='lat' dir='ltr'>non</span> <span class='ocrx_word' id='word_1_1184' title='bbox 2248 2582 2356 2619; x_wconf 80' lang='lat' dir='ltr'>iudici,</span> <span class='ocrx_word' id='word_1_1185' title='bbox 2380 2587 2518 2614; x_wconf 69' lang='lat' dir='ltr'>tunc-est</span> 
     </span>
     <span class='ocr_line' id='line_1_144' title="bbox 1457 2625 2516 2666; baseline -0.004 -6"><span class='ocrx_word' id='word_1_1186' title='bbox 1457 2629 1638 2660; x_wconf 83' lang='lat' dir='ltr'>necessaria</span> <span class='ocrx_word' id='word_1_1187' title='bbox 1659 2628 1813 2659; x_wconf 77' lang='lat' dir='ltr'>discussio</span> <span class='ocrx_word' id='word_1_1188' title='bbox 1819 2635 1832 2665; x_wconf 88' lang='lat'><em>;</em></span> <span class='ocrx_word' id='word_1_1189' title='bbox 1855 2627 1916 2658; x_wconf 92' lang='lat' dir='ltr'>hoc</span> <span class='ocrx_word' id='word_1_1190' title='bbox 1930 2634 1991 2658; x_wconf 86' lang='lat' dir='ltr'>est:</span> <span class='ocrx_word' id='word_1_1191' title='bbox 2014 2627 2088 2658; x_wconf 90' lang='lat' dir='ltr'>Non</span> <span class='ocrx_word' id='word_1_1192' title='bbox 2107 2627 2240 2657; x_wconf 87' lang='lat' dir='ltr'>habetur</span> <span class='ocrx_word' id='word_1_1193' title='bbox 2254 2626 2366 2657; x_wconf 81' lang='lat' dir='ltr'>veritas</span> <span class='ocrx_word' id='word_1_1194' title='bbox 2382 2625 2516 2666; x_wconf 84' lang='lat' dir='ltr'>publica,</span> 
     </span>
     <span class='ocr_line' id='line_1_145' title="bbox 1455 2670 2519 2712; baseline -0.005 -7"><span class='ocrx_word' id='word_1_1195' title='bbox 1455 2674 1536 2705; x_wconf 88' lang='lat' dir='ltr'>sicut</span> <span class='ocrx_word' id='word_1_1196' title='bbox 1559 2673 1591 2703; x_wconf 91' lang='lat' dir='ltr'>in</span> <span class='ocrx_word' id='word_1_1197' title='bbox 1615 2672 1757 2708; x_wconf 90' lang='lat' dir='ltr'>notoriis,</span> <span class='ocrx_word' id='word_1_1198' title='bbox 1781 2679 1812 2702; x_wconf 92' lang='lat' dir='ltr'>et</span> <span class='ocrx_word' id='word_1_1199' title='bbox 1835 2678 2001 2712; x_wconf 86' lang='lat' dir='ltr'>propterea</span> <span class='ocrx_word' id='word_1_1200' title='bbox 2025 2678 2071 2702; x_wconf 89' lang='lat' dir='ltr'>est</span> <span class='ocrx_word' id='word_1_1201' title='bbox 2093 2671 2266 2702; x_wconf 86' lang='lat' dir='ltr'>necessaria</span> <span class='ocrx_word' id='word_1_1202' title='bbox 2289 2670 2459 2706; x_wconf 82' lang='lat' dir='ltr'>discussio,</span> <span class='ocrx_word' id='word_1_1203' title='bbox 2483 2677 2519 2701; x_wconf 84' lang='lat' dir='ltr'>ut</span> 
     </span>
     <span class='ocr_line' id='line_1_146' title="bbox 1456 2714 2517 2754; baseline -0.004 -6"><span class='ocrx_word' id='word_1_1204' title='bbox 1456 2718 1599 2748; x_wconf 86' lang='lat' dir='ltr'>veniatur</span> <span class='ocrx_word' id='word_1_1205' title='bbox 1621 2717 1660 2746; x_wconf 90' lang='lat' dir='ltr'>ad</span> <span class='ocrx_word' id='word_1_1206' title='bbox 1683 2715 1790 2752; x_wconf 88' lang='lat' dir='ltr'>finem,</span> <span class='ocrx_word' id='word_1_1207' title='bbox 1811 2716 1927 2746; x_wconf 90' lang='lat' dir='ltr'>scilicet</span> <span class='ocrx_word' id='word_1_1208' title='bbox 1950 2715 2155 2746; x_wconf 80' lang='lat' dir='ltr'>manifestum</span> <span class='ocrx_word' id='word_1_1209' title='bbox 2177 2714 2314 2754; x_wconf 87' lang='lat' dir='ltr'>publice,</span> <span class='ocrx_word' id='word_1_1210' title='bbox 2331 2714 2448 2745; x_wconf 83' lang='lat' dir='ltr'>scilicet</span> <span class='ocrx_word' id='word_1_1211' title='bbox 2470 2714 2517 2745; x_wconf 56' lang='lat' dir='ltr'>iu*—</span> 
     </span>
     <span class='ocr_line' id='line_1_147' title="bbox 1457 2758 2519 2800; baseline -0.004 -8"><span class='ocrx_word' id='word_1_1212' title='bbox 1457 2762 1518 2792; x_wconf 91' lang='lat' dir='ltr'>dici</span> <span class='ocrx_word' id='word_1_1213' title='bbox 1542 2769 1572 2792; x_wconf 89' lang='lat' dir='ltr'>et</span> <span class='ocrx_word' id='word_1_1214' title='bbox 1595 2759 1672 2791; x_wconf 88' lang='lat' dir='ltr'>aliis.</span> <span class='ocrx_word' id='word_1_1215' title='bbox 1698 2760 2004 2800; x_wconf 88' lang='lat' dir='ltr'>Quantumcumque</span> <span class='ocrx_word' id='word_1_1216' title='bbox 2021 2769 2095 2799; x_wconf 85' lang='lat' dir='ltr'>ergo</span> <span class='ocrx_word' id='word_1_1217' title='bbox 2118 2758 2215 2790; x_wconf 84' lang='lat' dir='ltr'>iudici</span> <span class='ocrx_word' id='word_1_1218' title='bbox 2231 2758 2291 2789; x_wconf 90' lang='lat' dir='ltr'>soli</span> <span class='ocrx_word' id='word_1_1219' title='bbox 2314 2764 2395 2790; x_wconf 86' lang='lat' dir='ltr'>esset</span> <span class='ocrx_word' id='word_1_1220' title='bbox 2417 2758 2519 2789; x_wconf 84' lang='lat' dir='ltr'>mani-</span> 
     </span>
     <span class='ocr_line' id='line_1_148' title="bbox 1457 2802 2519 2841; baseline -0.004 -5"><span class='ocrx_word' id='word_1_1221' title='bbox 1457 2806 1584 2841; x_wconf 89' lang='lat' dir='ltr'>festum,</span> <span class='ocrx_word' id='word_1_1222' title='bbox 1609 2814 1675 2835; x_wconf 90' lang='lat' dir='ltr'>non</span> <span class='ocrx_word' id='word_1_1223' title='bbox 1698 2805 1831 2835; x_wconf 89' lang='lat' dir='ltr'>habetur</span> <span class='ocrx_word' id='word_1_1224' title='bbox 1853 2803 1938 2840; x_wconf 87' lang='lat' dir='ltr'>finis,</span> <span class='ocrx_word' id='word_1_1225' title='bbox 1963 2804 2018 2834; x_wconf 90' lang='lat' dir='ltr'>sed</span> <span class='ocrx_word' id='word_1_1226' title='bbox 2041 2810 2088 2834; x_wconf 88' lang='lat' dir='ltr'>est</span> <span class='ocrx_word' id='word_1_1227' title='bbox 2110 2802 2282 2834; x_wconf 85' lang='lat' dir='ltr'>necessaria</span> <span class='ocrx_word' id='word_1_1228' title='bbox 2306 2802 2460 2833; x_wconf 86' lang='lat' dir='ltr'>discussio</span> <span class='ocrx_word' id='word_1_1229' title='bbox 2483 2809 2519 2833; x_wconf 90' lang='lat' dir='ltr'>ut</span> 
     </span>
    </p>
   </div>
   <div class='ocr_carea' id='block_1_53' title="bbox 1457 2890 2520 3154">
    <p class='ocr_par' dir='ltr' id='par_1_59' title="bbox 1457 2890 2520 3154">
     <span class='ocr_line' id='line_1_149' title="bbox 1457 2890 2520 2934; baseline -0.004 -9"><span class='ocrx_word' id='word_1_1230' title='bbox 1457 2901 1565 2925; x_wconf 88' lang='lat' dir='ltr'>autem</span> <span class='ocrx_word' id='word_1_1231' title='bbox 1588 2893 1677 2934; x_wconf 93' lang='lat' dir='ltr'>quod</span> <span class='ocrx_word' id='word_1_1232' title='bbox 1699 2893 1842 2924; x_wconf 88' lang='lat' dir='ltr'>iudicans</span> <span class='ocrx_word' id='word_1_1233' title='bbox 1864 2893 2041 2923; x_wconf 88' lang='lat' dir='ltr'>secundum</span> <span class='ocrx_word' id='word_1_1234' title='bbox 2057 2892 2190 2932; x_wconf 83' lang='lat' dir='ltr'>allegata</span> <span class='ocrx_word' id='word_1_1235' title='bbox 2205 2898 2236 2922; x_wconf 87' lang='lat' dir='ltr'>et</span> <span class='ocrx_word' id='word_1_1236' title='bbox 2254 2892 2386 2931; x_wconf 83' lang='lat' dir='ltr'>probata</span> <span class='ocrx_word' id='word_1_1237' title='bbox 2401 2890 2520 2921; x_wconf 81' lang='lat' dir='ltr'>iudicat</span> 
     </span>
     <span class='ocr_line' id='line_1_150' title="bbox 1458 2934 2517 2976; baseline -0.004 -7"><span class='ocrx_word' id='word_1_1238' title='bbox 1458 2938 1636 2970; x_wconf 89' lang='lat' dir='ltr'>secundum</span> <span class='ocrx_word' id='word_1_1239' title='bbox 1657 2937 1820 2968; x_wconf 85' lang='lat' dir='ltr'>veritatem</span> <span class='ocrx_word' id='word_1_1240' title='bbox 1844 2946 1910 2967; x_wconf 91' lang='lat' dir='ltr'>non</span> <span class='ocrx_word' id='word_1_1241' title='bbox 1927 2936 2118 2976; x_wconf 89' lang='lat' dir='ltr'>simpliciter,</span> <span class='ocrx_word' id='word_1_1242' title='bbox 2143 2936 2198 2967; x_wconf 90' lang='lat' dir='ltr'>sed</span> <span class='ocrx_word' id='word_1_1243' title='bbox 2221 2935 2382 2976; x_wconf 87' lang='lat' dir='ltr'>publicam</span> <span class='ocrx_word' id='word_1_1244' title='bbox 2403 2935 2437 2965; x_wconf 89' lang='lat' dir='ltr'>in</span> <span class='ocrx_word' id='word_1_1245' title='bbox 2459 2934 2517 2964; x_wconf 89' lang='lat' dir='ltr'>hu-</span> 
     </span>
     <span class='ocr_line' id='line_1_151' title="bbox 1458 2977 2519 3020; baseline -0.004 -7"><span class='ocrx_word' id='word_1_1246' title='bbox 1458 2983 1559 3013; x_wconf 88' lang='lat' dir='ltr'>manis</span> <span class='ocrx_word' id='word_1_1247' title='bbox 1581 2980 1715 3018; x_wconf 81' lang='lat' dir='ltr'>iudiciis,</span> <span class='ocrx_word' id='word_1_1248' title='bbox 1732 2988 1791 3012; x_wconf 89' lang='lat' dir='ltr'>etc.</span> <span class='ocrx_word' id='word_1_1249' title='bbox 1815 2981 1856 3012; x_wconf 84' lang='lat' dir='ltr'>Et</span> <span class='ocrx_word' id='word_1_1250' title='bbox 1878 2980 1974 3011; x_wconf 87' lang='lat' dir='ltr'>simili</span> <span class='ocrx_word' id='word_1_1251' title='bbox 1996 2981 2095 3011; x_wconf 88' lang='lat' dir='ltr'>modo</span> <span class='ocrx_word' id='word_1_1252' title='bbox 2111 2979 2224 3011; x_wconf 88' lang='lat' dir='ltr'>dicitur</span> <span class='ocrx_word' id='word_1_1253' title='bbox 2247 2979 2336 3020; x_wconf 90' lang='lat' dir='ltr'>quod</span> <span class='ocrx_word' id='word_1_1254' title='bbox 2354 2979 2428 3010; x_wconf 88' lang='lat' dir='ltr'>licet</span> <span class='ocrx_word' id='word_1_1255' title='bbox 2449 2977 2519 3009; x_wconf 87' lang='lat' dir='ltr'>finis</span> 
     </span>
     <span class='ocr_line' id='line_1_152' title="bbox 1457 3022 2518 3065; baseline -0.005 -7"><span class='ocrx_word' id='word_1_1256' title='bbox 1457 3026 1594 3058; x_wconf 86' lang='lat' dir='ltr'>iustitiae</span> <span class='ocrx_word' id='word_1_1257' title='bbox 1617 3025 1656 3057; x_wconf 89' lang='lat' dir='ltr'>sit</span> <span class='ocrx_word' id='word_1_1258' title='bbox 1674 3026 1803 3056; x_wconf 88' lang='lat' dir='ltr'>reddere</span> <span class='ocrx_word' id='word_1_1259' title='bbox 1826 3025 1999 3065; x_wconf 88' lang='lat' dir='ltr'>unicuique</span> <span class='ocrx_word' id='word_1_1260' title='bbox 2021 3024 2072 3055; x_wconf 91' lang='lat' dir='ltr'>ius</span> <span class='ocrx_word' id='word_1_1261' title='bbox 2094 3034 2167 3054; x_wconf 90' lang='lat' dir='ltr'>vere</span> <span class='ocrx_word' id='word_1_1262' title='bbox 2190 3033 2295 3059; x_wconf 85' lang='lat' dir='ltr'>suum,</span> <span class='ocrx_word' id='word_1_1263' title='bbox 2319 3022 2390 3054; x_wconf 90' lang='lat' dir='ltr'>finis</span> <span class='ocrx_word' id='word_1_1264' title='bbox 2413 3030 2518 3054; x_wconf 84' lang='lat' dir='ltr'>tamen</span> 
     </span>
     <span class='ocr_line' id='line_1_153' title="bbox 1458 3067 2518 3110; baseline -0.004 -9"><span class='ocrx_word' id='word_1_1265' title='bbox 1458 3071 1595 3102; x_wconf 87' lang='lat' dir='ltr'>iustitiae</span> <span class='ocrx_word' id='word_1_1266' title='bbox 1617 3069 1762 3110; x_wconf 85' lang='lat' dir='ltr'>publicae</span> <span class='ocrx_word' id='word_1_1267' title='bbox 1785 3069 1944 3100; x_wconf 85' lang='lat' dir='ltr'>humanae</span> <span class='ocrx_word' id='word_1_1268' title='bbox 1968 3075 2014 3099; x_wconf 90' lang='lat' dir='ltr'>est</span> <span class='ocrx_word' id='word_1_1269' title='bbox 2028 3068 2157 3098; x_wconf 88' lang='lat' dir='ltr'>reddere</span> <span class='ocrx_word' id='word_1_1270' title='bbox 2171 3067 2344 3108; x_wconf 88' lang='lat' dir='ltr'>unicuique</span> <span class='ocrx_word' id='word_1_1271' title='bbox 2358 3067 2408 3098; x_wconf 86' lang='lat' dir='ltr'>ius</span> <span class='ocrx_word' id='word_1_1272' title='bbox 2423 3075 2518 3098; x_wconf 79' lang='lat' dir='ltr'>suum</span> 
     </span>
     <span class='ocr_line' id='line_1_154' title="bbox 1458 3110 2519 3154; baseline -0.004 -9"><span class='ocrx_word' id='word_1_1273' title='bbox 1458 3125 1525 3146; x_wconf 92' lang='lat' dir='ltr'>non</span> <span class='ocrx_word' id='word_1_1274' title='bbox 1549 3113 1747 3154; x_wconf 89' lang='lat' dir='ltr'>simpliciter,</span> <span class='ocrx_word' id='word_1_1275' title='bbox 1771 3113 1827 3143; x_wconf 90' lang='lat' dir='ltr'>sed</span> <span class='ocrx_word' id='word_1_1276' title='bbox 1849 3119 2006 3153; x_wconf 86' lang='lat' dir='ltr'>quantum</span> <span class='ocrx_word' id='word_1_1277' title='bbox 2029 3119 2168 3152; x_wconf 88' lang='lat' dir='ltr'>potestas</span> <span class='ocrx_word' id='word_1_1278' title='bbox 2190 3119 2222 3143; x_wconf 88' lang='lat' dir='ltr'>et</span> <span class='ocrx_word' id='word_1_1279' title='bbox 2243 3111 2372 3142; x_wconf 87' lang='lat' dir='ltr'>scientia</span> <span class='ocrx_word' id='word_1_1280' title='bbox 2394 3110 2519 3151; x_wconf 84' lang='lat' dir='ltr'>publica</span> 
     </span>
    </p>
   </div>
   <div class='ocr_carea' id='block_1_54' title="bbox 1459 3208 2520 3418">
    <p class='ocr_par' dir='ltr' id='par_1_60' title="bbox 1459 3208 1623 3233">
     <span class='ocr_line' id='line_1_155' title="bbox 1459 3208 1623 3233; baseline -0.006 0"><span class='ocrx_word' id='word_1_1281' title='bbox 1459 3212 1546 3233; x_wconf 84' lang='lat' dir='ltr'>mine</span> <span class='ocrx_word' id='word_1_1282' title='bbox 1569 3208 1623 3233; x_wconf 82' lang='lat' dir='ltr'>est.</span> 
     </span>
    </p>

    <p class='ocr_par' dir='ltr' id='par_1_61' title="bbox 1459 3241 2520 3418">
     <span class='ocr_line' id='line_1_156' title="bbox 1515 3241 2520 3285; baseline -0.004 -9"><span class='ocrx_word' id='word_1_1283' title='bbox 1515 3246 1566 3276; x_wconf 90' lang='lat' dir='ltr'>Ad</span> <span class='ocrx_word' id='word_1_1284' title='bbox 1589 3245 1864 3276; x_wconf 88' lang='lat' dir='ltr'>confirmationem</span> <span class='ocrx_word' id='word_1_1285' title='bbox 1887 3245 1926 3275; x_wconf 91' lang='lat' dir='ltr'>de</span> <span class='ocrx_word' id='word_1_1286' title='bbox 1949 3244 2100 3285; x_wconf 86' lang='lat' dir='ltr'>epieikeia</span> <span class='ocrx_word' id='word_1_1287' title='bbox 2123 3244 2236 3276; x_wconf 86' lang='lat' dir='ltr'>dicitur</span> <span class='ocrx_word' id='word_1_1288' title='bbox 2259 3244 2348 3285; x_wconf 85' lang='lat' dir='ltr'>quod</span> <span class='ocrx_word' id='word_1_1289' title='bbox 2370 3241 2520 3284; x_wconf 83' lang='lat' dir='ltr'>epieikeia</span> 
     </span>
     <span class='ocr_line' id='line_1_157' title="bbox 1459 3286 2519 3330; baseline -0.004 -10"><span class='ocrx_word' id='word_1_1290' title='bbox 1459 3291 1492 3321; x_wconf 92' lang='lat' dir='ltr'>in</span> <span class='ocrx_word' id='word_1_1291' title='bbox 1516 3300 1652 3330; x_wconf 89' lang='lat' dir='ltr'>persona</span> <span class='ocrx_word' id='word_1_1292' title='bbox 1674 3289 1801 3330; x_wconf 86' lang='lat' dir='ltr'>publica</span> <span class='ocrx_word' id='word_1_1293' title='bbox 1820 3298 1886 3319; x_wconf 90' lang='lat' dir='ltr'>non</span> <span class='ocrx_word' id='word_1_1294' title='bbox 1901 3288 2031 3319; x_wconf 91' lang='lat' dir='ltr'>inclinat</span> <span class='ocrx_word' id='word_1_1295' title='bbox 2047 3289 2087 3319; x_wconf 84' lang='lat' dir='ltr'>ad</span> <span class='ocrx_word' id='word_1_1296' title='bbox 2105 3288 2240 3329; x_wconf 84' lang='lat' dir='ltr'>privatas</span> <span class='ocrx_word' id='word_1_1297' title='bbox 2256 3287 2454 3328; x_wconf 82' lang='lat' dir='ltr'>operationes</span> <span class='ocrx_word' id='word_1_1298' title='bbox 2470 3286 2519 3316; x_wconf 90' lang='lat' dir='ltr'>vel</span> 
     </span>
     <span class='ocr_line' id='line_1_158' title="bbox 1461 3330 2520 3374; baseline -0.004 -10"><span class='ocrx_word' id='word_1_1299' title='bbox 1461 3334 1660 3370; x_wconf 89' lang='lat' dir='ltr'>omissiones,</span> <span class='ocrx_word' id='word_1_1300' title='bbox 1678 3334 1732 3364; x_wconf 90' lang='lat' dir='ltr'>sed</span> <span class='ocrx_word' id='word_1_1301' title='bbox 1757 3333 1796 3363; x_wconf 89' lang='lat' dir='ltr'>ad</span> <span class='ocrx_word' id='word_1_1302' title='bbox 1818 3333 2018 3374; x_wconf 87' lang='lat' dir='ltr'>operationes</span> <span class='ocrx_word' id='word_1_1303' title='bbox 2042 3340 2072 3364; x_wconf 91' lang='lat' dir='ltr'>et</span> <span class='ocrx_word' id='word_1_1304' title='bbox 2095 3333 2284 3363; x_wconf 87' lang='lat' dir='ltr'>omissiones</span> <span class='ocrx_word' id='word_1_1305' title='bbox 2299 3330 2520 3362; x_wconf 88' lang='lat' dir='ltr'>convenientes</span> 
     </span>
     <span class='ocr_line' id='line_1_159' title="bbox 1461 3373 2519 3418; baseline -0.004 -10"><span class='ocrx_word' id='word_1_1306' title='bbox 1461 3378 1572 3409; x_wconf 91' lang='lat' dir='ltr'>iudicis</span> <span class='ocrx_word' id='word_1_1307' title='bbox 1589 3377 1705 3408; x_wconf 88' lang='lat' dir='ltr'>officio.</span> <span class='ocrx_word' id='word_1_1308' title='bbox 1736 3378 1771 3408; x_wconf 88' lang='lat' dir='ltr'>In</span> <span class='ocrx_word' id='word_1_1309' title='bbox 1787 3377 1953 3417; x_wconf 91' lang='lat' dir='ltr'>proposito</span> <span class='ocrx_word' id='word_1_1310' title='bbox 1970 3384 2078 3408; x_wconf 86' lang='lat' dir='ltr'>autem</span> <span class='ocrx_word' id='word_1_1311' title='bbox 2101 3375 2293 3418; x_wconf 88' lang='lat' dir='ltr'>supponitur</span> <span class='ocrx_word' id='word_1_1312' title='bbox 2306 3375 2395 3416; x_wconf 90' lang='lat' dir='ltr'>quod</span> <span class='ocrx_word' id='word_1_1313' title='bbox 2411 3385 2448 3405; x_wconf 87' lang='lat' dir='ltr'>ex</span> <span class='ocrx_word' id='word_1_1314' title='bbox 2471 3373 2519 3404; x_wconf 89' lang='lat' dir='ltr'>of-</span> 
     </span>
    </p>
   </div>
   <div class='ocr_carea' id='block_1_55' title="bbox 1515 3506 2520 3551">
    <p class='ocr_par' dir='ltr' id='par_1_62' title="bbox 1515 3506 2520 3551">
     <span class='ocr_line' id='line_1_160' title="bbox 1515 3506 2520 3551; baseline -0.005 -10"><span class='ocrx_word' id='word_1_1315' title='bbox 1515 3511 1565 3541; x_wconf 87' lang='lat' dir='ltr'>Ad</span> <span class='ocrx_word' id='word_1_1316' title='bbox 1591 3516 1789 3551; x_wconf 84' lang='lat' dir='ltr'>postremum</span> <span class='ocrx_word' id='word_1_1317' title='bbox 1829 3510 1943 3541; x_wconf 88' lang='lat' dir='ltr'>dicitur</span> <span class='ocrx_word' id='word_1_1318' title='bbox 1971 3509 2059 3550; x_wconf 90' lang='lat' dir='ltr'>quod</span> <span class='ocrx_word' id='word_1_1319' title='bbox 2090 3509 2162 3539; x_wconf 88' lang='lat' dir='ltr'>licet</span> <span class='ocrx_word' id='word_1_1320' title='bbox 2191 3514 2285 3539; x_wconf 89' lang='lat' dir='ltr'>testes</span> <span class='ocrx_word' id='word_1_1321' title='bbox 2315 3507 2440 3538; x_wconf 82' lang='lat' dir='ltr'>veniant</span> <span class='ocrx_word' id='word_1_1322' title='bbox 2474 3506 2520 3536; x_wconf 86' lang='lat' dir='ltr'>in-</span> 
     </span>
    </p>
   </div>
   <div class='ocr_carea' id='block_1_56' title="bbox 1434 3550 2521 3595">
    <p class='ocr_par' dir='ltr' id='par_1_63' title="bbox 1434 3550 2521 3595">
     <span class='ocr_line' id='line_1_161' title="bbox 1434 3550 2521 3595; baseline -0.006 -9"><span class='ocrx_word' id='word_1_1323' title='bbox 1434 3571 1435 3574; x_wconf 60' lang='lat'><em>=</em></span> <span class='ocrx_word' id='word_1_1324' title='bbox 1461 3555 1612 3586; x_wconf 89' lang='lat' dir='ltr'>trinsecus</span> <span class='ocrx_word' id='word_1_1325' title='bbox 1628 3562 1663 3585; x_wconf 94' lang='lat' dir='ltr'>ut</span> <span class='ocrx_word' id='word_1_1326' title='bbox 1686 3554 1763 3595; x_wconf 87' lang='lat' dir='ltr'>lupi,</span> <span class='ocrx_word' id='word_1_1327' title='bbox 1789 3554 1881 3585; x_wconf 88' lang='lat' dir='ltr'>iudex</span> <span class='ocrx_word' id='word_1_1328' title='bbox 1904 3561 2009 3584; x_wconf 89' lang='lat' dir='ltr'>tamen</span> <span class='ocrx_word' id='word_1_1329' title='bbox 2026 3562 2090 3583; x_wconf 90' lang='lat' dir='ltr'>non</span> <span class='ocrx_word' id='word_1_1330' title='bbox 2108 3559 2153 3582; x_wconf 90' lang='lat' dir='ltr'>est</span> <span class='ocrx_word' id='word_1_1331' title='bbox 2172 3551 2313 3582; x_wconf 90' lang='lat' dir='ltr'>minister</span> <span class='ocrx_word' id='word_1_1332' title='bbox 2328 3561 2449 3586; x_wconf 90' lang='lat' dir='ltr'>eorum,</span> <span class='ocrx_word' id='word_1_1333' title='bbox 2467 3550 2521 3580; x_wconf 91' lang='lat' dir='ltr'>sed</span> 
     </span>
    </p>
   </div>
   <div class='ocr_carea' id='block_1_57' title="bbox 2537 389 2738 417">
    <p class='ocr_par' dir='ltr' id='par_1_64' title="bbox 2537 389 2738 417">
     <span class='ocr_line' id='line_1_162' title="bbox 2537 389 2738 417; baseline -0.005 -6"><span class='ocrx_word' id='word_1_1334' title='bbox 2537 390 2549 401; x_wconf 74' lang='lat'>⁸</span> <span class='ocrx_word' id='word_1_1335' title='bbox 2558 390 2614 417; x_wconf 77' lang='lat' dir='ltr'>Arg.</span> <span class='ocrx_word' id='word_1_1336' title='bbox 2624 389 2672 411; x_wconf 78' lang='lat' dir='ltr'>Sed</span> <span class='ocrx_word' id='word_1_1337' title='bbox 2678 392 2738 410; x_wconf 84' lang='lat' dir='ltr'>cont.</span> 
     </span>
    </p>
   </div>
   <div class='ocr_carea' id='block_1_58' title="bbox 2539 481 2662 503">
    <p class='ocr_par' dir='ltr' id='par_1_65' title="bbox 2539 481 2662 503">
     <span class='ocr_line' id='line_1_163' title="bbox 2539 481 2662 503; baseline -0.016 1"><span class='ocrx_word' id='word_1_1338' title='bbox 2539 483 2548 493; x_wconf 80' lang='lat'>⁸</span> <span class='ocrx_word' id='word_1_1339' title='bbox 2562 481 2632 503; x_wconf 81' lang='lat' dir='ltr'>Num.</span> <span class='ocrx_word' id='word_1_1340' title='bbox 2647 488 2662 502; x_wconf 76' lang='grc' dir='ltr'>ι,</span> 
     </span>
    </p>
   </div>
   <div class='ocr_carea' id='block_1_59' title="bbox 2540 1139 2750 1219">
    <p class='ocr_par' dir='ltr' id='par_1_66' title="bbox 2540 1139 2750 1219">
     <span class='ocr_line' id='line_1_164' title="bbox 2540 1139 2749 1165; baseline -0.01 -3"><span class='ocrx_word' id='word_1_1341' title='bbox 2540 1139 2549 1149; x_wconf 79' lang='grc'><em>“</em></span> <span class='ocrx_word' id='word_1_1342' title='bbox 2559 1139 2629 1161; x_wconf 71' lang='lat' dir='ltr'>Dent.</span> <span class='ocrx_word' id='word_1_1343' title='bbox 2639 1145 2664 1161; x_wconf 76' lang='lat' dir='ltr'>ca</span> <span class='ocrx_word' id='word_1_1344' title='bbox 2683 1155 2690 1161; x_wconf 91' lang='lat'>.</span> <span class='ocrx_word' id='word_1_1345' title='bbox 2698 1145 2749 1165; x_wconf 74' lang='lat' dir='ltr'>xix,</span> 
     </span>
     <span class='ocr_line' id='line_1_165' title="bbox 2540 1171 2651 1194; baseline 0.009 -8"><span class='ocrx_word' id='word_1_1346' title='bbox 2540 1171 2600 1188; x_wconf 75' lang='lat' dir='ltr'>vere.</span> <span class='ocrx_word' id='word_1_1347' title='bbox 2627 1171 2651 1194; x_wconf 66' lang='lat'>53</span> 
     </span>
     <span class='ocr_line' id='line_1_166' title="bbox 2540 1197 2750 1219; baseline 0.005 -6"><span class='ocrx_word' id='word_1_1348' title='bbox 2540 1197 2592 1219; x_wconf 81' lang='lat' dir='ltr'>cap.</span> <span class='ocrx_word' id='word_1_1349' title='bbox 2606 1197 2674 1218; x_wconf 80' lang='lat' dir='ltr'>xvm,</span> <span class='ocrx_word' id='word_1_1350' title='bbox 2689 1197 2750 1214; x_wconf 71' lang='lat' dir='ltr'>vern.</span> 
     </span>
    </p>
   </div>
   <div class='ocr_carea' id='block_1_60' title="bbox 2542 2101 2678 2167">
    <p class='ocr_par' dir='ltr' id='par_1_67' title="bbox 2542 2101 2678 2167">
     <span class='ocr_line' id='line_1_167' title="bbox 2542 2101 2678 2124; baseline -0.015 0"><span class='ocrx_word' id='word_1_1351' title='bbox 2542 2102 2553 2113; x_wconf 75' lang='lat'>⁸</span> <span class='ocrx_word' id='word_1_1352' title='bbox 2566 2101 2623 2124; x_wconf 81' lang='lat' dir='ltr'>Loe.</span> <span class='ocrx_word' id='word_1_1353' title='bbox 2638 2101 2678 2123; x_wconf 81' lang='lat' dir='ltr'>cit.</span> 
     </span>
     <span class='ocr_line' id='line_1_168' title="bbox 2544 2144 2673 2167; baseline -0.008 0"><span class='ocrx_word' id='word_1_1354' title='bbox 2544 2147 2552 2155; x_wconf 92' lang='grc'><em>·</em></span> <span class='ocrx_word' id='word_1_1355' title='bbox 2566 2145 2635 2167; x_wconf 71' lang='lat' dir='ltr'>Vera,</span> <span class='ocrx_word' id='word_1_1356' title='bbox 2649 2144 2673 2166; x_wconf 87' lang='lat'>⁶.</span> 
     </span>
    </p>
   </div>
  </div>
 </body>
</html>
