2860 4244
43 485 254 538 stafffptt-‚Cttff

155 551 164 554 -
194 538 256 560 Inter

45 566 107 594 Opp.
122 565 242 593 chrysost.

43 539 124 561 XLIV.

50 2020 63 2032 ·
76 2021 128 2043 Art.
143 2019 250 2049 praeced.

52 2180 64 2192 ’
86 2180 134 2208 Qu·
162 2185 264 2206 cxxxix,

52 2206 210 2235 nrt-7,nd3.

17 2858 20 2861 ’
57 2853 205 2877 ⁴comment.
214 2860 238 2876 n.
246 2860 268 2876 vi

13 2911 15 2915 Α
57 2885 120 2934 2⁹33
133 2906 270 2929 ..mam

57 2933 95 2957 Cf.
110 2937 160 2956 not.
174 2941 194 2958 ι.

927 297 1194 344 QUAESTIO
1224 297 1398 344 XCVIII,
1427 295 1723 332 ARTICULUS
1754 296 1802 331 111

281 380 352 415 hoc
377 383 465 414 sunt
490 383 668 426 tanquam
691 389 766 425 pro
790 376 942 413 mortali
968 376 1124 412 crimine
1146 376 1337 423 puniendi.
1368 380 1369 383 ’

283 432 373 468 Non
394 442 483 478 ergo
507 443 622 467 omne
642 429 847 478 periurium
868 437 922 466 est
941 435 1139 477 peccatum
1169 429 1339 464 mortale.
1368 424 1369 427 ¹

337 495 371 520 2.
393 484 634 529 PRAETEREA,
665 483 759 519 sicut
779 483 1075 530 Chrysostomus
1105 480 1193 517 dicit
1211 481 1242 527 ²¹⁸,
1263 493 1342 518 ma·
1369 480 1370 525 l

284 537 340 572 ius
368 542 422 572 est
448 536 577 572 iurare
597 547 671 583 per
698 537 822 572 Deum
851 546 964 583 quam
987 546 1060 582 per
1077 534 1342 582 Evangelium.
1369 530 1371 587 ᾗ

285 590 361 626 Sed
395 601 473 625 non
509 601 660 637 semper
688 588 893 624 mortaliter
920 594 1052 635 peccat
1088 586 1146 622 ille
1185 586 1248 634 qui
1277 599 1345 635 per

285 643 412 678 Deum
430 641 526 678 iurat
554 641 710 688 aliquod
737 641 894 677 falsum:
924 647 1016 688 puta
1035 639 1065 675 si
1095 651 1140 675 ex
1165 639 1263 686 ioco,
1282 640 1345 677 vel

286 707 330 731 ex
360 695 469 743 lapsu
491 694 652 741 linguae,
682 693 815 741 aliquis
843 692 904 729 tali
933 693 1146 729 iuramento
1175 692 1213 728 in
1242 705 1345 729 com·
1372 715 1373 743 ἦ

286 746 393 784 muni
425 758 602 784 sermone
629 753 766 782 utatur.
797 746 898 793 Ergo
923 757 993 782 nec
1013 745 1125 781 etiarn
1155 746 1184 781 si
1214 745 1346 794 aliquis

286 801 431 848 frangat
462 799 716 836 iuramentum
746 799 850 846 quod
879 798 1098 835 solemniter
1125 809 1193 846 per
1219 799 1347 835 Evan-

285 852 426 901 gelium
453 852 560 898 iurat,
591 863 744 900 semper
772 851 839 888 erit
865 859 1066 900 peccatum
1095 851 1266 888 mortale.
1374 881 1375 886 ,

341 906 375 942 3.
397 905 630 951 PRAETEREA,
648 904 859 941 secundum
876 904 958 942 iura
972 912 1126 953 propter
1140 903 1346 952 periurium
1374 902 1375 954 ζ

286 956 418 1006 aliquis
449 957 602 994 incurrit
631 957 843 995 infamiam:
873 965 914 994 ut
941 958 1101 994 habetur
1128 957 1196 1003 VI,
1226 968 1289 1003 qu.
1321 968 1347 1002 ι,
1374 960 1375 966 ’

287 1022 369 1059 cap.
397 1011 578 1059 Infames.
608 1011 700 1047 Non
728 1018 856 1047 autem
884 1011 1034 1048 videtur
1062 1009 1167 1058 quod
1193 1017 1348 1057 propter
1374 1021 1376 1029 ²

286 1063 483 1111 quodlibet
518 1063 728 1112 periurium
767 1063 901 1111 aliquis
938 1062 1134 1099 infamiam
1163 1062 1347 1098 incurrat:

287 1116 383 1153 sicut
411 1116 546 1153 dicitur
575 1117 621 1153 de
642 1116 842 1153 assertorio
872 1116 1085 1152 iuramento
1110 1113 1253 1151 violato
1282 1126 1351 1162 per
1376 1141 1378 1172 ν

287 1169 495 1218 periurium
514 1169 545 1206 ²¹³.
575 1170 677 1217 Ergo
696 1169 847 1206 videtur
866 1168 970 1216 quod
990 1180 1068 1204 non
1084 1179 1199 1204 omne
1227 1167 1350 1216 periu—

288 1222 386 1259 rium
416 1222 462 1259 sit
488 1230 688 1271 peccatum
717 1222 889 1258 mortale.

343 1276 417 1312 SED
445 1286 604 1321 CONTRA,
634 1287 750 1312 omne
778 1281 979 1323 peccatum
1008 1273 1112 1321 quod
1147 1271 1351 1309 contraria-

243 1363 247 1365 ,
285 1336 350 1365 tur
364 1328 589 1376 ›prae‘cepto
631 1327 761 1365 divino
806 1334 867 1380 est·
897 1333 1097 1376 peccatum
1132 1326 1290 1362 mortale
1318 1324 1349 1362 *.

290 1380 367 1418 Sed
394 1380 603 1430 periurium
624 1380 872 1418 contrariatur
889 1387 1093 1428 praecepto
1116 1379 1265 1416 divino:
1297 1378 1350 1415 di·
1377 1377 1378 1411 ἔ

289 1433 384 1470 citur
411 1434 515 1471 enim
543 1434 661 1471 Levit.
690 1446 750 1470 xlx
777 1433 818 1470 *t
853 1433 944 1470 Non
977 1432 1192 1480 periurabis
1220 1432 1256 1468 in
1286 1443 1351 1468 no-

289 1487 390 1524 mine
416 1499 512 1524 meo.
543 1487 644 1535 Ergo
675 1495 731 1524 est
757 1494 957 1535 peccatum
987 1486 1157 1522 mortale.

342 1540 569 1577 Responnsso
606 1551 790 1577 DiCENDuM
828 1539 945 1588 quod,
975 1538 1187 1575 secundum
1217 1536 1352 1574 doctri·
1377 1566 1378 1570 ,

289 1605 379 1630 nam
407 1593 631 1642 Philosophi
659 1592 694 1639 ²¹²,
717 1598 876 1641 propter
907 1591 1008 1640 quod
1043 1590 1351 1639 unumquodque,
1378 1615 1379 1620 ,

289 1645 382 1683 illud
407 1644 422 1676 β
450 1647 586 1696 magis.
613 1646 800 1683 Videmus
829 1652 955 1681 autem
981 1644 1087 1692 quod
1116 1656 1161 1680 ea
1189 1655 1301 1692 quae,
1322 1643 1352 1679 si

290 1699 338 1736 de
366 1711 406 1736 se
435 1699 509 1736 sint
535 1703 551 1727 Υ
579 1707 736 1748 peccata
762 1697 937 1744 venialia,
958 1698 1020 1734 vel
1041 1697 1153 1734 etiam
1177 1697 1279 1733 bona
1309 1707 1352 1732 ex

289 1764 439 1800 genere,
469 1752 499 1789 si
519 1753 557 1789 in
577 1759 838 1800 contemptum
859 1751 932 1788 Dei
960 1751 1064 1796 fiant,
1086 1757 1172 1787 sunt
1197 1756 1353 1798 peccata

240 1847 242 1851 .
290 1805 475 1842 mortalia.
495 1805 607 1843 Unde
626 1805 746 1842 multo
762 1804 882 1852 magis
902 1803 1088 1853 quidquid
1105 1811 1158 1840 est
1178 1802 1283 1851 quod
1304 1802 1351 1838 de

291 1857 348 1896 sui
368 1858 513 1895 ratione
541 1858 702 1907 pertinet
722 1858 770 1895 ad
800 1865 1062 1905 contemptum
1086 1856 1169 1902 Dei,
1192 1862 1248 1892 est
1266 1867 1353 1904 pec-

292 1918 419 1949 catum
448 1912 620 1949 mortale.
649 1910 864 1948 Periurium
893 1918 1022 1947 autem
1048 1910 1094 1946 de
1124 1908 1180 1946 sui
1210 1909 1354 1945 ratione

290 1964 471 2014 importat
491 1972 753 2013 contemptum
769 1964 859 2001 Dei:
881 1976 927 2000 ex
946 1964 1021 2000 hoc
1042 1963 1145 1999 enim
1160 1962 1276 1999 habet
1295 1974 1352 1998 ra-

291 2016 436 2055 tionem
466 2018 612 2066 culpae,
641 2025 683 2054 ut
714 2017 856 2054 dictum
886 2023 942 2053 est
961 2017 993 2063 ³¹⁸,
1020 2016 1110 2064 quia
1138 2015 1187 2052 ad
1214 2015 1355 2052 irreve-
1381 2042 1382 2048 1

292 2070 451 2108 rentiam
471 2070 544 2108 Dei
563 2070 735 2120 pertinet.
764 2070 876 2108 Unde
905 2069 1147 2106 manifestum
1174 2076 1230 2105 est
1249 2069 1354 2117 quod

291 2123 500 2173 periurium
521 2136 567 2160 ex
595 2136 665 2161 suo
684 2135 823 2172 genere
842 2121 855 2145 ⁶
884 2130 939 2160 est
961 2130 1162 2171 peccatum
1182 2122 1354 2158 mortale.

345 2179 403 2214 An
431 2189 568 2214 PRIMUM
598 2188 696 2214 ERGO
724 2188 909 2214 DICENDUM
938 2175 1054 2224 quod,
1077 2175 1172 2212 sicut
1197 2187 1311 2224 supra
1335 2173 1355 2195 ’¹‘

293 2229 436 2267 dictum
465 2238 540 2276 est,
571 2229 716 2266 coactio
756 2243 831 2267 non
870 2230 990 2266 aufert
1027 2228 1240 2265 iuramento
1270 2240 1356 2275 pro-

293 2282 469 2320 missorio
489 2283 568 2319 vim
599 2282 790 2330 obligandi
820 2290 993 2331 respectu
1019 2282 1098 2318 eius
1127 2281 1231 2330 quod
1259 2280 1356 2317 licite

292 2336 375 2373 fieri
403 2344 538 2385 potest.
574 2337 623 2373 Et
642 2335 729 2373 ideo
758 2336 787 2372 si
817 2335 951 2384 aliquis
971 2347 1048 2372 non
1077 2335 1234 2383 impleat
1252 2335 1356 2382 quod

346 2464 371 2499 β)
391 2465 467 2491 illud.
478 2479 497 2484 -
514 2469 541 2490 et
559 2465 627 2490 illud
645 2466 769 2496 CEILsK,
788 2467 842 2491 tale
861 2467 928 2491 illud
947 2467 1035 2491 PFsA.

345 2501 372 2534 γ)
391 2501 415 2525 si
433 2501 466 2526 de
483 2507 511 2526 se
528 2501 592 2526 sint.
605 2514 624 2519 -
642 2501 675 2526 de
693 2501 743 2532 (ex
760 2502 810 2534 Pa)
828 2509 856 2526 se
873 2505 936 2527 sunt
954 2502 1072 2527 PDGIsK
1092 2506 1117 2526 et
1135 2509 1162 2526 a.

345 2535 370 2569 ὃ)
389 2543 438 2561 suo
455 2543 562 2569 genere.
573 2550 593 2555 -
609 2537 653 2561 sui
670 2536 776 2561 ratione
794 2537 841 2561 Pa.

346 2573 369 2604 ε)
388 2572 530 2606 infligitur.
541 2585 559 2590 -
578 2571 667 2596 Hicin
680 2572 893 2597 ABCEFGHILa
912 2573 1029 2605 sequitur
1043 2573 1138 2603 somtio
1152 2572 1183 2596 ad
1197 2571 1301 2596 tertium
1316 2578 1357 2595 ar-
1382 2565 1384 2610 ξ

1382 2612 1385 2626 1

1377 1273 1544 1314 ¹habere
1582 1271 1830 1308 intentionem
1867 1272 2030 1309 iurandi:

1404 1325 1557 1374 periurii
1587 1332 1795 1361 excusatur.

2380 295 2452 340 345

1398 382 1551 411 coactus
1581 374 1728 419 iuravit,
1750 373 1998 409 nihilominus
2027 373 2232 422 periurium
2252 374 2403 411 incurrit
2424 385 2459 412 et

1398 427 1603 464 mortaliter
1635 434 1778 475 peccat.
1822 427 1951 463 Potest
1988 435 2117 463 tamen
2156 439 2224 475 per
2259 429 2456 464 auctorita—

1397 489 1474 517 tem
1514 479 1664 516 Summi
1692 479 1887 516 pontificis
1916 481 1964 516 ab
1993 479 2221 527 obligatione
2260 481 2459 518 iuramenti

1399 534 1545 569 absolvi
1564 533 1603 568 *τ
1634 532 1855 581 praesertim
1885 533 1915 569 si
1944 541 2096 569 coactus
2126 533 2234 570 fuerit
2263 534 2326 570 tali
2355 543 2459 571 metu

1399 585 1463 634 qui
1501 585 1635 621 cadere
1666 591 1791 632 posset
1825 586 1861 622 in
1900 591 2127 622 constantem
2165 587 2303 623 virum.
2343 588 2459 634 Quod

1400 646 1527 675 autem
1559 638 1691 674 dicitur
1720 639 1824 686 quod
1844 651 1921 675 non
1942 647 2028 675 sunt
2055 639 2147 676 tales
2171 639 2353 688 puniendi
2381 649 2460 677 tan-

1401 703 1516 740 quam
1544 703 1615 738 pro
1646 691 1793 727 mortali
1815 691 1981 738 crimine,
2011 704 2089 728 non
2117 693 2191 729 hoc
2211 692 2297 729 ideo
2328 693 2461 730 dicitur

1373 793 1374 796 Ἰ
1401 743 1490 792 quia
1519 755 1596 780 non
1626 752 1783 791 peccent
1803 744 2029 781 mortaliter:
2060 746 2125 782 sed
2155 745 2243 794 quia
2263 758 2388 795 poena
2409 747 2460 783 eis

1402 796 1527 833 minor
1555 795 1732 843 infligitur
1752 801 1775 832 ὓ.

1454 851 1514 885 An
1551 860 1740 885 SECUNDUM
1778 861 1961 886 meantum
1997 851 2101 897 quod
2138 850 2198 887 ille
2236 852 2299 900 qui
2333 852 2462 889 iocose

1401 901 1584 950 periurat,
1616 913 1692 937 non
1723 901 1836 938 evitat
1865 902 2032 939 divinam
2063 903 2364 951 irreverentiam,
2395 907 2462 942 sed

1402 962 1588 1003 quantum
1628 954 1675 990 ad
1704 954 1843 1002 aliquid
1880 955 1998 1002 magis
2036 964 2157 1003 auget.
2186 958 2235 993 Et
2263 958 2348 994 ideo
2386 971 2463 995 non

1404 1015 1601 1044 excusatur
1630 1019 1651 1043 a
1680 1015 1836 1054 peccato
1858 1009 2016 1044 mortali.
2048 1029 2071 1035 -
2102 1010 2165 1045 Ille
2185 1018 2313 1047 autem
2333 1012 2396 1058 qui
2418 1024 2463 1048 ex

1375 1101 1377 1105 ¹
1403 1061 1511 1108 lapsu
1540 1060 1687 1107 linguae
1725 1060 1859 1096 falsum
1894 1060 2009 1106 iurat,
2041 1062 2070 1097 si
2100 1062 2253 1110 quidem
2293 1064 2464 1101 advertat

1404 1125 1443 1150 se
1473 1113 1594 1150 iurare
1625 1120 1660 1148 et
1687 1113 1822 1149 falsum
1853 1125 1935 1149 esse
1965 1114 2067 1161 quod
2099 1115 2210 1161 iurat,
2243 1129 2320 1153 non
2355 1130 2464 1153 excu-

1376 1181 1377 1206 ῐ
1404 1173 1506 1203 satur
1534 1179 1556 1202 a
1587 1173 1744 1214 peccato
1784 1166 1952 1211 mortali,
1991 1166 2085 1203 sicut
2120 1180 2190 1204 nec
2218 1181 2239 1204 a
2268 1170 2338 1205 Dei
2377 1183 2466 1206 con-

1403 1227 1562 1268 temptu.
1593 1218 1632 1255 Si
1652 1226 1778 1255 autern
1808 1219 1883 1255 hoc
1903 1231 1980 1256 non
2010 1219 2190 1267 advertat,
2221 1234 2299 1258 non
2317 1222 2466 1259 videtur

2071 1281 2107 1310 et
2134 1274 2220 1310 ideo
2250 1287 2271 1311 a
2309 1276 2465 1312 crimine

1458 1380 1526 1415 Est
1562 1386 1690 1414 autem
1719 1376 1731 1402 t
1768 1377 1918 1425 gravius
1951 1387 2151 1426 peccatum
2185 1380 2214 1416 si
2252 1381 2335 1429 quis
2370 1383 2467 1418 sole-

1377 1465 1378 1469 ,
1405 1431 1543 1468 mniter
1569 1431 1664 1467 iuret
1683 1442 1751 1478 per
1779 1431 2030 1478 Evangelium
2058 1444 2172 1480 quam
2202 1433 2232 1469 si
2251 1446 2320 1482 per
2338 1435 2466 1472 Deum

1376 1503 1379 1524 ι
1404 1484 1443 1521 in
1472 1483 1669 1521 communi
1698 1495 1875 1519 sermone
1903 1483 2018 1522 iuret:
2058 1493 2138 1522 tum
2166 1494 2322 1535 propter
2359 1500 2466 1525 scan-

1406 1537 1557 1581 dalum;
1600 1545 1680 1573 tum
1722 1543 1876 1584 propter
1917 1537 2102 1574 maiorem
2142 1539 2465 1578 deliberationem.

1407 1590 1556 1637 Quibus
1585 1589 1791 1637 aequaliter
1810 1589 1898 1625 hinc
1926 1589 2012 1626 inde
2040 1591 2171 1638 positis
2192 1598 2222 1638 η,
2242 1594 2392 1640 gravius
2413 1602 2468 1631 est

1406 1643 1436 1680 si
1466 1643 1548 1691 quis
1577 1654 1645 1690 per
1673 1643 1800 1678 Deum
1829 1642 1957 1678 iurans
1984 1644 2149 1691 periuret
2176 1658 2291 1693 quam
2328 1647 2357 1683 si
2386 1659 2468 1695 per-

1378 1724 1379 1742 ]
1405 1696 1502 1733 iuret
1529 1696 1656 1732 iurans
1683 1707 1752 1743 per
1779 1695 2045 1742 Evangelium.

1459 1751 1516 1785 AD
1545 1760 1704 1785 TERTmM
1734 1759 1918 1785 DICENDUM
1948 1749 2052 1796 quod
2073 1762 2150 1786 non
2170 1759 2324 1799 propter
2349 1755 2468 1801 quod-

1379 1802 1495 1839 ¹libet
1524 1809 1723 1850 peccatum
1759 1802 1917 1837 mortale
1951 1802 2084 1849 aIIquis
2122 1803 2272 1840 infamis
2311 1805 2470 1843 efficitur

1406 1855 1489 1904 ipso
1519 1855 1610 1891 iure.
1650 1855 1760 1891 Unde
1791 1866 1868 1890 non
1906 1855 2095 1902 sequitur,
2126 1857 2156 1893 si
2185 1857 2244 1893 ille
2274 1858 2337 1906 qui
2375 1859 2471 1896 iurat

1380 1948 1381 1952 ,
1408 1909 1544 1945 falsum
1573 1908 1786 1944 iuramento
1808 1908 2008 1944 assertorio
2030 1921 2106 1945 non
2137 1917 2191 1946 est
2219 1910 2367 1948 infamis
2386 1913 2469 1961 ipso

1380 1999 1382 2003 ,
1408 1962 1508 2008 iure,
1539 1961 1606 1998 sed
1636 1961 1759 1996 solum
1798 1972 1866 2007 per
1893 1962 2117 1998 sententiam
2156 1963 2390 2002 definitivam
2419 1967 2470 2002 la-

1408 2023 1486 2052 tam
1517 2022 1647 2051 contra
1685 2025 1773 2049 eum
1802 2013 1840 2049 in
1878 2026 1992 2050 causa
2029 2016 2277 2053 accusationis
2305 2015 2335 2064 θ,
2366 2020 2469 2065 quod

1408 2075 1563 2117 propter
1591 2068 1665 2103 hoc
1693 2078 1770 2102 non
1799 2074 1931 2114 peccet
1959 2069 2174 2105 mortaliter.
2215 2070 2305 2106 Ideo
2344 2080 2471 2108 autem

1409 2121 1528 2169 magis
1558 2127 1752 2168 reputatur
1779 2119 1928 2156 infamis
1957 2120 2040 2168 ipso
2070 2122 2150 2158 iure
2170 2123 2232 2171 qui
2264 2124 2397 2171 frangit
2417 2125 2471 2161 iu-

1410 2182 1624 2211 ramentum
1646 2172 1937 2221 promissorium
1964 2174 2183 2212 solemniter
2201 2177 2355 2224 factum,
2386 2178 2472 2225 quia

1411 2228 1448 2264 in
1479 2228 1557 2278 eius
1586 2233 1770 2274 potestate
1800 2234 1988 2271 remanet,
2018 2236 2220 2276 postquam
2250 2229 2403 2273 iuravit,
2433 2239 2474 2268 ut

1411 2282 1474 2318 det
1503 2293 1571 2317 suo
1603 2281 1815 2315 iuramento
1844 2279 2064 2317 veritatem:
2095 2282 2198 2329 quod
2223 2295 2300 2319 non
2330 2284 2474 2321 contin-

1384 2376 1386 2381 ·
1410 2334 1460 2381 git
1489 2334 1527 2370 in
1555 2333 1768 2369 iuramento
1799 2333 2012 2369 assertorio.

1383 2471 1384 2484 1
1411 2471 1578 2497 gumentum;
1598 2468 1684 2493 HsCG
1704 2474 1729 2493 et
1747 2477 1764 2494 a
1782 2469 1905 2494 ordinalia
1919 2460 2072 2500 mutanth
2091 2468 2130 2492 bis
2145 2468 2207 2500 legit
2225 2468 2269 2493 Ad
2286 2469 2394 2493 tertium
2401 2477 2410 2499 ,⁴
2428 2478 2475 2502 pro

1382 2519 1384 2539 3
1409 2501 1453 2526 Ad
1471 2502 1590 2531 tertium,
1609 2503 1653 2528 Ad
1671 2506 1815 2530 secundum
1835 2504 1884 2537 pK-

1462 2535 1487 2567 ζ)
1507 2540 1605 2562 autem.
1617 2551 1636 2558 —
1654 2546 1719 2572 ergo
1740 2540 1786 2564 Pa.

1463 2572 1490 2603 η)
1506 2573 1611 2604 positis.
1624 2588 1643 2593 —
1658 2576 1780 2606 pensatis
1798 2575 1826 2599 P.

1463 2605 1487 2639 θ)
1507 2614 1589 2632 causa
1607 2611 1795 2636 accusationis.
1806 2625 1828 2630 —
1845 2610 2014 2636 accusatione
2033 2610 2080 2635 Pa.

963 2685 1298 2719 Commenta-ta
1320 2683 1573 2718 Oardinalis
1596 2687 1797 2720 Caietani

299 2773 346 2836 IN
369 2762 502 2794 articulo
526 2763 636 2798 tertio,
660 2764 693 2794 in
716 2765 923 2804 responsione
942 2765 983 2795 ad
1006 2765 1163 2805 primum,
1188 2771 1269 2795 esset
1296 2771 1357 2794 tra·
1384 2762 1386 2800 Ι

328 2807 439 2838 ctanda
458 2807 602 2848 quaestio
619 2808 658 2838 de
673 2808 852 2839 iuramento
869 2816 991 2845 coacto,
1015 2809 1075 2839 nisi
1097 2816 1225 2839 tractata
1249 2808 1358 2839 fuisset

297 2852 441 2892 superius
464 2851 497 2881 in
521 2861 575 2892 qu.
592 2861 710 2888 Lxxxxx,
735 2859 792 2883 art.
808 2863 827 2894 7
843 2853 871 2883 *.

353 2896 388 2926 In
412 2895 619 2935 responsione
643 2896 682 2926 ad
713 2896 842 2927 tertium
863 2896 881 2915 *
903 2896 1039 2933 ibidem,
1064 2903 1140 2927 nota
1170 2897 1258 2937 quod
1283 2906 1357 2927 eum

298 2940 354 2981 qui
378 2950 443 2970 non
468 2940 601 2970 advertit
623 2950 656 2970 se
679 2940 781 2970 iurare
805 2947 931 2971 excusat
952 2943 1074 2972 Auctor
1096 2951 1114 2970 a
1137 2941 1263 2971 mortali
1290 2947 1358 2971 tan-

298 2994 396 3025 quam
424 2994 490 3014 non
513 2990 708 3014 exercentem
731 2984 947 3015 iuramentum
974 2991 1010 3015 ut
1032 2991 1139 3015 actum
1168 2985 1357 3016 humanum.

298 3029 359 3060 Sed
381 3028 407 3058 si
422 3028 494 3069 quis
518 3034 647 3068 propter
663 3028 849 3059 continuam
863 3029 988 3059 iurandi
1003 3029 1277 3063 consuetudinem.
1294 3036 1359 3060 tam

298 3083 370 3116 yere
393 3083 491 3113 quam
515 3072 604 3107 falso,
628 3072 660 3102 in
685 3072 849 3103 communi
864 3072 1036 3110 locutione,
1053 3083 1119 3104 non
1136 3073 1276 3110 advertit,
1293 3084 1359 3104 non

445 3651 554 3677 Surum:
572 3652 673 3677 Tnaor..
693 3651 723 3676 D.
733 3651 847 3676 Tnoma
866 3651 897 3676 Τ.
914 3652 956 3676 VI.

1413 2773 1578 2796 excusatur
1601 2777 1618 2796 a
1642 2767 1778 2798 mortali.
1803 2766 1966 2805 Quoniam
1985 2766 2209 2796 inadvertentia
2233 2776 2382 2796 excusans
2407 2776 2475 2805 per·

1412 2809 1531 2840 iurium
1555 2818 1682 2850 oportet
1705 2812 1794 2851 quod
1818 2812 1857 2842 sit
1885 2821 1978 2841 causa
2003 2810 2140 2850 periurii,
2163 2810 2226 2840 hoc
2250 2817 2305 2846 est,
2335 2811 2425 2850 quod
2448 2810 2474 2840 si

1413 2854 1585 2885 adverteret
1608 2865 1640 2884 se
1664 2855 1832 2895 periurare,
1857 2865 1923 2885 non
1946 2855 2133 2894 periuraret:
2159 2854 2191 2884 in
2215 2854 2280 2884 istis
2300 2862 2406 2884 autem
2431 2854 2475 2884 sic

1414 2898 1544 2928 assuetis
1572 2905 1607 2929 ut
1631 2899 1750 2929 dictum
1768 2906 1822 2935 est,
1848 2898 2072 2929 inadvertentia
2095 2908 2160 2928 non
2185 2906 2231 2928 est
2255 2908 2347 2928 causa
2371 2898 2474 2937 periu-

1413 2942 1464 2978 rii,
1490 2943 1544 2972 sed
1568 2943 1675 2973 solum
1699 2943 1915 2973 concomitans
1940 2942 2132 2982 periurium,
2158 2942 2235 2972 nihil
2258 2942 2344 2972 enim
2369 2942 2474 2972 minus

1413 2986 1584 3026 periuraret
1608 2986 1633 3016 si
1657 2988 1846 3023 adverteret;
1876 2987 2093 3017 concomitans
2116 2993 2224 3016 autem
2247 2986 2473 3016 inadvertentia

1414 3040 1480 3060 non
1503 3038 1638 3067 excusat,
1655 3031 1735 3062 sicut
1758 3041 1816 3062 nec
1838 3031 2028 3072 ignorantia,
2054 3038 2089 3061 ut
2112 3037 2197 3070 patet
2221 3041 2257 3061 ex
2282 3031 2322 3060 III
2339 3031 2442 3061 Ethic.
2459 3030 2476 3049 *
2503 3018 2587 3066 sfh'ffl

2488 537 2498 547 ⁸
2512 536 2540 557 D.
2556 541 2610 564 799.

2598 3024 2614 3043 1,
2626 3023 2648 3039 n.
2662 3023 2694 3043 ¹4·
2704 3029 2713 3033 -

2607 3044 2658 3065 lect.
2680 3049 2714 3065 ιιι.
