2860 4244
63 2220 160 2243 'Nm
173 2226 200 2243 ιι.

66 2315 74 2323 ·
82 2313 119 2335 Cf.
129 2318 195 2335 uum.
202 2318 234 2340 vr,
242 2319 275 2336 tx.

30 2819 31 2822 Ἴ
51 2783 155 2816 χ’ναι
169 2800 191 2822 7.

65 2975 75 2986 ⁶
89 2973 157 2997 Vers.
171 2981 191 3003 7.

66 3195 77 3206 ⁵
89 3193 160 3224 Nun-t.
174 3201 200 3217 u.

1020 286 1287 332 QUAESTIO
1318 286 1368 334 C,
1398 285 1695 322 ARTICULUS
1726 285 1756 320 11

301 365 404 396 videat
429 366 468 396 de
492 365 596 401 calice,
621 366 718 402 altari,
742 366 881 396 vestibus
908 365 1010 401 sacris,
1035 371 1066 395 et
1088 364 1273 394 huiusmodi
1297 364 1363 394 sine
1390 363 1391 390 l

300 409 417 450 quibus
439 419 506 440 non
526 416 631 450 potest
653 410 822 446 celebrare;
853 410 895 440 ita
918 416 1023 449 potest
1045 409 1103 438 sub
1127 416 1220 448 pacto
1245 418 1363 448 ponere
1389 410 1391 446 j

1389 465 1391 494 ξ
1418 459 1520 482 cratus
1536 461 1602 481 non
1618 458 1723 491 potest
1739 450 1812 490 plus
1826 449 1920 480 vendi
1937 449 2058 480 ratione
2078 448 2339 484 consecrationis;
2364 456 2394 479 et
2409 448 2482 478 villa

1389 504 1390 512 ¹
1416 495 1534 526 habens
1550 495 1599 525 ius
1613 502 1797 535 patronatus
1814 504 1879 524 non
1891 501 1996 534 potest
2007 494 2079 534 plus
2095 493 2189 524 vendi
2205 493 2327 524 ratione
2338 493 2414 523 iuris
2427 503 2481 532 pa-

300 454 563 484 sustentationem
595 464 700 491 suam,
724 455 790 485 sine
818 464 882 494 qua
912 463 978 484 non
1002 459 1106 493 potest
1136 453 1167 482 in
1198 453 1362 483 sacerdotii

301 497 474 528 ministerio
498 498 660 529 deservire.
685 499 726 529 Et
740 499 772 529 in
795 498 858 529 hoc
881 498 967 528 nulla
982 497 1118 527 simonia
1142 497 1316 527 intervenit.

356 542 557 572 Advertenda
579 549 686 572 tamen
709 549 783 573 sunt
806 542 857 572 hic
880 542 956 572 duo.
986 541 1108 576 Primo,
1129 541 1217 581 quod
1241 548 1362 571 susten-

300 586 427 616 tationis
451 586 581 617 nomine
597 596 662 616 non
677 593 802 617 tantum
816 586 903 616 venit
918 586 1006 616 cibus
1021 592 1052 616 et
1065 591 1177 625 potus:
1202 585 1255 615 sed
1271 585 1362 626 quid·
1388 594 1390 600 ’

301 630 378 670 quid
402 636 448 660 est
471 630 680 661 necessarium
704 631 742 660 ad
762 631 881 661 victum
905 636 936 660 et
959 629 1107 660 vestitum
1131 629 1179 659 sui
1196 636 1226 659 et
1249 638 1360 660 eorum
1388 626 1390 663 ἱ

301 683 441 715 quorum
473 674 532 704 sibi
556 684 631 704 cura
653 674 818 705 incumbit.
850 675 924 704 Non
949 674 1034 704 enirn
1064 673 1156 703 debet
1185 673 1362 703 mendicare
1388 679 1390 715 ζ

301 719 446 748 sacerdos
469 727 528 758 pro
552 718 780 749 sustentatione
803 728 936 748 suorum
960 725 1015 748 aut
1031 724 1199 758 parentum
1215 717 1362 758 antiquo·
1388 721 1391 735 ³

301 771 384 800 rum,
409 768 464 792 aut
485 762 692 802 parvulorum
715 769 882 803 nepotum,
899 772 974 792 suae
994 772 1086 792 curae
1109 761 1285 792 secundum
1309 771 1362 791 na·
1389 763 1390 781 ³

301 813 389 836 turae
412 805 480 836 iura
503 805 698 844 relictorum,
721 813 752 836 et
774 806 970 837 huiusmodi.

356 849 514 886 Secundo,
538 851 627 890 quod
651 851 887 881 sustentationis
906 850 1097 891 stipendium
1115 849 1282 890 dupliciter
1304 859 1363 889 po-

300 899 361 924 test
375 894 536 924 obvenire.
561 894 679 931 Primo,
696 895 839 934 gratuite,
856 895 906 925 vel
929 905 966 925 ex
981 893 1165 925 auctoritate
1181 893 1362 933 superioris.

300 937 342 968 Et
364 937 408 968 sic
431 947 498 968 non
521 939 616 978 exigit
633 939 850 971 necessitatem
874 939 906 969 in
930 948 969 969 eo
992 938 1026 968 in
1049 939 1139 968 cuius
1163 937 1364 968 sustentatio-

268 1045 274 1056 ,
301 1026 379 1057 tanti
403 1026 535 1057 debetur
557 1027 734 1058 secundum
759 1028 827 1058 iura
850 1026 1032 1068 procuratio
1046 1026 1073 1056 *.
1098 1043 1119 1049 -
1141 1025 1215 1055 Alio
1246 1025 1363 1061 modo,

301 1080 339 1100 ex
362 1076 466 1111 pact0.
490 1071 532 1101 Et
554 1071 598 1102 sic
621 1081 687 1101 non
711 1071 771 1102 nisi
794 1071 926 1112 pauperi
949 1069 1100 1110 indigenti
1128 1068 1364 1099 sustentationis

302 1114 477 1155 stipendio,
501 1114 584 1146 licite
612 1116 779 1155 provenire
809 1122 923 1155 potest.
955 1114 1118 1151 Quoniam
1141 1113 1285 1143 sacerdos
1309 1113 1363 1143 ha-

302 1159 380 1189 bens
409 1159 495 1190 unde
523 1159 699 1190 secundum
729 1170 825 1190 suurn
849 1166 966 1190 statum
989 1158 1122 1188 honeste
1151 1158 1248 1193 vivat,
1278 1157 1303 1187 si
1327 1167 1364 1187 ex

302 1209 397 1243 pacto
426 1203 496 1234 vult
529 1203 724 1244 stipendium
757 1202 1011 1238 sustentationis,
1045 1201 1244 1232 convincitur
1275 1201 1364 1242 quod
1391 1223 1392 1230 1

301 1247 437 1278 mendax
460 1253 507 1277 est
536 1247 755 1278 conveniendo
779 1248 818 1278 de
842 1246 1000 1287 stipendio
1030 1253 1067 1276 ut
1095 1245 1272 1276 necessario
1298 1245 1364 1276 sine

301 1300 368 1332 quo
391 1300 468 1327 non
481 1298 587 1331 potest
609 1292 781 1322 commode
803 1291 837 1322 in
860 1290 1036 1322 sacerdotio
1056 1290 1185 1321 servire:
1210 1290 1364 1331 quoniam

263 1347 267 1348 ⁷
299 1334 370 1366 sirie
387 1329 449 1365 illo
471 1335 630 1376 stipendio
647 1342 752 1377 potest
774 1335 836 1366 hoc
852 1335 1023 1366 commode
1038 1334 1150 1365 facere.
1173 1335 1266 1365 Unde
1289 1344 1363 1365 con-

256 1379 257 1382 ’
299 1378 437 1410 vincitur
462 1380 553 1420 quod
581 1380 729 1411 convenit
757 1390 824 1410 non
855 1380 894 1410 de
923 1379 1080 1419 stipendio
1111 1378 1364 1414 sustentationis,

300 1422 357 1454 sed
386 1423 426 1454 de
454 1423 614 1465 stipendio
644 1434 815 1465 operarum
845 1432 991 1454 suarum:
1017 1424 1106 1464 quod
1136 1433 1176 1453 an
1199 1423 1306 1460 liceat,
1330 1423 1363 1453 in

300 1467 446 1508 sequenti
467 1468 649 1500 tractabitur
677 1468 775 1500 dubio
791 1468 818 1500 *.
844 1469 879 1499 In
904 1468 966 1498 hoc
990 1467 1147 1508 siquidem
1177 1467 1282 1508 primo
1306 1467 1364 1498 du-

299 1511 354 1543 bio
377 1512 417 1542 de
439 1513 510 1543 solo
533 1512 690 1553 stipendio
714 1512 949 1544 sustentationis
972 1518 1019 1542 est
1041 1521 1157 1542 sermo.

356 1556 407 1586 Ad
423 1555 547 1588 obiecta
566 1563 673 1588 autem
688 1557 721 1588 in
738 1557 926 1598 oppositum
951 1556 1064 1586 dicitur
1086 1555 1176 1596 quod
1192 1555 1364 1586 ministeria

301 1600 509 1631 ecclesiastica
539 1601 617 1641 poni
649 1602 708 1632 sub
741 1608 855 1642 pacto,
891 1599 1058 1640 dupliciter
1087 1605 1191 1639 potest
1221 1599 1362 1638 intelligi.

301 1644 427 1681 Primo,
452 1645 636 1685 simpliciter
659 1652 689 1676 et
711 1646 872 1676 absolute:
904 1651 940 1675 ut
961 1643 1108 1674 videlicet
1131 1644 1265 1680 dicatur,
1290 1644 1363 1684 Ego

302 1688 374 1720 volo
397 1693 520 1720 tantam
538 1690 711 1730 pecuniam
729 1699 794 1730 pro
817 1689 1004 1726 ministerio,
1028 1688 1088 1724 vel,
1105 1689 1134 1719 si
1155 1688 1251 1719 debeo
1274 1689 1364 1718 mini-

300 1738 418 1764 strare.
450 1733 491 1764 Et
513 1733 591 1764 haec
613 1741 704 1774 pacta
734 1741 809 1764 sunt
838 1733 1012 1774 prohibita,
1038 1740 1068 1763 et
1091 1732 1239 1763 dicuntur
1266 1732 1364 1762 simo-

301 1777 400 1814 niaca,
416 1777 450 1807 in
465 1777 534 1808 iure
557 1784 588 1808 et
610 1778 643 1808 in
666 1778 777 1809 littera.
801 1795 823 1801 -
845 1777 920 1808 Alio
943 1777 1055 1813 modo,
1075 1777 1251 1807 secundum
1274 1776 1363 1817 quid,

301 1831 358 1852 seu
383 1831 456 1852 cum
481 1821 687 1852 limitatione:
711 1821 798 1852 verbi
821 1821 928 1862 gratia,
954 1821 990 1851 Si
1004 1821 1099 1852 debeo
1122 1822 1307 1852 ministrare
1331 1822 1362 1852 in

301 1866 533 1917 spiritualibus,
558 1875 619 1907 ego
643 1866 724 1903 volo,
743 1875 807 1907 pro
830 1866 985 1906 stipendio
1001 1866 1240 1896 sustentationis
1262 1875 1362 1903 meae,

302 1914 448 1941 tantum:
476 1911 552 1951 quia
576 1911 674 1941 aliter
696 1920 759 1941 non
777 1920 910 1950 possum
927 1910 1102 1940 ministerio
1125 1910 1289 1940 commode
1312 1910 1361 1940 in·
1390 1905 1392 1912 ’

301 1954 458 1986 cumbere.
491 1954 540 1984 Et
556 1954 600 1985 sic
622 1954 756 1985 limitata
779 1961 886 1994 pacta,
911 1954 949 1984 ab
972 1953 1185 1994 indigentibus
1215 1953 1365 1984 ministris

302 1997 400 2034 facta,
425 2008 491 2028 non
522 2005 597 2029 sunt
628 1998 802 2029 simoniaca
831 1999 917 2039 apud
940 1998 1062 2034 Deum,
1087 1998 1143 2039 qui
1167 2008 1222 2029 cor
1244 2005 1366 2029 rectum

301 2021 403 2073 videt’:
433 2052 491 2073 nec
521 2049 596 2074 sunt
618 2042 791 2073 simoniaca
821 2043 907 2084 apud
930 2042 1122 2078 Ecclesiam,
1147 2042 1198 2073 cui
1224 2049 1364 2079 constat,

301 2086 352 2117 vel
375 2093 518 2117 constare
541 2094 663 2127 potest,
689 2094 719 2118 et
749 2087 788 2117 de
810 2087 982 2127 indigentia
1012 2086 1160 2123 ministri,
1186 2093 1217 2117 et
1244 2087 1283 2117 de
1315 2097 1366 2117 ex-

302 2140 409 2172 pressa
431 2130 620 2162 limitatione
642 2131 675 2162 in
698 2138 791 2172 pacto
815 2131 970 2172 apposita,
989 2131 1143 2168 videlicet,
1154 2141 1219 2171 pro
1242 2136 1365 2162 susten·
1391 2147 1392 2151 =

302 2176 422 2206 tatione
445 2177 637 2207 necessaria.
662 2193 683 2198 -
705 2176 793 2206 Haec
817 2176 855 2206 de
878 2175 996 2216 primo.

357 2219 397 2250 V.
413 2219 465 2249 Ad
487 2220 664 2250 secundum
681 2219 815 2250 dubium
829 2217 846 2235 '⁸¹
869 2219 982 2250 dicitur
997 2219 1085 2260 quod
1101 2220 1134 2250 in
1150 2219 1366 2250 ecclesiasticis

302 2262 483 2294 ministeriis
505 2263 629 2295 licitum
654 2270 714 2300 est,
739 2264 883 2295 absolute
912 2264 1092 2304 loquendo,
1116 2264 1220 2294 locare
1252 2273 1365 2305 operas

303 2317 376 2338 suas
398 2317 436 2338 ex
459 2314 554 2348 pacto
569 2308 596 2339 ¹⁸.
621 2308 709 2338 Tum
733 2308 807 2348 quia
834 2308 897 2338 hoc
926 2308 1021 2338 habet
1049 2307 1210 2338 Ecclesiae
1232 2317 1365 2338 consue-

301 2351 400 2383 tudo:
425 2358 462 2382 ut
484 2359 570 2392 patet
593 2352 627 2382 in
657 2352 872 2383 sacerdotibus
901 2352 957 2392 qui
990 2351 1213 2383 conducuntur
1236 2359 1272 2383 ut
1303 2351 1366 2383 sint

302 2395 456 2436 capellani
472 2397 624 2426 annuales
648 2397 699 2426 vel
723 2397 890 2432 menstrui;
915 2403 1043 2436 pactum
1068 2406 1206 2436 namque
1230 2396 1363 2427 interve-

302 2439 350 2471 nit
371 2440 460 2481 quod
489 2447 614 2471 tanturn
638 2441 788 2471 debeatur
812 2440 855 2471 eis
886 2440 1018 2480 singulis
1042 2440 1215 2471 mensibus.
1240 2458 1261 2464 -
1276 2441 1364 2471 Tum

301 2484 377 2525 quia
400 2484 511 2514 eadem
535 2484 615 2514 ratio
639 2491 686 2515 est
709 2485 747 2514 de
771 2491 864 2525 pacto
895 2494 1057 2524 expresso,
1084 2492 1113 2515 et
1137 2492 1230 2525 pacto
1260 2485 1365 2525 impli-

302 2528 375 2559 cito.
396 2528 458 2559 Sed
474 2535 603 2568 pactum
619 2528 812 2569 implicitum
827 2528 986 2559 invenitur
1001 2529 1032 2558 in
1050 2528 1117 2558 iure
1133 2530 1363 2569 approbatum:

301 2579 338 2603 ut
360 2579 448 2612 patet
477 2573 588 2608 Extra,
612 2573 652 2604 de
680 2572 889 2610 Praebendis,
916 2583 983 2613 cap.
1014 2573 1249 2614 Significatum.
1279 2574 1364 2613 Ergo

300 2615 424 2647 licitum
446 2624 493 2647 est
515 2616 611 2647 etiam
634 2617 778 2657 explicite
805 2617 919 2657 pacisci
943 2618 982 2647 de
1006 2617 1107 2656 pretio
1138 2627 1319 2657 operarum.
1344 2635 1365 2641 -

301 2661 390 2692 Tum
412 2661 488 2701 quia
509 2661 704 2692 locationem
719 2670 889 2701 operarum
905 2661 938 2691 in
954 2661 1141 2692 huiusmodi
1163 2662 1232 2692 iura
1254 2662 1365 2692 docto-

302 2714 415 2745 resque
438 2705 626 2746 approbant.
658 2705 793 2737 Constat
820 2712 927 2736 autem
958 2706 1047 2746 quod
1075 2705 1194 2736 locatio
1218 2713 1311 2746 pacto
1336 2713 1367 2737 et

302 2748 513 2780 conventione
529 2747 646 2779 firmari
661 2756 776 2790 potest.
801 2767 822 2772 -
844 2749 933 2780 Tum
956 2749 1032 2790 quia
1047 2750 1234 2790 Apostolus,
1252 2750 1291 2781 de
1307 2750 1366 2782 hac

302 2792 432 2823 materia
454 2793 601 2833 loquens,
622 2793 633 2823 1
657 2793 701 2824 ad
725 2793 800 2824 Cor.
823 2804 853 2823 1x
867 2793 894 2830 *,
919 2793 1010 2824 dicit:
1038 2793 1118 2830 Quis
1134 2804 1274 2835 unquam
1297 2797 1366 2825 suis

301 2837 467 2878 stipendiis
488 2837 631 2867 militat?
654 2837 685 2868 Si
709 2837 795 2868 enim
823 2847 888 2867 non
917 2844 1043 2868 tenetur
1071 2838 1142 2878 quis
1175 2838 1310 2868 militare
1332 2839 1365 2868 in

303 2880 510 2912 ecclesiastica
540 2880 652 2911 militia
681 2881 746 2912 suis
776 2881 953 2921 stipendiis,
977 2888 1083 2921 potest
1113 2882 1151 2912 de
1181 2882 1230 2912 sui
1261 2882 1367 2922 operis

302 2924 460 2966 stipendio
488 2925 613 2965 pacisci,
629 2925 710 2956 sicut
732 2925 823 2955 miles
851 2932 988 2956 armatae
1005 2924 1143 2961 militiae,
1159 2926 1245 2957 iuxta
1273 2926 1366 2956 ratio-

302 2979 377 3000 nem
392 2969 551 3010 Apostoli.
568 2986 589 2991 -
605 2969 648 3000 Et
671 2967 885 3000 confirmatur.
918 2969 1002 3006 Quia
1021 2970 1191 3006 Dominus,
1210 2971 1288 3001 Luc.
1304 2981 1324 3000 x
1338 2970 1365 3007 *‚

302 3015 342 3044 de
370 3013 602 3054 discipulorum
617 3023 712 3053 opere
731 3013 876 3054 loquens,
893 3013 1013 3044 subdit:
1037 3014 1168 3054 Dignus
1184 3020 1230 3045 est
1253 3024 1366 3054 opera·

302 3059 373 3088 rius
395 3057 541 3088 mercede
555 3067 625 3088 sua.
650 3057 738 3095 Quid
761 3054 896 3087 clarius?

312 3096 319 3104 “
358 3102 444 3142 Ergo
462 3101 545 3132 licite
568 3107 674 3142 potest
696 3101 864 3132 conventio
880 3100 946 3132 fieri
970 3101 1010 3131 de
1032 3102 1176 3132 mercede
1201 3101 1306 3141 operis
1322 3102 1365 3132 la-

303 3146 452 3187 borisque
478 3145 611 3176 humani
642 3146 676 3176 in
701 3145 916 3176 ecclesiasticis
948 3144 1069 3176 officiis.
1092 3163 1114 3169 -
1143 3145 1366 3187 Firmaturque

303 3190 416 3231 opinio
444 3189 522 3220 haec
543 3190 666 3221 ratione
694 3189 759 3220 iam
783 3190 876 3221 allata
890 3190 922 3220 *z
949 3189 1094 3220 videlicet
1117 3189 1191 3231 quia
1214 3200 1263 3221 res
1286 3197 1366 3221 tem-

303 3234 421 3275 poralis
441 3240 546 3275 potest
571 3234 629 3264 sub
652 3241 745 3274 pacto
762 3234 850 3274 poni.
866 3251 885 3256 —
909 3234 949 3264 Et
970 3233 1043 3264 licet
1063 3234 1107 3265 ita
1129 3234 1170 3265 sit
1189 3235 1366 3266 secundum

302 3279 466 3309 veritatem
481 3288 517 3309 ex
532 3285 620 3319 parte
644 3278 698 3314 rei,
714 3278 789 3319 quia
811 3285 918 3309 tamen
935 3278 1111 3308 secundum
1130 3278 1282 3310 exteriora
1298 3290 1366 3320 spe-

303 3323 385 3354 ciem
403 3322 498 3353 habet
519 3322 604 3358 mali,
621 3322 775 3363 quoniam
794 3322 838 3353 sic
856 3321 907 3352 via
930 3321 1085 3353 simoniae
1108 3322 1271 3354 fraudibus
1295 3334 1367 3364 ape-

303 3367 398 3403 ritur,
422 3367 496 3397 ideo
519 3367 558 3397 ab
582 3366 721 3397 Ecclesia
750 3373 842 3407 pacta
864 3366 897 3396 in
920 3366 1106 3397 huiusmodi
1128 3366 1260 3398 inhibita
1283 3374 1368 3399 sunt.

359 3411 414 3443 V1.
438 3411 499 3442 Sed
536 3411 612 3441 haec
647 3410 758 3451 opinio
788 3419 854 3441 non
885 3409 1010 3441 videtur
1035 3411 1239 3442 rationabilis.
1276 3412 1367 3449 Quo-

304 3455 391 3485 niam
414 3455 553 3486 Ecclesia
567 3455 640 3485 ideo
664 3454 810 3495 prohibet
826 3460 926 3494 pacta,
943 3455 1018 3495 quia
1040 3454 1147 3486 illicita
1169 3462 1244 3486 sunt
1266 3462 1366 3496 pacta,

306 3505 336 3530 et
358 3509 424 3530 non
448 3509 464 3530 e
489 3506 611 3530 contra:
637 3506 672 3530 ut
695 3505 780 3540 patet
809 3508 846 3529 ex
868 3497 930 3529 hoc
960 3499 1049 3540 quod
1073 3499 1219 3529 doctores
1250 3499 1283 3530 in
1307 3499 1369 3530 hoc

304 3540 451 3574 videntur
473 3543 558 3579 varii,
584 3543 638 3584 qui
663 3550 768 3573 tamen
794 3542 988 3573 conveniunt
1010 3542 1043 3573 in
1059 3542 1268 3574 ecclesiastico
1291 3543 1370 3574 iure.

359 3587 492 3618 Videtur
515 3597 589 3628 ergo
614 3587 702 3618 aliter
717 3587 896 3621 dicendum,
921 3587 1153 3626 interponendo
1176 3597 1273 3617 unam
1297 3598 1370 3628 pro-

306 3631 497 3671 positionem
522 3642 580 3671 pro
605 3632 727 3672 regula:
753 3631 868 3662 scilicet
891 3631 979 3671 quod
1002 3631 1170 3671 spirituale
1189 3641 1250 3661 non
1266 3637 1372 3671 potest
1397 3639 1398 3642 ’

2406 281 2478 328 357

1418 373 1486 394 esse
1509 364 1592 393 ratio
1610 363 1709 402 pretii
1733 371 1789 392 seu
1813 362 2052 392 aestimationis.
2084 360 2302 391 Manifestatur
2325 360 2480 400 siquidem

1417 407 1507 438 istius
1536 407 1661 447 regulae
1684 406 1796 437 veritas
1819 405 1989 436 inductive.
2021 404 2185 442 Quoniam
2209 411 2240 434 et
2262 403 2340 434 calix
2371 414 2481 434 conse-

1416 546 1576 575 tronatus;
1601 546 1631 569 et
1647 549 1728 579 quae
1745 545 1819 569 sunt
1842 547 1926 568 mere
1942 538 2114 578 spiritualia
2129 538 2262 568 omnino
2278 537 2479 568 invendibilia

1417 589 1506 618 sunt,
1531 590 1567 613 ut
1589 589 1684 622 patet.

1471 627 1548 657 Post
1570 626 1651 657 hanc
1674 627 1832 666 regulam,
1858 626 2116 666 distinguendum
2138 633 2193 661 est,
2210 626 2298 667 quod
2323 625 2480 666 quaedam

1417 677 1491 701 sunt
1513 670 1609 700 mixta
1629 681 1665 700 ex
1688 670 1840 710 spirituali
1865 677 1895 701 et
1923 670 2090 710 temporali
2113 671 2145 700 in
2169 670 2286 711 quibus
2309 669 2480 710 principale

1417 714 1596 755 quaesitum
1624 722 1670 744 est
1692 715 1724 744 id
1756 715 1845 755 quod
1875 721 1921 745 est
1950 715 2137 754 temporale:
2169 715 2326 755 quaedam
2348 723 2424 744 vero
2447 714 2480 744 in

1418 758 1534 799 quibus
1558 758 1730 798 principale
1753 758 1933 799 quaesitum
1952 766 1999 789 est
2022 759 2054 788 id
2069 759 2158 799 quod
2182 766 2228 789 est
2251 758 2420 798 spirituale.

1473 802 1513 832 Et
1535 802 1621 832 iuxta
1637 802 1718 833 hanc
1733 802 1976 839 distinctionem,
1993 802 2106 833 dicitur
2121 803 2210 843 quod
2233 803 2285 832 illa
2306 802 2339 832 in
2364 802 2480 843 quibus

1418 845 1590 885 principale
1606 846 1785 886 quaesitum
1798 854 1844 877 est
1859 847 2043 887 temporale,
2057 854 2192 887 possunt
2206 847 2264 877 sub
2281 853 2374 887 pacto
2386 847 2479 886 poni:

1417 890 1470 919 illa
1494 896 1602 920 autem
1624 890 1656 919 in
1680 891 1796 930 quibus
1824 891 1996 931 principale
2018 891 2197 931 quaesitum
2229 898 2276 921 est
2303 890 2479 931 spirituale,

1390 931 1392 965 ἶ
1419 943 1485 963 non
1509 940 1644 973 possunt
1674 935 1732 964 sub
1763 941 1855 974 pacto
1887 935 1975 974 poni.
2004 935 2046 965 Et
2073 935 2238 976 utriusque
2267 935 2480 965 conclusionis

301 991 376 1012 nem
400 982 509 1013 datur:
534 990 571 1014 ut
593 989 679 1023 patet
702 993 738 1014 ex
761 994 800 1014 eo
824 984 913 1024 quod
937 982 1089 1022 episcopo
1113 981 1269 1012 ditissimo
1291 980 1364 1010 visi·
1390 982 1392 1017 ζ

1390 1033 1392 1039 ’
1419 1022 1507 1062 quod
1532 1032 1595 1052 non
1619 1022 1800 1052 aestimatur
1815 1023 1984 1063 utrobique
2001 1023 2080 1053 illud
2096 1023 2316 1059 accessorium,
2334 1024 2388 1053 sed
2404 1033 2480 1054 con-

1419 977 1498 1008 ratio
1523 984 1569 1007 est
1592 987 1664 1013 una,
1685 978 1760 1018 quia
1782 980 1994 1009 accessorium
2022 981 2166 1019 sequitur
2181 980 2363 1020 principale
2378 979 2413 1010 *ι
2437 979 2480 1010 ita

1420 1065 1515 1096 currit
1537 1066 1787 1096 concomitanter
1810 1067 1848 1096 ad
1873 1067 2054 1107 principale.

1475 1109 1542 1141 VII.
1568 1110 1614 1140 Ex
1637 1109 1685 1140 his
1704 1117 1811 1141 autem
1835 1111 1957 1141 duabus
1977 1111 2234 1141 conclusionibus
2257 1111 2415 1142 reddenda
2435 1117 2481 1142 est

1419 1153 1499 1184 ratio
1530 1154 1678 1184 omnium
1706 1154 1921 1191 obiectorum,
1946 1162 1978 1185 et
1999 1155 2208 1185 accidentium
2239 1155 2311 1185 hinc
2339 1162 2369 1186 et
2395 1155 2479 1186 inde.

1420 1198 1466 1228 Ex
1481 1198 1530 1228 his
1545 1198 1630 1228 enim
1647 1205 1733 1239 patet
1747 1198 1862 1239 primo,
1879 1209 1976 1239 quare
1993 1205 2135 1229 cantores
2151 1209 2209 1239 pro
2225 1199 2351 1239 capellis
2366 1200 2479 1239 Papae,

1419 1242 1628 1273 dominorum
1651 1250 1682 1273 et
1707 1243 1924 1280 ecclesiarum,
1953 1243 2034 1273 sicut
2062 1250 2093 1273 et
2115 1243 2307 1283 organistae,
2331 1243 2414 1274 licite
2445 1254 2481 1274 ex

1419 1293 1513 1326 pacto
1536 1287 1642 1317 locant
1664 1297 1776 1328 operas
1800 1297 1882 1318 suas.
1906 1287 2067 1325 Quoniam
2086 1287 2256 1328 principale
2272 1287 2303 1318 in
2324 1288 2368 1318 eis
2383 1297 2481 1328 quae-

1420 1330 1518 1361 situm
1547 1338 1594 1361 est
1621 1341 1718 1370 opera
1745 1331 1901 1368 humana,
1926 1341 1992 1362 non
2025 1331 2186 1371 spirituale
2216 1331 2292 1372 quid
2321 1330 2481 1374 (quamvis

1419 1385 1516 1415 opera
1538 1375 1678 1406 humana
1693 1376 1733 1406 ad
1749 1355 1921 1416 spiritualia
1941 1374 2187 1418 conducantur):
2212 1376 2373 1416 quaeritur
2396 1377 2481 1406 enim

1418 1419 1451 1449 in
1475 1419 1519 1449 eis
1542 1429 1620 1455 vox,
1645 1419 1718 1450 artis
1741 1430 1840 1460 opus,
1865 1427 1895 1451 et
1917 1420 2119 1474 huiusmodi,
2151 1430 2232 1460 quae
2261 1420 2418 1451 sensibilia
2446 1430 2482 1451 ac

1419 1463 1606 1503 temporalia
1629 1470 1712 1494 sunt.

1475 1508 1564 1538 Patet
1591 1508 1746 1544 secundo,
1778 1518 1875 1548 quare
1903 1508 2045 1539 advocati
2078 1514 2173 1548 atque
2202 1509 2348 1539 doctores
2378 1508 2482 1539 cuius-

1421 1562 1558 1592 cumque
1590 1551 1747 1582 facultatis
1780 1552 1862 1582 licite
1892 1553 2034 1583 vendunt
2061 1562 2172 1592 operas
2204 1563 2287 1583 suas·
2317 1553 2481 1590 Quoniam

1419 1595 1593 1636 principale
1620 1595 1652 1625 in
1677 1595 1720 1626 eis
1750 1596 1928 1636 quaesitum
1959 1603 2005 1627 est
2032 1596 2210 1627 humanum
2238 1597 2407 1633 auxilium,
2432 1597 2482 1627 vel

1419 1640 1459 1670 ad
1481 1639 1634 1670 iustitiam
1663 1640 1714 1670 vel
1742 1641 1780 1670 ad
1812 1640 1989 1671 scientiam:
2020 1640 2140 1671 iustum
2167 1641 2324 1681 siquidem
2347 1641 2482 1681 patroci-

1419 1684 1512 1714 nium
1535 1694 1631 1724 opem
1647 1683 1706 1714 fert
1724 1685 1942 1724 temporalem,
1958 1685 2185 1715 aestimabilem
2202 1685 2352 1724 pecunia;
2377 1692 2407 1715 et
2423 1686 2480 1715 do-

1419 1735 1487 1759 ctor
1510 1738 1607 1768 opem
1621 1729 1830 1768 temporalem
1848 1739 1994 1769 magnam
2016 1729 2075 1759 fert
2097 1729 2263 1769 discipulo,
2284 1729 2481 1766 declarando,

1419 1778 1620 1818 applicando,
1645 1784 1703 1808 etc.

1474 1822 1563 1853 Patet
1586 1822 1689 1858 tertio,
1713 1832 1811 1863 quare
1834 1832 1892 1863 pro
1917 1823 2135 1858 celebratione,
2160 1833 2218 1863 pro
2245 1823 2398 1859 oratione,
2422 1834 2481 1862 pro

1419 1873 1691 1897 sacramentorum
1708 1866 1987 1902 administratione,
2005 1877 2063 1907 pro
2081 1866 2186 1897 officio
2203 1867 2310 1897 divino
2327 1877 2382 1898 seu
2398 1878 2482 1898 mor-

1418 1918 1560 1947 tuorum,
1586 1920 1644 1951 pro
1661 1911 1902 1950 praedicatione,
1920 1921 1978 1951 pro
1996 1911 2068 1942 oleo
2092 1918 2212 1947 sancto,
2229 1921 2287 1952 pro
2304 1911 2481 1948 chrismate,

1419 1965 1477 1995 pro
1502 1955 1721 1986 benedictione
1737 1955 1937 1991 nubentium,
1955 1965 2020 1985 non
2042 1962 2087 1986 est
2102 1955 2224 1986 licitum
2248 1955 2373 1996 pacisci.
2398 1956 2482 1993 Quia
2520 1959 2523 1961 '

1418 1999 1536 2030 scilicet
1558 1999 1729 2040 principale
1744 1999 1776 2029 in
1800 1999 1865 2030 istis
1885 1999 2064 2040 quaesitum
2087 2006 2134 2030 est
2149 1999 2327 2040 spirituale:
2345 2007 2375 2031 et
2391 2000 2482 2042 quid-

1419 2044 1497 2084 quid
1516 2043 1691 2084 temporale
1715 2043 1747 2074 in
1771 2043 1837 2074 istis
1854 2043 2030 2080 intervenit,
2054 2054 2120 2074 non
2144 2043 2327 2075 aestimatur
2352 2044 2412 2075 nisi
2434 2054 2482 2075 ra-

1418 2088 1506 2119 tione
1530 2087 1711 2128 spiritualis.

1473 2133 1701 2168 Veruntamen,
1726 2131 1802 2171 quia
1823 2131 1856 2162 in
1880 2131 1929 2162 his
1952 2142 2033 2172 quae
2057 2138 2131 2162 sunt
2154 2142 2210 2171 per
2232 2132 2376 2162 accidens
2407 2142 2481 2163 con-

1391 2195 1393 2200 ν
1418 2177 1510 2217 tingit
1533 2176 1628 2207 etiam
1651 2175 1807 2216 sapientes
1830 2175 1905 2212 falli,
1929 2183 1965 2206 ut
1988 2175 2062 2206 dicit
2084 2176 2266 2206 Aristoteles
2281 2176 2308 2212 *,
2332 2176 2404 2207 ideo
2428 2177 2481 2206 ad-

1418 2221 1607 2251 vertendum
1630 2226 1676 2251 est
1692 2220 1780 2261 quod
1800 2220 1885 2250 aliud
1909 2227 1955 2251 est
1969 2220 2059 2261 loqui
2082 2220 2120 2250 de
2137 2220 2344 2251 celebratione
2367 2220 2482 2252 missae

1419 2262 1577 2296 absolut‘e:
1602 2271 1633 2295 et
1656 2263 1742 2294 aliud
1757 2270 1804 2294 est
1818 2264 1908 2305 loqui
1925 2265 1963 2294 de
1983 2264 2175 2304 obligatione
2195 2265 2233 2295 ad
2258 2265 2481 2295 celebrandum

1419 2309 1549 2339 missam
1579 2308 1612 2338 in
1635 2308 1688 2338 tali
1723 2308 1810 2345 loco,
1834 2308 1926 2339 toties
1954 2308 1987 2338 in
2015 2308 2230 2345 hebdomada,
2255 2309 2309 2339 tali
2332 2309 2427 2345 hora,
2451 2315 2482 2339 et

1420 2353 1616 2384 huiusmodi.
1649 2353 1727 2383 Istae
1757 2362 1896 2393 namque
1927 2353 2126 2383 conditiones
2158 2363 2214 2392 per
2244 2353 2387 2383 accidens
2412 2353 2481 2384 iun-

1418 2405 1546 2438 guntur,
1571 2403 1602 2428 et
1625 2403 1699 2427 sunt
1721 2397 1926 2436 temporales:
1950 2403 1981 2427 et
2003 2403 2169 2437 propterea
2192 2404 2327 2437 possunt
2347 2398 2406 2428 sub
2429 2408 2483 2437 pa-

1419 2449 1470 2472 cto
1495 2441 1583 2482 poni.
1609 2441 1653 2471 Ita
1677 2441 1764 2481 quod
1788 2441 1859 2471 licet
1882 2441 2027 2471 sacerdos
2050 2451 2116 2471 non
2140 2441 2240 2482 possit
2261 2441 2365 2472 locare
2386 2442 2481 2472 actio-

1419 2496 1493 2517 nem
1529 2495 1621 2515 suam
1651 2494 1749 2525 quarn
1780 2485 1983 2521 celebrando,
2015 2485 2240 2525 praedicando,
2272 2485 2481 2516 ministrando

1419 2535 1623 2565 sacramenta,
1648 2535 1717 2565 etc.,
1743 2537 1871 2565 exercet,
1896 2529 2059 2569 quoniam,
2084 2536 2119 2560 ut
2139 2529 2256 2560 dictum
2281 2537 2336 2566 est,
2361 2530 2482 2560 ratione

1418 2573 1599 2615 spiritualis,
1623 2573 1712 2614 quod
1736 2573 1948 2613 principaliter
1971 2574 2146 2613 quaeritur,
2172 2573 2354 2604 aestimatur
2377 2580 2407 2604 et
2429 2584 2483 2614 ap-

1418 2619 1590 2659 pretiatum
1618 2623 1725 2657 potest
1747 2624 1853 2647 tamen
1880 2617 1984 2648 locare
2011 2627 2066 2648 seu
2091 2618 2225 2648 vendere
2255 2618 2482 2657 obligationem

1419 2673 1511 2694 suam
1540 2663 1579 2692 ad
1598 2671 1769 2702 personam
1792 2671 1884 2692 suam
1907 2661 2131 2692 continendam
2151 2662 2200 2692 vel
2222 2663 2483 2702 praesentandam

1419 2708 1451 2738 in
1475 2707 1530 2738 tali
1549 2707 1633 2743 loco,
1650 2706 1744 2736 toties
1767 2706 1799 2736 in
1822 2706 2032 2742 hebdomada,
2056 2706 2110 2736 tali
2134 2713 2287 2746 tempore,
2308 2713 2381 2737 etc.:
2401 2717 2482 2746 quo-

1419 2751 1506 2782 niarn
1530 2751 1607 2781 haec
1636 2750 1824 2790 temporalia
1851 2757 1940 2786 sunt,
1966 2757 1996 2780 et
2022 2750 2249 2790 impedimenta
2271 2750 2416 2790 propriae
2446 2750 2481 2780 li-

1419 2794 1546 2825 bertatis
1570 2794 1763 2830 notabiliter,
1788 2801 1818 2823 et
1841 2803 1897 2833 per
1924 2793 2066 2824 accidens
2100 2801 2174 2824 sunt
2203 2794 2371 2824 coniuncta
2400 2794 2483 2824 actui

1420 2838 1639 2869 celebrationis
1663 2844 1693 2868 et
1715 2837 1910 2868 huiusmodi.
1940 2838 2015 2867 Non
2039 2838 2082 2868 sic
2105 2845 2211 2868 autern
2240 2845 2286 2868 est
2309 2838 2341 2868 in
2365 2848 2403 2868 eo
2427 2838 2482 2878 qui

1420 2893 1485 2913 non
1511 2893 1544 2913 se
1567 2882 1660 2918 locat,
1685 2882 1739 2911 sed
1756 2887 1879 2921 sponte,
1896 2882 2025 2922 quando
2056 2882 2200 2918 occurrit,
2228 2882 2376 2912 celebrat:
2401 2892 2483 2922 quo-

1419 2927 1505 2957 niam
1534 2926 1613 2956 nihil
1641 2925 1779 2956 notabile
1807 2926 1981 2965 temporale
2008 2925 2174 2956 intervenit
2201 2936 2257 2965 per
2283 2927 2427 2957 accidens
2450 2927 2482 2957 in

1420 2971 1463 3002 sic
1494 2977 1608 3011 sponte
1640 2969 1830 3006 celebrante;
1855 2976 1886 3000 et
1908 2976 2074 3010 propterea
2106 2970 2144 3000 de
2171 2969 2324 3010 spirituali
2352 2977 2482 3011 pactum

1419 3015 1535 3045 faceret
1558 3014 1584 3044 si
1609 3013 1792 3044 conveniret
1823 3014 1860 3043 de
1883 3013 1995 3053 pretio.
2027 3013 2112 3051 Quia
2132 3014 2227 3054 igitur
2248 3014 2281 3044 in
2304 3014 2371 3045 istis
2394 3025 2483 3045 men-

1419 3059 1513 3089 struis
1532 3059 1583 3088 vel
1599 3058 1712 3088 annuis
1737 3057 1983 3097 obligationibus
2007 3058 2045 3088 ad
2070 3058 2303 3094 celebrandum,
2329 3066 2359 3089 et
2374 3058 2483 3089 huius-

1419 3103 1518 3139 modi,
1542 3101 1756 3133 interveniunt
1774 3101 1851 3132 haec
1865 3102 2052 3142 temporalia
2069 3101 2255 3139 accidentia;
2279 3102 2351 3133 ideo
2375 3103 2483 3133 dicun-

1419 3155 1471 3178 tur
1492 3147 1576 3177 licite
1591 3147 1694 3177 locare
1718 3155 1832 3186 operas
1855 3155 1938 3176 suas.
1955 3147 2053 3183 Quod
2076 3156 2143 3176 non
2166 3146 2341 3178 admittitur
2356 3147 2395 3177 de
2418 3157 2483 3177 non

1419 3191 1566 3231 obligatis
1589 3191 1630 3222 ad
1651 3190 1730 3221 haec
1753 3189 1937 3221 accidentia.

1475 3235 1558 3266 VIII.
1582 3235 1676 3266 Unde
1700 3235 1739 3265 ad
1763 3234 1958 3265 obiectiones
1980 3234 2014 3265 in
2038 3234 2224 3274 oppositum
2242 3234 2260 3254 *
2282 3234 2396 3265 dicitur
2419 3234 2484 3265 sin-

1418 3279 1562 3321 gillatim.
1586 3279 1627 3310 Et
1646 3279 1685 3310 ad
1701 3279 1838 3320 primam
1855 3278 1969 3309 dicitur
1992 3279 2080 3319 quod
2100 3278 2172 3308 licet
2195 3285 2258 3308 tam
2282 3278 2371 3308 labor
2386 3288 2485 3319 quam

1421 3334 1517 3365 opera
1540 3324 1681 3354 humana
1710 3323 1742 3353 in
1773 3330 2042 3354 sacramentorum
2072 3322 2341 3352 administratione
2368 3322 2408 3352 sit
2431 3322 2484 3352 ali-

1421 3368 1499 3409 quid
1522 3368 1707 3408 temporale,
1731 3367 1807 3408 quia
1829 3374 1934 3397 tamen
1952 3366 2030 3396 ratio
2054 3366 2279 3396 aestimationis
2302 3376 2415 3396 eorum
2439 3373 2485 3397 est

1421 3413 1454 3443 id
1477 3412 1565 3453 quod
1590 3419 1636 3442 est
1659 3411 1829 3452 spirituale,
1855 3421 1919 3440 non
1943 3410 2015 3440 licet
2036 3410 2089 3440 illa
2105 3410 2255 3440 vendere:
2280 3416 2316 3440 ut
2339 3416 2425 3450 patet
2446 3411 2484 3441 de

1423 3457 1495 3487 oleo
1519 3462 1628 3486 sancto
1653 3463 1683 3486 et
1699 3453 1897 3486 chrismate*
1908 3454 2105 3494 ;quodlibet
2128 3454 2213 3484 enirn
2237 3464 2349 3485 eorum
2369 3461 2415 3485 est
2431 3454 2522 3484 ali-

1423 3500 1500 3541 quid
1530 3499 1720 3540 temporale,
1745 3499 1819 3539 quia
1843 3506 1948 3529 tamen
1979 3508 2045 3528 non
2075 3498 2258 3546 aestimatur
2281 3498 2340 3529 nisi
2362 3499 2484 3530 ratione

1424 3543 1603 3585 spiritualis,
1624 3543 1697 3574 ideo
1721 3553 1786 3572 non
1811 3543 1883 3573 licet
1906 3552 1942 3572 ea
1956 3542 2101 3573 vendere.

1480 3589 1530 3618 Ad
1547 3588 1718 3618 secundam
1734 3586 1751 3606 *
1767 3587 1881 3617 dicitur
1903 3587 1993 3627 quod
2009 3586 2088 3616 ratio
2114 3586 2299 3617 diversitatis
2323 3594 2369 3618 est
2385 3586 2484 3616 mani-

1425 3632 1521 3663 festa:
1546 3632 1621 3672 quia
1637 3631 1777 3661 scilicet·
1770 3641 1801 3660 in
1819 3630 2008 3671 quibusdam
2029 3630 2200 3671 principale
2220 3630 2420 3661 aestimatum
2440 3641 2484 3663 es]

2508 979 2569 1001 ‘De
2584 979 2648 1010 Κες..
2659 979 2717 1006 Iura,

2507 1012 2557 1033 reg.
2570 1012 2627 1033 mr,
2643 1006 2666 1028 in
2677 997 2719 1028 Se-

2507 2177 2676 2231 ιρῗέιιδοξέὲῗ·
2681 2176 2720 2226 5?

2507 2237 2570 2257 n..4

2512 3240 2521 3249 ⁸
2535 3238 2607 3260 Num.
2623 3244 2647 3260 n.

2578 3471 2586 3488 ‚⁶
2594 3456 2646 3488 Non
2652 3458 2720 3483 satis,

2572 3489 2668 3505 amoma.

2512 3595 2522 3603 ⁸
2547 3594 2617 3615 Num.
2639 3600 2668 3616 n.
2693 3594 2723 3615 Et

2512 3620 2672 3648 confirmatur.
