2860 4244
185 352 192 360 '
197 349 262 371 Vers.
270 349 304 370 28.
310 348 392 370 —Vers.

185 375 244 397 Lxx
256 377 339 402 Interp-

184 511 299 537 ·Ps.xc1v,
305 516 362 532 vers.
369 516 391 538 9.

184 564 193 573 ⁸
210 563 316 603 Vetera.

178 1350 186 1358 ’
201 1348 267 1370 Vers.
284 1348 306 1370 6.

179 1609 188 1618 ⁸
202 1607 267 1629 Vei-s.
282 1614 294 1629 2
307 1614 359 1635 sqq.

176 1662 187 1673 ⁸
202 1661 257 1682 Ord.

177 2597 245 2618 *Luc
253 2603 385 2625 cap.1‚vers.

176 2624 285 2676 staffili,
301 2649 329 2670 aa
342 2656 362 2678 ³-

177 2676 188 2687 ⁴
198 2675 268 2697 Iudic.
284 2682 315 2702 vi,
324 2682 383 2698 vers.

178 2702 267 2750 3⁸05:ss
282 2735 314 2756 32.

178 2856 188 2866 ⁸
202 2856 250 2876 Art.
266 2861 286 2882 3,
300 2862 323 2880 4.

179 3209 386 3238 ⁸Luq cap.1‚vers.

180 3241 215 3260 20,
231 3238 244 3256 o
262 3251 267 3256 .

181 3264 189 3270 '
203 3261 237 3283 Ibi
257 3278 270 3284 ..
286 3267 344 3283 vers.
358 3268 386 3283 ιι-

423 269 497 314 340

421 346 584 392 minum,
622 352 662 380 ut
695 343 826 390 legitur
856 341 983 378 Exodi
1016 352 1110 376 xxxii
1135 339 1175 383 *;
1213 350 1282 386 pro
1316 345 1473 386 peccato
1500 337 1502 374 ἶ

420 406 546 435 autem
575 396 785 434 tentationis
814 393 1070 430 universaliter
1097 403 1232 428 omnes
1260 391 1296 427 in
1324 391 1473 426 deserto
1500 391 1501 412 ¹

419 451 619 500 perierunt,
649 457 785 485 terram
815 445 1077 495 promissionis
1097 457 1175 480 non
1195 444 1386 490 intrantes,
1417 455 1472 479 se-

421 503 586 540 cundum
615 502 702 538 illud
732 502 869 536 Psalm.
899 498 939 534 *z
978 499 1014 534 T
1009 502 1230 533 entauerunt
1264 508 1324 532 me
1345 501 1474 543 patres

418 556 550 598 vestri‚·
585 562 621 590 et
656 561 788 602 postea
807 552 826 573 ‘¹‘
855 550 1021 599 sequitur
1041 548 1074 586 βε
1110 550 1250 591 Quibus
1282 549 1408 585 iuravi
1435 549 1472 584 in

418 610 475 645 ira
495 619 578 644 mea
596 607 629 642 si
646 605 848 642 introibunt
865 604 901 639 in
922 603 1087 650 requiem
1109 614 1244 639 meam.
1272 602 1374 649 Ergo
1393 609 1473 638 ten·
1499 625 1501 666 ᾗ

418 669 493 697 tare
529 661 654 695 Deum
693 665 747 694 est
774 656 925 704 gravius
963 663 1161 703 peccatum
1199 666 1313 703 quarn
1344 666 1500 702 super-5

418 713 526 750 stitio.
1498 718 1500 756 l

470 777 504 801 2.
526 765 756 809 PRAETEREA,
786 770 888 798 tanto
918 761 1071 808 aliquod
1100 768 1299 808 peccatum
1322 759 1474 796 videtur
1499 759 1501 779 ³

417 830 496 854 esse
526 816 676 864 gravius
697 822 837 864 quanto
859 814 978 862 magis
1006 813 1131 850 virtuti
1153 813 1369 862 opponitur.
1397 812 1472 849 Sed
1499 820 1500 847 i

415 870 675 917 irreligiositas,
705 868 811 904 cuius
839 867 984 916 species
1014 874 1068 903 est
1096 867 1250 903 tentatio
1279 866 1363 912 Dei,
1393 878 1472 902 ma—

415 923 466 971 gis
495 923 698 971 opponitur
724 921 851 958 virtuti
881 919 1069 968 religionis
1098 931 1212 968 quam
1246 919 1471 968 superstitio,

415 988 511 1024 quae
530 975 644 1012 habet
664 974 828 1022 aliquam
849 973 1131 1010 similitudinem
1149 985 1234 1009 cum
1255 972 1349 1020 ipsa.
1370 973 1472 1019 Ergo
1499 1008 1500 1012 ,

413 1029 567 1065 tentatio
596 1028 668 1065 Dei
697 1035 751 1064 est
779 1027 930 1074 gravius
958 1033 1157 1075 peccatum
1194 1037 1311 1073 quam
1345 1037 1474 1074 super·
1498 1057 1500 1071 2

414 1081 524 1118 stitio.

469 1135 502 1171 3.
523 1134 758 1179 PRAETEREA,
787 1132 910 1170 maius
929 1139 1129 1180 peccatum
1155 1143 1237 1167 esse
1257 1130 1408 1167 videtur
1427 1130 1472 1167 ir-

413 1195 629 1224 reverenter
666 1198 706 1222 se
735 1186 875 1222 habere
913 1185 962 1221 ad
998 1192 1173 1232 parentes
1210 1195 1326 1231 quam
1365 1195 1471 1220 reve-

413 1239 570 1276 rentiam
599 1239 816 1288 parentibus
855 1238 1019 1275 debitam
1051 1236 1129 1273 aliis
1166 1236 1353 1272 exhibere.
1395 1235 1472 1273 Sed

413 1293 518 1329 Deus
547 1299 602 1329 est
629 1293 877 1328 honorandus
898 1303 920 1326 a
939 1289 1049 1326 nobis
1079 1289 1174 1325 sicut
1199 1288 1372 1325 omnium
1400 1289 1472 1325 Pa·
1497 1313 1498 1320 κ

413 1353 480 1391 ter,
510 1345 604 1381 sicut
629 1345 761 1382 dicitur
789 1344 952 1380 Malach.
975 1355 984 1379 1
1006 1343 1036 1378 ³⁵.
1067 1343 1169 1389 Ergo
1189 1341 1313 1378 maius
1339 1354 1471 1389 pecca-
1497 1362 1498 1367 =

412 1406 493 1434 tum
523 1410 603 1434 esse
631 1397 782 1434 videtur
808 1396 962 1433 tentatio
983 1395 1068 1441 Dei,
1098 1407 1166 1443 per
1187 1406 1303 1443 quam
1333 1394 1471 1431 irreve-

414 1459 536 1487 renter
555 1463 624 1487 nos
644 1451 831 1486 habemus
860 1449 909 1486 ad
937 1449 1077 1495 Deum,
1108 1460 1222 1496 quam
1248 1447 1471 1494 idololatria,

411 1516 479 1552 per
507 1516 621 1552 quam
651 1499 862 1540 reverentia
892 1503 975 1540 Deo
997 1501 1123 1539 debita
1144 1501 1341 1538 exhibetur
1370 1513 1471 1538 crea-
1497 1505 1498 1550 J

412 1565 529 1593 turae.

466 1610 539 1646 SED
567 1620 713 1646 CONTRA
740 1620 807 1645 EST
835 1607 938 1657 quod
964 1620 1079 1656 super
1101 1607 1192 1644 illud
1219 1608 1327 1643 Deut.
1349 1618 1421 1643 xvu
1439 1605 1470 1651 ²³,

417 1663 511 1699 Cum
539 1663 676 1710 reperti
692 1661 844 1710 fuerint
868 1661 971 1709 apud
997 1666 1030 1697 te
1051 1667 1134 1707 ete„
1165 1659 1252 1697 dicit
1280 1659 1417 1696 Glossa
1435 1658 1471 1696 *τ

412 1716 496 1759 Lex
521 1727 688 1752 errorem
717 1720 751 1751 et
779 1714 1028 1751 idololatriam
1057 1713 1225 1750 maxime
1252 1713 1472 1749 detestatur:

412 1768 622 1805 maximum
651 1768 749 1804 enim
777 1768 895 1804 scelus
914 1773 968 1803 est
983 1768 1164 1803 honorem
1193 1765 1382 1802 Creatoris
1405 1765 1472 1802 im-

406 1821 571 1869 pendere
598 1827 804 1858 creaturae.

465 1875 689 1911 Responmzo
718 1885 904 1911 D1CENDUM
923 1872 1028 1921 quod
1047 1872 1085 1908 in
1105 1871 1271 1920 peccatis
1298 1883 1398 1919 quae
1418 1882 1473 1906 re-

411 1927 536 1975 ligioni
556 1927 804 1964 adversantur
822 1933 927 1962 tanto
949 1925 1091 1973 aliquid
1109 1924 1262 1972 gravius
1278 1931 1335 1960 est
1353 1935 1472 1971 quan-

411 1987 450 2017 to
470 1980 588 2028 magis
609 1979 760 2017 divinae
780 1978 1015 2016 reverentiae
1035 1979 1269 2016 adversatur.
1300 1976 1373 2013 Cui
1393 1976 1474 2026 qui-

1075 261 1339 307 QUAESTIO
1370 260 1527 305 XCVII,
1556 260 1852 297 ARTICULUS
1884 259 1930 295 IV

1530 337 1616 374 dem
1656 337 1782 374 minus
1820 338 2042 374 adversatur
2079 337 2184 384 quod
2213 336 2347 384 aliquis
2386 337 2434 374 de
2462 337 2590 374 divina

1529 391 1746 427 excellentia
1782 391 1924 427 dubitet
1961 402 2077 438 quam
2114 390 2218 437 quod
2257 389 2486 429 contrarium
2523 402 2591 439 per

1529 442 1788 480 certitudinem
1819 443 1963 480 sentiat.
1995 442 2099 479 Sicut
2127 442 2231 479 enim
2270 442 2390 491 magis
2420 450 2475 479 est
2507 443 2590 480 infi-

1528 495 1620 531 delis
1662 495 1726 543 qui
1754 496 1792 533 in
1831 508 1957 532 errore
1992 495 2241 532 confirmatus
2278 503 2334 532 est
2371 507 2486 543 quam
2527 495 2591 544 qui

1528 548 1575 584 de
1603 548 1759 584 veritate
1788 548 1878 585 fidei
1908 548 2064 594 dubitat,
2094 548 2144 585 ita
2171 549 2285 585 etiam
2310 548 2429 596 magis
2459 556 2590 585 contra

1527 601 1598 638 Dei
1627 602 1878 639 reverentiam
1917 601 1992 649 agit
2021 601 2084 650 qui
2114 613 2184 638 suo
2226 602 2324 638 facto
2363 608 2590 650 protestatur

1528 665 1695 690 errorem
1725 662 1855 690 contra
1885 654 2054 690 divinam
2084 654 2345 691 excellentiam
2379 666 2496 702 quarn
2526 654 2590 702 qui

1498 708 1753 754 'protestatur
1795 707 2082 745 dubitationem.
2123 707 2418 756 'Superstitiosus
2461 715 2589 744 autem

1526 767 1753 807 protestatur
1781 772 1962 806 errorem,
1987 768 2029 796 ut
2057 772 2102 797 ex
2132 761 2239 797 dictis
2257 760 2277 782 ³⁸
2296 768 2414 809 patet:
2445 760 2503 796 ille
2524 772 2589 796 au-

1526 820 1604 849 tem
1627 812 1690 860 qui
1709 819 1826 848 tentat
1844 813 1973 848 Deum
1993 813 2120 849 verbis
2138 814 2200 850 vel
2220 814 2338 859 factis,
2362 821 2590 862 protestatur

1527 865 1803 903 dubitationem
1841 865 1888 902 de
1927 865 2055 902 divina
2098 866 2335 911 excellentia,
2369 874 2410 904 ut
2447 866 2587 904 dictum

1527 926 1583 956 est
1618 918 1648 955 ⁵¹².
1688 918 1736 954 Et
1773 918 1860 955 ideo
1893 918 2044 966 gravius
2083 926 2138 955 est
2173 927 2375 967 peccatum
2410 919 2588 968 supersti-
2615 927 2626 937 ⁴

1525 971 1636 1008 tionis
1663 983 1779 1020 quam
1808 978 2008 1019 peccatum
2037 971 2251 1008 tentationis
2279 972 2364 1009 Dei.

1579 1027 1637 1061 AD
1667 1036 1803 1061 PRIMUM
1831 1035 1930 1061 ERGO
1950 1036 2135 1062 DICENDUM
2154 1024 2260 1072 quod
2279 1031 2480 1074 peccatum
2507 1025 2588 1063 ido-

1498 1111 1499 1115 ,
1526 1077 1694 1114 lolatriae
1723 1089 1799 1114 non
1830 1078 1898 1113 fuit
1925 1076 2102 1125 punitum,
2129 1077 2191 1114 illa
2218 1090 2346 1126 poena
2378 1077 2486 1126 quasi
2514 1076 2589 1115 suf-

1525 1130 1678 1177 ficienti,
1700 1130 1767 1167 sed
1795 1130 1833 1166 in
1861 1138 2059 1179 posterum
2078 1143 2148 1180 pro
2174 1130 2237 1167 illo
2260 1138 2418 1180 peccato
2438 1131 2590 1179 gravior

1526 1196 1652 1231 poena
1680 1184 1966 1231 reservabatur:
1997 1183 2132 1220 dicitur
2160 1183 2261 1220 enim
2280 1183 2405 1222 Exod.
2433 1195 2532 1222 xxxtt
2549 1184 2587 1221 *ε

1524 1237 1611 1285 Ego
1639 1242 1763 1273 autem
1793 1237 1830 1272 in
1859 1236 1918 1272 die
1945 1236 2093 1273 ultionis
2113 1236 2270 1274 visitabo
2297 1238 2369 1273 hoc
2390 1243 2588 1286 peccatum

1525 1301 1668 1326 eorum.
2197 1300 2199 1302 ·

1578 1343 1637 1378 AD
1667 1353 1856 1378 SECUNDUM
1884 1353 2069 1378 monimum
2098 1342 2204 1390 quod
2233 1342 2447 1392 superstitio
2475 1341 2590 1386 habet

1525 1393 1810 1440 similitudinem
1840 1407 1928 1432 cum
1957 1394 2138 1442 religione
2175 1403 2360 1444 quantum
2389 1396 2440 1434 ad
2471 1403 2589 1443 mate}-

1526 1447 1657 1485 riaiem
1688 1455 1837 1494 actum,
1875 1459 1991 1496 quem
2022 1447 2172 1485 exhibet
2200 1448 2296 1486 sicut
2332 1446 2472 1497 religio.
2511 1448 2588 1497 Sed

1525 1508 1710 1549 quantum
1749 1500 1798 1538 ad
1825 1500 1965 1547 finem,
2003 1502 2088 1549 plus
2128 1502 2375 1539 contrariatur
2402 1501 2437 1539 ei
2472 1514 2589 1550 quam

1497 1555 1498 1559 ’
1525 1553 1680 1590 tentatio
1709 1553 1800 1591 Dei:
1830 1554 1920 1603 quia
1939 1553 2023 1602 plus
2051 1554 2213 1602 pertinet
2231 1554 2280 1592 ad
2301 1555 2472 1594 divinam
2499 1551 2590 1598 irref-

1498 1633 1499 1638 ,
1525 1605 1747 1653 verentiam,
1777 1614 1817 1643 ut
1846 1606 1988 1644 dictum
2017 1615 2073 1644 est
2091 1606 2121 1644 *.

1579 1661 1637 1696 An
1656 1670 1816 1696 ‘reanum
1845 1671 2030 1697 mesanum
2049 1661 2156 1708 quod
2185 1660 2232 1697 de
2262 1661 2407 1699 ratione
2437 1661 2588 1701 divinae
2630 1695 2633 1697 .

1527 1712 1768 1749 excellentiae
1802 1720 1859 1750 est
1886 1713 1992 1761 quod
2021 1713 2067 1750 sit
2095 1713 2291 1762 singularis
2321 1722 2359 1751 et
2374 1713 2590 1760 incommu-

1498 1769 1499 1773 ’
1525 1764 1712 1802 nicabilis:
1743 1773 1778 1802 et
1806 1764 1892 1803 ideo
1912 1765 2014 1804 idem
2045 1774 2099 1804 est
2127 1774 2259 1804 contra
2283 1766 2453 1806 divinam
2479 1779 2589 1811 reve-

1525 1817 1683 1855 rentiam
1721 1818 1861 1867 aliquid
1899 1831 2030 1866 agere,
2062 1827 2098 1856 et
2130 1819 2298 1858 divinam
2339 1821 2588 1863 reverentiam

1497 1877 1499 1881 ’
1525 1870 1630 1908 alteri
1658 1871 1953 1908 communicare.
1984 1872 2075 1909 Non
2101 1881 2160 1909 est
2188 1881 2315 1911 autem
2344 1873 2474 1916 similis
2494 1874 2588 1915 ratio

1526 1924 1572 1960 de
1601 1925 1747 1960 honore
1776 1932 1990 1972 parentum,
2021 1925 2087 1973 qui
2114 1933 2240 1975 potest
2268 1926 2348 1964 sine
2370 1928 2481 1976 culpa
2507 1927 2589 1971 aliis

1498 1990 1499 1993 ¹
1525 1977 1813 2014 communicari.

468 2093 492 2127 β)
512 2094 640 2126 sequitur.
652 2106 671 2112 -
687 2092 811 2118 subditur
829 2092 908 2117 PCsA
928 2096 953 2116 et
970 2099 995 2121 a,
1015 2099 1070 2116 om.
1088 2091 1137 2123 pA.

1083 2161 1415 2193 Commentaria
1438 2159 1690 2193 Cardinalis
1713 2161 1913 2194 Caietam

415 2254 461 2317 ΙΝ
485 2243 621 2274 articulis
645 2249 774 2283 quarto,
795 2241 886 2273 tertio
910 2248 940 2272 et
964 2242 1105 2272 secundo
1130 2241 1236 2277 simul,
1258 2240 1393 2271 dubium
1417 2250 1470 2270 oc-
1495 2237 1498 2290 Ι
1524 2239 1593 2270 tiari
1610 2250 1628 2270 a
1643 2240 1712 2271 Deo
1730 2250 1785 2281 per
1800 2241 1950 2281 angelum
1964 2250 2123 2274 sanctum:
2139 2243 2285 2284 quamvis
2302 2243 2486 2285 opinaretur
2500 2243 2589 2288 quod

443 2288 550 2324 currit,
575 2297 615 2317 an
638 2293 756 2317 tentare
778 2287 884 2317 Deum
913 2286 951 2316 sit
979 2295 1102 2326 semper
1131 2292 1297 2326 peccatum
1325 2284 1469 2315 mortale.

411 2333 452 2363 Et
475 2338 520 2362 est
543 2331 621 2362 ratio
639 2331 726 2361 dubii
750 2331 825 2371 quia
840 2330 872 2360 in
889 2330 1020 2360 articulo
1036 2330 1126 2360 tertio
1147 2330 1278 2370 ponitur
1300 2329 1389 2369 quod
1405 2335 1471 2359 ten-

411 2384 476 2408 tare
499 2376 604 2406 Deum
628 2382 673 2405 est
696 2382 804 2405 contra
828 2374 965 2404 divinam
984 2374 1212 2410 excellentiam;
1238 2381 1268 2404 et
1288 2373 1322 2403 in
1338 2373 1470 2404 articulo

412 2426 524 2461 quarto
549 2426 747 2459 comparatur
762 2419 936 2449 secundum
959 2418 1142 2458 gravitatem
1157 2417 1363 2448 idololatriae.
1388 2417 1472 2448 Con-

412 2471 472 2494 stat
495 2470 601 2494 autem
624 2463 712 2503 quod
727 2463 803 2492 haec
827 2472 891 2492 non
913 2462 1060 2492 dicuntur
1083 2463 1121 2492 de
1138 2462 1270 2501 peccatis
1286 2461 1469 2492 venialibus.

412 2508 496 2547 Ergo
520 2514 565 2538 est
588 2517 710 2546 semper
733 2513 895 2546 peccatum
919 2506 1060 2537 mortale.
1495 2499 1497 2546 A*

467 2552 514 2581 Ex
534 2551 596 2581 alia
612 2558 698 2590 parte
714 2551 826 2586 obstat,
843 2550 918 2590 quia
933 2549 1106 2585 Zacharias,
1122 2556 1209 2589 pater
1225 2549 1349 2579 Ioannis
1365 2548 1470 2589 Bapti-
1495 2550 1497 2588 ᾗ

413 2603 486 2631 stae,
504 2595 642 2635 peccavit
658 2595 807 2625 tentando
823 2594 928 2624 Deum
944 2594 976 2623 *z
1001 2600 1031 2623 et
1050 2601 1155 2623 tamen
1170 2603 1235 2623 non
1252 2593 1433 2623 mortaliter.
1448 2610 1469 2616 -

412 2640 452 2670 Et
468 2639 608 2670 similiter
633 2638 773 2674 Gedeon,
791 2645 827 2668 ut
843 2638 874 2668 in
893 2638 995 2668 littera
1006 2637 1023 2656 *
1038 2637 1160 2673 dicitur,
1178 2637 1318 2677 peccavit
1333 2637 1470 2677 petendo
1495 2647 1497 2660 ι

413 2684 538 2723 signum
566 2683 597 2713 in
625 2683 753 2712 vellere:
780 2689 809 2712 et
841 2689 945 2712 tamen
970 2689 1045 2712 tunc
1069 2688 1115 2711 est
1147 2681 1309 2711 exauditus
1325 2681 1359 2717 *;
1385 2688 1415 2711 et
1437 2681 1469 2711 in
1495 2688 1497 2714 ἓ

412 2727 556 2766 catalogo
580 2727 767 2757 Sanctorum
791 2726 921 2766 ponitur
943 2726 987 2756 ad
1007 2726 1089 2756 Heb.
1105 2736 1136 2755 XI
1151 2726 1178 2756 *.

467 2771 504 2801 II.
529 2771 578 2801 Ad
601 2771 663 2801 hoc
687 2770 799 2800 dicitur
830 2770 918 2810 quod
945 2777 1062 2800 tentare
1086 2770 1191 2800 Deum
1215 2779 1251 2799 ex
1274 2779 1333 2799 suo
1358 2779 1470 2809 genere
1494 2774 1496 2789 ¹

412 2823 458 2846 est
487 2822 651 2855 peccatum
681 2815 829 2845 mortale:
863 2814 1016 2854 quoniam
1040 2814 1245 2844 contrariatur
1273 2813 1395 2843 divinae
1420 2823 1469 2843 ex-

412 2859 580 2895 cellentiae,
598 2867 627 2890 et
658 2869 694 2889 ex
720 2858 804 2889 illius
829 2858 1024 2889 dubitatione
1048 2857 1199 2898 procedit,
1220 2864 1255 2888 ut
1282 2857 1314 2887 in
1337 2857 1437 2888 littera
1452 2857 1470 2876 *

412 2903 533 2933 dicitur.
557 2903 687 2943 Propter
710 2902 981 2942 imperfectionem
1001 2909 1107 2932 tamen
1131 2909 1218 2932 actus
1241 2902 1358 2942 pluries
1375 2902 1468 2932 inter-

411 2947 495 2977 venit
518 2947 661 2987 aliqualis
685 2946 744 2977 Dei
767 2947 898 2977 tentatio
923 2947 1041 2986 absque
1065 2946 1190 2976 mortali
1215 2953 1360 2986 peccato:
1390 2946 1470 2976 sicut

412 2991 506 3020 etiam
528 2991 560 3020 in
585 2991 726 3030 quolibet
749 3001 860 3030 genere
883 2991 1001 3030 peccati
1025 2990 1182 3020 invenitur
1205 2990 1324 3031 aliquid
1348 2990 1468 3020 veniale

413 3041 540 3074 propter
563 3034 834 3074 imperfectionem
857 3042 954 3065 actus.

468 3078 559 3108 Unde
581 3078 757 3114 Zacharias,
781 3079 852 3108 licet
876 3078 1049 3118 peccaverit
1073 3079 1209 3118 petendo
1235 3078 1377 3118 signum,
1403 3088 1466 3108 non
1494 3091 1495 3098 ¹

413 3121 472 3151 nisi
498 3121 656 3151 venialiter
687 3129 791 3151 tamen
821 3122 976 3161 peccavit:
1002 3129 1037 3152 ut
1061 3122 1155 3152 etiam
1186 3133 1288 3162 poena
1312 3129 1469 3163 tempora·
1493 3121 1495 3146 Ῑ

413 3165 469 3202 lis,
501 3175 574 3196 cum
609 3165 815 3205 amplitudine
851 3166 984 3205 Spiritus
1020 3166 1124 3196 Sancti
1157 3167 1315 3206 completa
1345 3177 1468 3207 poena,
1494 3202 1495 3206 Ἰ

413 3216 543 3240 testatur
561 3209 587 3240 *.
612 3210 651 3240 Et
675 3216 838 3249 peccatum
862 3209 929 3239 eius
951 3209 1011 3239 fuit
1034 3210 1108 3249 quia
1130 3220 1197 3240 non
1215 3211 1344 3241 credidit
1367 3210 1469 3241 verbis
1494 3210 1495 3217 ¹

414 3253 514 3293 angeli
529 3253 555 3284 *.
582 3253 698 3283 Videns
726 3253 844 3293 quippe
875 3253 1041 3293 angelum,
1072 3260 1102 3283 et
1131 3254 1260 3284 audiens
1291 3255 1468 3284 exauditam

414 3298 591 3329 orationem
613 3308 703 3329 suam
727 3307 784 3337 pro
808 3297 908 3328 salute
931 3297 1043 3336 populi
1066 3307 1102 3327 ac
1125 3307 1225 3337 prope
1245 3308 1311 3330 esse
1330 3298 1469 3329 Salvato-

414 3351 480 3372 rem
508 3342 674 3378 Messiam,
697 3341 740 3372 ita
767 3342 856 3381 quod
885 3351 922 3371 ex
951 3351 989 3372 eo
1019 3347 1050 3371 et
1073 3351 1170 3371 uxore
1200 3342 1376 3372 nasciturus
1405 3350 1470 3373 erat

415 3395 597 3425 praecursor
613 3385 690 3421 eius,
707 3392 742 3415 ut
757 3384 854 3422 Elias;
880 3395 953 3415 cum
970 3385 1061 3415 sciret
1075 3385 1151 3425 ipse,
1170 3386 1323 3422 sacerdos,
1341 3396 1377 3416 ex
1393 3385 1471 3424 Scri-

415 3435 506 3468 ptura
529 3435 654 3468 tempus
678 3429 809 3459 Messiae
828 3429 944 3465 adesse,
970 3438 1044 3459 non>
1060 3429 1151 3468 plene
1169 3428 1299 3460 credidit
1321 3435 1353 3460 se
1377 3440 1468 3470 gene-

415 3478 557 3502 raturum
580 3482 825 3512 praecursorem.
851 3473 968 3513 ltaque,
991 3479 1098 3503 motus
1125 3482 1162 3503 ex
1185 3473 1286 3504 causis
1312 3474 1467 3513 secundis,

416 3515 530 3546 scilicet
560 3526 597 3546 ex
619 3517 752 3547 naturali
775 3517 1026 3556 impossibilitate
1050 3517 1259 3556 generationis
1283 3528 1319 3548 ex
1342 3528 1415 3549 sene
1439 3526 1469 3550 et

416 3559 511 3589 sterili
538 3559 630 3589 etiarn
654 3560 685 3590 in
710 3567 880 3596 senectute,
906 3571 970 3591 non
994 3561 1085 3600 plene
1110 3561 1239 3592 credidit
1265 3562 1323 3592 ista
1346 3572 1468 3593 annun·
1494 3598 1495 3605 ἵ

1496 2293 1497 2300 ¹
1523 2283 1576 2314 ille
1591 2291 1672 2315 esset
1687 2285 1817 2325 angelus
1834 2292 1970 2316 sanctus.
1994 2286 2035 2317 Et
2058 2293 2188 2327 propter
2208 2287 2290 2318 hanc
2305 2287 2378 2318 fidei
2395 2286 2589 2363 debilit'a'teffi

1524 2329 1651 2368 petebat
1673 2328 1800 2369 signum
1824 2337 1860 2361 ut
1882 2329 2013 2361 firmiter
2027 2331 2224 2362 adhaereret:
2249 2331 2316 2362 sine
2339 2342 2404 2374 qua
2426 2331 2517 2363 firma
2533 2342 2551 2363 a

1496 2383 1497 2419 j
1524 2372 1672 2403 haesione
1689 2383 1755 2404 non
1773 2374 1940 2410 creditum,
1953 2375 2080 2415 proprie
2095 2376 2271 2416 loquendo.
2290 2376 2324 2406 In
2345 2376 2434 2407 cuius
2450 2376 2588 2417 signiam,

1496 2422 1497 2455 j
1525 2417 1655 2456 angelus
1683 2418 1790 2448 statim
1821 2419 2001 2458 respondit:
2035 2420 2108 2460 Ego
2136 2429 2207 2450 sum
2233 2419 2373 2452 Gabriel.
2405 2421 2450 2452 Et
2472 2422 2589 2453 nu'asus

1523 2470 1606 2498 sum,
1625 2469 1682 2492 etc.
1708 2462 1795 2492 Haec
1819 2469 1928 2493 autern
1952 2462 2116 2494 infirmitas
2136 2462 2210 2494 fidei
2226 2474 2292 2494 non
2308 2464 2368 2495 fuit
2388 2465 2427 2495 de
2447 2465 2588 2505 potentia

1524 2514 1627 2545 neque
1652 2506 1690 2535 de
1714 2506 1895 2537 excellentia
1922 2517 2026 2547 neque
2054 2508 2092 2538 de
2116 2507 2315 2547 providentia
2338 2508 2459 2546 divina,
2484 2519 2589 2552 neque

1525 2548 1562 2578 de
1586 2549 1714 2580 veritate
1738 2550 1835 2580 divini
1859 2550 1948 2587 dicti,
1973 2551 2027 2581 sed
2052 2552 2090 2582 de
2114 2551 2227 2582 nuntio
2251 2552 2326 2582 Dei:
2361 2553 2521 2593 superflua
2544 2559 2587 2585 ta-

1524 2602 1607 2629 men,
1632 2596 1706 2633 quia
1730 2604 1767 2624 ex
1790 2594 2032 2625 circumstantiis
2049 2602 2079 2626 et
2094 2595 2194 2632 dictis,
2216 2602 2246 2626 et
2269 2597 2344 2637 quia
2361 2597 2439 2628 nihil
2454 2597 2482 2628 ei
2498 2607 2588 2629 man-

1525 2637 1655 2667 dabatur
1683 2638 1841 2677 agendum
1873 2648 1946 2669 cum
1975 2639 2085 2690 aliquo
2117 2640 2276 2680 periculo,
2301 2641 2434 2671 debebat
2462 2641 2588 2673 firmare

1523 2680 1678 2711 iudicium
1706 2692 1802 2712 suum
1833 2693 1899 2723 quo
1927 2683 1985 2713 sibi
2009 2684 2174 2715 videbatur
2203 2685 2335 2715 nuntius
2358 2685 2417 2716 Dei
2448 2681 2532 2723 esse,
2557 2693 2588 2718 et

1524 2733 1753 2765 consequenter
1777 2727 1901 2757 credere
1924 2728 2034 2758 omnia
2057 2728 2173 2759 futura.
2200 2729 2242 2759 Et
2264 2729 2337 2759 ideo
2361 2729 2423 2760 fuit
2445 2729 2586 2763 venialis.

1579 2769 1711 2800 Gedeon
1743 2780 1818 2801 vero
1848 2781 1866 2801 a
1895 2772 2086 2812 quibusdam
2106 2773 2123 2792 *
2153 2780 2336 2810 excusatur,
2365 2781 2519 2815 tanquam
2546 2784 2588 2806 ex

1514 2813 1746 2854 familiaritate
1768 2815 1877 2846 divina
1910 2816 2034 2856 petierit
2056 2816 2110 2847 illa
2133 2817 2198 2848 duo
2222 2817 2310 2857 signa
2333 2817 2365 2848 in
2389 2818 2514 2851 venere.
2574 2825 2587 2850 t

1522 2865 1630 2897 posset
1652 2858 1732 2888 forte
1756 2859 1911 2896 excusari,
1936 2861 2025 2901 quod
2053 2871 2111 2901 pro
2139 2861 2287 2901 ampliori
2310 2861 2369 2892 Dei
2394 2862 2495 2903 gloria
2519 2873 2553 2896 m

1522 2901 1698 2932 nifestanda
1717 2903 1875 2939 exercitui,
1896 2914 1969 2935 cum
1987 2911 2068 2936 esset
2091 2915 2194 2936 novus
2211 2906 2283 2942 dux,
2301 2916 2367 2936 non
2384 2906 2585 2948 explorative,

1523 2947 1576 2976 sed
1605 2947 1818 2987 deprecative,
1844 2958 1917 2978 cum
1948 2948 2143 2986 humilitate,
2169 2955 2227 2990 pro
2251 2950 2364 2981 maiori
2389 2961 2446 2983 sua
2468 2950 2585 2992 gloria,

1522 2991 1608 3021 Deus
1632 2991 1708 3021 haec
1732 2991 1819 3031 signa
1843 2993 2038 3033 propalanda
2063 2993 2184 3025 faceret.
2210 2994 2241 3025 Si
2266 3001 2373 3025 tamen
2392 2995 2494 3026 verbis
2509 2994 2585 3026 solis

1494 3038 1495 3042 ’
1521 3035 1640 3065 litterae
1664 3036 1813 3066 standum
1837 3043 1892 3073 est,
1917 3037 1972 3067 ubi
1996 3047 2062 3068 non
2077 3038 2230 3078 allegatur
2245 3049 2339 3069 causa
2355 3039 2420 3070 ulla
2435 3039 2495 3070 nisi
2510 3049 2586 3071 con·

1523 3079 1681 3109 ditionalis
1699 3080 1737 3110 de
1760 3080 1900 3117 victoria,
1918 3081 2008 3112 cuius
2033 3082 2119 3121 prius
2142 3082 2398 3114 certificationem
2414 3093 2470 3124 per
2492 3093 2586 3125 ange-

1521 3123 1590 3155 lum
1606 3123 1774 3160 habuerat;
1800 3135 1873 3155 cum
1888 3127 2028 3156 Auctore
2044 3125 2061 3145 *
2077 3126 2248 3157 dicendum
2271 3127 2395 3158 videtur
2410 3128 2499 3169 quod
2519 3138 2582 3159 non

1523 3173 1698 3198 excusatur
1713 3178 1732 3198 a
1744 3174 1888 3208 peccato.
1907 3170 2037 3200 Veniale
2053 3177 2159 3200 tamen
2178 3170 2257 3201 illud
2274 3179 2356 3212 puto
2372 3172 2485 3203 fuisse:
2509 3171 2584 3213 quia
2629 3174 2632 3177 ’

1522 3221 1578 3251 per
1600 3212 1736 3242 modum
1759 3212 1890 3243 humilis
1922 3213 2151 3253 deprecationis
2173 3214 2390 3247 infirmitatem
2412 3215 2486 3247 fidei
2509 3225 2584 3248 suae

1522 3255 1734 3285 adiuvandam
1765 3257 1855 3295 petiit
1884 3258 2102 3288 consolatione
2132 3259 2316 3298 signorum,
2346 3260 2419 3291 licet
2447 3261 2585 3291 crederet

1522 3299 1611 3338 quod
1633 3299 1721 3339 prius
1745 3300 1894 3332 didicerat
1917 3302 1955 3331 ab
1971 3302 2094 3341 angelo.
2119 3303 2220 3340 Quasi
2243 3303 2338 3335 fuerit
2360 3304 2583 3341 tuae-*Gom

1522 3342 1694 3382 dispositus
1710 3353 1748 3374 eo
1766 3345 1864 3375 modo
1888 3355 1954 3387 quo
1978 3345 2085 3377 fideles
2109 3346 2238 3379 firmiter
2258 3348 2460 3389 persistent&
2471 3344 2583 3380 infide

1523 3393 1596 3417 sunt
1627 3387 1770 3428 dispositi
1801 3390 1929 3430 quando
1961 3396 2120 3422 tentantur
2149 3391 2336 3427 intrinsecus
2369 3393 2408 3423 de
2433 3390 2507 3424 fide.
2539 3391 2583 3423 tm

1522 3431 1610 3471 quod
1633 3430 1829 3472 imperfectio
1854 3440 1941 3464 actus
1966 3435 2055 3475 quasi
2079 3435 2259 3477 vacillandi,
2283 3445 2320 3467 ex
2341 3444 2409 3479 quo
2431 3436 2584 3477 procoesit

1522 3475 1650 3506 humilis
1680 3476 1886 3516 supplicatio,
1915 3478 1995 3508 infra
2026 3479 2195 3510 venialium
2226 3479 2426 3510 latitudinem
2452 3480 2584 3511 retinuit

1522 3526 1628 3550 actum
1652 3520 1842 3551 tentationis.

1577 3564 1618 3594 Et
1641 3574 1695 3604 per
1719 3564 1795 3595 haec
1819 3572 1904 3605 patet
1927 3567 2091 3607 responsio
2115 3567 2155 3598 ad
2178 3567 2311 3598 obiecta.

2619 770 2627 778 ·
2635 768 2685 796 Qu.
2692 773 2756 795 xciv,
2761 772 2804 793 ιη.
2812 767 2824 785 ’-

2616 794 2645 816 ad
2659 801 2676 817 1.

2615 1188 2759 1218 ‘von-34.
2812 1186 2815 1187 ⁷

2618 1607 2788 1636 'hempen-
2812 1587 2814 1589 -

2613 2833 2664 2856 etp.
2677 2833 2710 2855 n,
2720 2833 2779 2851 von.
2791 2847 2793 2850 .

2612 3130 2621 3139 ·
2634 3131 2687 3152 Art.
2700 3135 2723 3158 a,
2734 3129 2764 3152 ad
