2860 4244
418 246 494 292 354

416 325 551 361 alterius,
576 325 618 355 ita
642 332 676 354 ut
700 334 764 353 non
789 330 876 363 egeat
898 323 1007 353 habitu
1031 322 1210 362 perficiente
1236 322 1338 361 ipsam
1357 322 1397 351 ad
1421 322 1473 352 eli-
1500 323 1502 367 ζ

415 370 555 409 gendum
579 370 700 399 bonum
717 368 756 397 ad
773 368 915 397 alterum.
941 367 1036 402 Sicut,
1054 376 1110 405 per
1126 365 1322 405 oppositum,
1347 375 1442 405 supra
1458 364 1473 380 *¹
1500 370 1501 399 ἢ

416 413 582 443 didicimus
599 413 686 453 quod
709 412 783 451 quia
808 410 987 440 naturaliter
1009 410 1041 439 in
1059 409 1224 449 proprium
1245 410 1368 439 bonum
1384 409 1472 440 incli—
1499 407 1501 420 ¹

416 467 528 488 namur
551 457 726 487 secundum
755 455 949 494 superiorem
979 460 1098 493 partem
1123 453 1297 493 appetitus,
1322 453 1394 484 ideo
1418 463 1473 484 vo—
1499 439 1501 467 s

414 503 518 532 luntas
542 501 574 530 in
597 501 644 530 his
669 508 748 540 quae
773 499 811 528 ad
835 508 894 527 nos
918 505 991 527 sunt
1015 508 1080 527 non
1105 504 1173 536 eget
1192 497 1316 528 virtute.
1499 492 1500 497 ¹

470 545 599 575 Clarum
624 550 669 573 est
691 542 841 577 secundo,
866 542 955 582 quod
978 542 1052 582 quia
1075 542 1199 581 aliquae
1221 541 1360 578 virtutes,
1386 549 1421 573 ut
1435 542 1471 572 li-
1498 529 1500 583 l

413 589 564 624 beralitas,
585 588 627 618 sic
651 586 821 625 respiciunt
845 586 1043 625 operationes
1067 586 1106 615 ad
1130 586 1274 622 alterum,
1299 593 1375 626 puta
1399 587 1472 616 dare

412 633 505 673 gratis
529 631 678 672 pecunias
701 630 797 665 alteri,
816 637 850 660 ut
867 637 1012 669 oporteat
1035 629 1196 670 passiones
1213 630 1392 670 cupiditatis
1415 631 1471 662 do-

413 686 512 713 mare;
537 676 608 705 ideo
632 682 725 705 etiam
756 674 788 703 in
819 674 1054 713 concupiscibili
1083 681 1227 713 oporteat
1255 674 1392 715 aliquam
1418 675 1471 705 ha-

411 720 561 751 bitualem
585 719 810 758 perfectionem
834 727 961 757 ponere.

466 764 662 802 Ambiguum
687 772 761 793 vero
782 769 827 792 est
850 761 881 791 in
899 771 962 802 qua
986 771 1105 798 earum,
1130 762 1245 793 scilicet
1262 762 1293 792 in
1309 763 1470 793 voluntate

411 818 450 838 an
474 807 505 838 in
530 806 782 847 concupiscibili,
808 806 938 836 dicenda
962 805 1001 836 sit
1023 816 1090 836 esse
1122 806 1305 846 simpliciter
1326 814 1356 838 et
1379 808 1470 837 abso-

410 853 475 882 lute
499 852 578 882 sicut
608 851 640 881 in
670 851 810 881 subiecto
844 850 1029 880 huiusmodi
1052 850 1160 882 virtus.
1192 851 1289 887 Quod
1313 851 1472 882 evidenter

411 906 475 926 non
499 903 627 937 apparet
657 895 723 925 sine
755 894 949 924 discussione
979 901 1108 925 actuum
1135 895 1338 935 propriorum
1361 896 1469 926 huius-

410 940 497 970 modi
513 940 676 970 virtutum.
701 939 741 969 Et
757 945 922 979 propterea
937 948 1038 979 usque
1053 939 1092 969 ad
1112 939 1231 970 dictum
1248 940 1357 970 locum
1372 938 1388 955 *
1411 940 1469 970 dif-

409 984 525 1014 feratur
557 983 668 1014 ultima
696 982 848 1013 definitio.
879 983 1045 1020 Quantum
1076 990 1183 1014 autem
1210 984 1249 1013 ad
1273 992 1469 1024 praesentem

408 1028 553 1064 litteram,
578 1034 683 1067 potest
712 1027 842 1067 glossari
867 1027 954 1067 quod
984 1026 1167 1068 intelligitur
1190 1028 1229 1058 de
1254 1028 1394 1068 partibus
1422 1028 1468 1059 iu-

408 1072 507 1103 stitiae
536 1082 618 1113 quae
648 1071 751 1102 stricte
774 1078 804 1102 et
827 1071 953 1111 proprie
981 1079 1055 1102 sunt
1083 1079 1185 1112 partes
1215 1071 1365 1109 iustitiae,
1390 1082 1468 1112 quas

408 1116 534 1147 Tullius
558 1115 753 1146 enumeravit
767 1115 793 1151 *‚
818 1125 900 1155 quae
923 1115 1039 1146 scilicet
1061 1116 1177 1147 habent
1195 1116 1350 1146 rationem
1373 1117 1468 1147 debiti

408 1161 446 1191 ad
470 1161 604 1191 alterum
634 1160 677 1190 ita
700 1160 788 1200 quod
811 1160 878 1190 sine
902 1170 940 1190 eo
965 1170 1030 1190 non
1059 1160 1195 1191 salvatur
1218 1170 1347 1190 morum
1369 1160 1468 1190 hone-

407 1212 478 1236 stas.
503 1204 685 1235 Liberalitas
700 1211 806 1234 autem
830 1210 860 1234 et
883 1203 1068 1234 huiusmodi
1085 1214 1150 1234 non
1174 1211 1248 1234 sunt
1271 1204 1466 1241 huiusmodi,

407 1251 460 1279 sed
485 1259 599 1289 parum
622 1248 737 1278 habent
756 1248 794 1278 de
818 1247 937 1277 ratione
961 1247 1066 1284 debiti,
1091 1257 1155 1278 non
1179 1249 1218 1278 ad
1241 1247 1466 1285 necessitatem,

406 1293 461 1323 sed
484 1300 612 1333 propter
636 1291 765 1322 melius:
792 1299 828 1321 ut
851 1291 994 1331 superius
1013 1291 1045 1321 in
1070 1301 1124 1331 qu.
1145 1302 1223 1322 Lxxx
1243 1298 1337 1331 patet,
1358 1292 1413 1322 ubi
1429 1292 1467 1322 de

407 1337 546 1377 partibus
569 1336 705 1367 iustitiae
728 1341 885 1366 tractatur.

462 1382 512 1412 111.
538 1382 572 1411 In
602 1379 807 1420 responsione
835 1379 875 1409 ad
905 1379 1092 1418 septimum,
1123 1386 1199 1410 nota
1229 1379 1349 1420 primo,
1378 1380 1466 1420 quod

405 1426 489 1465 Papa
512 1432 616 1465 potest
639 1424 836 1454 committere
867 1429 1030 1463 peccatum
1059 1423 1229 1460 simoniae,
1254 1423 1334 1454 sicut
1357 1434 1466 1464 pecca-

404 1477 473 1500 tum
496 1468 640 1499 adulterii
664 1476 694 1499 et
717 1468 854 1498 aliorum
877 1467 1046 1498 vitiorum:
1073 1468 1218 1508 quamvis
1249 1468 1370 1498 nullam
1394 1479 1465 1499 cen-

405 1523 511 1544 suram
534 1513 681 1543 incurrat.
706 1513 747 1543 Et
770 1511 831 1542 hoc
856 1518 902 1542 est
924 1512 1054 1542 clarum.

458 1558 542 1588 Nota
566 1557 706 1587 secundo
722 1557 820 1596 quod,
838 1565 912 1586 cum
928 1556 1045 1596 duplex
1064 1556 1103 1586 sit
1117 1556 1252 1596 pecunia
1267 1566 1365 1597 quam
1381 1557 1466 1596 Papa

404 1608 511 1642 posset
525 1602 671 1642 recipere,
686 1600 803 1631 scilicet
818 1600 984 1636 Ecclesiae,
1001 1600 1050 1630 vel
1069 1600 1253 1640 profanam;
1278 1611 1466 1641 quamcum-

403 1656 466 1686 que
481 1646 610 1686 recipiat
626 1652 662 1675 ut
677 1645 814 1685 pretium
835 1644 1004 1684 spiritualis
1020 1644 1073 1680 rei,
1091 1644 1261 1675 simoniam
1280 1645 1465 1675 committit:

403 1690 481 1731 quia*
503 1697 612 1720 neutra
631 1697 677 1720 est
700 1699 766 1720 sua.
791 1689 831 1719 Et
855 1689 893 1719 de
917 1688 1050 1729 profana
1073 1696 1166 1729 patet.
1191 1690 1238 1720 De
1262 1689 1467 1720 ecclesiastica

402 1745 477 1765 vero
502 1734 534 1765 in
550 1734 651 1764 littera
666 1733 853 1764 declaratur:
879 1733 954 1773 quia
970 1733 1054 1773 Papa
1074 1743 1139 1763 non
1164 1740 1209 1764 est
1233 1733 1394 1771 dominus,
1411 1734 1466 1764 sed

404 1779 601 1819 dispensator
625 1777 804 1818 principalis
827 1777 980 1817 pecuniae
1003 1777 1242 1813 ecclesiasticae;
1268 1788 1303 1808 ac
1322 1787 1378 1818 per
1393 1777 1464 1814 hoc,

404 1823 538 1863 pecunia
561 1822 718 1852 Ecclesiae
742 1831 807 1851 non
832 1828 878 1852 est
897 1831 954 1851 sua
978 1821 1131 1857 absolute,
1149 1828 1185 1852 ut
1207 1822 1307 1862 possit
1333 1822 1372 1852 ad
1395 1821 1465 1852 libi-

403 1874 473 1897 tum
497 1867 535 1897 de
559 1876 595 1896 ea
618 1866 795 1906 disponere.

180 371 187 380 ⁸
198 370 220 390 1²¹
231 370 284 394 11⁰⁰,
311 376 333 391 u.
344 376 388 396 cvi,

178 401 220 417 art.
229 396 251 417 6.
261 408 270 412 -
279 395 297 418 C
307 410 314 418 .
323 402 388 418 com-

179 426 249 444 ment.

174 944 182 951 ·
208 942 255 968 Qu.
281 947 365 962 cxxxiv
376 957 381 967 ,

173 971 215 989 art.
230 975 252 993 4,
270 967 298 988 ad
313 973 329 988 ι.

174 1127 180 1134 ·
189 1125 313 1146 Delnvent.
320 1124 379 1146 Rhe-

170 1154 218 1199 ,ἰ-(ιὶινζ
234 1151 273 1172 lib.
287 1151 316 1178 11,
329 1157 379 1178 cap.

1130 2010 1484 2052 ARTICULUS

1131 244 1396 290 QUAESTIO
1427 245 1475 292 C,
1504 245 1800 283 ARTICULUS
1830 247 1860 282 ll

1582 323 1665 354 Nota
1689 324 1780 354 tertio
1804 325 1902 364 quod,
1924 334 1997 355 cum
2021 331 2159 364 potestas
2183 326 2286 365 Papae
2309 327 2416 366 quoad
2438 337 2486 358 res
2509 335 2587 359 tem-

1527 367 1651 406 porales
1677 368 1845 404 Ecclesiae,
1871 368 1911 398 sit
1938 375 2075 408 potestas
2101 379 2167 399 non
2187 369 2319 406 domini,
2347 371 2402 401 sed
2427 371 2586 411 dispensa-

1527 410 1620 447 toris,
1645 418 1680 442 ut
1712 411 1744 441 in
1777 412 1878 442 littera
1911 412 2037 448 dicitur;
2069 422 2266 453 consequens
2294 421 2340 444 est
2363 422 2399 445 ut
2421 415 2586 455 plenitudo

1527 454 1689 494 potestatis
1712 455 1836 495 Papalis
1859 456 1939 486 circa
1963 457 2047 486 bona
2065 456 2221 487 Ecclesiae
2238 458 2424 497 temporalia
2447 469 2512 490 non
2537 470 2586 490 ex-

1499 514 1500 525 i
1527 506 1576 528 eat
1605 498 1720 529 limites
1753 500 1916 539 potestatis
1946 500 2189 540 dispensativae:
2221 501 2301 531 sicut
2333 501 2365 531 in
2393 503 2587 534 naturalibus

1526 543 1690 582 plenitudo
1715 544 1874 583 potentiae
1891 544 2088 575 calefactivae
2111 555 2177 574 non
2201 545 2262 575 exit
2285 545 2402 576 limites
2424 548 2587 586 potestatis

1526 586 1737 623 calefactivae‚
1762 594 1792 618 et
1814 587 1846 618 in
1871 588 2007 627 politicis
2024 588 2190 628 plenitudo
2214 589 2378 629 potestatis
2395 590 2498 630 regiae
2521 601 2586 622 non

1526 631 1587 661 exit
1601 631 1717 661 limites
1732 631 1834 671 regiae
1857 633 2030 672 potestatis.
2053 635 2100 663 Ac
2116 643 2181 673 per,
2195 633 2268 671 hoc,
2285 644 2351 664 non
2374 641 2479 673 potest
2500 635 2587 676 Papa

1526 675 1564 704 ad
1587 674 1711 705 libitum
1737 676 1854 706 donare
1878 686 1925 706 res
1948 676 2120 707 Ecclesiae:
2146 677 2200 707 sed
2224 684 2337 717 potest,
2355 685 2506 719 tanquam
2529 679 2585 709 ha-

1525 719 1601 749 bens
1632 719 1753 759 apicem
1778 719 2005 760 dispensativae
2034 721 2216 760 potestatis,
2241 722 2345 752 multo
2369 722 2441 762 plus
2465 722 2504 753 de
2528 723 2584 753 eis-

1525 763 1598 793 dem
1622 763 1788 803 disponere
1808 773 1906 804 quam
1928 764 2124 805 quicumque
2148 765 2227 796 alius
2251 766 2415 806 proximus
2439 767 2585 797 ecclesiae

1525 806 1657 837 alicuius
1680 807 1848 848 praelatus,

1579 851 1620 882 Et
1638 861 1694 891 per
1716 851 1778 882 hoc
1807 858 1892 891 patet
1924 851 2042 882 solutio
2070 852 2263 892 quaestionis
2291 861 2519 890 mercatorum,
2545 865 2584 885 an

1524 895 1641 926 scilicet
1665 896 1702 925 de
1727 895 1829 926 usuris
1858 905 1936 936 quas
1967 904 2041 926 curn
2071 896 2187 926 clericis
2209 897 2318 934 variis,
2345 898 2434 928 certis
2461 905 2583 936 tamen,

1523 939 1634 971 lucrati
1658 947 1740 976 sunt,
1766 939 1890 980 possint
1913 949 1987 970 cum
2001 939 2143 970 Domino
2162 940 2247 980 Papa
2263 950 2470 982 componere:
2494 950 2583 983 puta,

1524 985 1549 1014 si
1573 994 1687 1015 usurae
1710 984 1883 1014 ascendunt
1907 983 1946 1013 ad
1969 983 2152 1024 quindecim
2175 984 2262 1014 milia
2288 985 2487 1023 ducatorum,
2511 988 2584 1018 dare

1523 1029 1626 1068 Papae
1656 1028 1714 1059 tria
1742 1029 1793 1058 vel
1821 1034 1958 1068 quatuor
1988 1027 2075 1058 milia
2104 1035 2134 1058 et
2162 1028 2325 1059 residuum
2348 1029 2406 1060 sibi
2436 1030 2583 1068 retinere,

1523 1080 1591 1103 tuta
1622 1072 1822 1103 conscientia.
1856 1072 1991 1103 Constat
2019 1082 2159 1113 namque
2193 1073 2282 1113 quod
2315 1083 2381 1104 non
2410 1082 2585 1106 remaneret

1523 1124 1677 1147 mercator
1707 1117 1872 1147 absolutus
1895 1116 1927 1146 in
1952 1116 2154 1147 conscientia.
2188 1117 2276 1148 Tum
2305 1118 2380 1158 quia
2409 1118 2495 1159 Papa
2518 1129 2583 1150 non

1523 1168 1569 1191 est
1595 1160 1758 1197 dominus,
1784 1161 1838 1191 sed
1867 1160 2064 1201 dispensator
2095 1171 2202 1191 rerum
2233 1162 2526 1193 ecclesiasticarum:
2555 1172 2585 1196 et

1521 1205 1707 1235 huiusmodi
1726 1203 1918 1245 compositio
1943 1214 2007 1234 non
2033 1212 2113 1236 esset
2137 1204 2338 1245 dispensatio,
2362 1216 2444 1248 quae
2472 1207 2585 1238 discre-

1521 1255 1586 1279 tam
1610 1248 1852 1288 dispositionem
1882 1249 2042 1288 importat.
2067 1266 2085 1271 —
2109 1249 2197 1279 Tum
2225 1250 2299 1290 quia
2328 1250 2423 1281 eriam
2451 1251 2476 1281 si
2499 1251 2585 1292 Papa

1521 1299 1601 1322 esset
1625 1292 1791 1328 dominus,
1817 1292 2027 1331 praesumitur
2049 1293 2256 1325 verisimiliter
2288 1295 2377 1335 quod
2400 1305 2466 1325 non
2489 1295 2585 1327 libere

1521 1337 1662 1372 donaret,
1679 1337 1734 1366 sed
1750 1335 1917 1367 redimeret
1930 1336 2130 1367 vexationem
2152 1347 2244 1368 suam
2258 1338 2442 1379 accipiendo
2466 1339 2505 1370 de
2524 1350 2584 1371 suo

1493 1379 1494 1382 ’
1520 1387 1678 1421 quantum
1694 1380 1808 1410 habere
1824 1386 1941 1420 posset.
1966 1379 2067 1411 Cuius
2086 1381 2290 1413 manifestum
2306 1382 2433 1422 signum
2448 1390 2495 1414 est
2509 1385 2584 1425 quia

1521 1431 1654 1455 conatur
1677 1424 1902 1465 componendo
1927 1424 2074 1455 rehabere
2097 1432 2254 1465 quantum
2277 1426 2349 1466 plus
2371 1434 2487 1466 potest.

1577 1469 1624 1499 Ex
1647 1469 1762 1499 eodem
1776 1478 1907 1509 quoque
1923 1467 2142 1505 fundamento,
2160 1469 2276 1500 scilicet
2299 1471 2387 1511 quod
2409 1471 2495 1512 Papa
2517 1481 2584 1502 non

1493 1511 1494 1536 ἶ
1521 1519 1567 1543 est
1591 1513 1741 1543 dominus
1765 1513 1819 1543 sed
1836 1512 2043 1552 dispensator,
2061 1513 2202 1554 sequitur
2225 1514 2314 1555 quod
2333 1515 2371 1545 de
2387 1515 2583 1555 plenitudine

1521 1557 1684 1597 potestatis
1708 1567 1774 1587 non
1797 1556 1898 1597 possit
1920 1557 1959 1587 ad
1983 1557 2109 1587 libitum
2140 1557 2213 1588 dare
2242 1558 2328 1589 bona
2350 1558 2508 1590 Ecclesiae
2532 1559 2583 1591 cui

1520 1601 1666 1637 voluerit,
1691 1607 1745 1631 aut
1764 1600 2016 1641 consanguineis,
2042 1608 2117 1632 etc.:
2142 1602 2201 1636 sed,
2219 1609 2343 1633 tenetur
2366 1601 2499 1634 fideliter
2521 1604 2584 1634 dis-

1521 1655 1652 1685 pensare
1674 1651 1710 1675 ut
1724 1652 1806 1676 recta
1829 1644 1908 1675 ratio
1926 1646 2052 1682 suadet;
2076 1645 2162 1676 iuxta
2177 1645 2256 1676 illud
2272 1646 2302 1676 *z
2322 1647 2390 1678 Hic
2404 1648 2469 1678 iam
2485 1657 2584 1688 quae-

1521 1690 1607 1720 ritur
1629 1690 1714 1720 inter
1731 1689 1967 1729 dispensatores
1983 1694 2018 1719 ut
2022 1690 2136 1730 fidelis
2153 1691 2224 1730 quis
2239 1692 2432 1722 inveniatur.
2445 1692 2499 1722 -Et
2516 1702 2584 1723 rur·

1521 1743 1574 1763 sus
1590 1733 1620 1763 *:
1645 1734 1766 1764 Fidelis
1787 1743 1902 1764 servus
1925 1739 1955 1764 et
1971 1734 2129 1774 prudens,
2149 1744 2241 1774 quem
2259 1737 2422 1766 constituit
2435 1736 2584 1768 dominus

1492 1786 1493 1789 ¹
1520 1787 1618 1817 super
1630 1777 1798 1818 familiam
1822 1786 1927 1814 suam,
1945 1782 1980 1808 ut
2002 1777 2055 1808 det
2077 1778 2142 1809 illis
2164 1779 2196 1809 in
2221 1784 2362 1820 tempore
2377 1781 2476 1811 tritici
2497 1790 2583 1811 men-

1519 1829 1652 1852 suram:
1675 1828 1705 1852 et
1728 1831 1794 1852 non
1818 1822 1857 1851 ad
1880 1821 2016 1858 libitum,
2041 1830 2196 1862 quantum
2220 1822 2315 1854 volet.

1521 2009 1851 2052 SECUNDUS

741 2093 895 2124 UTRUM
920 2093 1087 2123 SEMPER
1111 2093 1177 2124 SIT
1203 2093 1427 2124 ILLlCITUM
1450 2093 1535 2124 PRO
1560 2092 1862 2124 SACRAMENTIS
1886 2092 2107 2124 PECUNIAM
2131 2093 2247 2124 DARE

1170 2163 1203 2187 1v
1223 2163 1306 2192 Sent„
1327 2163 1386 2188 dist.
1404 2170 1461 2194 xxv,
1480 2171 1525 2196 qu.
1544 2170 1582 2194 111,
1601 2168 1648 2188 art.
1670 2170 1692 2192 2,
1712 2163 1763 2195 qu*
1786 2170 1808 2188 1.

431 2255 493 2299 {af-‚²
514 2259 587 2308 μᾷ(
611 2255 634 2280 D
650 2254 841 2280 SECUNDUM
857 2255 911 2279 sm
927 2254 1168 2280 PROCEDITUR.
1184 2243 1343 2280 Videtur
1357 2242 1463 2292 quod

425 2284 590 2355 '537¹ssss
612 2309 690 2333 non
719 2308 870 2344 semper
890 2295 936 2332 sit
964 2296 1131 2332 illicitum
1150 2308 1219 2344 pro
1250 2308 1463 2333 sacramen-

418 2346 466 2394 ,γ’
516 2368 530 2377 -2
554 2345 656 2386 tis
703 2349 878 2386 ecuniam
908 2349 1009 2386 dare.
1039 2350 1093 2385 Ba
1123 2349 1256 2386 tismus
1286 2349 1387 2386 enim
1409 2357 1464 2386 est

419 2376 433 2405 fi
458 2414 470 2427 κ
491 2362 729 2439 ''³>k2'an12'1a
757 2362 1154 2448 sacramentorum,put
1181 2403 1217 2439 in
1247 2403 1296 2439 III
1318 2403 1428 2439 Parte
1443 2402 1464 2424 ’¹‘
1488 2402 1490 2440 ἑ

403 2454 558 2491 dicetur.
590 2456 663 2492 Sed
684 2454 780 2501 licet,
801 2463 842 2491 ut
860 2455 1020 2501 videtur,
1043 2455 1079 2491 in
1109 2455 1236 2504 aliquo
1263 2467 1353 2492 casu
1373 2456 1462 2492 dare
1488 2473 1490 2506 Ξ

401 2507 604 2556 pecuniam
633 2520 704 2556 pro
733 2508 943 2556 baptismo:
974 2516 1063 2556 puta
1092 2508 1245 2556 quando
1285 2508 1462 2544 sacerdos

402 2573 563 2609 puerum
583 2561 809 2597 morientem
834 2561 912 2597 sine
933 2561 1052 2610 pretio
1078 2561 1266 2609 baptizare
1288 2573 1366 2597 non
1384 2562 1463 2597 vel-

402 2614 463 2650 let.
502 2614 604 2661 Ergo
642 2626 721 2650 non
755 2625 906 2662 semper
942 2621 996 2650 est
1032 2613 1197 2650 illicitum
1236 2625 1363 2650 emere
1399 2614 1462 2650 vel

402 2666 569 2703 vendere
597 2674 844 2704 sacramenta.

457 2731 491 2756 2.
526 2720 768 2766 PRAETEREA,
798 2719 1009 2756 maximum
1048 2727 1372 2756 sacramentorum
1407 2727 1463 2756 est

402 2772 647 2819 Eucharistia,
669 2785 767 2821 quae
795 2772 833 2809 in
861 2772 975 2809 missa
1004 2780 1257 2809 consecratur.
1288 2773 1361 2809 Sed
1389 2784 1460 2821 pro

402 2825 526 2862 missis
564 2826 759 2862 cantandis
797 2825 912 2874 aliqui
949 2826 1165 2862 sacerdotes
1199 2825 1461 2873 praebendam

401 2880 462 2915 vel
491 2879 692 2928 pecuniam
718 2878 918 2927 accipiunt.
950 2879 1052 2926 Ergo
1081 2878 1166 2915 licet
1194 2880 1313 2915 multo
1343 2878 1461 2927 magiS
1487 2890 1489 2899 ’

402 2932 474 2968 alia
502 2940 738 2968 sacramenta
768 2944 895 2968 emere
923 2932 985 2968 vel
1013 2932 1193 2968 vendere.
1487 2938 1489 2964 1

458 2985 491 3020 3.
526 2986 762 3031 PRAETEREA,
797 2993 1076 3022 sacramentum
1114 2985 1369 3034 poenitentiae
1407 2992 1463 3021 est

403 3045 682 3074 sacramentum
705 3038 956 3085 necessitatis,
986 3037 1091 3086 quod
1110 3038 1315 3087 praecipue
1334 3037 1372 3074 in
1396 3038 1462 3074 ab·

404 3090 589 3127 solutione
620 3090 797 3127 consistit.
838 3091 914 3128 Sed
949 3091 1106 3138 quidam
1140 3092 1381 3128 absolventes
1413 3092 1461 3128 ab

405 3142 798 3180 excommunicatione
826 3143 1028 3191 pecuniam
1058 3144 1219 3192 exigunt.
1250 3145 1351 3192 Ergo
1382 3156 1461 3180 non

404 3208 555 3245 semper
585 3203 640 3233 est
667 3195 834 3232 illicitum
863 3204 1098 3232 sacramenta
1128 3208 1252 3233 emere
1281 3198 1342 3233 vel
1370 3208 1463 3232 ven-

404 3249 505 3285 dere.

456 3313 493 3348 4.
521 3303 752 3349 palmeam,
783 3300 1020 3338 consuetudo
1040 3300 1126 3337 facit
1145 3309 1186 3337 ut
1214 3313 1292 3337 non
1312 3299 1357 3337 sit
1375 3314 1463 3350 pec-

166 3372 180 3402 ἢ
205 3371 271 3392 cont.
295 3370 376 3392 rausi.
405 3362 531 3391 catum
556 3354 645 3391 illud
665 3355 770 3402 quod
790 3354 880 3392 alias
899 3361 1098 3403 peccatum
1129 3361 1242 3390 esset:
1274 3353 1368 3390 sicut
1386 3356 1463 3391 Au-

168 3398 206 3418 ¹¹'³'
231 3397 303 3424 '³⁸¹¹'
326 3403 377 3425 αφ·
404 3407 573 3454 gustinus
588 3407 675 3444 dicit
688 3408 708 3428 *
723 3408 828 3457 quod
848 3408 989 3444 habere
1004 3408 1130 3455 plures
1149 3418 1298 3454 uxores,
1314 3407 1463 3454 quando

167 3430 238 3445 nvn.

163 2405 170 2412 ·
189 2403 236 2429 Qu.
253 2408 316 2428 unx,
332 2406 374 2424 art.

163 2429 189 2454 62
200 2435 323 2456 qu.1xvut,
333 2432 374 2450 art.

163 2455 177 2476 6
185 2462 190 2481 ς
199 2461 238 2482 qu.
246 2459 374 2483 unibert-

163 2488 185 2510 3.

1518 2255 1600 2280 mos
1628 2248 1728 2288 erat,
1758 2243 1899 2279 crimen
1930 2254 2004 2279 non
2033 2248 2125 2279 erat.
2156 2242 2233 2287 Sed
2262 2243 2365 2292 apud
2393 2244 2580 2293 quosdam

1519 2303 1574 2333 est
1602 2296 1840 2333 consuetudo
1870 2296 1974 2344 quod
1994 2295 2032 2332 in
2056 2295 2404 2333 consecrationibus
2434 2296 2579 2346 episco-

1517 2361 1675 2398 porum,
1714 2348 2042 2386 benedictionibus
2080 2349 2284 2396 abbatum,
2315 2357 2351 2386 et
2384 2349 2580 2388 ordinibus

1518 2402 1755 2448 clericorum,
1775 2414 1845 2451 pro
1876 2402 2076 2439 chrismate
2095 2403 2158 2438 vel
2178 2402 2264 2438 oleo
2293 2410 2423 2439 sancto
2445 2410 2481 2439 et
2499 2403 2580 2440 aliis

1516 2455 1735 2491 huiusmodi
1765 2455 1907 2504 aliquid
1928 2455 2046 2492 detur.
2077 2455 2180 2502 Ergo
2199 2454 2351 2491 videtur
2372 2455 2476 2503 quod
2503 2456 2579 2493 hoc

1517 2520 1595 2544 non
1624 2508 1670 2544 sit
1698 2508 1877 2544 illicitum.

1574 2561 1606 2597 5.
1637 2561 1870 2606 Pmaraam,
1900 2559 2079 2607 contingit
2112 2560 2343 2608 quandoque
2381 2561 2486 2609 quod
2515 2561 2578 2598 ali-

1517 2613 1600 2662 quis
1620 2613 1807 2650 malitiose
1826 2613 1984 2661 impedit
1998 2613 2163 2662 aliquem
2177 2614 2239 2650 vel
2255 2618 2272 2634 ‘²
2291 2614 2339 2650 ab
2356 2613 2578 2663 episcopatu

1517 2666 1745 2713 obtinendo,
1766 2666 1829 2703 vel
1857 2667 1905 2703 ab
1926 2666 2053 2714 aliqua
2077 2666 2148 2703 alia
2169 2665 2356 2714 dignitate.
2388 2667 2464 2704 Sed
2492 2666 2579 2705 licet

1515 2719 1717 2768 unicuique
1752 2719 1940 2757 redimere
1974 2731 2082 2756 suam
2111 2719 2366 2756 vexationem.
2406 2720 2508 2768 Ergo
2536 2720 2577 2757 li-

1517 2773 1631 2809 citum
1660 2772 1811 2810 videtur
1847 2772 1885 2809 in
1922 2772 1983 2809 tali
2013 2784 2103 2809 casu
2137 2772 2342 2821 pecuniam
2381 2773 2471 2810 dare
2505 2785 2576 2822 pro

1516 2825 1750 2875 episcopatu,
1770 2825 1832 2862 vel
1851 2825 1977 2875 aliqua
1996 2825 2067 2862 alia
2081 2824 2096 2855 β
2116 2825 2366 2863 ecclesiastica
2386 2825 2576 2874 dignitate.

1570 2879 1605 2915 6.
1626 2879 1865 2925 PRAETEREA,
1894 2878 2180 2915 matrimonium
2210 2886 2266 2915 est
2293 2879 2490 2928 quoddam
2520 2891 2577 2917 sa-

1516 2939 1766 2968 cramentum.
1802 2932 1879 2969 Sed
1918 2932 2149 2981 quandoque
2179 2932 2288 2969 datur
2314 2932 2478 2981 pecunia
2505 2944 2575 2981 pro

1515 2984 1773 3022 matrimonio.
1805 2985 1906 3033 Ergo
1936 2985 2078 3022 licitum
2109 2992 2164 3022 est
2191 2993 2427 3022 sacramenta
2458 2997 2574 3034 pecu-

1515 3038 1577 3075 nia
1595 3043 1611 3066 Υ
1638 3037 1818 3075 vendere.

1569 3091 1643 3128 SED
1672 3102 1819 3128 CONTRA
1846 3102 1912 3127 EST
1947 3091 2051 3139 quod
2089 3090 2224 3127 dicitur
2251 3092 2278 3138 1,
2308 3103 2372 3139 qu.
2402 3090 2469 3128 1³¹⁸:
2502 3090 2579 3133 Qui

1509 3155 1582 3192 per
1603 3144 1806 3192 pecuniam
1825 3140 1839 3165 ὅ
1859 3155 2094 3192 quemquam
2122 3144 2407 3190 consecraverit,
2431 3143 2576 3181 alienus

1513 3197 1562 3232 sit
1586 3208 1610 3232 a
1637 3196 1856 3233 sacerdotio.

1570 3249 1796 3286 Respounao
1825 3260 2009 3286 DICENDUM
2047 3252 2149 3298 quod
2180 3257 2416 3286 sacramenta
2448 3259 2573 3294 novae

1516 3301 1607 3348 legis
1644 3309 1732 3338 sunt
1768 3301 1933 3338 maxime
1970 3301 2189 3351 spiritualia,
2228 3301 2451 3351 inquantum
2488 3308 2576 3338 sunt

1518 3354 1715 3403 spiritualis
1733 3354 1873 3402 gratiae
1893 3366 2018 3402 causa,
2035 3367 2133 3402 quae
2152 3354 2273 3404 pretio
2293 3353 2482 3392 aestimari
2496 3365 2575 3391 non

1517 3414 1659 3455 potest,
1690 3414 1726 3444 et
1754 3407 1834 3444 eius
1863 3407 1996 3444 rationi
2035 3416 2219 3456 repugnat
2250 3408 2355 3456 quod
2387 3418 2465 3443 non
2494 3418 2575 3454 gra-

458 3519 484 3551 α)
504 3520 551 3544 vel.
565 3533 583 3538 —
602 3519 663 3545 Om.
681 3520 778 3546 BDFK.

458 3553 483 3586 β)
502 3554 564 3579 alia.
578 3567 597 3572 -
613 3554 672 3579 Om.
692 3555 862 3579 BCEFGILa.

1567 3520 1594 3553 γ)
1609 3520 1732 3552 pecunia.
1745 3533 1765 3539 -
1778 3527 1831 3552 pro
1846 3519 1961 3552 pecunia
1980 3521 2009 3551 L,
2027 3528 2081 3546 om.
2100 3520 2146 3545 Pa.

1567 3553 1592 3587 ὃ)
1606 3562 1659 3587 per
1672 3555 1824 3587 pecuniam.
1835 3569 1854 3574 -
1868 3563 1921 3587 pro
1936 3555 2051 3587 pecunia
2069 3553 2223 3580 PADGKsC
2241 3558 2267 3578 et
2284 3561 2310 3578 a.

2609 1653 2620 1664 ⁸
2633 1653 2645 1675 1
2658 1652 2692 1675 ad
2703 1652 2760 1676 Cor.
2769 1659 2820 1682 enp-

2610 1685 2641 1707 ιν,
2655 1685 2715 1702 ven.
2729 1685 2750 1702 2.

2611 1741 2620 1750 “
2655 1739 2734 1763 nauh.
2770 1747 2822 1769 cap.

2609 1770 2822 1822 &pgr-‚⁴33

2609 1825 2721 1847 vernn.
