2860 4238
423 216 499 249 422

425 282 540 329 Quod
569 290 694 317 autem
725 280 855 327 aliquis
891 279 1058 314 intendat
1093 277 1291 313 falsitatem
1326 276 1363 311 in
1400 276 1505 330 opi-¹

425 336 536 371 nione
575 334 723 370 alterius
762 331 986 368 constituere
1022 330 1184 365 fallendo
1223 329 1369 376 ipsum,
1400 340 1477 364 non

423 387 582 436 pertinet
609 387 656 423 ad
686 385 851 434 speciem
881 382 1078 429 mendacii,
1110 382 1177 418 sed
1207 381 1477 431 adquandam

423 439 691 489 perfectionem
721 438 856 485 ipsius:
886 432 980 472 sicut
1000 435 1091 471 etin
1115 435 1227 470 rebus
1247 430 1480 470 naturalibus
1505 477 1506 482 Ἰ

423 492 564 540 aliquid
594 491 759 539 speciem
782 489 933 525 sortitur
952 488 981 524 si
1002 488 1164 524 formam
1185 488 1335 533 habeat,
1367 486 1479 522 etiam
1505 485 1506 538 ᾖ

424 546 452 582 si
474 544 566 581 desit
586 545 728 580 formae
751 542 925 586 effectus;
957 541 1050 576 sicut
1073 548 1175 588 patet
1193 540 1231 576 in
1250 539 1356 587 gravi
1375 539 1482 586 quod
1504 539 1507 549 ¹

423 598 607 634 violenter
634 608 784 632 sursum
814 594 1011 639 detinetur,
1037 605 1083 630 ne
1114 593 1319 629 descendat
1348 604 1480 628 secun·
1506 604 1507 637 ᾗ

424 651 515 687 dum
545 649 767 696 exigentiam
797 659 886 684 suae
916 647 1073 683 formae.
1506 650 1508 682 l

477 703 538 739 Sic
567 714 656 749 ergo
685 709 786 749 patet
806 700 910 749 quod
930 698 1175 736 mendacium
1196 698 1336 735 directe
1357 706 1393 734 et
1408 698 1481 734 for·
1506 718 1508 736 ;

422 756 568 792 'maliter
596 754 800 802 opponitur
827 752 954 789 virtuti
981 751 1160 788 veritatis.

475 811 532 844 Ao
569 818 704 844 PRIMUM
739 818 837 843 ERGO
879 817 1063 842 monimum
1097 804 1201 853 quod
1237 803 1480 852 unumquod-
1507 819 1509 832 ·

422 874 495 910 que
525 860 642 908 magis
671 859 856 896 iudicatur
875 854 1087 895 secundum
1106 857 1145 894 id
1169 857 1274 906 quod
1294 865 1349 894 est
1377 857 1414 893 in
1436 869 1481 892 eo

422 913 626 950 formaliter
646 920 682 949 et
705 924 773 961 per
792 923 844 959 se,
866 919 982 960 quarn
1012 911 1224 948 secundum
1244 910 1283 947 id
1302 910 1407 958 quod
1429 917 1484 946 est

422 967 458 1003 in
489 978 534 1003 eo
564 966 803 1003 materialiter
822 973 858 1002 et
877 977 946 1014 per
973 964 1159 1002 accidens.
1191 965 1238 1000 Et
1258 963 1344 1000 ideo
1365 963 1483 1010 magis
1509 983 1511 1006 ,⁵

473 1091 499 1121 η)
520 1096 566 1114 nec
585 1089 690 1121 aliquis.
710 1102 727 1107 -
747 1088 808 1113 Om.
829 1088 860 1112 D.

1130 198 1395 245 QUAESTIO
1426 197 1514 244 cx,

1542 197 1838 234 ARTICULUS
1870 199 1881 233 l

1530 275 1736 323 opponitur
1762 276 1921 321 veritati,
1954 276 2178 322 inquantum
2205 283 2259 312 est
2277 276 2396 313 virtus
2424 277 2592 324 moralis,

1531 329 1636 376 quod
1656 328 1790 375 aliquis
1811 329 1910 365 dicat
1923 340 2059 364 verum
2081 328 2282 365 intendens
2303 328 2428 366 dicere
2444 330 2593 376 falsum,

1503 382 1505 395 ¹
1533 393 1650 431 quam
1670 381 1775 434 quod
1796 381 1895 434 dicat
1914 382 2050 419 falsum
2080 380 2280 417 intendens
2301 381 2425 418 dicere
2443 395 2594 419 verum.

1554 434 1644 469 „An
1666 444 1864 471 ‘SECUNDUM
1891 444 2085 471 ntcssnnun-
2106 434 2222 482 quod,
2248 434 2345 471 sicut
2362 435 2596 482 Augustinus

1533 486 1630 532 dicit,
1652 485 1690 522 in
1711 487 1742 522 ΙΙ
1762 487 1807 523 de
1834 488 1964 524 Doctr.
1999 486 2131 523 Christ.
2151 486 2187 529 ³⁸,
2207 498 2325 523 voces
2349 487 2595 536 praecipuum
2625 491 2634 501 ⁸

1532 539 1661 575 locum
1681 546 1810 576 tenent
1828 539 1924 576 inter
1942 539 2014 576 alia
2042 539 2158 586 signa.
2180 540 2229 576 Et
2247 539 2334 576 ideo
2356 552 2444 577 cum
2464 541 2599 578 dicitur

1534 593 1639 639 quod
1670 592 1914 629 mendacium
1942 600 1998 629 est
2013 593 2122 640 salsa
2142 593 2243 629 vocis
2269 593 2508 642 significatio,
2530 606 2598 630 no-

1535 644 1637 681 mine
1665 645 1768 681 vocis
1805 645 2018 692 intelligitur
2047 657 2170 682 omne>
2199 646 2360 693 signum.
2398 646 2508 683 Unde
2538 646 2598 683 ille

1535 697 1600 744 qui
1629 697 1783 745 aliquod
1807 698 1943 734 falsum
1963 698 2116 735 nutibus
2136 698 2347 746 significare
2376 699 2598 746 intenderet,

1535 762 1613 786 non
1643 758 1742 786 esset
1770 762 1792 786 a
1820 751 2024 787 mendacio
2053 751 2246 788 immunis.

1588 805 1647 839 An
1675 814 1835 840 TERTmM
1864 814 2049 840 mor-:Noun
2084 804 2188 852 quod
2226 804 2410 852 cupiditas
2447 803 2599 842 fallendi

1535 855 1696 904 pertinet
1724 856 1773 892 ad
1801 856 2075 904 perfectionem
2112 857 2318 903 mendacii,
2354 868 2433 895 non
2470 866 2598 895 autem

1537 909 1585 946 ad
1623 909 1790 957 speciem
1826 908 1961 958 ipsius:
1999 909 2095 945 sicut
2130 921 2200 946 nec
2238 910 2371 958 aliquis
2393 915 2413 938 η
2442 911 2599 948 effectus

1536 962 1698 1011 pertinet
1726 962 1774 999 ad
1803 962 1970 1010 speciem
2001 974 2093 999 suae
2122 972 2260 1000 causae
2281 963 2312 999 *.

1088 1164 1422 1198 commentaria
1444 1163 1699 1196 camna-us
1719 1162 1922 1196 Caietam

452 1260 470 1279 N
505 1249 597 1279 titulo
629 1247 722 1288 primi
752 1246 872 1276 articuli
905 1244 1099 1285 quaestionis
1132 1242 1480 1278 centesimaedecimae,

452 1300 526 1323 nota
550 1293 637 1333 quod
661 1290 950 1332 quemadmodum,
975 1289 1059 1318 iuxta
1084 1287 1317 1318 distinctionem
1340 1286 1480 1317 habitam

419 1338 451 1368 in
475 1336 579 1377 primo
602 1340 658 1366 art.
676 1341 795 1375 quaest.
813 1332 1035 1373 praecedentis,
1047 1331 1173 1367 <veritati
1189 1341 1252 1372 qua
1270 1330 1390 1371 aliquid
1406 1330 1480 1360 dici-

419 1389 470 1413 tur
495 1390 615 1415 verum,
640 1379 815 1419 opponitur
841 1387 965 1417 semper
990 1376 1179 1412 falsitas52et
1198 1376 1318 1406 -ambae
1344 1382 1419 1406 sunt
1447 1375 1480 1405 in
1506 1406 1508 1415 ι

419 1425 596 1460 intellectu;
620 1424 663 1454 ita
690 1422 810 1454 veritati
834 1432 915 1463 quae
935 1428 981 1452 est
1002 1421 1038 1460 in
1061 1421 1235 1459 voluntate,
1262 1430 1326 1461 qua
1345 1419 1481 1461 quisque

419 1470 487 1502 vult
517 1468 616 1499 dicere
641 1477 769 1508 verum,
794 1466 930 1508 opponi
948 1465 1072 1503 videtur
1089 1463 1304 1500 ‘mendacium
1328 1470 1479 1505 tanquam
1507 1487 1508 1504 3

420 1513 584 1545 continens
607 1504 929 1550 falsitatemsu'tp'ote
953 1503 1019 1550 qu'o
1043 1509 1114 1550 quis
1137 1509 1206 1539 'vult
1229 1508 1329 1539 dicere
1354 1507 1479 1539 falsum.

419 1558 460 1588 Et
483 1564 647 1598 propterea
675 1555 713 1587 in
732 1552 1102 1595 divisione'q'uaestionis
1125 1553 1221 1583 huius
1250 1554 1384 1588 Auctor,
1408 1561 1481 1592 pro·

419 1602 571 1642 ponendo
585 1600 727 1641 primum
748 1600 934 1635 articulum,
945 1598 1035 1629 dixit:
1054 1599 1151 1638 quaa-i
1164 1598 1336 1628 continens
1346 1596 1479 1637 falsita-

419 1652 493 1677 tem.
517 1646 600 1681 Vero
616 1645 702 1677 enim
718 1648 792 1681 cjum
819 1654 885 1674 non
908 1642 1115 1675 contrarietur
1137 1641 1196 1677 nisi
1219 1641 1346 1677 falsum,
1366 1640 1482 1672 dicenti

420 1701 457 1734 eit
472 1689 645 1731 proposito
666 1698 777 1721 verum
799 1688 825 1719 is
850 1686 905 1729 qui
925 1697 961 1719 ex
984 1686 1149 1728 proposito
1175 1685 1248 1717 dicit
1271 1685 1400 1721 falsum,
1420 1685 1480 1726 qui

420 1734 554 1765 mendax
577 1740 722 1770 vocatur,
750 1732 871 1772 opponi
895 1741 958 1762 non
984 1730 1188 1772 quandoque,
1212 1729 1266 1759 sed
1291 1739 1414 1770 semper
1434 1729 1479 1759 vi-

420 1778 526 1809 detur:
553 1784 582 1808 et
601 1777 672 1807 ideo
696 1776 728 1807 in
753 1775 945 1817 quaestionis
970 1775 1136 1806 articulum
1159 1773 1299 1804 vertitur.

475 1822 512 1853 11.
538 1822 572 1852 In
597 1821 729 1852 articulo
753 1820 867 1859 eodem
883 1819 1018 1850 dubium
1041 1818 1176 1849 occurrit
1199 1817 1279 1848 circa
1301 1817 1353 1848 illa
1369 1818 1479 1847 verba:
1506 1824 1508 1856 :3

423 1866 515 1897 Unde
535 1867 631 1897 bruta
647 1866 814 1902 animalia,
832 1866 890 1895 etsi
911 1864 1034 1904 aliquid
1050 1862 1268 1903 manifestent,
1286 1871 1349 1892 non
1373 1867 1479 1892 tamen
1507 1859 1508 1862 ’

419 1910 710 1951 manifestationem
734 1909 915 1944 intendunt,
936 1908 994 1939 sed
1016 1907 1162 1938 naturali
1185 1907 1334 1938 instinctu
1357 1906 1481 1947 aliquid
1506 1916 1508 1927 >

418 1960 523 1996 agunt
537 1955 580 1986 ad
593 1954 678 1995 quod
692 1955 838 1995 sequitur
852 1951 1079 1994 manifestatio.
1100 1952 1183 1983 Nam
1196 1958 1251 1981 aut
1260 1950 1363 1981 littera
1378 1959 1434 1991 per
1446 1950 1480 1991 ly
1506 1952 1508 1989 ᾗ

418 1998 587 2030 intendunt
610 1997 754 2038 intelligit
783 1997 991 2028 intentionem
1021 1996 1148 2037 proprie
1172 1995 1305 2031 dictam,
1330 2004 1411 2035 quae
1436 2001 1482 2026 est
1506 1992 1507 2024 ἶ

419 2051 506 2075 actus
524 2043 707 2074 voluntatis.
735 2042 776 2073 Et
799 2042 842 2072 sic
862 2041 940 2072 nihil
961 2040 1049 2072 dicit:
1074 2039 1227 2080 quoniam
1245 2045 1367 2070 constat
1389 2039 1481 2070 bruta

418 2098 484 2118 non
500 2087 613 2118 habere
637 2087 845 2117 voluntatem.
869 2102 890 2109 -
913 2087 979 2116 Aut
1002 2094 1058 2125 per
1079 2085 1112 2126 ly
1136 2084 1306 2115 intendunt
1335 2082 1483 2123 intelligit

419 2139 525 2163 actum
547 2132 706 2172 appetitus
728 2130 888 2161 animalis:
913 2129 1003 2170 quasi
1026 2129 1162 2160 diceret:
1185 2129 1258 2159 Non
1283 2133 1389 2158 tamen
1413 2136 1480 2158 ma—
1506 2160 1507 2169 ἶ

419 2177 654 2218 ηξῐεετατὶοηεηι
682 2180 834 2216 appetunt
860 2174 1065 2211 animaliter,
1096 2174 1158 2204 hoc
1188 2179 1251 2208 est,
1284 2177 1482 2213 cognoscunt
1506 2202 1507 2207 ,

419 2227 448 2252 et
471 2226 632 2261 appetunt.
663 2220 704 2251 Et
728 2220 771 2250 sic
795 2219 911 2250 falsum
937 2218 1021 2252 dicit.
1050 2217 1213 2255 Quoniam
1236 2217 1343 2252 bruta,
1369 2226 1479 2256 quem-

419 2265 594 2296 admodum
619 2270 815 2304 cognoscunt
838 2262 1018 2303 cognitione
1042 2261 1189 2292 sensitiva
1211 2268 1240 2291 et
1257 2267 1411 2301 appetunt
1426 2270 1479 2291 co-

419 2310 543 2340 medere
560 2317 590 2340 et
605 2308 720 2343 bibere,
735 2308 777 2338 ita
802 2307 895 2337 etiam
911 2306 1109 2337 manifestare
1124 2305 1250 2336 affectus
1267 2315 1352 2335 suos.
1378 2304 1479 2335 Cuius

419 2354 546 2394 signum
570 2360 616 2383 est
638 2353 726 2393 quod
750 2353 775 2382 si
791 2351 1004 2392 impediantur
1019 2361 1036 2380 a
1052 2349 1316 2385 manifestatione,
1334 2348 1481 2380 nituntur

419 2405 528 2429 contra
543 2397 760 2437 impedientes,
777 2396 858 2426 sicut
873 2402 1017 2435 pugnant
1031 2404 1091 2434 pro
1102 2395 1183 2425 cibo.
1201 2393 1333 2424 Laetitia
1349 2402 1480 2434 quoque

419 2441 589 2483 praesentis
613 2440 874 2471 manifestationis
897 2446 1062 2470 attestatur«
1083 2438 1237 2479 appetitui
1252 2437 1395 2469 eiusdem
1410 2437 1479 2469 abs-

420 2494 510 2518 entis.

474 2530 526 2560 111.
552 2528 602 2559 Ad
624 2527 719 2558 huius
748 2527 950 2562 evidentiam,
976 2514 1145 2561 sciendu'm}
1168 2514 1215 2557 est
1237 2524 1325 2566 quod
1356 2524 1479 2555 univer-

419 2573 523 2605 saliter
545 2572 674 2614 quando
699 2571 818 2613 aliquid
841 2570 876 2602 fit
894 2577 1023 2612 propter
1042 2569 1148 2606 finem,
1173 2577 1238 2600 non
1263 2569 1369 2599 solum
1392 2568 1478 2600 inve-

419 2619 550 2649 niuntur
572 2617 615 2647 ibi
639 2616 715 2646 haec
738 2616 814 2652 duo,
833 2614 978 2645 videlicet
1000 2613 1071 2645 finis
1095 2621 1125 2645 et
1142 2614 1174 2644 id
1197 2613 1290 2654 quod·
1310 2613 1350 2644 ad
1372 2612 1480 2653 ipsum

419 2663 516 2693 finem
539 2661 712 2696 ordinatur,
729 2660 783 2690 sed
802 2666 929 2700 oportet
950 2659 1083 2689 inveniri
1099 2658 1142 2688 ibi
1157 2658 1361 2689 collationem
1383 2657 1482 2688 medii

419 2708 458 2738 ad
481 2706 591 2737 finem:
616 2704 757 2744 alioquin
782 2714 848 2735 non
872 2703 971 2743 magis
991 2702 1078 2734 fieret
1100 2703 1162 2733 hoc
1177 2712 1274 2743 quam
1297 2701 1384 2735 aliud
1407 2711 1480 2742 pro-

419 2759 487 2790 pter
509 2750 603 2781 talem
626 2748 734 2780 finem.
764 2748 884 2779 Verum
914 2747 1056 2787 operatio
1090 2747 1129 2777 ad
1157 2745 1268 2781 finem,
1293 2752 1324 2776 et
1353 2745 1480 2787 collatio
1506 2757 1508 2807 Ι

419 2793 586 2836 operis'ad
609 2792 715 2828 finem,
740 2791 885 2834 quamvis
908 2789 939 2821 in
965 2801 1060 2832 opere
1084 2801 1208 2831 semper
1231 2796 1419 2829 concurrant
1441 2790 1480 2820 si·
1507 2816 1508 2830 ¹

1507 1505 1508 1516 ¹
1535 1509 1722 1548 imperative
1745 1517 1800 1538 seu
1823 1506 1986 1538 direc'tive.

1533 1242 1623 1272 modi
1647 1241 1825 1272 collationis
1849 1249 1937 1272 actus
1961 1242 2109 1272 convenit
2132 1242 2308 1272 Institutori
2325 1249 2355 1273 et
2369 1242 2524 1273 Directori
2547 1253 2602 1273 na-

1534 1293 1633 1317 turae.
1658 1286 1791 1326 Propter
1814 1286 1913 1326 quod,
1931 1295 2013 1325 opus
2029 1293 2158 1316 naturae
2181 1285 2295 1316 dicitur
2317 1296 2397 1326 opus
2421 1286 2601 1328 intelligen—

1534 1332 1607 1362 tiae.
1622 1347 1644 1353 -
1669 1330 1818 1367 Quando
1831 1338 1905 1370 ergo
1929 1329 2088 1360 invenitur
2108 1329 2141 1359 in
2152 1329 2266 1370 ,aliquo
2282 1330 2551 1382 operari-,propter
2564 1331 2601 1363 fi-

1535 1385 1608 1405 nem
1621 1375 1740 1415 absque
1757 1373 1937 1410 collatione,
1950 1381 2082 1406 vocatur
2096 1374 2220 1413 operari
2234 1381 2366 1414 propter
2375 1373 2480 1422 ᾗᾴεᾰε
2511 1373 2515 1379 ’
2547 1385 2601 1414 cza-

1534 1421 1616 1450 tive:
1636 1419 1766 1460 quando
1778 1428 1853 1459 vero
1869 1418 2028 1449 invenitur
2044 1418 2078 1448 in
2092 1418 2204 1460 aliquo
2217 1419 2306 1458 quod
2322 1426 2354 1450 et
2368 1416 2466 1462 opera
2546 1453 2547 1457 Ἰ
2589 1437 2602 1443 -

1535 1470 1604 1504 pter
1625 1462 1723 1494 finem
1747 1470 1777 1494 et
1800 1462 1922 1500 confert
1945 1473 2047 1500 unum
2071 1472 2146 1493 cum
2173 1462 2290 1502 altero,
2308 1425 2601 1507 vocafqfftisreffii

1590 1552 1631 1582 Et
1654 1552 1735 1582 sicut
1758 1551 1947 1591 contingunt
1976 1551 2053 1581 haec
2076 1550 2108 1580 in
2132 1550 2346 1587 naturalibus,
2364 1551 2413 1582 'ita
2435 1557 2467 1582 et
2489 1551 2602 1583 inhia

1533 1606 1617 1637 quae
1635 1596 1675 1626 ad
1691 1596 1832 1626 animam
1847 1602 1990 1635 spectant
2005 1594 2207 1626 sentiendum
2222 1601 2285 1625 est:
2309 1604 2376 1626 non
2391 1594 2478 1626 enim
2494 1596 2601 1627 omnis

2649 490 2707 519 Cap.
2722 496 2757 512 ιιι.

2626 964 2636 974 ·
2650 963 2678 986 D.
2692 963 2740 992 538.

1534 1641 1640 1672 anima
1663 1640 1808 1672 collativa
1831 1647 1887 1676 est,
1910 1640 1965 1670 sed
1987 1638 2148 1677 rationalis
2170 1644 2306 1670 tantum.
2330 1639 2383 1670 Isti
2401 1639 2497 1679 igitur
2512 1646 2602 1673 actus
2646 1654 2648 1657 ¹
2667 1646 2669 1650 ’

1535 1685 1658 1715 animae
1683 1685 1720 1714 de
1745 1684 1861 1724 quibus
1878 1691 1924 1714 est
1940 1694 2054 1720 sermo,
2072 1683 2189 1714 scilicet
2209 1683 2383 1720 enuntiare,
2399 1683 2601 1717 manifestare

1535 1736 1566 1760 et
1581 1735 1821 1770 repraesentare,
1838 1728 1966 1768 exigunt
1981 1728 2012 1758 in
2025 1727 2136 1768 primis
2151 1726 2228 1758 haec
2245 1728 2321 1764 duo,
2338 1727 2457 1766 scilicet
2472 1725 2600 1768 signum

1506 1795 1508 1811 2
1535 1781 1565 1804 et
1588 1773 1761 1814 signatum:
1786 1782 1860 1802 narn
1884 1778 2011 1812 oportet
2026 1771 2244 1802 enuntiantem
2263 1771 2372 1812 aliquo
2391 1770 2483 1812 signo
2499 1781 2600 1804 enun-

1535 1818 1626 1854 tiare,
1658 1824 1688 1847 et
1720 1816 1862 1847 similiter
1891 1815 2146 1847 manifestantem
2171 1822 2202 1846 et
2228 1823 2527 1855 repraesentantem.
2559 1816 2601 1848 Et

1534 1862 1664 1902 exigunt
1678 1861 1791 1892 deinde
1808 1859 2013 1892 collationem
2027 1860 2110 1900 signi
2124 1860 2163 1890 ad
2179 1859 2355 1900 signatum:
2373 1860 2516 1900 alioquin
2527 1868 2601 1892 non

1534 1912 1747 1938 assumeretur
1769 1905 1870 1945 magis
1901 1915 2003 1936 unum
2026 1914 2124 1946 quam
2147 1903 2234 1935 aliud
2267 1903 2395 1944 signum
2417 1905 2458 1934 ad
2482 1904 2601 1944 signifi-

1534 1951 1673 1982 candum
1695 1950 1756 1980 tale
1779 1949 1867 1990 quid.
1892 1948 2163 1981 concurrentibus
2186 1954 2294 1979 autem
2314 1948 2355 1979 ad
2373 1947 2601 1981 manifestatio-

1534 1996 1582 2026 nis
1606 1995 1760 2025 rationem
1784 1993 1910 2024 duobus
1934 1993 2088 2030 extremis,
2105 1991 2223 2023 scilicet
2245 1991 2335 2032 signo
2359 1999 2390 2023 et
2412 1992 2546 2032 signato,
2570 1999 2602 2024 et

1535 2039 1705 2070 collatione
1721 2038 1906 2074 eorundem,
1931 2043 1967 2075 ut
1989 2037 2022 2067 in
2045 2037 2146 2068 littera
2169 2036 2297 2072 dicitur,
2321 2038 2531 2077 spectandum
2554 2043 2602 2068 est

1534 2084 1623 2125 quod
1646 2084 1727 2114 inter
1750 2083 1841 2113 bruta
1865 2088 1896 2112 et
1914 2081 2078 2112 rationalia
2100 2081 2178 2112 haec
2201 2087 2248 2111 est
2274 2080 2447 2112 differentia
2469 2081 2503 2112 in
2525 2090 2601 2122 pro-

1533 2128 1651 2169 posito,
1676 2127 1764 2168 quod
1787 2126 1886 2157 brutis
1910 2125 2056 2156 convenit
2080 2124 2280 2156 manifestare
2299 2124 2428 2156 affectus
2447 2134 2525 2156 suos
2543 2132 2600 2166 per

1534 2173 1622 2212 signa
1645 2172 1689 2202 sic
1707 2172 1795 2212 quod
1812 2180 1878 2201 non
1894 2170 2062 2201 conferunt
2078 2169 2167 2210 signa
2190 2169 2335 2209 signatis:
2360 2170 2447 2201 unde
2460 2179 2527 2200 non
2543 2169 2599 2200 eli-

1533 2223 1614 2258 gunt
1637 2217 1677 2247 ad
1700 2214 1942 2256 significandum
1966 2213 2085 2255 aliquid
2104 2213 2205 2254 magis
2229 2223 2332 2251 unum
2355 2213 2484 2254 signum
2498 2223 2599 2256 quam

1506 2249 1507 2287 ἶ
1533 2261 1630 2296 aliud,
1655 2260 1709 2291 sed
1733 2260 1818 2290 iuxta
1843 2265 1971 2290 naturae
2002 2255 2383 2301 instinctumbqu'odlibet
2409 2253 2600 2289 illorum‘siss

1533 2315 1633 2346 gnum
1657 2303 1774 2345 profert
1794 2303 1843 2334 sui
1867 2302 1994 2333 affectus
2014 2297 2301 2333 manifestandum,
2317 2301 2475 2332 Homines
2491 2296 2601 2333 autem
2654 2302 2661 2307 ’

1533 2351 1590 2390 per
1611 2349 1699 2389 signa
1723 2347 1766 2378 sic
1785 2347 1987 2378 manifestant
2009 2357 2091 2388 quae
2114 2347 2147 2376 in
2170 2345 2247 2386 ipsis
2270 2353 2354 2382 sunt,
2378 2353 2415 2376 ut
2437 2345 2601 2379 consentu!

1533 2394 1622 2435 quod
1638 2393 1678 2423 sit
1692 2392 1846 2422 idoneum
1862 2392 1990 2431 signum
2005 2391 2046 2422 ad
2062 2391 2123 2422 tale
2139 2391 2217 2431 quid
2233 2389 2486 2430 significandum,
2502 2400 2599 2428 nunc,

1533 2438 1624 2474 huie,
1649 2445 1680 2468 et
1703 2443 1793 2472 tunc,
1817 2443 1875 2467 etc.
1898 2436 1941 2466 Et
1962 2442 2129 2475 propterea
2159 2435 2251 2477 bruta
2273 2433 2402 2474 affectus
2432 2444 2509 2465 suos
2531 2444 2599 2470 ma-

1535 2482 1682 2513 nifestant
1705 2480 1865 2518 executive
1888 2486 2031 2516 tantum,
2054 2479 2203 2510 Auctoris
2225 2485 2333 2510 autem
2349 2485 2479 2509 naturae
2499 2485 2529 2512 et
2550 2478 2600 2512 in-

1533 2525 1664 2557 stinctus
1688 2533 1798 2555 eorum
1823 2530 1870 2554 est
1893 2521 2033 2554 conferre
2057 2521 2187 2553 illorum
2210 2522 2298 2563 signa
2316 2516 2354 2552 ad
2374 2522 2512 2562 signata:
2538 2521 2598 2553 ho-

1532 2569 1634 2600 mines
1657 2574 1765 2599 autem
1788 2566 1989 2598 manifestant
2011 2576 2092 2607 quae
2115 2567 2148 2597 in
2166 2566 2243 2607 ipsis
2267 2573 2341 2597 sunt
2363 2566 2549 2607 imperati-ve
2569 2573 2601 2598 et

1533 2613 1688 2645 directive.
1712 2611 1754 2643 Et
1773 2612 1848 2642 haec
1871 2618 1919 2642 est
1941 2610 2115 2642 differentia
2137 2611 2170 2641 in
2192 2611 2295 2642 littera
2318 2610 2447 2643 intenta.

1589 2656 1676 2688 Cum
1701 2665 1777 2696 ergo
1793 2655 1922 2686 dicitur:
1944 2655 2035 2692 Quid
2058 2654 2204 2696 intelligit
2219 2664 2277 2696 per
2290 2655 2324 2695 ly
2339 2654 2535 2689 intendunt?
2552 2664 2606 2700 τοςλ

1533 2702 1709 2742 spondetur
1723 2700 1814 2741 quod
1828 2699 1979 2740 intelligit,
1988 2704 2138 2742 appetere
2152 2699 2349 2741 animaliter.
2360 2737 2364 2740 Ι
2374 2698 2418 2741 Et
2430 2699 2521 2740 quod
2535 2709 2602 2739 φεμ

1533 2745 1679 2776 nifestare
1703 2745 1816 2775 eodem
1840 2744 1940 2774 modo
1964 2743 2122 2784 appetitur
2145 2753 2162 2773 a
2185 2743 2285 2774 brutis
2308 2753 2375 2783 quo
2389 2738 2467 2776 ‘iuis
2486 2738 2600 2778 natum

1534 2797 1580 2821 est
1609 2789 1787 2821 convenire.
1819 2788 1859 2818 Et
1882 2787 1955 2829 quia
1986 2798 2052 2818 non
2084 2787 2232 2818 convenit
2262 2787 2305 2817 eis
2336 2782 2602 2826 manifestationis

420 2839 488 2870 mul
512 2836 722 2880 (impossibile
747 2844 792 2867 est
815 2836 900 2867 enirn
924 2835 1044 2877 aliquid
1066 2834 1132 2865 fieri
1156 2831 1286 2875 propter
1300 2832 1397 2864 finem
1421 2833 1480 2864 nisi
1534 2840 1621 2864 actus
1645 2833 1703 2863 nisi
1727 2832 1901 2869 executive,
1925 2832 1999 2862 ideo
2016 2826 2268 2872 non‘appeti'tur
2289 2831 2328 2862 lib
2344 2830 2388 2862 eis
2404 2829 2598 2862 nisi‘execu-

419 2884 458 2914 sit
481 2883 632 2913 collatum
656 2880 720 2916 fini,
738 2884 777 2911 an
794 2880 834 2911 sit
849 2880 876 2910 ei
901 2880 1181 2921 proportionatum
1190 2888 1248 2923 *seu
1263 2877 1481 2920 conveniens),
1507 2874 1509 2890 ¹
1534 2878 1606 2909 tive.
1637 2878 1709 2908 Hoc
1733 2884 1840 2907 autern
1864 2885 1930 2907 non
1954 2883 2007 2907 est.
2029 2880 2176 2916 appetere
2206 2874 2601 2910 manifestationisactum

419 2929 451 2958 in
475 2933 624 2967 operante
647 2932 753 2956 tamen
772 2934 838 2956 non
855 2933 978 2964 semper
1000 2924 1205 2954 inveniuntur
1225 2923 1406 2959 coniuncta,
1427 2923 1482 2953 sed
1534 2922 1593 2952 nisi
1610 2921 1825 2952 materialiter:
1842 2919 1998 2961 quoniam
2014 2921 2052 2951 de
2064 2919 2186 2951 ratione
2202 2919 2465 2954 manifestationis
2476 2919 2509 2950 in
2526 2926 2599 2953 actu

419 2973 452 3002 in
475 2971 583 3011 aliquo
607 2977 757 3009 operante
781 2969 1029 3008 coniunguntur,
1049 2975 1079 2998 et
1101 2968 1134 2999 in
1150 2967 1481 3008 ‘aliquo‘separantun
1508 2983 1510 3003 ,
1535 2965 1669 2998 exercito
1693 2972 1739 2997 est
1759 2965 1886 2997 collatio
1910 2964 1942 2994 in
1962 2971 2037 2995 actu
2053 2964 2209 3006 exercito„
2223 2973 2306 3006 quae
2321 2964 2522 3007 abrutorum
2545 2973 2602 3005 cog·

420 3017 455 3046 In
479 3013 690 3045 artificialibus
706 3013 863 3054 siquidem
881 3019 1011 3055 apparet
1026 3012 1117 3053 quod
1138 3012 1286 3052 magister
1302 3011 1384 3047 artiS,
1404 3018 1482 3054 puta
1535 3010 1676 3051 gnitione
1700 3017 1731 3041 et
1753 3009 1894 3051 appetitu
1911 3008 2011 3050 aliena
2028 3015 2082 3040 est.
2107 3006 2310 3050 Manifestant
2325 3007 2421 3048 igitur
2439 3004 2530 3041 bruta
2544 3016 2602 3049 per

420 3059 506 3089 faber
529 3057 672 3088 ferrarius
697 3057 834 3096 facturus
857 3056 1007 3096 gladium,
1031 3054 1097 3093 non
1121 3056 1228 3086 solum
1251 3050 1371 3086 'ferr'ui‘n
1395 3052 1483 3086 a‘s'su-
1509 3050 1510 3078 ἶ
1535 3055 1623 3095 signa
1647 3053 1775 3084 affectus
1799 3063 1875 3083 suos
1891 3052 1971 3093 sicut
1987 3052 2139 3085 naturalia
2158 3055 2331 3093 operantur
2346 3047 2599 3093 propter²finen1.

421 3101 480 3133 mit
501 3108 631 3142 propter
653 3100 794 3141 gladium
814 3091 1083 3136 construendum:
1091 3100 1145 3130 sed
1169 3092 1263 3130 etiam
1280 3093 1484 3130 confertfer'-
1509 3104 1510 3117 ³
1535 3098 1576 3129 Et
1599 3097 1674 3139 quia
1697 3106 1763 3128 non
1788 3096 1961 3127 conferunt·
1979 3096 2068 3137 signa
2091 3094 2236 3136 signatis,
2255 3095 2343 3126 sicut
2366 3105 2424 3126 nec
2445 3093 2602 3127 naturalia

422 3157 494 3177 rum
518 3156 591 3177 cum
615 3144 686 3182 fine,
706 3151 784 3185 puta
807 3153 902 3183 opere
926 3144 1035 3184 gladii,
1060 3151 1091 3174 et
1113 3143 1279 3183 propterea
1299 3143 1412 3174 refutat
1428 3152 1482 3173 au·
1509 3142 1511 3189 {
1535 3143 1640 3173 media
1664 3142 1703 3172 ad
1725 3141 1832 3178 finem,
1850 3141 2095 3172 ideodicuntur
2114 3149 2180 3171 non
2204 3146 2352 3181 appetere
2367 3134 2511 3180 appetitu
2527 3135 2600 3170 ania

422 3201 510 3226 rum,
535 3196 566 3221 et
589 3189 675 3229 eligit
696 3189 815 3220 ferrum
838 3195 875 3219 ut
901 3188 1055 3218 idoneum
1077 3188 1117 3218 ad
1139 3188 1235 3218 talem
1263 3186 1381 3223 finem,
1405 3194 1483 3227 puta
1509 3204 1511 3234 3
1535 3186 1613 3218 mali
1626 3185 1826 3217 manifestare
1841 3185 2033 3217 formaliter:
2052 3184 2134 3217 sicut
2146 3194 2205 3216 nec
2223 3190 2601 3224 unquamposaumima-

420 3235 627 3266 incisionem:
660 3240 690 3264 et
714 3233 756 3265 sic
779 3232 955 3272 iunguntur
981 3232 1013 3262 in
1043 3232 1156 3262 eodem
1187 3238 1338 3271 operante
1361 3231 1483 3271 operari
1509 3238 1511 3275 ζ
1536 3230 1683 3267 nifestare
1706 3229 1890 3265 formaliter.
2181 3267 2183 3269 ι
2222 3253 2230 3262 .,
2584 3256 2586 3258 .

422 3285 550 3319 propter
572 3276 685 3313 finem,
711 3284 741 3308 et
765 3276 907 3308 conferre
930 3276 1074 3307 medium
1099 3285 1174 3306 cum
1196 3275 1268 3307 fine.
1302 3275 1337 3306 In
1360 3282 1482 3306 natura·
1509 3276 1511 3317 ζ
1592 3274 1645 3305 IV.
1670 3274 1705 3304 In
1729 3273 1844 3304 eodem
1859 3271 1990 3305 articulo
2007 3273 2133 3311 adverte
2156 3271 2296 3312 glossam
2312 3267 2486 3310 notabilem
2505 3280 2600 3310 super

422 3323 504 3353 libus
528 3328 633 3352 autem
656 3321 820 3361 agentibus
845 3321 909 3351 duo
938 3320 969 3350 hi
996 3326 1084 3350 actus
1107 3319 1240 3359 separati
1269 3317 1481 3349 inveniuntur.
1509 3319 1511 3357 ξ
1536 3318 1663 3357 vulgata
1687 3315 1870 3347 definitione
1893 3314 2065 3352 mendacii,
2090 3315 2206 3347 scilicet
2228 3315 2317 3357 qhod
2336 3319 2386 3346 est'
2395 3311 2491 3355 falia
2515 3314 2601 3346 vocis

422 3367 504 3396 Nam
528 3376 622 3406 agens
647 3366 796 3401 naturale,
821 3372 897 3405 puta
921 3365 1022 3400 arbor,
1047 3364 1141 3394 habet
1158 3373 1265 3406 prium
1289 3370 1412 3398 actum,
1437 3362 1483 3392 vi-

423 3410 534 3440 delicet
557 3410 678 3450 operari
702 3416 830 3450 propter
844 3408 950 3445 finem,
968 3409 1046 3438 dum
1062 3407 1182 3448 profert
1204 3406 1332 3437 frondes
1354 3413 1484 3447 propter

423 3454 542 3484 fructus
566 3454 811 3493 protectionem:
845 3453 899 3483 sed
922 3462 987 3484 non
1011 3452 1106 3484 habet
1127 3452 1261 3491 alterum
1285 3458 1401 3486 actum,
1426 3450 1483 3481 sci—

422 3498 494 3528 licet
518 3497 658 3528 conferre
683 3498 742 3528 tale
773 3497 914 3527 medium
943 3496 995 3527 tali
1019 3495 1091 3531 fini,
1117 3503 1152 3527 ut
1175 3495 1274 3535 patet,
1299 3495 1352 3525 sed
1373 3493 1481 3525 buius·
1509 3489 1512 3526 l
1538 3502 1583 3524 est
1607 3493 1798 3532 accipienda,
1823 3500 1858 3522 ut
1882 3493 1914 3522 in
1936 3492 2037 3522 littera
2060 3491 2184 3522 dicitur.

1537 3416 1591 3447 qu.
1613 3416 1644 3441 11,
1663 3415 1730 3445 cap.
1747 3406 1869 3435 Beatus
1883 3405 1916 3434 *ε
1941 3404 2084 3436 videlicet
2109 3403 2198 3445 quod
2217 3404 2250 3445 ly
2259 3402 2404 3444 fallendi
2418 3402 2599 3442 exponitur,

1509 3366 1511 3399 ξ
1535 3362 1729 3403 significatio
1753 3371 1824 3392 cum
1846 3361 2009 3391 voluntate
2023 3360 2179 3402 fallendi,
2197 3370 2233 3390 ex
2255 3358 2435 3399 Augustino
2451 3356 2476 3394 *,
2501 3358 2598 3394 XXII,
2627 3364 2839 3420 aquaist-dac„

2626 3423 2638 3434 ⁸
2651 3420 2760 3451 Append.
2779 3421 2838 3443 Gr·-

1537 3450 1595 3480 hoc
1618 3454 1675 3486 est,
1691 3449 1819 3489 falsum
1843 3448 1980 3485 dicendi,
1998 3448 2023 3478 si
2047 3457 2103 3488 per
2125 3447 2302 3478 essentialia
2317 3453 2442 3478 tantum
2459 3445 2600 3490 definitio
2627 3448 2683 3471 fian.
