2860 4244
156 977 166 987 ⁸
181 976 246 997 Vers.
261 981 297 1002 24.

159 1420 167 1428 ⁸
176 1418 244 1446 Mag„
256 1418 286 1439 111
295 1417 368 1443 Sent„

158 1445 211 1466 dist.
218 1450 326 1466 xxxvln.-
332 1444 367 1466 Cf.

158 1473 220 1521 2225:
229 1471 294 1524 {33}
299 1470 368 1518 ''¹1⁶1'‘

173 3088 180 3095 ⁵
188 3085 241 3107 Vid.
251 3084 382 3106 Comment.

173 3112 244 3134 Caiet.
253 3114 306 3139 post
315 3114 357 3132 art.
367 3116 381 3133 ι,

172 3184 181 3191 ⁸
198 3181 262 3203 Vers.
278 3187 310 3209 32.

396 259 469 295 302

1075 251 1340 299 QUAESTIO
1370 250 1510 297 xcnl,
1540 250 1835 287 ARTICULUS
1867 250 1897 285 11

394 335 648 372 Postmodum
690 347 783 371 vero
823 332 1065 369 exterioribus
1108 329 1316 378 praeceptis
1355 328 1452 364 circa
1478 327 1481 386 1
1508 328 1613 364 dines
1642 328 1835 365 Ecclesiae
1864 328 1902 364 in
1932 328 2034 364 cultu
2060 327 2190 364 divino
2220 326 2258 363 in
2287 328 2392 364 nullo
2419 327 2569 365 veritati

394 390 468 425 hoc
496 387 671 425 homines
700 395 787 423 sunt
814 383 998 430 instructi,
1028 395 1125 432 quae
1155 381 1358 431 praeterire
1387 393 1453 429 pe·
1479 389 1481 438 ὲ
1507 389 1729 428 repugnant.
1760 382 1808 418 Et
1827 381 1914 418 ideo
1944 388 2031 417 sunt
2051 380 2285 426 servandae3
2316 387 2352 416 et
2376 392 2439 417 eas
2459 393 2570 429 prae-

396 441 562 477 stiferum
594 448 658 476 est.

448 496 505 529 AD
534 503 693 529 TERT1UM
713 501 896 527 mci-:unum
927 489 1031 537 quod
1052 488 1225 524 diversae
1253 494 1452 523 consuetu-

1479 442 1481 535 Ι
1507 433 1617 470 terire
1646 433 1812 471 illicitum
1843 441 1909 470 est.

1070 584 1403 616 Commentaria
1425 581 1678 630 cardinalis
1699 582 1901 615 Caietam

425 678 443 697 N
468 668 623 697 ambobus
647 666 783 696 articulis
807 665 1000 706 quaestionis
1026 663 1367 703 nonagesimaetertiae‚
1392 671 1450 691 no·
1477 659 1481 708 ξ
1507 671 1579 691 men
1603 664 1725 692 Auctor
1747 672 1765 692 a
1785 662 1951 692 mendacio
1971 662 2148 702 pernicioso
2163 661 2196 692 in
2212 662 2274 693 hoc
2292 671 2425 702 corpore
2441 662 2572 699 articuli,

398 680 556 741 Itandum
580 717 626 740 est
649 710 736 750 quod
760 710 824 740 duo
849 709 1017 749 culpabilia
1041 709 1074 738 in
1090 708 1178 738 cultu
1201 707 1266 737 veri
1280 707 1339 738 Dei
1364 715 1451 737 com-
1479 714 1480 741 l
1506 705 1582 745 quia
1612 705 1786 745 perniciosa
1810 713 1856 736 est
1886 706 2072 736 huiusmodi
2102 706 2237 742 falsitas,
2261 707 2342 737 sicut
2370 706 2574 737 mendacium

394 755 573 785 mittuntur:
595 754 711 784 scilicet
728 753 853 789 falsitas,
871 761 901 784 et
917 753 1126 793 superfluitas.
1147 752 1296 789 Quorum
1313 750 1454 791 primum

393 842 426 872 in
448 842 548 872 littera
573 842 762 882 proponitur
785 842 906 882 primus
926 841 1084 872 articulus.
1109 841 1273 871 Secundus
1292 847 1399 870 autem
1422 838 1454 868 in

393 886 627 926 superfluitatis
642 893 702 916 stat
717 885 857 916 nomine.
882 886 922 916 Et
938 885 970 916 in
986 892 1138 926 promptu
1162 885 1279 915 horum
1295 883 1374 914 ratio
1398 889 1454 913 est.

395 930 478 967 Quia
503 930 618 961 scilicet
641 930 673 960 in
697 930 767 970 ipso
791 937 862 960 actu
887 930 984 960 divini
1009 930 1111 960 cultus
1135 929 1304 970 requiritur
1326 927 1457 965 veritas,

395 974 468 1014 quia
483 979 606 1014 oportet
620 974 724 1004 Deum
742 974 881 1004 adorare
897 975 929 1004 in
945 975 1089 1011 veritate,
1107 980 1143 1004 ut
1159 973 1272 1004 dicitur
1288 973 1415 1002 Ioan.1v
1425 971 1455 1007 *;

394 1026 424 1048 et
439 1018 607 1060 requiritur
620 1019 888 1049 commensuratio
902 1029 957 1049 seu
971 1018 1136 1058 proportio
1149 1018 1188 1048 ad
1202 1017 1357 1057 spiritum,
1371 1015 1456 1056 quia,

395 1069 430 1092 ut
453 1062 571 1093 ibidem
595 1062 723 1098 dicitur,
748 1068 871 1103 oportet
892 1063 996 1093 Deum
1020 1063 1160 1093 adorare
1183 1063 1214 1092 in
1238 1061 1363 1101 spiritu.
1389 1060 1458 1099 Op-

394 1106 523 1147 ponitur
547 1113 654 1137 autem
678 1107 798 1138 veritati
822 1107 948 1143 falsitas,
973 1114 1004 1137 et
1027 1105 1226 1147 proportioni
1249 1106 1288 1135 ad
1313 1104 1457 1144 spiritum

396 1150 610 1190 superfluitas:
636 1151 792 1192 quidquid
816 1162 954 1192 namque
971 1158 1054 1182 extra
1071 1149 1281 1180 necessarium
1304 1155 1359 1179 aut
1381 1148 1458 1178 utile

396 1195 435 1225 ad
459 1195 655 1235 spiritualem
679 1202 724 1226 est
748 1196 880 1232 cultum,
905 1203 1010 1226 totum
1035 1194 1232 1234 superfluum
1256 1200 1312 1223 est.

427 1293 446 1312 N
472 1293 604 1323 corpore
628 1283 721 1323 primi
741 1283 862 1314 articuli
888 1283 1021 1313 dubium
1038 1281 1174 1312 occurrit
1197 1281 1234 1310 de
1251 1280 1311 1310 ritu
1329 1280 1459 1309 ludaeo-

401 1294 517 1363 Irum,
543 1327 709 1367 quomodo
740 1328 772 1357 in
801 1337 839 1357 eo
869 1327 1046 1357 inveniatur
1073 1324 1228 1355 mendacii
1256 1324 1347 1354 ratio.
1376 1324 1459 1353 Nam

397 1371 599 1401 mendacium
622 1371 654 1400 in
678 1372 774 1401 verbo
799 1378 845 1401 est
865 1371 961 1412 falsa
987 1371 1071 1401 vocis
1093 1369 1287 1410 significatio
1316 1377 1387 1398 cum
1412 1368 1459 1397 in-

397 1416 535 1445 tentione
549 1415 694 1455 fallendi
708 1414 738 1444 *:
764 1422 793 1445 et
817 1414 1095 1455 proportionaliter
1110 1413 1313 1443 mendacium
1328 1412 1360 1441 in
1377 1411 1459 1441 facto

397 1459 489 1489 debet
513 1469 578 1489 esse
593 1458 688 1500 falsa
703 1459 792 1499 facti
814 1459 1007 1500 significatio
1024 1469 1094 1489 cum
1116 1458 1289 1488 intentione
1303 1455 1460 1497 fallendi.
1486 1465 1487 1485 z

397 1502 531 1533 Constat
549 1510 655 1533 autem
675 1505 763 1543 quod
784 1504 891 1534 Iudaei
910 1503 1009 1534 modo
1030 1509 1152 1533 utentes
1171 1501 1267 1532 veteri
1287 1500 1374 1531 cultu
1394 1509 1461 1530 non

396 1547 512 1577 habent
535 1547 744 1578 intentionem
768 1547 913 1578 fallendi:
945 1547 1090 1588 quamvis
1118 1545 1205 1576 factis
1229 1545 1343 1575 falsum
1368 1543 1460 1583 signi-

395 1590 576 1627 ficantibus,
602 1591 761 1622 credentes
786 1602 818 1622 se
841 1602 952 1622 verum
977 1589 1183 1631 significantia
1207 1589 1287 1620 facta
1311 1597 1460 1624 exercere,

397 1642 534 1666 utantur.
559 1636 633 1665 Non
658 1642 704 1666 est
727 1646 801 1675 ergo
825 1636 858 1666 in
882 1645 994 1666 eorum
1018 1635 1078 1666 ritu
1103 1634 1315 1669 mendacium,
1340 1632 1394 1663 sed
1419 1631 1462 1662 fa-

397 1687 484 1710 ctum
507 1680 733 1720 perniciosum.
767 1680 807 1710 Et
829 1688 935 1711 tamen
959 1680 991 1709 in
1015 1680 1116 1718 littera
1144 1677 1346 1708 mendacium
1370 1686 1462 1716 repu-

397 1731 490 1754 tatur.

453 1768 503 1798 Ad
531 1768 592 1798 hoc
616 1767 730 1798 dicitur
756 1768 843 1808 quod
872 1768 904 1798 in
928 1768 1028 1798 littera
1056 1776 1223 1807 nunquam
1247 1765 1378 1802 dicitur,
1403 1765 1463 1795 nisi

398 1811 430 1841 in
455 1811 629 1848 communi,
655 1812 743 1852 quod
767 1812 968 1842 mendacium
988 1818 1034 1841 est
1057 1821 1131 1842 cum
1147 1810 1259 1851 aliquis
1277 1809 1409 1840 exterius
1425 1809 1463 1839 si-
1489 1826 1491 1841 ι

399 1855 525 1895 gnificat
549 1856 741 1886 contrarium
764 1856 895 1892 veritati,
916 1856 980 1886 sive
998 1856 1095 1885 verbo
1120 1855 1184 1884 sive
1208 1854 1300 1884 facto.
1326 1854 1366 1884 Et
1390 1863 1463 1894 pro·
1489 1854 1491 1888 ξ

399 1906 504 1940 pterea
533 1910 598 1930 non
623 1900 820 1930 subsumitur
843 1900 874 1930 in
900 1899 1078 1940 particulari
1109 1898 1198 1938 quod
1222 1898 1253 1928 in
1278 1897 1331 1929 tali
1357 1898 1462 1934 cultu,

399 1944 516 1974 scilicet
530 1944 641 1974 veteris
661 1944 737 1983 legis
757 1945 842 1984 apud
859 1945 992 1974 Iudaeos
1007 1953 1102 1979 nunc,
1120 1943 1159 1973 sit
1174 1943 1374 1973 mendacium
1388 1951 1465 1982 per·
1490 1950 1492 1984 j

400 1989 571 2019 niciosum:
593 1989 648 2018 sed
667 1989 755 2029 quod
772 1989 811 2019 sit
824 1989 929 2019 cultus
945 1989 1158 2028 perniciosus,
1176 1994 1206 2017 et
1228 1987 1317 2027 quod
1341 1986 1379 2017 sit
1393 1986 1464 2026 fal·
1491 1989 1492 1992 ’

398 2033 477 2063 sitas
494 2033 687 2072 perniciosa.
718 2033 772 2063 Sat
795 2033 880 2063 enim
904 2039 950 2063 est
977 2031 1154 2073 quaestioni
1178 2038 1284 2061 motae
1307 2031 1396 2071 quod
1419 2030 1466 2060 in-

399 2078 542 2106 veniatur
564 2076 597 2106 in
614 2076 700 2107 cultu
715 2076 780 2106 veri
796 2075 854 2107 Dei
878 2075 996 2118 aliquid
1017 2075 1242 2116 perniciosum,
1259 2074 1324 2105 sive
1348 2074 1464 2105 falsum

401 2120 464 2150 sive
489 2121 700 2151 mendacium.
732 2121 824 2151 Unde
848 2121 928 2151 sicut
953 2121 1086 2151 Iudaeus
1111 2119 1216 2150 dicens
1240 2118 1334 2149 corde
1358 2125 1389 2149 et
1411 2128 1466 2149 ore
1491 2119 1493 2157 }

401 2164 565 2195 Christum
589 2175 654 2195 non
678 2165 815 2201 venisse,
841 2166 895 2195 sed
918 2171 1104 2200 venturum,
1130 2174 1195 2194 non
1219 2162 1386 2199 mentitur,
1411 2163 1466 2193 sed

402 2208 517 2239 falsum
537 2209 750 2249 perniciosum
769 2209 855 2246 dicit;
876 2209 918 2240 ita
934 2210 1041 2240 colens
1057 2209 1163 2239 Deum
1182 2208 1244 2238 ritu
1261 2207 1372 2238 veteris
1391 2207 1466 2247 legis

402 2252 569 2293 profitente
592 2253 674 2284 facto
699 2253 864 2284 Christum
880 2261 1061 2290 venturum,
1079 2263 1144 2283 non
1161 2251 1321 2288 mentitur,
1346 2252 1401 2282 sed
1424 2251 1467 2282 fa-

404 2304 490 2328 ctum
514 2297 630 2328 falsum
654 2297 827 2337 perniciose
852 2305 971 2328 exercet
994 2298 1026 2328 in
1052 2298 1138 2328 cultu
1162 2296 1231 2327 Dei.

459 2341 613 2379 Quamvis
637 2349 744 2381 posset
767 2342 827 2372 dici
852 2343 940 2382 quod
963 2342 995 2372 in
1011 2342 1077 2372 istis
1094 2341 1178 2371 falsis
1195 2347 1240 2371 est
1264 2339 1467 2370 mendacium

403 2392 561 2426 quantum
577 2393 623 2416 est
642 2396 677 2415 ex
697 2393 783 2426 parte
800 2393 887 2416 actus
907 2386 1075 2422 exterioris,
1094 2385 1210 2416 scilicet
1223 2383 1309 2415 verbi
1325 2384 1376 2414 vel
1395 2383 1467 2414 facti

404 2429 483 2465 falsi,
501 2429 572 2459 licet
588 2439 653 2459 non
667 2430 705 2460 sit
722 2430 923 2460 mendacium
940 2440 976 2460 ex
992 2437 1079 2470 parte
1094 2428 1278 2460 intentionis
1294 2428 1464 2459 interioris:

405 2480 435 2504 et
458 2473 546 2514 quod
569 2473 601 2503 in
624 2474 724 2504 littera
747 2474 948 2514 distinguitur
967 2473 1168 2504 mendacium
1193 2483 1230 2503 ex
1252 2479 1339 2512 parte
1360 2472 1403 2502 rei
1426 2471 1467 2502 si-

404 2517 567 2558 gnificatae
591 2524 700 2548 contra
722 2518 755 2547 id
778 2519 866 2558 quod
890 2525 936 2548 est
958 2528 994 2548 ex
1018 2524 1105 2558 parte
1129 2516 1270 2547 colentis.

461 2561 564 2591 Prima
595 2561 774 2601 responsio,
807 2562 953 2592 adiuncta
985 2562 1042 2592 hac
1073 2561 1225 2596 secunda,
1251 2559 1468 2600 amplectenda

407 2611 461 2636 est.
487 2605 571 2642 Quia
594 2605 759 2636 falsitatem
784 2605 955 2646 significare
979 2605 1010 2636 in
1035 2605 1142 2635 divino
1159 2603 1245 2635 cuitu
1267 2603 1468 2643 distinguitur

406 2649 438 2679 in
461 2649 561 2680 littera
589 2652 735 2690 exparte
759 2650 818 2686 rei,
844 2658 873 2681 et
897 2660 932 2680 ex
957 2656 1044 2690 parte
1068 2649 1210 2680 colentis.
1239 2647 1402 2678 inchoavit
1424 2654 1468 2678 ta-

394 798 559 828 manifeste
584 797 783 828 mortiferum
807 805 867 828 est·
900 804 930 828 et
953 797 1025 827 ideo
1050 797 1108 827 sub
1127 797 1302 836 perniciosi
1325 794 1456 825 nomine
1480 784 1481 815 i
1507 749 1741 790 perniCiosum:
1773 756 1804 780 et
1831 750 1922 790 qnia,
1947 757 1983 781 Ut
2010 757 2131 781 metum
2153 757 2215 787 δεῖ,
2240 760 2278 781 ex
2305 757 2392 791 parte
2415 750 2574 781 “terioris

1508 801 1595 824 actus
1611 801 1657 824 est
1680 793 1894 833 perniciosum
1909 794 2128 830 mendacium;
2153 805 2211 825 nec
2230 801 2358 826 excusat
2380 795 2574 825 Iudaeorum

1508 838 1684 878 ignorantia
1711 838 1772 868 tale
1796 838 1930 874 crimen,
1955 838 2036 868 sicut
2065 848 2124 869 nec
2146 838 2363 870 infidelitatem
2388 838 2573 870 eorundem.

1565 882 1601 913 11.
1628 882 1663 912 ln
1688 882 1803 913 eodem
1826 882 1973 919 articulo,
1998 883 2106 922 quoad
2133 881 2249 913 falsum
2273 883 2395 914 cultum
2423 893 2459 914 ex
2487 890 2574 924 parte

1510 926 1650 963 colentis,
1677 933 1750 957 nota
1775 926 1843 957 tria.
1867 926 1985 962 Primo,
2002 926 2091 966 quod
2106 926 2210 958 cultus
2225 926 2282 957 iste
2302 933 2349 958 est
2367 927 2573 968 perniciosus,

1509 971 1595 1002 iuxta
1611 970 1759 1002 Auctoris
1776 970 1973 1001 sententiam.
1999 970 2161 1007 Quoniam
2183 980 2257 1001 cum
2273 970 2415 1001 dixisset:
2439 971 2483 1002 Et
2505 971 2575 1002 ideo

1483 1045 1484 1049 ,
1510 1016 1539 1046 si
1557 1025 1619 1055 per
1642 1015 1761 1046 cultum
1787 1016 1978 1045 exteriorem
2001 1014 2124 1055 aliquid
2138 1014 2268 1056 falsum
2283 1015 2497 1056 significetur,
2513 1016 2576 1046 erit

1483 1063 1485 1095 '3
1511 1060 1616 1090 cultus
1634 1060 1850 1099 perniciosus,
1877 1059 1982 1090 statim
2006 1058 2160 1089 subdidit:
2191 1059 2266 1089 Hoc
2288 1064 2395 1090 autem
2419 1059 2577 1100 contingit

1484 1096 1485 1129 l
1511 1104 1697 1144 dupliciter,
1723 1103 1839 1134 scilicet
1870 1114 1911 1134 ex
1928 1109 2026 1144 parte
2055 1104 2104 1134 rei
2125 1103 2350 1144 significatae,
2368 1109 2399 1134 et
2421 1112 2463 1134 ex
2479 1108 2577 1143 parte

1484 1143 1486 1151 '
1511 1149 1652 1179 colentis.
1686 1148 1866 1189 Utrumque
1890 1158 1964 1188 ergo
1994 1147 2110 1178 falsum
2134 1154 2180 1178 est
2210 1157 2247 1178 ex
2269 1157 2383 1187 genere
2407 1153 2574 1187 peccatum

1513 1192 1656 1222 mortale.

1485 1232 1486 1236 ’
1568 1235 1734 1273 Secundo,
1758 1236 1848 1276 quod
1871 1243 1947 1266 tunc
1964 1243 2018 1267 ‘est
2044 1236 2162 1267 falsitas
2185 1236 2315 1277 quando
2339 1242 2448 1266 contra
2471 1235 2578 1266 Eccle-

1485 1315 1486 1320 ,
1512 1279 1603 1316 siam,
1628 1289 1694 1309 non
1718 1286 1825 1309 autem
1849 1279 1874 1309 si
1898 1286 2019 1320 praeter
2041 1279 2198 1310 Ecclesiae
2221 1279 2455 1310 institutionem
2477 1278 2575 1310 fieret.

1511 1323 1605 1354 Unde
1617 1325 1738 1353 Auctor
1753 1323 1785 1353 in
1801 1324 1862 1354 hoc
1880 1323 2012 1354 articulo
2025 1324 2192 1355 falsitatem
2209 1334 2246 1354 ex
2258 1331 2346 1364 parte
2358 1324 2490 1355 colentis
2506 1333 2579 1354 con-

1485 1400 1486 1403 ,
1512 1367 1611 1398 stituit
1636 1367 1668 1397 in
1692 1367 1754 1397 hoc
1770 1367 1860 1408 quod
1882 1374 1928 1398 est
1947 1377 2014 1398 esse
2036 1375 2145 1399 contra
2167 1368 2325 1399 Ecclesiae
2345 1368 2578 1399 institutionem

1486 1420 1487 1445 i
1513 1422 1568 1442 seu
1593 1411 1874 1442 consuetudinem:
1899 1411 1974 1452 quia
1998 1411 2115 1443 falsitas
2140 1412 2243 1443 cultus
2272 1419 2381 1443 contra
2402 1412 2576 1443 Ecclesiam

1512 1462 1569 1487 est.
1594 1456 1629 1485 In
1656 1455 1800 1496 sequenti
1821 1466 1897 1486 vero
1919 1456 2052 1487 articulo
2077 1455 2327 1496 superfluitatem
2346 1456 2422 1487 dicit
2445 1456 2582 1497 quando,¹

1486 1507 1488 1539 ξ
1513 1507 1559 1531 est
1575 1500 1678 1530 cultus
1694 1507 1815 1539 praeter
1838 1500 1889 1530 vel
1912 1507 2020 1531 contra
2041 1500 2303 1531 constitutionem
2326 1510 2382 1531 seu
2407 1507 2580 1532 consuetu-

1487 1567 1488 1572 ,
1514 1544 1621 1575 dinem
1637 1544 1804 1575 Ecclesiae.
1828 1544 1973 1585 Perspice
1990 1545 2084 1584 igitur
2105 1544 2312 1576 differentiam
2327 1544 2408 1575 inter
2421 1549 2535 1576 contra
2550 1551 2581 1576 et

1487 1610 1488 1628 ἢ
1507 1594 1652 1629 praeter.
1673 1588 1756 1618 Illud
1771 1588 1996 1628 perniciosum,
2013 1589 2075 1620 hoc
2092 1588 2291 1630 superfluum
2307 1589 2481 1620 constituit.
2498 1588 2581 1620 mud

1487 1630 1489 1669 ζ
1515 1632 1721 1663 contrariatur
1743 1632 1874 1669 veritati,
1899 1639 1929 1663 et
1951 1633 2024 1663 ideo
2048 1633 2278 1674 perniciosum:
2303 1634 2366 1664 hoc
2389 1632 2526 1670 utilitati,
2548 1638 2582 1664 et

1488 1699 1489 1706 1
1514 1677 1586 1707 ideo
1611 1677 1717 1707 minus
1741 1677 1872 1713 malum,
1898 1684 1928 1708 et
1951 1684 1997 1708 est
2019 1678 2156 1714 veniale;
2171 1678 2258 1710 ‚licet
2281 1678 2382 1718 possit
2405 1687 2471 1708 esse
2495 1685 2580 1708 mor·

1488 1717 1489 1756 ζ
1515 1722 1576 1752 tale
1606 1727 1735 1761 propter
1759 1728 1980 1761 contemptum
2003 1722 2054 1752 vel
2082 1729 2305 1762 praeceptum,
2331 1729 2362 1753 et
2383 1722 2456 1753 ideo
2480 1721 2581 1755 admi·

1489 1773 1490 1802 ᾗ
1516 1773 1619 1796 scetur
1641 1765 1673 1795 in
1697 1765 1798 1797 littera
1814 1765 1972 1806 sequentis
1989 1766 2111 1797 articuli
2134 1767 2167 1808 ly
2191 1772 2302 1798 contra
2319 1765 2580 1798 consuetudinem

1516 1819 1726 1840 communem.

1571 1854 1691 1890 Tertio,
1708 1854 1797 1894 quod
1821 1853 1938 1884 falsitas
1953 1853 2011 1884 ista
2034 1854 2129 1885 habet
2151 1854 2260 1885 locum
2284 1861 2315 1886 et
2337 1855 2371 1884 in
2390 1854 2477 1885 cultu
2494 1863 2582 1886 com-

1490 1898 1491 1914 ³
1516 1897 1617 1934 muni,
1634 1905 1665 1928 et
1680 1897 1711 1927 in
1729 1898 1816 1928 cultu
1833 1897 1993 1937 singulari.
2018 1898 2059 1928 Et
2081 1905 2249 1939 propterea
2270 1898 2303 1929 in
2326 1897 2429 1930 littera
2447 1908 2515 1929 non
2533 1898 2582 1930 di-

1517 1942 1605 1978 citur,
1626 1942 1669 1972 Et
1686 1942 1792 1973 hocin
1816 1943 1904 1973 cultu
1925 1943 2102 1980 communi,
2128 1943 2183 1973 sed
2205 1942 2333 1979 dicitur,
2353 1943 2396 1973 Et
2414 1943 2474 1974 hoc
2485 1948 2583 1983 pruo-

1517 1987 1608 2026 cipue
1627 1987 1658 2016 in
1674 1987 1762 2017 cultu
1780 1987 1962 2017 communi:
1984 1986 2148 2017 insinuans
2171 1997 2227 2027 per
2249 1986 2282 2028 ly
2299 1988 2476 2027 praecipue
2494 1986 2584 2028 quod

1517 2031 1578 2061 hoc
1603 2031 1697 2061 etiam
1721 2037 1825 2071 potest
1847 2030 1961 2061 habere
1983 2031 2094 2061 locum
2114 2031 2146 2062 in
2168 2031 2256 2062 cultu
2273 2031 2434 2071 singulari,
2457 2030 2583 2072 putain

1491 2069 1493 2115 Ἀ
1516 2074 1636 2105 ieiunio
1660 2075 1710 2105 vel
1741 2075 1884 2105 oratione
1915 2074 2065 2115 singulari
2094 2085 2159 2106 non
2183 2075 2333 2116 imposita
2360 2075 2399 2106 ab
2427 2074 2583 2114 Ecclesia

1518 2126 1553 2149 ut
1576 2119 1601 2149 si
1617 2118 1698 2159 quis,
1717 2126 1825 2150 contra
1842 2119 1977 2150 modum
1993 2119 2161 2156 Ecclesiae,
2178 2119 2331 2151 ieiunaret
2349 2119 2382 2150 in
2397 2119 2584 2157 Dominicaz

1491 2159 1493 2208 ’ἱ
1520 2169 1575 2193 aut
1590 2170 1693 2194 oraret
1716 2163 1759 2194 sic
1782 2163 1815 2193 in
1836 2163 1964 2204 propria
1987 2173 2122 2204 persona
2146 2163 2235 2204 quod
2251 2163 2330 2194 nihil
2345 2163 2384 2194 ad
2399 2162 2584 2202 Ecclesiam,
2619 2165 2623 2170 “
2645 2167 2648 2173 ’

1491 2215 1493 2244 1
1520 2217 1594 2238 cum
1622 2207 1755 2248 quilibet
1786 2207 1825 2238 sit
1852 2218 1923 2248 pars
1947 2208 2121 2245 Ecclesiae,
2147 2214 2177 2239 et
2206 2209 2240 2240 in
2270 2217 2406 2249 persona
2428 2204 2586 2240 Ecclesiae

1491 2245 1493 2300 Ι
1519 2258 1724 2292 praeceptum
1747 2252 1860 2283 habeat
1883 2251 1994 2283 orandi
2018 2262 2036 2282 a
2058 2252 2201 2283 Domino
2226 2252 2348 2284 dicente
2362 2251 2396 2283 *ι
2423 2251 2587 2286 Orabitis:

1491 2303 1493 2320 ι’
1519 2296 1617 2326 Pater
1641 2301 1765 2333 noster,
1795 2297 1915 2327 Panem
1940 2302 2105 2335 nostrum,
2129 2297 2262 2328 Dimitte
2285 2297 2391 2335 nobis,
2410 2303 2468 2329 etc.
2490 2297 2586 2329 --Ad

1519 2339 1686 2371 falsitatem
1717 2348 1824 2371 autem
1855 2341 2036 2371 communis
2066 2341 2170 2372 cultus
2193 2351 2230 2372 ex
2253 2348 2341 2381 parte
2364 2341 2496 2372 colentis
2519 2350 2587 2375 nou

2612 2248 2623 2261 ⁸
2630 2247 2713 2271 uana.
2727 2254 2780 2276 cap.
2789 2254 2826 2275 vr,

2611 2281 2673 2298 '‘¹'‘-
2683 2280 2698 2304 ⁹
2711 2280 2764 2303 “lq-

1519 2384 1627 2414 solum
1651 2391 1770 2425 spectat
1801 2384 1825 2414 si
1849 2391 2042 2416 sacramenta
2070 2392 2179 2416 contra
2205 2385 2364 2416 Ecclesiae
2386 2385 2484 2416 ritum
2507 2384 2587 2416 cele-
2612 2412 2614 2414 .

1519 2429 1659 2464 brantur‚
1677 2435 1712 2459 ut
1727 2428 1823 2459 habes
1838 2429 1951 2465 XXVI,
1967 2423 2021 2470 qu.
2033 2436 2069 2466 ⁴v,
2086 2439 2154 2470 cap.
2176 2430 2394 2470 Quicumque:
2417 2429 2473 2460 sed
2491 2428 2587 2460 etiam

1520 2472 1680 2503 reducitur
1696 2473 1721 2502 si
1737 2473 1888 2504 miracula
1902 2473 1980 2503 falsa
2003 2473 2075 2514 quis
2098 2473 2257 2513 praedicet
2279 2480 2334 2504 aut
2353 2473 2499 2504 docendo
2513 2473 2588 2504 scri-

1519 2517 1586 2552 bat;
1611 2516 1839 2556 praedicatores
1856 2527 1995 2558 namque
2011 2524 2042 2548 et
2061 2517 2205 2548 doctores
2224 2517 2257 2548 in
2277 2527 2413 2558 persona
2428 2517 2587 2549 Ecclesiae

1521 2561 1634 2591 docere
1663 2567 1692 2591 et
1715 2561 1892 2600 praedicare
1921 2568 2053 2592 constat.
2084 2562 2149 2592 Nec
2173 2568 2361 2592 excusantur
2384 2571 2588 2602 quacumque

1521 2604 1573 2644 pia
1589 2604 1763 2635 intentione
1787 2615 1805 2635 a
1828 2605 2007 2645 pernicioso
2025 2605 2130 2636 cultu:
2157 2606 2242 2646 quia,
2259 2613 2416 2647 quantum
2431 2605 2463 2636 in
2481 2615 2514 2637 se
2529 2602 2586 2643 est,

1521 2647 1617 2678 fidem
1641 2648 1757 2679 Christi
1781 2657 1933 2680 evacuant
1956 2649 2093 2680 veritate.

1177 2818 1495 2861 ARTICULUS
1526 2819 1824 2861 SECUNDUS

848 2913 1003 2943 UTRUM
1028 2912 1070 2943 IN
1096 2911 1244 2943 CULTU
1267 2912 1338 2942 DEI
1362 2911 1508 2943 POSSIT
1531 2911 1630 2943 ESSE
1655 2912 1833 2950 ALiQun)
1857 2912 2146 2944 SUPERFLUUM

1136 2992 1226 3023 Supra,
1246 2999 1291 3024 qu.
1309 2999 1390 3023 Lxxxr,
1410 2996 1456 3016 art.
1478 2991 1500 3021 5,
1521 2992 1553 3016 ad
1574 2991 1604 3022 3;
1624 3000 1668 3025 qu.
1687 2999 1748 3024 xcu,
1768 2998 1814 3018 art.
1838 3000 1860 3019 1.

621 3082 643 3106 D
657 3082 846 3107 SECUNDUM
857 3082 910 3107 sic
920 3082 1148 3108 euoenon-un
1156 3070 1187 3107 ²⁸.
1202 3070 1359 3108 Videtur
1369 3071 1474 3119 quod

431 3139 437 3157 x
622 3123 659 3159 in
697 3123 798 3159 cultu
833 3124 905 3159 Dei
944 3135 1022 3160 non
1054 3123 1174 3172 possit
1210 3135 1292 3160 esse
1330 3123 1473 3172 aliquid

425 3171 445 3194 ⁰*
489 3187 551 3227 ’.ἐξ
624 3176 872 3224 superfluum.
904 3175 1049 3212 Dicitur
1070 3175 1172 3212 enim
1198 3176 1313 3214 Eccli.
1335 3175 1471 3213 xx,111'⁸‘:

414 3197 449 3268 ‘iad
470 3216 888 3276 &Nleorificantes
902 3229 1026 3265 Deum
1046 3234 1388 3277 quantumcumque
1399 3241 1471 3277 po·

414 3281 570 3326 tueritis,
606 3281 856 3330 supervalebit
881 3281 1014 3318 adhuc.
1050 3281 1126 3318 Sed
1165 3281 1284 3318 cultus
1322 3281 1471 3319 divinus

415 3335 608 3371 ordinatur
649 3335 697 3371 ad
729 3335 857 3371 Deum
894 3333 1196 3382 glorificandum.
1240 3334 1341 3382 Ergo
1381 3334 1471 3371 nihil

415 3388 650 3436 superfluum
681 3388 720 3424 in
749 3400 795 3424 eo
826 3399 907 3424 esse
936 3395 1071 3436 potest.

470 3452 504 3477 2.
536 3441 780 3487 Pam-enm,
820 3440 978 3477 exterior
1021 3441 1141 3477 cultus
1188 3447 1243 3476 est
1283 3440 1469 3488 professio

464 3109 487 3127 -1
546 3094 583 3112 ²⁶<

468 3128 493 3150 31

449 3200 456 3219 ΚΛ
474 3210 479 3218 1

486 3219 505 3229 ι-

471 3554 497 3585 α)
517 3554 606 3578 etiam.
618 3567 636 3572 -
655 3554 716 3578 Om.
735 3554 854 3578 PnGHa.

1527 3071 1719 3120 quaedam
1749 3073 1867 3109 cultus
1896 3072 2094 3120 interioris,
2116 3084 2194 3121 quo
2217 3073 2322 3110 Deus
2350 3074 2485 3110 colitur
2490 3073 2587 3129 ffle’

1527 3177 1603 3214 Sed
1630 3177 1667 3214 in
1695 3177 1785 3224 fide,
1806 3189 1873 3227 spe
1902 3186 1939 3215 et
1967 3179 2117 3216 caritate
2147 3191 2226 3216 non
2258 3187 2384 3228 potest
2412 3172 2588 3229 essese-li-

1526 3229 1617 3318 qulid
1645 3230 1893 3279 superfluum.
1924 3232 2027 3280 Ergo
2053 3232 2167 3269 etiam
2187 3237 2205 3254 ²
2234 3244 2359 3281 neque
2388 3232 2426 3270 in
2455 3229 2585 3270 divino

1526 3294 1573 3318 cu
1587 3290 1639 3319 tu.

1580 3337 1613 3372 3.
1635 3335 1873 3382 PRAETEREA,
1903 3337 1951 3374 ad
1980 3336 2154 3374 divinum
2184 3337 2328 3374 cultum
2356 3335 2517 3386 pertinet
2544 3344 2585 3374 ut

1525 3400 1569 3424 ea
1611 3389 1695 3425 Deo
1738 3388 1985 3427 exhibeamus
2028 3403 2126 3439 quae
2164 3403 2186 3428 a
2221 3392 2308 3428 Deo
2350 3389 2582 3438 accepimus.

1524 3441 1601 3478 Sed
1643 3441 1773 3478 omnia
1814 3442 1916 3479 bona
1944 3441 1959 3472 β
1994 3451 2121 3481 nostra
2158 3455 2181 3480 a
2218 3444 2304 3480 Deo
2332 3442 2581 3492 accepimus.

1582 3554 1607 3587 β)
1627 3556 1735 3581 barm.-
1753 3556 1815 3581 Om.
1834 3557 1880 3581 Pa.

1524 3136 1589 3172 spe
1607 3130 1641 3161 et
1659 3125 1814 3162 caritate
1821 3139 1835 3170 ;
1858 3133 1900 3162 ut
1918 3125 2152 3174 Augustinus
2179 3125 2279 3173 dicit,
2301 3125 2340 3163 in
2358 3126 2552 3164 Enchzm.
2566 3125 2588 3149 ⁸
2615 3133 2626 3145 ·
