2860 4244
37 481 248 535 „uzarae

10 567 11 570 Ι
38 541 100 558 enun-
109 533 150 586 vl&
158 540 198 562 qu.
209 540 225 555 ι.

21 737 22 740 ’
43 740 127 790 ⁴min.
145 740 186 762 Lu
214 741 244 763 nl.

29 772 45 787 Η
117 756 246 795 Nepot'ian.

33 971 38 980 .
58 953 126 977 Vm.
139 959 174 983 3²·

924 238 1191 285 QUAESTIO
1220 239 1395 287 LXXIII,
1423 239 1721 277 ARTICULUS
1750 239 1801 276 IV

331 320 364 356 3.
386 320 619 366 PRAETEREA,
641 319 765 355 nullus
794 317 907 354 debet
942 317 1127 366 impedire
1156 317 1194 354 id
1229 318 1363 367 quod

276 379 331 409 est
348 371 387 408 in
405 371 600 408 utilitatem
621 371 795 408 aliorum.
822 370 899 407 Sed
919 370 1098 407 detractio
1119 371 1336 418 frequenter
1361 378 1364 392 ³

276 424 388 462 estin
406 424 602 462 utilitatem
633 436 765 462 eorum
784 428 800 451 Υ
828 429 958 460 contra
983 434 1081 471 quos
1110 423 1334 460 detrahitur:

276 477 363 514 dicit
392 477 493 514 enim
523 476 613 514 Pius
641 477 748 525 Papa
769 475 807 512 *z
837 475 1124 523 Nonnunquam
1158 476 1335 513 detractio

274 531 454 567 adversus
481 531 597 567 bonos
624 530 810 566 excitatur
827 526 852 575 δ,
875 534 915 566 ut
938 539 1032 577 quos
1048 528 1109 564 vel
1135 530 1335 566 domestica
1362 541 1363 548 ¹

274 583 440 620 adulatio
477 583 536 619 vel
567 582 730 619 aliorum
744 582 871 630 favor
907 581 944 618 in
977 581 1094 617 altum
1131 581 1335 627 extulerat,

274 636 453 672 detractio
471 635 648 672 humiliet.
678 635 780 681 Ergo
810 633 942 682 aliquis
966 645 1044 670 non
1074 634 1187 671 debet
1215 634 1336 671 detra-

274 688 418 724 ctiones
436 692 449 709 ⁸
476 687 671 735 impedire.

328 741 402 777 SED
439 751 586 777 CONTRA
620 751 686 776 EST
723 739 828 787 quod
872 739 1131 787 Hieronymus
1169 738 1257 776 dicit
1284 737 1334 774 *ε

277 793 379 830 Cave
406 804 453 829 ne
489 792 660 842 linguam
689 797 756 828 aut
789 803 901 829 aures
932 793 1071 829 habeas
1101 792 1335 840 prurientes.-

272 851 340 882 aut
365 845 448 882 aliis
475 846 661 890 detrahaS,
681 851 748 882 aut
764 845 858 881 alios
885 846 1018 882 audias
1038 845 1280 881 detrahentes.

326 899 552 935 RESPONDEO
580 909 764 935 DtCENDUM
792 898 909 947 quod,
930 897 1142 934 secundum
1170 898 1336 944 Aposto-
1361 929 1363 940 ,

272 951 373 998 lum,
403 951 455 988 ad
479 952 591 988 Rom.
614 963 623 987 1
649 950 689 997 ³¹⁸,
718 951 827 1000 digni
851 956 939 987 sunt
963 955 1084 986 morte
1111 961 1186 986 non
1213 948 1334 985 solum

272 1004 338 1052 qui
357 1010 515 1052 peccata
525 1004 691 1052 faciunt,
710 1004 776 1040 sed
793 1003 903 1039 etiam
923 1003 990 1051 qui
1003 1002 1234 1050 facientibus
1246 1012 1335 1049 pec-

272 1062 356 1093 cata
376 1056 389 1082 t
416 1057 658 1094 consentiunt.
690 1056 804 1102 Quod
835 1055 990 1103 quidem
1011 1054 1191 1102 contingit
1215 1053 1335 1102 dupli-

273 1109 374 1146 citer.
404 1110 491 1147 Uno
526 1109 668 1156 modo,
697 1108 857 1146 directe:
887 1107 1042 1156 quando
1081 1107 1220 1144 scilicet
1251 1106 1335 1155 quis

271 1162 414 1199 inducit
441 1162 556 1199 alium
585 1161 634 1198 ad
661 1169 873 1209 peccatum,
898 1161 961 1197 vel
990 1160 1024 1196 ei
1051 1161 1175 1209 placet
1201 1172 1334 1208 pecca-

270 1223 362 1252 tum.
393 1214 478 1252 Alio
505 1215 644 1259 modo,
672 1213 874 1260 indirecte,
905 1213 1060 1261 quando
1089 1213 1228 1250 scilicet
1255 1225 1335 1249 non
1360 1230 1362 1252 z

271 1267 426 1314 resistit,
457 1279 546 1304 cum
584 1266 756 1304 resistere
794 1266 931 1315 possit:
971 1273 1007 1303 et
1041 1266 1116 1303 hoc
1154 1265 1361 1319 contingit

269 1319 502 1370 quandoque
530 1332 608 1357 non
636 1319 726 1367 quia
745 1326 946 1368 peccatum
973 1320 1130 1368 placeat,
1151 1319 1218 1356 sed
1246 1331 1333 1368 pro-

269 1381 354 1423 pter
381 1373 547 1421 aliquem
574 1373 788 1410 humanum
810 1372 1002 1409 timorem.
1031 1371 1249 1410 Dicendum
1279 1380 1361 1413 est

2379 241 2449 288 137

1387 319 1449 355 vel
1468 326 1625 367 propter
1643 318 1798 367 aliquod
1822 318 2032 367 periculum
2062 330 2302 367 consequens
2322 325 2359 365 ης
2387 321 2451 356 vel

1388 378 1544 420 propter
1557 371 1737 419 radicem,
1754 369 1858 420 qua⁰
1877 371 1991 408 timor
2009 372 2199 409 humanus
2218 372 2450 421 quandoque

1362 450 1363 469 Ι
1388 431 1514 472 potest
1541 436 1624 461 esse
1651 431 1851 473 peccatum
1881 424 2062 472 mortale,
2092 432 2133 461 ut
2164 437 2279 497 supra
2297 424 2318 447 ²¹²
2343 425 2450 462 habi-

1388 484 1470 513 turn
1500 484 1566 514 est.

1441 531 1500 565 An
1533 541 1670 566 PRIMUM
1705 540 1804 566 ERGO
1840 541 2024 567 nicENDtJM
2062 530 2168 579 quod
2201 529 2450 568 detractiones

1362 603 1363 627 Ι
1389 592 1476 617 suas
1504 582 1628 618 nullus
1656 581 1780 618 audit:
1815 582 1902 631 quia
1937 583 2102 620 scilicet*
2131 584 2232 620 mala
2268 594 2366 632 quae
2396 582 2450 620 di—

1362 630 1364 651 *
1389 641 1525 670 cuntur
1552 634 1600 671 de
1629 634 1755 683 aliquo
1777 645 1822 671 eo
1843 635 2031 683 audiente,
2051 647 2130 673 non
2149 643 2236 674 sunt
2255 635 2450 674 detractio-

1389 697 1468 734 nes,
1483 686 1636 735 proprie
1656 687 1862 736 loquendo,
1879 688 1946 725 sed
1961 690 2226 737 contumeliae,
2241 697 2283 727 ut
2307 689 2448 727 dictum

1389 746 1445 775 est
1462 737 1493 775 ²⁸¹.
1523 739 1688 776 Possunt
1715 747 1843 777 tamen
1871 741 1920 778 ad
1948 741 2119 778 notitiam
2144 742 2299 779 alicuius
2327 742 2448 780 detra-

1389 791 1531 827 ctiones
1559 799 1689 828 contra
1717 792 1842 840 ipsum
1869 794 1988 830 factae
2017 794 2175 832 aliorum
2205 795 2449 832 relationibus

1389 843 1599 891 pervenire.
1629 845 1678 881 Et
1704 852 1793 882 tunc
1826 846 1883 882 sui
1911 847 2051 883 arbitrii
2090 856 2145 884 est
2181 848 2448 884 detrimentum

1388 907 1480 932 suae
1509 897 1633 933 famae
1670 898 1768 945 pati,
1799 898 1869 934 nisi
1896 899 1971 935 hoc
1998 908 2128 947 vergat
2161 901 2200 937 in
2236 901 2447 949 periculum

1361 950 1363 1002 Ι
1388 948 1562 996 aliorum,
1583 957 1623 985 ut
1651 962 1765 997 supra
1789 952 1808 971 *
1838 951 1980 988 dictum
2010 960 2076 989 est
2116 954 2164 989 Et
2192 953 2279 990 ideo
2307 954 2346 990 in
2373 955 2447 990 hoc

1361 1006 1363 1034 ὲ
1386 1009 1511 1049 potest
1539 1003 1802 1039 commendari
1832 1003 1912 1040 eius
1930 1004 2108 1052 patientia
2136 1006 2241 1053 quod
2265 1006 2448 1054 patienter

1387 1054 1560 1103 proprias
1580 1061 1596 1076 *
1624 1055 1875 1092 detractiones
1895 1056 2061 1094 sustinet.
2081 1078 2106 1085 -
2127 1059 2218 1095 Non
2246 1066 2372 1096 autem
2394 1067 2449 1096 est

1361 1101 1363 1155 ξ
1387 1107 1444 1143 sui
1472 1108 1614 1144 arbitrii
1638 1109 1743 1156 quod
1771 1108 1935 1156 patiatur
1955 1110 2223 1147 detrimentum
2252 1112 2376 1148 famae
2397 1113 2447 1149 al—

1360 1158 1362 1171 ³
1387 1160 1511 1197 terius.
1541 1161 1590 1197 Et
1617 1161 1705 1198 ideo
1734 1161 1771 1198 in
1801 1163 1952 1221 culpam
1983 1162 2015 1198 ei
2042 1163 2199 1200 vertitur
2227 1164 2256 1200 si
2286 1176 2364 1202 non
2394 1177 2448 1201 re-

1387 1213 1499 1260 sistit,
1529 1226 1618 1250 cum
1652 1214 1771 1262 possit
1799 1215 1990 1251 resistere:
2021 1216 2157 1252 eadem
2194 1216 2338 1254 ratione
2373 1230 2448 1266 qua

1386 1274 1534 1303 tenetur
1562 1267 1695 1315 aliquis
1727 1268 1924 1304 sublevare
1956 1268 2103 1305 asinum
2138 1269 2290 1306 alterius
2326 1270 2448 1307 iacen-

1360 1322 1458 1356 tem
1486 1320 1555 1356 sub
1583 1332 1708 1366 onere,
1727 1328 1769 1357 ut
1796 1321 2024 1369 praecipitur
2050 1323 2161 1359 Deut.
2181 1334 2252 1359 xxu
2272 1322 2302 1359 ²¹⁶.

1439 1374 1498 1409 An
1527 1385 1717 1410 SECUNDUM
1745 1385 1928 1411 mesanum
1957 1374 2063 1422 quod
2091 1387 2169 1412 non
2205 1387 2356 1424 semper
2384 1376 2447 1412 de-

248 1426 496 1486 <Qqflf>d
524 1426 555 1463 si
587 1425 719 1474 aliquis
748 1425 999 1462 detractiones
1033 1424 1162 1462 audiat
1189 1415 1361 1473 absque
1359 1440 1361 1462 ι
1386 1425 1449 1462 bet
1477 1425 1610 1474 aliquis
1639 1426 1808 1463 resistere
1832 1427 2037 1465 detractori
2056 1428 2251 1476 arguendo
2282 1441 2370 1465 eum
2400 1429 2446 1465 de

269 1479 489 1526 resistentia,
509 1478 661 1516 videtur
681 1479 882 1516 detractori
905 1478 1139 1514 consentire:
1168 1478 1272 1515 unde
1291 1478 1335 1514 fit
1359 1463 1361 1508 i
1385 1477 1564 1515 falsitate:
1594 1479 1760 1515 maxime
1780 1479 1810 1516 si
1831 1479 1948 1527 quis*
1971 1480 2064 1517 sciat
2082 1493 2218 1518 verum
2239 1493 2321 1518 esse
2341 1482 2446 1530 quod

268 1532 458 1582 particeps
484 1532 630 1582 peccati
651 1531 742 1569 eius.
771 1532 822 1568 Et
840 1530 870 1567 si
883 1530 1046 1578 quidem
1070 1530 1224 1568 inducat
1243 1542 1332 1567 eum
1359 1526 1361 1573 Ι
1387 1530 1531 1567 dicitur.
1563 1531 1640 1569 Sed
1660 1532 1773 1568 debet
1792 1544 1880 1568 eum
1908 1533 2036 1570 verbis
2056 1534 2281 1582 redarguere
2306 1534 2353 1571 de
2373 1535 2447 1571 hoc

120 1785 175 1810 οιρ.
187 1785 242 1804 xm.

270 1586 320 1624 ad
348 1585 638 1631 detrahendum,
658 1585 721 1621 vel
749 1584 882 1620 saltem
909 1583 1055 1632 placeat
1082 1583 1115 1620 ei
1139 1583 1332 1631 detractio,

269 1646 426 1688 propter
463 1638 595 1676 odium
631 1637 712 1674 eius
749 1636 811 1673 cui
840 1636 1065 1682 detrahitur,
1094 1648 1172 1673 non
1208 1636 1333 1673 minus

269 1699 403 1741 peccat
438 1703 556 1740 quam
594 1690 818 1728 detrahens.
855 1697 892 1726 et
929 1689 1162 1738 quandoque
1199 1689 1331 1737 magis.

268 1745 391 1784 Unde
403 1743 622 1781 Bernardus
642 1743 727 1781 dicit
745 1742 786 1780 *2
814 1743 1035 1788 Detrahere,
1055 1748 1123 1779 aut
1138 1742 1360 1780 detrahen-

267 1803 342 1836 tem
368 1797 513 1843 audire,
533 1797 624 1846 quid
648 1798 785 1834 horum
813 1795 1064 1832 damnabilius
1090 1796 1147 1841 sit,
1173 1807 1247 1832 non
1269 1797 1360 1854 ῙηιΙ

268 1851 339 1889 cile
363 1850 538 1888 dixerim.
559 1871 583 1878 —
605 1850 644 1887 Si
674 1861 765 1887 vero
785 1861 864 1885 non
892 1849 1039 1897 placeat
1062 1848 1096 1884 ei
1118 1855 1354 1910 peccatum,

267 1904 336 1942 sed
365 1916 410 1941 ex
428 1903 565 1941 timore
593 1903 655 1940 vel
675 1901 900 1950 negligentia
922 1902 985 1938 vel
1010 1901 1123 1938 etiam
1147 1900 1341 1942 verm-'m

269 1957 331 1996 dia
359 1956 526 2005 quadam
558 1955 707 1993 omittat
734 1955 915 2003 repellere
943 1955 1229 2002 detrahentem„
1245 1959 1333 2005 ρο-

268 2018 329 2048 cat
347 2009 515 2060 quidem,
540 2010 608 2047 sed
632 2009 752 2046 multo
773 2007 899 2044 minus
923 2020 1040 2056 quam
1061 2007 1330 2058 detrahens,

265 2064 494 2112 plerumque
511 2061 721 2099 venialiter.
751 2061 997 2108 Quandoque
1027 2061 1139 2098 etiam
1163 2061 1240 2100 hoc
1258 2065 1331 2110 po*

265 2123 339 2154 test
357 2128 440 2153 esse
459 2122 660 2165 peccatum
679 2114 856 2152 mortale·
876 2115 939 2150 vel
959 2122 1114 2162 propter
1132 2115 1207 2151 hoc
1227 2112 1336 2164 quod

265 2169 377 2207 alicui
397 2181 442 2206 ex
470 2168 598 2206 officio
626 2167 813 2205 incumbit
837 2167 1097 2204 detrahentem
1127 2167 1349 2217 corrigere&

319 2281 347 2313 γ)
366 2288 498 2306 conam.-
515 2280 630 2306 aliorum
650 2280 697 2306 Pa.

319 2315 344 2348 δ)
363 2316 510 2341 excitatur.
523 2330 541 2335 -
560 2316 736 2340 denuntiatur
755 2316 784 2347 E,
803 2316 955 2341 concitatur
975 2316 1022 2341 Pa.

319 2351 341 2382 ε)
361 2350 549 2376 detractiones.
560 2365 579 2370 —
598 2351 764 2376 detractores
784 2351 861 2375 PDG.

318 2386 344 2419 ζ)
359 2389 481 2418 peccata.
494 2400 512 2405 —
531 2386 594 2411 Om.
607 2388 640 2411 A.

264 2438 274 2444 c
316 2423 344 2455 η)
362 2428 533 2454 consequens.
546 2435 563 2440 -
581 2422 654 2454 quod
670 2422 783 2446 audiens
801 2422 876 2447 novit
893 2428 1054 2454 consequens
1074 2421 1120 2446 Pa.

1359 1576 1490 1635 {quod
1518 1592 1651 1632 peccat
1670 1585 1771 1621 fratri
1800 1585 2057 1622 detrahendo:
2086 1588 2147 1623 vel
2167 1588 2300 1623 saltem
2321 1595 2447 1624 osten-

1359 1641 1361 1698 Ι
1359 1636 1476 1673 dere
1511 1638 1616 1696 quod
1654 1637 1688 1674 ei
1717 1638 1896 1675 detractio
1934 1638 2127 1687 displiceat
2160 1651 2229 1687 per
2264 1640 2446 1676 tristitiam

1359 1678 1512 1735 faciei;
1543 1690 1640 1739 quia,
1662 1698 1703 1727 ut
1731 1691 1866 1728 dicitur
1883 1692 1995 1728 Prov.
2022 1704 2093 1728 xxv
2111 1692 2142 1738 *,
2162 1698 2292 1729 ventus
2309 1693 2483 1741 Aquilo·

1357 1767 1361 1813 Ι
1385 1743 1539 1790 dissipat
1563 1743 1735 1791 pluvias:
1763 1750 1799 1780 et
1823 1745 1949 1792 facies
1977 1746 2088 1782 tristis
2119 1745 2291 1794 linguam
2324 1747 2445 1782 detra-

1385 1797 1543 1833 hentem.

1380 1879 1389 1891 ,
1438 1850 1498 1889 Aa
1516 1860 1675 1886 TERTmM
1704 1861 1888 1887 monimum
1909 1850 2014 1899 quod
2041 1850 2178 1888 utilitas
2200 1863 2298 1910 quae
2319 1863 2364 1888 ex
2383 1853 2447 1889 de-

1374 1902 1566 1945 *tructione
1601 1902 1777 1951 provenit
1811 1915 1890 1940 non
1919 1911 1974 1940 est
2003 1916 2048 1940 ex
2084 1904 2291 1941 intentione
2325 1905 2447 1941 detra-

1384 1954 1609 2003 hag-tuffised
1637 1967 1682 1992 ex
1717 1955 1789 1992 Dei
1818 1956 2074 2004 ordinatione,
2103 1958 2168 2006 qui
2197 1970 2243 1994 ex
2279 1958 2448 2006 quolibet

1336 2002 1615 2054 'praelo-*elicit
1642 2009 1800 2045 bonum.
1830 2010 1879 2046 Et
1906 2009 1992 2046 ideo
2013 2009 2128 2046 nihilo
2158 2010 2284 2047 minus
2309 2018 2364 2047 est
2383 2010 2447 2047 de—

1384 2061 1609 2102 tractoribus
1637 2061 1907 2098 resistendum:
1946 2062 2040 2099 sicut
2069 2070 2105 2099 et
2141 2063 2355 2111 raptoribus
2385 2064 2446 2099 vel

1386 2114 1676 2164 oppressoribus
1696 2115 1869 2162 aliorum,
1891 2116 2068 2163 quamvis
2089 2128 2134 2152 ex
2161 2117 2236 2153 hoc
2255 2116 2446 2165 oppressis

1383 2168 1446 2204 vel
1472 2167 1641 2217 spoliatis
1669 2180 1737 2216 per
1764 2167 1983 2216 patientiam
2013 2169 2190 2206 meritum
2221 2177 2374 2206 crescat.

1437 2279 1462 2314 θ)
1478 2287 1543 2312 qua.
1555 2294 1575 2299 —
1593 2281 1656 2312 quia
1674 2280 1790 2306 BCHsK.

1438 2315 1457 2348 ι)
1476 2315 1582 2341 scilicet.
1595 2330 1613 2335 -
1632 2316 1693 2340 Om.
1713 2316 1743 2340 P.

1437 2351 1462 2382 κ)
1479 2351 1616 2382 proprias.
1630 2365 1650 2370 -
1668 2349 1730 2376 Om.
1750 2351 1822 2375 ΡΗα.

1435 2385 1464 2418 λ)
1485 2387 1604 2411 maxime
1622 2387 1646 2411 si
1663 2387 1762 2418 quis.—
1779 2390 1805 2411 et
1824 2387 1943 2411 maxime
1962 2387 1986 2411 si
2005 2387 2051 2412 Pa.

941 2490 1276 2523 Commentario»
1297 2489 1548 2522 Oardjnalis
1570 2490 1772 2523 Caietam

294 2571 315 2592 Ν
331 2560 465 2592 articulo
481 2566 596 2601 quarto
619 2560 763 2590 eiusdem
786 2560 1145 2601 septuagesimaetertiae
1168 2560 1329 2601 quaestio-

295 2605 344 2636 nis
367 2604 503 2636 dubium
519 2605 665 2640 occurrit,
683 2604 763 2635 circa
779 2604 963 2635 audientem
978 2604 1180 2635 materialiter
1193 2611 1328 2640 tantum,
1354 2609 1355 2634 ἲ

264 2649 328 2681 hoc
350 2656 396 2680 est
419 2649 486 2679 sine
509 2649 739 2689 complacentia
763 2649 973 2685 detractionis,
998 2649 1127 2699 quando
1152 2656 1198 2680 est
1220 2658 1329 2689 pecca-

264 2700 336 2725 tum
359 2693 503 2724 mortale.
525 2693 567 2724 Et
582 2700 628 2724 est
643 2693 724 2724 ratio
741 2693 829 2724 dubii
845 2693 921 2734 quia
933 2693 1036 2724 littera
1051 2693 1144 2733 ponit
1162 2700 1223 2724 tres
1240 2703 1330 2723 casus

265 2737 299 2768 in
314 2737 440 2788 quibus
461 2744 580 2788 potest
590 2747 656 2767 esse
681 2738 830 2768 mortale:
855 2737 972 2768 scilicet
995 2737 1020 2768 si
1043 2737 1199 2768 incumbit
1222 2747 1259 2768 ex
1282 2736 1330 2767 of-

264 2780 338 2812 ficio
362 2781 531 2821 corrigere;
557 2780 582 2811 si
606 2781 740 2812 audiens
763 2781 853 2812 novit
875 2781 1006 2822 aliquod
1029 2781 1207 2822 periculum
1223 2791 1331 2812 conse-

266 2835 368 2867 quens
381 2825 413 2861 *;
443 2825 469 2855 si
493 2825 589 2855 timor
604 2825 764 2856 humanus
788 2833 868 2856 esset
886 2831 992 2856 tantus
1015 2826 1104 2866 quod
1119 2832 1200 2856 esset
1222 2835 1331 2865 pecca·
1356 2830 1358 2848 ²

265 2877 336 2901 tum
360 2869 505 2900 mortale.
529 2869 570 2899 Et
592 2869 733 2905 inferius,
757 2870 790 2900 in
806 2870 1014 2910 responsione
1037 2870 1077 2900 ad
1101 2870 1261 2905 ultimum,
1287 2869 1332 2898 di-

266 2914 348 2945 citur
376 2914 466 2954 quod
488 2913 698 2952 resistendum
723 2920 769 2944 est
793 2914 1020 2944 detractoribus
1049 2914 1129 2944 sicut
1152 2913 1331 2953 raptoribus

233 2981 239 2988 .
265 2958 316 2989 vel
339 2957 582 2998 oppressoribus
605 2958 757 2988 aliorum:
783 2964 813 2988 et
835 2958 868 2987 in
892 2958 976 2988 calce
999 2957 1141 2997 corporis
1164 2957 1287 2988 articuli
1303 2957 1330 2993 *,

267 3002 356 3043 quod
379 3001 460 3032 sicut
483 3008 620 3038 tenetur,
645 3011 682 3032 ex
704 3002 800 3032 Deut.
823 3012 900 3038 xx11,
924 3002 1086 3032 sublevare
1110 3001 1235 3032 asinum
1259 3011 1330 3041 pro-

265 3046 342 3077 ximi
365 3045 519 3077 iacentem
543 3047 602 3076 sub
626 3056 732 3082 onere,
755 3046 799 3076 ita
821 3045 988 3076 hominem
1002 3046 1041 3076 ab
1055 3045 1186 3076 infamia
1201 3055 1331 3086 oppres·
1357 3067 1358 3071 ,

266 3100 355 3126 sum,
372 3097 430 3121 etc.
462 3090 618 3121 Videntur
646 3090 732 3121 enim
761 3089 838 3120 haec
866 3090 1026 3121 doctrinae
1055 3090 1200 3130 superius
1224 3090 1330 3125 datae,

266 3135 298 3165 in
322 3141 379 3165 art.
403 3145 422 3175 7
446 3144 501 3174 qu.
522 3143 600 3170 mm,
629 3134 668 3165 ad
695 3135 722 3170 3,
742 3134 912 3170 adversari,
938 3134 992 3165 ubi
1016 3134 1129 3165 dicitur
1152 3134 1241 3175 quod
1264 3143 1330 3164 non

266 3180 396 3211 obstans
411 3178 525 3209 latroni
541 3178 591 3209 vel
608 3188 674 3208 non
690 3179 922 3218 reprehendens
938 3179 1046 3209 solum
1061 3185 1184 3209 tenetur
1201 3178 1330 3219 quando

266 3223 295 3254 ei
302 3216 477 3253 incumbit
498 3232 535 3253 ex
558 3221 676 3253 officio.
707 3222 768 3253 Hic
784 3222 870 3253 enim
886 3222 1000 3253 dicitur
1022 3223 1111 3264 quod
1134 3233 1200 3253 non
1224 3222 1330 3253 solum

266 3267 292 3298 si
315 3266 471 3298 incumbit
486 3277 523 3297 ex
546 3266 662 3303 officio,
679 3267 734 3297 sed
758 3266 852 3298 etiam
875 3266 900 3297 si
917 3267 1006 3299 novit
1029 3267 1204 3307 periculum
1222 3276 1330 3297 conse-

265 3321 377 3352 quens,
394 3311 483 3352 quod
507 3317 642 3341 tenetur:
667 3310 768 3341 immo
792 3311 874 3351 plus,
890 3312 979 3352 quod
1002 3318 1126 3343 tenetur
1140 3311 1247 3352 ipsum
1271 3307 1358 3358 5υ13Ι

267 3365 363 3386 onere
392 3355 541 3386 infamiae
570 3355 724 3385 iacentem
753 3355 926 3386 sublevare.

323 3399 359 3431 11.
385 3399 435 3430 Ad
459 3399 521 3429 hoc
545 3399 658 3429 dicitur
686 3399 775 3439 quod
798 3396 950 3430 s'ententia
972 3399 1120 3430 Auctoris
1143 3405 1189 3429 est
1212 3408 1276 3429 una
1300 3406 1330 3430 et

267 3443 378 3474 eadem
395 3443 445 3474 hic
461 3450 491 3474 et
506 3443 661 3483 superius.
685 3443 797 3483 Neque
813 3442 896 3473 enim
918 3443 1052 3474 intendit
1074 3443 1163 3484 quod
1186 3449 1329 3474 teneatur

267 3487 339 3527 quis
369 3488 440 3528 plus
464 3488 588 3518 obstare
611 3486 785 3518 detrahenti
813 3497 911 3527 quam
939 3487 1071 3527 rapienti
1093 3487 1142 3517 vel
1169 3487 1328 3517 invadenti

267 3541 321 3562 seu
339 3531 542 3572 percutienti:
567 3531 620 3562 sed
637 3531 726 3572 quod
746 3531 1024 3571 proportionaliter
1039 3537 1162 3562 tenetur
1175 3531 1208 3561 in
1224 3531 1327 3561 omni-

407 3592 517 3617 Sumus
536 3591 638 3616 Timon.
656 3591 687 3615 D.
702 3590 817 3615 Tamus
836 3590 868 3615 T.
883 3591 924 3615 VI.

1381 2561 1440 2590 bus
1457 2560 1607 2591 materiis.
1628 2561 1679 2590 Ad
1696 2561 1786 2591 cuius
1803 2561 2003 2597 evidentiam,
2020 2561 2184 2592 sciendum
2204 2562 2291 2602 quod
2308 2570 2368 2593 tres
2388 2573 2447 2593 nu-

1382 2605 1494 2635 merati
1517 2614 1607 2635 casus
1630 2605 1663 2634 in
1687 2605 1789 2636 littera
1811 2605 1854 2636 ita
1875 2615 1908 2635 se
1925 2605 2041 2636 habent
2063 2606 2152 2646 quod
2176 2606 2298 2646 primus
2321 2607 2447 2647 respicit

1383 2658 1449 2679 non
1468 2649 1575 2679 solum
1599 2650 1723 2679 bonum
1745 2649 1886 2679 hominis
1909 2650 1964 2690 qui
1989 2650 2131 2686 detrahit,
2147 2650 2198 2680 vel
2221 2650 2344 2681 bonum
2360 2661 2446 2681 com—

1383 2703 1492 2729 mune,
1513 2693 1567 2723 sed
1591 2693 1686 2724 etiam
1710 2694 1833 2724 bonum
1849 2693 1985 2734 proximi
2002 2694 2052 2724 cui
2069 2694 2253 2724 detrahitur:
2279 2695 2446 2735 praecipue

1384 2737 1409 2767 si
1434 2744 1480 2768 est
1503 2737 1598 2768 etiam
1621 2737 1766 2768 subditus
1789 2737 1834 2768 illi
1858 2737 1908 2768 cui
1932 2747 1968 2768 ex
1987 2737 2093 2768 officio
2117 2738 2272 2768 incumbit
2294 2739 2445 2770 detracto-

1383 2790 1450 2811 rem
1475 2781 1638 2821 corrigere,
1657 2782 1811 2822 quoniam
1835 2789 1910 2812 tunc
1934 2781 2082 2823 utrinque
2101 2782 2256 2812 incumbit
2280 2783 2337 2813 sibi
2361 2793 2444 2819 cura,

1385 2831 1416 2855 et
1435 2835 1474 2855 ne
1491 2826 1646 2856 detractor
1660 2825 1808 2862 offendat,
1833 2833 1864 2856 et
1886 2836 1926 2856 ne
1950 2827 2114 2866 proximus
2137 2826 2281 2857 subditus
2305 2827 2446 2857 laedatur

1383 2869 1416 2899 in
1440 2869 1540 2905 fama;
1565 2869 1665 2909 magis
1689 2870 1774 2899 enim
1796 2877 1920 2900 tenetur
1943 2870 1982 2900 ad
2007 2870 2225 2900 defensionem
2244 2871 2445 2906 subditorum

1384 2923 1483 2953 quam
1506 2913 1653 2944 aliorum.
1678 2914 1719 2944 Et
1741 2914 1814 2944 ideo
1838 2914 2029 2953 regulandus
2053 2921 2099 2945 est
2122 2915 2297 2946 secundum
2321 2916 2444 2955 regulas

1356 2967 1358 2995 3
1384 2957 1586 2988 correctionis
1605 2957 1758 2988 fraternae
1775 2965 1804 2989 et
1818 2958 1969 2988 iustitiae:
1995 2965 2025 2989 et
2040 2958 2113 2989 inde
2130 2959 2303 2989 discernere
2320 2966 2446 2999 oportet

1356 3005 1358 3032 ἰ
1384 3001 1513 3041 quando
1537 3008 1584 3032 est
1606 3001 1738 3032 mortale
1763 3009 1794 3032 et
1816 3003 1946 3042 quando
1970 3012 2046 3033 non.

1356 3037 1358 3060 ¹
1439 3045 1566 3076 Tertius
1589 3056 1664 3076 vero
1688 3045 1813 3086 respicit
1836 3056 2005 3086 personam
2021 3046 2192 3077 audientis:
2217 3054 2374 3087 quantum
2390 3047 2446 3077 sci-

1356 3093 1358 3103 '
1383 3089 1455 3120 licet
1478 3090 1510 3120 in
1530 3089 1597 3120 eius
1621 3090 1728 3120 animo
1752 3090 1849 3121 timor
1872 3090 2064 3127 dominetur,
2081 3098 2117 3121 ut
2132 3091 2250 3122 scilicet
2272 3099 2446 3131 praeponat

1356 3153 1358 3159 ‚
1383 3134 1500 3164 caritati
1515 3133 1668 3165 fraternae
1683 3134 1833 3166 humana.
1858 3135 1899 3165 Et
1922 3135 1972 3165 hic
1987 3136 2164 3166 secundum
2181 3135 2316 3166 caritatis
2333 3143 2363 3166 et
2386 3135 2444 3165 fra-

1383 3178 1535 3209 ternitatis
1558 3178 1642 3218 leges
1666 3179 1893 3210 examinandus
1917 3186 1972 3209 est.

1440 3222 1604 3253 Secundus
1628 3232 1703 3253 vero
1732 3223 1858 3263 respicit
1887 3233 1953 3253 uon
1976 3223 2079 3263 ipsam
2101 3222 2266 3252 infamiam
2297 3223 2443 3262 proximi,

1356 3295 1358 3326 Ι
1356 3258 1439 3296 'sed
1462 3266 1640 3306 periculum
1664 3277 1871 3307 consequens,
1887 3277 1952 3297 non
1968 3268 2206 3308 quodcumque,
2223 3267 2277 3297 sed
2296 3267 2444 3303 notabile,

1384 3311 1448 3341 sive
1471 3310 1556 3341 illius
1572 3310 1635 3341 sive
1651 3311 1788 3341 alterius.
1813 3311 1854 3341 Et
1877 3318 2043 3351 propterea
2058 3311 2248 3350 regulandus
2268 3318 2314 3341 est
2337 3321 2446 3341 secun-

1356 3363 1358 3394 y
1383 3355 1462 3385 dum
1485 3355 1608 3395 regulas
1624 3365 1690 3385 non
1707 3356 1869 3391 obstantis,
1889 3356 1938 3385 vel
1955 3355 2178 3395 participantis.
2202 3355 2243 3385 Et
2265 3355 2290 3385 si
2314 3355 2444 3395 quidem

1356 3395 1357 3444 Ι
1384 3409 1450 3429 non
1474 3399 1626 3430 obstantis
1650 3399 1792 3439 periculo
1809 3406 1887 3430 noto
1911 3399 2075 3429 vinculum
2090 3399 2336 3435 consideremus,
2362 3398 2444 3429 dice-

1356 3446 1357 3463 *
1384 3453 1456 3473 mus
1484 3444 1590 3484 quod,
1615 3450 1772 3483 quantum
1796 3450 1842 3474 est
1873 3452 1909 3473 ex
1932 3450 2019 3483 parte
2043 3453 2116 3479 sua,
2141 3453 2207 3473 non
2231 3449 2355 3474 tenetur
2384 3443 2443 3473 sub

1384 3487 1510 3517 mortali
1540 3494 1669 3528 peccato
1695 3487 1752 3517 nisi
1777 3487 1939 3518 incumbat
1969 3487 1997 3517 ei
2025 3497 2062 3517 ex
2085 3487 2208 3523 officio,
2237 3487 2322 3518 iuxta
2349 3497 2444 3527 supra

1355 3544 1357 3559 ι
1383 3531 1475 3562 dicta.
1507 3531 1568 3561 Sed
1598 3538 1755 3572 quantum
1778 3539 1824 3562 est
1852 3541 1888 3562 ex
1912 3538 1998 3571 parte
2029 3531 2222 3562 imminentis
2254 3530 2444 3562 necessitatis

2273 3591 2302 3615 18

2477 428 2546 455 ’Qu.
2556 434 2603 456 xix,
2614 433 2655 451 art.
2667 436 2687 458 3,

2475 746 2545 768 ’Al-t.
2555 752 2571 773 ι,
2582 747 2611 768 ad
2624 752 2644 768 2.

2474 958 2683 987 ’Qu.uxu,ar1.3.

2572 1065 2587 1082 Ζ

2475 1323 2560 1345 Vers.
2568 1329 2596 1350 43
2606 1324 2683 1346 Exod.

2473 1355 2524 1378 cap.
2530 1356 2597 1376 xxm,
2603 1357 2683 1379 νει-ις).

2568 1491 2587 1517 λ

2498 1705 2564 1727 Vers.
2578 1711 2611 1734 ²3·
