<?xml version="1.0" encoding="UTF-8"?>
<!DOCTYPE html PUBLIC "-//W3C//DTD XHTML 1.0 Transitional//EN"
    "http://www.w3.org/TR/xhtml1/DTD/xhtml1-transitional.dtd">
<html xmlns="http://www.w3.org/1999/xhtml" xml:lang="en" lang="en">
 <head>
  <title>
</title>
<meta http-equiv="Content-Type" content="text/html;charset=utf-8" />
  <meta name='ocr-system' content='tesseract 3.04.00' />
  <meta name='ocr-capabilities' content='ocr_page ocr_carea ocr_par ocr_line ocrx_word'/>
</head>
<body>
  <div class='ocr_page' id='page_1' title='image "./operaomniaiussui09thom/operaomniaiussui09thom_0274.png"; bbox 0 0 2860 4244; ppageno 0'>
   <div class='ocr_carea' id='block_1_1' title="bbox 166 1207 375 1232">
    <p class='ocr_par' dir='ltr' id='par_1_1' title="bbox 166 1207 375 1232">
     <span class='ocr_line' id='line_1_1' title="bbox 166 1207 375 1232; baseline 0 -5"><span class='ocrx_word' id='word_1_1' title='bbox 166 1207 176 1217; x_wconf 79' lang='lat'><strong>·</strong></span> <span class='ocrx_word' id='word_1_2' title='bbox 186 1207 223 1227; x_wconf 79' lang='lat' dir='ltr'>Ps.</span> <span class='ocrx_word' id='word_1_3' title='bbox 237 1212 273 1232; x_wconf 84' lang='lat' dir='ltr'>xv,</span> <span class='ocrx_word' id='word_1_4' title='bbox 285 1212 344 1228; x_wconf 75' lang='lat' dir='ltr'>vers.</span> <span class='ocrx_word' id='word_1_5' title='bbox 355 1212 375 1227; x_wconf 79' lang='lat'>2.</span> 
     </span>
    </p>
   </div>
   <div class='ocr_carea' id='block_1_2' title="bbox 164 1336 374 1363">
    <p class='ocr_par' dir='ltr' id='par_1_2' title="bbox 164 1336 374 1363">
     <span class='ocr_line' id='line_1_2' title="bbox 164 1336 374 1363; baseline 0 -5"><span class='ocrx_word' id='word_1_6' title='bbox 164 1338 175 1348; x_wconf 77' lang='grc'><em>·</em></span> <span class='ocrx_word' id='word_1_7' title='bbox 186 1337 222 1358; x_wconf 86' lang='lat' dir='ltr'>Cf.</span> <span class='ocrx_word' id='word_1_8' title='bbox 235 1343 298 1358; x_wconf 88' lang='lat' dir='ltr'>num.</span> <span class='ocrx_word' id='word_1_9' title='bbox 310 1343 325 1363; x_wconf 84' lang='grc' dir='ltr'>ι,</span> <span class='ocrx_word' id='word_1_10' title='bbox 337 1336 374 1358; x_wconf 84' lang='lat' dir='ltr'>fin.</span> 
     </span>
    </p>
   </div>
   <div class='ocr_carea' id='block_1_3' title="bbox 174 3019 386 3098">
    <p class='ocr_par' dir='ltr' id='par_1_3' title="bbox 174 3019 386 3098">
     <span class='ocr_line' id='line_1_3' title="bbox 175 3019 384 3046; baseline -0.01 -6"><span class='ocrx_word' id='word_1_11' title='bbox 175 3021 184 3029; x_wconf 72' lang='lat'><strong><em>⁴</em></strong></span> <span class='ocrx_word' id='word_1_12' title='bbox 199 3019 279 3040; x_wconf 75' lang='lat' dir='ltr'>Matth.</span> <span class='ocrx_word' id='word_1_13' title='bbox 296 3024 346 3046; x_wconf 80' lang='lat' dir='ltr'>eap.</span> <span class='ocrx_word' id='word_1_14' title='bbox 361 3024 384 3044; x_wconf 75' lang='lat' dir='ltr'>v,</span> 
     </span>
     <span class='ocr_line' id='line_1_4' title="bbox 175 3050 386 3074; baseline -0.009 -7"><span class='ocrx_word' id='word_1_15' title='bbox 175 3052 234 3067; x_wconf 85' lang='lat' dir='ltr'>vers.</span> <span class='ocrx_word' id='word_1_16' title='bbox 263 3051 306 3074; x_wconf 72' lang='lat' dir='ltr'>3o;</span> <span class='ocrx_word' id='word_1_17' title='bbox 334 3050 386 3071; x_wconf 80' lang='lat' dir='ltr'>cap.</span> 
     </span>
     <span class='ocr_line' id='line_1_5' title="bbox 174 3071 357 3098; baseline -0.005 -5"><span class='ocrx_word' id='word_1_18' title='bbox 174 3078 242 3098; x_wconf 81' lang='lat' dir='ltr'>xviri,</span> <span class='ocrx_word' id='word_1_19' title='bbox 256 3077 316 3093; x_wconf 77' lang='lat' dir='ltr'>vers.</span> <span class='ocrx_word' id='word_1_20' title='bbox 336 3071 357 3092; x_wconf 87' lang='lat'>8.</span> 
     </span>
    </p>
   </div>
   <div class='ocr_carea' id='block_1_4' title="bbox 406 220 479 255">
    <p class='ocr_par' dir='ltr' id='par_1_4' title="bbox 406 220 479 255">
     <span class='ocr_line' id='line_1_6' title="bbox 406 220 479 255; baseline 0 -10"><span class='ocrx_word' id='word_1_21' title='bbox 406 220 479 255; x_wconf 88' lang='lat'>242</span> 
     </span>
    </p>
   </div>
   <div class='ocr_carea' id='block_1_5' title="bbox 404 279 1462 541">
    <p class='ocr_par' dir='ltr' id='par_1_5' title="bbox 404 279 1462 541">
     <span class='ocr_line' id='line_1_7' title="bbox 405 279 1459 317; baseline -0.007 -1"><span class='ocrx_word' id='word_1_22' title='bbox 405 292 526 316; x_wconf 87' lang='lat' dir='ltr'>constat</span> <span class='ocrx_word' id='word_1_23' title='bbox 538 286 623 315; x_wconf 90' lang='lat' dir='ltr'>enim</span> <span class='ocrx_word' id='word_1_24' title='bbox 639 285 700 315; x_wconf 91' lang='lat' dir='ltr'>hoc</span> <span class='ocrx_word' id='word_1_25' title='bbox 712 294 778 314; x_wconf 90' lang='lat' dir='ltr'>esse</span> <span class='ocrx_word' id='word_1_26' title='bbox 790 283 848 314; x_wconf 90' lang='lat' dir='ltr'>Dei</span> <span class='ocrx_word' id='word_1_27' title='bbox 863 282 1061 317; x_wconf 89' lang='lat' dir='ltr'>beneficium,</span> <span class='ocrx_word' id='word_1_28' title='bbox 1079 288 1109 311; x_wconf 91' lang='lat' dir='ltr'>et</span> <span class='ocrx_word' id='word_1_29' title='bbox 1124 280 1247 310; x_wconf 86' lang='lat' dir='ltr'>licitum</span> <span class='ocrx_word' id='word_1_30' title='bbox 1259 279 1459 310; x_wconf 86' lang='lat' dir='ltr'>desiderium.</span> 
     </span>
     <span class='ocr_line' id='line_1_8' title="bbox 404 323 1462 368; baseline -0.007 -8"><span class='ocrx_word' id='word_1_31' title='bbox 404 330 444 360; x_wconf 89' lang='lat' dir='ltr'>Et</span> <span class='ocrx_word' id='word_1_32' title='bbox 467 329 609 359; x_wconf 87' lang='lat' dir='ltr'>similiter</span> <span class='ocrx_word' id='word_1_33' title='bbox 632 329 656 358; x_wconf 87' lang='lat' dir='ltr'>si</span> <span class='ocrx_word' id='word_1_34' title='bbox 687 328 758 368; x_wconf 91' lang='lat' dir='ltr'>quis</span> <span class='ocrx_word' id='word_1_35' title='bbox 781 333 875 357; x_wconf 86' lang='lat' dir='ltr'>vovet</span> <span class='ocrx_word' id='word_1_36' title='bbox 898 337 930 356; x_wconf 89' lang='lat' dir='ltr'>se</span> <span class='ocrx_word' id='word_1_37' title='bbox 954 326 1136 356; x_wconf 86' lang='lat' dir='ltr'>oblaturum</span> <span class='ocrx_word' id='word_1_38' title='bbox 1160 323 1316 354; x_wconf 85' lang='lat' dir='ltr'>decimam</span> <span class='ocrx_word' id='word_1_39' title='bbox 1339 330 1462 363; x_wconf 85' lang='lat' dir='ltr'>partem</span> 
     </span>
     <span class='ocr_line' id='line_1_9' title="bbox 404 367 1459 413; baseline -0.008 -9"><span class='ocrx_word' id='word_1_40' title='bbox 404 373 501 413; x_wconf 86' lang='lat' dir='ltr'>turpis</span> <span class='ocrx_word' id='word_1_41' title='bbox 523 373 613 409; x_wconf 86' lang='lat' dir='ltr'>lucri,</span> <span class='ocrx_word' id='word_1_42' title='bbox 634 373 675 403; x_wconf 88' lang='lat' dir='ltr'>ita</span> <span class='ocrx_word' id='word_1_43' title='bbox 694 371 782 412; x_wconf 93' lang='lat' dir='ltr'>quod</span> <span class='ocrx_word' id='word_1_44' title='bbox 806 369 995 400; x_wconf 89' lang='lat' dir='ltr'>beneficium</span> <span class='ocrx_word' id='word_1_45' title='bbox 1018 374 1164 408; x_wconf 89' lang='lat' dir='ltr'>optatum</span> <span class='ocrx_word' id='word_1_46' title='bbox 1188 367 1228 397; x_wconf 91' lang='lat' dir='ltr'>sit</span> <span class='ocrx_word' id='word_1_47' title='bbox 1246 367 1369 403; x_wconf 88' lang='lat' dir='ltr'>lucrari,</span> <span class='ocrx_word' id='word_1_48' title='bbox 1394 377 1459 396; x_wconf 91' lang='lat' dir='ltr'>non</span> 
     </span>
     <span class='ocr_line' id='line_1_10' title="bbox 405 411 1460 454; baseline -0.007 -7"><span class='ocrx_word' id='word_1_49' title='bbox 405 427 497 447; x_wconf 87' lang='lat' dir='ltr'>causa</span> <span class='ocrx_word' id='word_1_50' title='bbox 520 417 602 446; x_wconf 90' lang='lat' dir='ltr'>eius:</span> <span class='ocrx_word' id='word_1_51' title='bbox 629 422 672 451; x_wconf 90' lang='lat' dir='ltr'>ut,</span> <span class='ocrx_word' id='word_1_52' title='bbox 698 415 722 444; x_wconf 90' lang='lat' dir='ltr'>si</span> <span class='ocrx_word' id='word_1_53' title='bbox 747 414 817 454; x_wconf 90' lang='lat' dir='ltr'>quis</span> <span class='ocrx_word' id='word_1_54' title='bbox 841 414 977 448; x_wconf 91' lang='lat' dir='ltr'>lusurus,</span> <span class='ocrx_word' id='word_1_55' title='bbox 995 412 1034 442; x_wconf 92' lang='lat' dir='ltr'>ad</span> <span class='ocrx_word' id='word_1_56' title='bbox 1053 412 1115 442; x_wconf 85' lang='lat' dir='ltr'>hoc</span> <span class='ocrx_word' id='word_1_57' title='bbox 1139 418 1174 441; x_wconf 93' lang='lat' dir='ltr'>ut</span> <span class='ocrx_word' id='word_1_58' title='bbox 1196 411 1379 446; x_wconf 87' lang='lat' dir='ltr'>lucraretur,</span> <span class='ocrx_word' id='word_1_59' title='bbox 1403 420 1460 441; x_wconf 90' lang='lat' dir='ltr'>vo·</span> 
     </span>
     <span class='ocr_line' id='line_1_11' title="bbox 404 454 1459 497; baseline -0.007 -6"><span class='ocrx_word' id='word_1_60' title='bbox 404 468 488 491; x_wconf 91' lang='lat' dir='ltr'>veret</span> <span class='ocrx_word' id='word_1_61' title='bbox 503 461 572 490; x_wconf 90' lang='lat' dir='ltr'>Deo</span> <span class='ocrx_word' id='word_1_62' title='bbox 590 460 739 490; x_wconf 88' lang='lat' dir='ltr'>daturum</span> <span class='ocrx_word' id='word_1_63' title='bbox 759 458 791 487; x_wconf 92' lang='lat' dir='ltr'>in</span> <span class='ocrx_word' id='word_1_64' title='bbox 807 458 1042 497; x_wconf 79' lang='lat' dir='ltr'>eleemosynam</span> <span class='ocrx_word' id='word_1_65' title='bbox 1059 455 1214 485; x_wconf 80' lang='lat' dir='ltr'>decimam</span> <span class='ocrx_word' id='word_1_66' title='bbox 1233 461 1355 494; x_wconf 88' lang='lat' dir='ltr'>partem</span> <span class='ocrx_word' id='word_1_67' title='bbox 1370 454 1459 490; x_wconf 90' lang='lat' dir='ltr'>lucri,</span> 
     </span>
     <span class='ocr_line' id='line_1_12' title="bbox 405 498 1462 541; baseline -0.005 -8"><span class='ocrx_word' id='word_1_68' title='bbox 405 511 515 535; x_wconf 92' lang='lat' dir='ltr'>votum</span> <span class='ocrx_word' id='word_1_69' title='bbox 533 510 612 534; x_wconf 90' lang='lat' dir='ltr'>esset</span> <span class='ocrx_word' id='word_1_70' title='bbox 627 502 785 537; x_wconf 88' lang='lat' dir='ltr'>validum;</span> <span class='ocrx_word' id='word_1_71' title='bbox 810 501 884 541; x_wconf 86' lang='lat' dir='ltr'>quia</span> <span class='ocrx_word' id='word_1_72' title='bbox 899 500 971 531; x_wconf 91' lang='lat' dir='ltr'>licet</span> <span class='ocrx_word' id='word_1_73' title='bbox 992 500 1101 530; x_wconf 86' lang='lat' dir='ltr'>ludere</span> <span class='ocrx_word' id='word_1_74' title='bbox 1123 505 1253 539; x_wconf 90' lang='lat' dir='ltr'>propter</span> <span class='ocrx_word' id='word_1_75' title='bbox 1275 498 1400 529; x_wconf 89' lang='lat' dir='ltr'>lucrum</span> <span class='ocrx_word' id='word_1_76' title='bbox 1422 498 1462 529; x_wconf 89' lang='lat' dir='ltr'>sit</span> 
     </span>
    </p>
   </div>
   <div class='ocr_carea' id='block_1_6' title="bbox 404 542 1488 716">
    <p class='ocr_par' dir='ltr' id='par_1_6' title="bbox 404 542 1488 716">
     <span class='ocr_line' id='line_1_13' title="bbox 405 542 1488 586; baseline -0.006 -8"><span class='ocrx_word' id='word_1_77' title='bbox 405 549 541 583; x_wconf 88' lang='lat' dir='ltr'>malum,</span> <span class='ocrx_word' id='word_1_78' title='bbox 567 557 602 577; x_wconf 90' lang='lat' dir='ltr'>ex</span> <span class='ocrx_word' id='word_1_79' title='bbox 625 556 691 586; x_wconf 90' lang='lat' dir='ltr'>quo</span> <span class='ocrx_word' id='word_1_80' title='bbox 715 553 820 575; x_wconf 90' lang='lat' dir='ltr'>tamen</span> <span class='ocrx_word' id='word_1_81' title='bbox 843 545 938 580; x_wconf 92' lang='lat' dir='ltr'>ludit,</span> <span class='ocrx_word' id='word_1_82' title='bbox 962 543 1075 574; x_wconf 90' lang='lat' dir='ltr'>lucrari</span> <span class='ocrx_word' id='word_1_83' title='bbox 1099 553 1163 574; x_wconf 91' lang='lat' dir='ltr'>non</span> <span class='ocrx_word' id='word_1_84' title='bbox 1193 549 1239 574; x_wconf 89' lang='lat' dir='ltr'>est</span> <span class='ocrx_word' id='word_1_85' title='bbox 1266 542 1422 573; x_wconf 91' lang='lat' dir='ltr'>illicitum.</span> <span class='ocrx_word' id='word_1_86' title='bbox 1439 560 1461 566; x_wconf 94' lang='lat'>—</span> <span class='ocrx_word' id='word_1_87' title='bbox 1487 563 1488 581; x_wconf 27' lang='grc' dir='ltr'>ἢ</span> 
     </span>
     <span class='ocr_line' id='line_1_14' title="bbox 404 586 1488 629; baseline -0.004 -7"><span class='ocrx_word' id='word_1_88' title='bbox 404 592 450 622; x_wconf 86' lang='lat' dir='ltr'>Ex</span> <span class='ocrx_word' id='word_1_89' title='bbox 465 591 513 621; x_wconf 92' lang='lat' dir='ltr'>his</span> <span class='ocrx_word' id='word_1_90' title='bbox 528 597 633 621; x_wconf 88' lang='lat' dir='ltr'>autem</span> <span class='ocrx_word' id='word_1_91' title='bbox 650 595 735 629; x_wconf 90' lang='lat' dir='ltr'>patet</span> <span class='ocrx_word' id='word_1_92' title='bbox 754 588 830 629; x_wconf 91' lang='lat' dir='ltr'>quid</span> <span class='ocrx_word' id='word_1_93' title='bbox 847 588 1016 618; x_wconf 89' lang='lat' dir='ltr'>dicendum</span> <span class='ocrx_word' id='word_1_94' title='bbox 1037 594 1083 618; x_wconf 92' lang='lat' dir='ltr'>est</span> <span class='ocrx_word' id='word_1_95' title='bbox 1098 588 1137 618; x_wconf 90' lang='lat' dir='ltr'>de</span> <span class='ocrx_word' id='word_1_96' title='bbox 1152 586 1234 618; x_wconf 90' lang='lat' dir='ltr'>votis</span> <span class='ocrx_word' id='word_1_97' title='bbox 1249 587 1461 626; x_wconf 83' lang='lat' dir='ltr'>pugnantium</span> <span class='ocrx_word' id='word_1_98' title='bbox 1487 589 1488 604; x_wconf 67' lang='lat'>³</span> 
     </span>
     <span class='ocr_line' id='line_1_15' title="bbox 404 630 1488 671; baseline -0.003 -6"><span class='ocrx_word' id='word_1_99' title='bbox 404 635 508 665; x_wconf 85' lang='lat' dir='ltr'>illicite</span> <span class='ocrx_word' id='word_1_100' title='bbox 531 634 564 664; x_wconf 92' lang='lat' dir='ltr'>in</span> <span class='ocrx_word' id='word_1_101' title='bbox 583 634 701 664; x_wconf 91' lang='lat' dir='ltr'>duello.</span> <span class='ocrx_word' id='word_1_102' title='bbox 725 632 809 668; x_wconf 86' lang='lat' dir='ltr'><strong>Quia</strong></span> <span class='ocrx_word' id='word_1_103' title='bbox 828 632 943 670; x_wconf 78' lang='lat' dir='ltr'>scilicet</span> <span class='ocrx_word' id='word_1_104' title='bbox 966 632 992 662; x_wconf 92' lang='lat' dir='ltr'>si</span> <span class='ocrx_word' id='word_1_105' title='bbox 1014 637 1143 662; x_wconf 88' lang='lat' dir='ltr'>voveret</span> <span class='ocrx_word' id='word_1_106' title='bbox 1165 630 1236 671; x_wconf 92' lang='lat' dir='ltr'>quis</span> <span class='ocrx_word' id='word_1_107' title='bbox 1255 640 1313 670; x_wconf 91' lang='lat' dir='ltr'>pro</span> <span class='ocrx_word' id='word_1_108' title='bbox 1337 631 1461 662; x_wconf 90' lang='lat' dir='ltr'>incolu-</span> <span class='ocrx_word' id='word_1_109' title='bbox 1487 649 1488 652; x_wconf 65' lang='lat'><em>=</em></span> 
     </span>
     <span class='ocr_line' id='line_1_16' title="bbox 404 674 1488 716; baseline -0.002 -8"><span class='ocrx_word' id='word_1_110' title='bbox 404 679 510 709; x_wconf 87' lang='lat' dir='ltr'>mitate</span> <span class='ocrx_word' id='word_1_111' title='bbox 534 685 588 708; x_wconf 87' lang='lat' dir='ltr'>aut</span> <span class='ocrx_word' id='word_1_112' title='bbox 610 677 673 708; x_wconf 84' lang='lat' dir='ltr'>vita</span> <span class='ocrx_word' id='word_1_113' title='bbox 695 683 751 706; x_wconf 87' lang='lat' dir='ltr'>aut</span> <span class='ocrx_word' id='word_1_114' title='bbox 773 685 977 716; x_wconf 88' lang='lat' dir='ltr'>quacumque</span> <span class='ocrx_word' id='word_1_115' title='bbox 1000 675 1060 706; x_wconf 86' lang='lat' dir='ltr'>alia</span> <span class='ocrx_word' id='word_1_116' title='bbox 1083 685 1116 706; x_wconf 91' lang='lat' dir='ltr'>re</span> <span class='ocrx_word' id='word_1_117' title='bbox 1139 685 1237 715; x_wconf 88' lang='lat' dir='ltr'>quam</span> <span class='ocrx_word' id='word_1_118' title='bbox 1265 674 1347 706; x_wconf 90' lang='lat' dir='ltr'>licite</span> <span class='ocrx_word' id='word_1_119' title='bbox 1372 682 1462 716; x_wconf 88' lang='lat' dir='ltr'>optat</span> <span class='ocrx_word' id='word_1_120' title='bbox 1487 681 1488 690; x_wconf 66' lang='lat'>¹</span> 
     </span>
    </p>
   </div>
   <div class='ocr_carea' id='block_1_7' title="bbox 403 719 1461 892">
    <p class='ocr_par' dir='ltr' id='par_1_7' title="bbox 403 719 1461 850">
     <span class='ocr_line' id='line_1_17' title="bbox 405 719 1460 759; baseline -0.003 -7"><span class='ocrx_word' id='word_1_121' title='bbox 405 722 583 757; x_wconf 89' lang='lat' dir='ltr'>obtinenda,</span> <span class='ocrx_word' id='word_1_122' title='bbox 608 727 720 751; x_wconf 91' lang='lat' dir='ltr'>votum</span> <span class='ocrx_word' id='word_1_123' title='bbox 743 730 854 750; x_wconf 91' lang='lat' dir='ltr'>verum</span> <span class='ocrx_word' id='word_1_124' title='bbox 878 727 938 750; x_wconf 86' lang='lat' dir='ltr'>est:</span> <span class='ocrx_word' id='word_1_125' title='bbox 964 719 989 750; x_wconf 92' lang='lat' dir='ltr'>si</span> <span class='ocrx_word' id='word_1_126' title='bbox 1012 726 1120 751; x_wconf 88' lang='lat' dir='ltr'>autem</span> <span class='ocrx_word' id='word_1_127' title='bbox 1143 729 1201 759; x_wconf 89' lang='lat' dir='ltr'>pro</span> <span class='ocrx_word' id='word_1_128' title='bbox 1226 719 1385 750; x_wconf 92' lang='lat' dir='ltr'>occisione</span> <span class='ocrx_word' id='word_1_129' title='bbox 1408 720 1460 750; x_wconf 87' lang='lat' dir='ltr'>ad-</span> 
     </span>
     <span class='ocr_line' id='line_1_18' title="bbox 403 763 1461 805; baseline -0.001 -9"><span class='ocrx_word' id='word_1_130' title='bbox 403 765 526 796; x_wconf 85' lang='lat' dir='ltr'>versarii</span> <span class='ocrx_word' id='word_1_131' title='bbox 550 772 604 795; x_wconf 88' lang='lat' dir='ltr'>aut</span> <span class='ocrx_word' id='word_1_132' title='bbox 626 764 736 805; x_wconf 89' lang='lat' dir='ltr'>quavis</span> <span class='ocrx_word' id='word_1_133' title='bbox 761 774 793 794; x_wconf 91' lang='lat' dir='ltr'>re</span> <span class='ocrx_word' id='word_1_134' title='bbox 809 763 915 795; x_wconf 87' lang='lat' dir='ltr'>illicite</span> <span class='ocrx_word' id='word_1_135' title='bbox 938 770 1045 804; x_wconf 90' lang='lat' dir='ltr'>optata</span> <span class='ocrx_word' id='word_1_136' title='bbox 1068 763 1249 800; x_wconf 85' lang='lat' dir='ltr'>obtinenda,</span> <span class='ocrx_word' id='word_1_137' title='bbox 1267 763 1461 804; x_wconf 86' lang='lat' dir='ltr'>blasphemia</span> 
     </span>
     <span class='ocr_line' id='line_1_19' title="bbox 404 810 842 850; baseline -0.005 -10"><span class='ocrx_word' id='word_1_138' title='bbox 404 810 509 850; x_wconf 90' lang='lat' dir='ltr'>potius</span> <span class='ocrx_word' id='word_1_139' title='bbox 532 819 630 849; x_wconf 92' lang='lat' dir='ltr'>quam</span> <span class='ocrx_word' id='word_1_140' title='bbox 652 815 764 838; x_wconf 88' lang='lat' dir='ltr'>votum</span> <span class='ocrx_word' id='word_1_141' title='bbox 788 815 842 838; x_wconf 91' lang='lat' dir='ltr'>est.</span> 
     </span>
    </p>

    <p class='ocr_par' dir='ltr' id='par_1_8' title="bbox 457 851 1461 892">
     <span class='ocr_line' id='line_1_20' title="bbox 457 851 1461 892; baseline -0.001 -9"><span class='ocrx_word' id='word_1_142' title='bbox 457 854 523 883; x_wconf 93' lang='lat' dir='ltr'>Nec</span> <span class='ocrx_word' id='word_1_143' title='bbox 546 860 576 883; x_wconf 92' lang='lat' dir='ltr'>te</span> <span class='ocrx_word' id='word_1_144' title='bbox 600 859 748 882; x_wconf 90' lang='lat' dir='ltr'>moveant</span> <span class='ocrx_word' id='word_1_145' title='bbox 777 852 980 892; x_wconf 90' lang='lat' dir='ltr'>quorundam</span> <span class='ocrx_word' id='word_1_146' title='bbox 1003 852 1096 882; x_wconf 85' lang='lat' dir='ltr'>verba</span> <span class='ocrx_word' id='word_1_147' title='bbox 1120 858 1228 882; x_wconf 85' lang='lat' dir='ltr'>contra</span> <span class='ocrx_word' id='word_1_148' title='bbox 1251 858 1325 882; x_wconf 88' lang='lat' dir='ltr'>vota</span> <span class='ocrx_word' id='word_1_149' title='bbox 1353 851 1461 882; x_wconf 90' lang='lat' dir='ltr'>condi-</span> 
     </span>
    </p>
   </div>
   <div class='ocr_carea' id='block_1_8' title="bbox 403 895 1489 938">
    <p class='ocr_par' dir='ltr' id='par_1_9' title="bbox 403 895 1489 938">
     <span class='ocr_line' id='line_1_21' title="bbox 403 895 1489 938; baseline -0.001 -11"><span class='ocrx_word' id='word_1_150' title='bbox 403 897 532 928; x_wconf 89' lang='lat' dir='ltr'>tionalia</span> <span class='ocrx_word' id='word_1_151' title='bbox 563 907 621 937; x_wconf 90' lang='lat' dir='ltr'>pro</span> <span class='ocrx_word' id='word_1_152' title='bbox 653 896 880 936; x_wconf 84' lang='lat' dir='ltr'>temporalibus</span> <span class='ocrx_word' id='word_1_153' title='bbox 910 896 1107 932; x_wconf 86' lang='lat' dir='ltr'>obtinendis,</span> <span class='ocrx_word' id='word_1_154' title='bbox 1132 895 1222 936; x_wconf 87' lang='lat' dir='ltr'>quasi</span> <span class='ocrx_word' id='word_1_155' title='bbox 1250 896 1290 927; x_wconf 90' lang='lat' dir='ltr'>sit</span> <span class='ocrx_word' id='word_1_156' title='bbox 1316 895 1462 926; x_wconf 85' lang='lat' dir='ltr'>illicitum</span> <span class='ocrx_word' id='word_1_157' title='bbox 1487 930 1489 938; x_wconf 46' lang='grc' dir='ltr'>Ι</span> 
     </span>
    </p>
   </div>
   <div class='ocr_carea' id='block_1_9' title="bbox 402 939 1475 3579">
    <p class='ocr_par' dir='ltr' id='par_1_10' title="bbox 402 939 1462 1289">
     <span class='ocr_line' id='line_1_22' title="bbox 402 939 1462 981; baseline -0.001 -10"><span class='ocrx_word' id='word_1_158' title='bbox 402 951 516 971; x_wconf 90' lang='lat' dir='ltr'>vovere</span> <span class='ocrx_word' id='word_1_159' title='bbox 543 951 602 980; x_wconf 92' lang='lat' dir='ltr'>pro</span> <span class='ocrx_word' id='word_1_160' title='bbox 626 940 870 980; x_wconf 85' lang='lat' dir='ltr'>temporalibus,</span> <span class='ocrx_word' id='word_1_161' title='bbox 893 947 1046 981; x_wconf 86' lang='lat' dir='ltr'>tanquam</span> <span class='ocrx_word' id='word_1_162' title='bbox 1076 939 1115 970; x_wconf 92' lang='lat' dir='ltr'>sit</span> <span class='ocrx_word' id='word_1_163' title='bbox 1145 949 1248 970; x_wconf 89' lang='lat' dir='ltr'>emere</span> <span class='ocrx_word' id='word_1_164' title='bbox 1275 939 1462 980; x_wconf 88' lang='lat' dir='ltr'>temporalia</span> 
     </span>
     <span class='ocr_line' id='line_1_23' title="bbox 404 983 1462 1026; baseline -0.001 -11"><span class='ocrx_word' id='word_1_165' title='bbox 404 995 460 1026; x_wconf 91' lang='lat' dir='ltr'>pro</span> <span class='ocrx_word' id='word_1_166' title='bbox 478 984 702 1025; x_wconf 83' lang='lat' dir='ltr'>spiritualibus,</span> <span class='ocrx_word' id='word_1_167' title='bbox 719 991 774 1015; x_wconf 89' lang='lat' dir='ltr'>aut</span> <span class='ocrx_word' id='word_1_168' title='bbox 789 984 964 1024; x_wconf 84' lang='lat' dir='ltr'>spiritualia</span> <span class='ocrx_word' id='word_1_169' title='bbox 984 994 1042 1024; x_wconf 90' lang='lat' dir='ltr'>pro</span> <span class='ocrx_word' id='word_1_170' title='bbox 1059 983 1282 1024; x_wconf 82' lang='lat' dir='ltr'>spiritualibus.</span> <span class='ocrx_word' id='word_1_171' title='bbox 1307 984 1462 1014; x_wconf 86' lang='lat' dir='ltr'>Extranea</span> 
     </span>
     <span class='ocr_line' id='line_1_24' title="bbox 404 1027 1462 1069; baseline -0.001 -10"><span class='ocrx_word' id='word_1_172' title='bbox 404 1039 541 1069; x_wconf 87' lang='lat' dir='ltr'>namque</span> <span class='ocrx_word' id='word_1_173' title='bbox 564 1035 638 1059; x_wconf 92' lang='lat' dir='ltr'>sunt</span> <span class='ocrx_word' id='word_1_174' title='bbox 654 1029 730 1059; x_wconf 90' lang='lat' dir='ltr'>haec</span> <span class='ocrx_word' id='word_1_175' title='bbox 746 1039 763 1058; x_wconf 84' lang='lat' dir='ltr'>a</span> <span class='ocrx_word' id='word_1_176' title='bbox 780 1028 956 1068; x_wconf 88' lang='lat' dir='ltr'>proposito.</span> <span class='ocrx_word' id='word_1_177' title='bbox 981 1028 1076 1059; x_wconf 92' lang='lat' dir='ltr'>Nulla</span> <span class='ocrx_word' id='word_1_178' title='bbox 1092 1035 1138 1059; x_wconf 90' lang='lat' dir='ltr'>est</span> <span class='ocrx_word' id='word_1_179' title='bbox 1160 1027 1210 1058; x_wconf 86' lang='lat' dir='ltr'>hic</span> <span class='ocrx_word' id='word_1_180' title='bbox 1227 1028 1358 1068; x_wconf 85' lang='lat' dir='ltr'>emptio,</span> <span class='ocrx_word' id='word_1_181' title='bbox 1375 1028 1462 1058; x_wconf 90' lang='lat' dir='ltr'>nulla</span> 
     </span>
     <span class='ocr_line' id='line_1_25' title="bbox 404 1072 1461 1113; baseline -0.001 -10"><span class='ocrx_word' id='word_1_182' title='bbox 404 1073 630 1113; x_wconf 80' lang='lat' dir='ltr'>commutatio:</span> <span class='ocrx_word' id='word_1_183' title='bbox 655 1073 709 1103; x_wconf 90' lang='lat' dir='ltr'>sed</span> <span class='ocrx_word' id='word_1_184' title='bbox 732 1072 863 1109; x_wconf 89' lang='lat' dir='ltr'>oblatio,</span> <span class='ocrx_word' id='word_1_185' title='bbox 888 1083 969 1113; x_wconf 90' lang='lat' dir='ltr'>quae</span> <span class='ocrx_word' id='word_1_186' title='bbox 986 1079 1032 1103; x_wconf 90' lang='lat' dir='ltr'>est</span> <span class='ocrx_word' id='word_1_187' title='bbox 1054 1072 1214 1112; x_wconf 82' lang='lat' dir='ltr'>religionis</span> <span class='ocrx_word' id='word_1_188' title='bbox 1234 1079 1331 1108; x_wconf 89' lang='lat' dir='ltr'>actus,</span> <span class='ocrx_word' id='word_1_189' title='bbox 1353 1072 1461 1102; x_wconf 89' lang='lat' dir='ltr'>condi-</span> 
     </span>
     <span class='ocr_line' id='line_1_26' title="bbox 404 1114 1462 1156; baseline -0.001 -9"><span class='ocrx_word' id='word_1_190' title='bbox 404 1117 531 1153; x_wconf 88' lang='lat' dir='ltr'>tionata,</span> <span class='ocrx_word' id='word_1_191' title='bbox 547 1114 573 1147; x_wconf 85' lang='lat' dir='ltr'>si</span> <span class='ocrx_word' id='word_1_192' title='bbox 589 1116 694 1147; x_wconf 88' lang='lat' dir='ltr'>divina</span> <span class='ocrx_word' id='word_1_193' title='bbox 717 1117 841 1156; x_wconf 84' lang='lat' dir='ltr'>largitas</span> <span class='ocrx_word' id='word_1_194' title='bbox 860 1116 921 1147; x_wconf 88' lang='lat' dir='ltr'>tale</span> <span class='ocrx_word' id='word_1_195' title='bbox 944 1115 1134 1147; x_wconf 89' lang='lat' dir='ltr'>beneficium</span> <span class='ocrx_word' id='word_1_196' title='bbox 1157 1115 1352 1147; x_wconf 85' lang='lat' dir='ltr'>concesserit.</span> <span class='ocrx_word' id='word_1_197' title='bbox 1377 1116 1462 1146; x_wconf 92' lang='lat' dir='ltr'>Stul-</span> 
     </span>
     <span class='ocr_line' id='line_1_27' title="bbox 404 1159 1460 1201; baseline -0.003 -9"><span class='ocrx_word' id='word_1_198' title='bbox 404 1168 472 1192; x_wconf 88' lang='lat' dir='ltr'>tum</span> <span class='ocrx_word' id='word_1_199' title='bbox 503 1161 589 1191; x_wconf 89' lang='lat' dir='ltr'>enim</span> <span class='ocrx_word' id='word_1_200' title='bbox 619 1168 665 1191; x_wconf 89' lang='lat' dir='ltr'>est</span> <span class='ocrx_word' id='word_1_201' title='bbox 694 1167 807 1191; x_wconf 90' lang='lat' dir='ltr'>votum</span> <span class='ocrx_word' id='word_1_202' title='bbox 838 1161 980 1191; x_wconf 87' lang='lat' dir='ltr'>emittere</span> <span class='ocrx_word' id='word_1_203' title='bbox 1007 1160 1096 1201; x_wconf 87' lang='lat' dir='ltr'>quasi</span> <span class='ocrx_word' id='word_1_204' title='bbox 1127 1159 1356 1190; x_wconf 81' lang='lat' dir='ltr'>commutando</span> <span class='ocrx_word' id='word_1_205' title='bbox 1387 1169 1460 1190; x_wconf 88' lang='lat' dir='ltr'>cum</span> 
     </span>
     <span class='ocr_line' id='line_1_28' title="bbox 403 1203 1460 1245; baseline -0.003 -9"><span class='ocrx_word' id='word_1_206' title='bbox 403 1206 489 1236; x_wconf 89' lang='lat' dir='ltr'>Deo:</span> <span class='ocrx_word' id='word_1_207' title='bbox 513 1206 668 1236; x_wconf 88' lang='lat' dir='ltr'>bonorum</span> <span class='ocrx_word' id='word_1_208' title='bbox 685 1204 842 1245; x_wconf 88' lang='lat' dir='ltr'>siquidem</span> <span class='ocrx_word' id='word_1_209' title='bbox 858 1210 1039 1235; x_wconf 83' lang='lat' dir='ltr'>nostrorum</span> <span class='ocrx_word' id='word_1_210' title='bbox 1062 1214 1126 1234; x_wconf 90' lang='lat' dir='ltr'>non</span> <span class='ocrx_word' id='word_1_211' title='bbox 1144 1204 1250 1234; x_wconf 88' lang='lat' dir='ltr'>solum</span> <span class='ocrx_word' id='word_1_212' title='bbox 1271 1213 1333 1233; x_wconf 89' lang='lat' dir='ltr'>non</span> <span class='ocrx_word' id='word_1_213' title='bbox 1350 1209 1423 1244; x_wconf 81' lang='lat' dir='ltr'>eget</span> <span class='ocrx_word' id='word_1_214' title='bbox 1433 1203 1460 1239; x_wconf 89' lang='lat'>*,</span> 
     </span>
     <span class='ocr_line' id='line_1_29' title="bbox 404 1247 1396 1289; baseline -0.004 -9"><span class='ocrx_word' id='word_1_215' title='bbox 404 1250 458 1280; x_wconf 92' lang='lat' dir='ltr'>sed</span> <span class='ocrx_word' id='word_1_216' title='bbox 482 1259 538 1280; x_wconf 88' lang='lat' dir='ltr'>nec</span> <span class='ocrx_word' id='word_1_217' title='bbox 564 1249 683 1289; x_wconf 89' lang='lat' dir='ltr'>aliquid</span> <span class='ocrx_word' id='word_1_218' title='bbox 700 1259 737 1278; x_wconf 86' lang='lat' dir='ltr'>ex</span> <span class='ocrx_word' id='word_1_219' title='bbox 752 1248 866 1279; x_wconf 91' lang='lat' dir='ltr'>nostris</span> <span class='ocrx_word' id='word_1_220' title='bbox 890 1249 981 1278; x_wconf 90' lang='lat' dir='ltr'>bonis</span> <span class='ocrx_word' id='word_1_221' title='bbox 1005 1254 1109 1287; x_wconf 89' lang='lat' dir='ltr'>potest</span> <span class='ocrx_word' id='word_1_222' title='bbox 1132 1247 1190 1277; x_wconf 85' lang='lat' dir='ltr'>sibi</span> <span class='ocrx_word' id='word_1_223' title='bbox 1215 1257 1396 1277; x_wconf 86' lang='lat' dir='ltr'>accrescere.</span> 
     </span>
    </p>

    <p class='ocr_par' dir='ltr' id='par_1_11' title="bbox 402 1290 1466 2388">
     <span class='ocr_line' id='line_1_30' title="bbox 458 1290 1462 1324; baseline -0.003 -1"><span class='ocrx_word' id='word_1_224' title='bbox 458 1293 496 1324; x_wconf 89' lang='lat' dir='ltr'>X.</span> <span class='ocrx_word' id='word_1_225' title='bbox 522 1293 611 1324; x_wconf 86' lang='lat' dir='ltr'>Circa</span> <span class='ocrx_word' id='word_1_226' title='bbox 642 1292 847 1322; x_wconf 86' lang='lat' dir='ltr'>indifferentia</span> <span class='ocrx_word' id='word_1_227' title='bbox 870 1302 944 1322; x_wconf 92' lang='lat' dir='ltr'>vero</span> <span class='ocrx_word' id='word_1_228' title='bbox 976 1292 1015 1321; x_wconf 88' lang='lat' dir='ltr'>ad</span> <span class='ocrx_word' id='word_1_229' title='bbox 1037 1292 1160 1321; x_wconf 90' lang='lat' dir='ltr'>bonum</span> <span class='ocrx_word' id='word_1_230' title='bbox 1183 1297 1215 1321; x_wconf 91' lang='lat' dir='ltr'>et</span> <span class='ocrx_word' id='word_1_231' title='bbox 1245 1290 1366 1321; x_wconf 86' lang='lat' dir='ltr'>malum</span> <span class='ocrx_word' id='word_1_232' title='bbox 1391 1300 1462 1320; x_wconf 92' lang='lat' dir='ltr'>mo-</span> 
     </span>
     <span class='ocr_line' id='line_1_31' title="bbox 403 1334 1462 1375; baseline -0.003 -8"><span class='ocrx_word' id='word_1_233' title='bbox 403 1337 505 1368; x_wconf 91' lang='lat' dir='ltr'>raliter</span> <span class='ocrx_word' id='word_1_234' title='bbox 522 1337 555 1372; x_wconf 89' lang='lat'>*‚</span> <span class='ocrx_word' id='word_1_235' title='bbox 581 1336 839 1375; x_wconf 89' lang='lat' dir='ltr'>distinguendum</span> <span class='ocrx_word' id='word_1_236' title='bbox 863 1342 918 1366; x_wconf 90' lang='lat' dir='ltr'>est.</span> <span class='ocrx_word' id='word_1_237' title='bbox 949 1336 1032 1366; x_wconf 91' lang='lat' dir='ltr'>Nam</span> <span class='ocrx_word' id='word_1_238' title='bbox 1061 1334 1267 1365; x_wconf 86' lang='lat' dir='ltr'>indifferentia</span> <span class='ocrx_word' id='word_1_239' title='bbox 1296 1334 1462 1374; x_wconf 90' lang='lat' dir='ltr'>dupliciter</span> 
     </span>
     <span class='ocr_line' id='line_1_32' title="bbox 403 1378 1462 1420; baseline -0.003 -9"><span class='ocrx_word' id='word_1_240' title='bbox 403 1380 520 1411; x_wconf 84' lang='lat' dir='ltr'>assumi</span> <span class='ocrx_word' id='word_1_241' title='bbox 549 1387 683 1420; x_wconf 91' lang='lat' dir='ltr'>possunt</span> <span class='ocrx_word' id='word_1_242' title='bbox 712 1380 744 1409; x_wconf 92' lang='lat' dir='ltr'>in</span> <span class='ocrx_word' id='word_1_243' title='bbox 768 1379 932 1410; x_wconf 87' lang='lat' dir='ltr'>materiam</span> <span class='ocrx_word' id='word_1_244' title='bbox 955 1379 1037 1410; x_wconf 91' lang='lat' dir='ltr'>voti:</span> <span class='ocrx_word' id='word_1_245' title='bbox 1068 1378 1201 1414; x_wconf 91' lang='lat' dir='ltr'>scilicet,</span> <span class='ocrx_word' id='word_1_246' title='bbox 1233 1378 1318 1408; x_wconf 87' lang='lat' dir='ltr'>salva</span> <span class='ocrx_word' id='word_1_247' title='bbox 1348 1388 1462 1409; x_wconf 92' lang='lat' dir='ltr'>eorum</span> 
     </span>
     <span class='ocr_line' id='line_1_33' title="bbox 402 1422 1461 1460; baseline -0.002 -6"><span class='ocrx_word' id='word_1_248' title='bbox 402 1424 621 1460; x_wconf 84' lang='lat' dir='ltr'>indifferentia;</span> <span class='ocrx_word' id='word_1_249' title='bbox 646 1423 695 1453; x_wconf 91' lang='lat' dir='ltr'>vel</span> <span class='ocrx_word' id='word_1_250' title='bbox 718 1424 865 1454; x_wconf 86' lang='lat' dir='ltr'>translata</span> <span class='ocrx_word' id='word_1_251' title='bbox 889 1424 927 1454; x_wconf 89' lang='lat' dir='ltr'>de</span> <span class='ocrx_word' id='word_1_252' title='bbox 950 1422 1194 1453; x_wconf 83' lang='lat' dir='ltr'>indifferentium</span> <span class='ocrx_word' id='word_1_253' title='bbox 1219 1422 1329 1452; x_wconf 90' lang='lat' dir='ltr'>ordine</span> <span class='ocrx_word' id='word_1_254' title='bbox 1352 1423 1391 1452; x_wconf 92' lang='lat' dir='ltr'>ad</span> <span class='ocrx_word' id='word_1_255' title='bbox 1410 1433 1461 1452; x_wconf 92' lang='lat' dir='ltr'>or-</span> 
     </span>
     <span class='ocr_line' id='line_1_34' title="bbox 403 1466 1461 1507; baseline -0.001 -9"><span class='ocrx_word' id='word_1_256' title='bbox 403 1469 507 1499; x_wconf 89' lang='lat' dir='ltr'>dinem</span> <span class='ocrx_word' id='word_1_257' title='bbox 533 1469 703 1503; x_wconf 88' lang='lat' dir='ltr'>bonorum,</span> <span class='ocrx_word' id='word_1_258' title='bbox 728 1478 783 1498; x_wconf 90' lang='lat' dir='ltr'>seu</span> <span class='ocrx_word' id='word_1_259' title='bbox 807 1467 1041 1507; x_wconf 86' lang='lat' dir='ltr'>expedientium</span> <span class='ocrx_word' id='word_1_260' title='bbox 1064 1467 1104 1496; x_wconf 89' lang='lat' dir='ltr'>ad</span> <span class='ocrx_word' id='word_1_261' title='bbox 1127 1467 1261 1498; x_wconf 91' lang='lat' dir='ltr'>bonum.</span> <span class='ocrx_word' id='word_1_262' title='bbox 1292 1466 1334 1497; x_wconf 91' lang='lat' dir='ltr'>Et</span> <span class='ocrx_word' id='word_1_263' title='bbox 1356 1466 1461 1507; x_wconf 87' lang='lat' dir='ltr'>primo</span> 
     </span>
     <span class='ocr_line' id='line_1_35' title="bbox 403 1511 1462 1543; baseline -0.002 0"><span class='ocrx_word' id='word_1_264' title='bbox 403 1513 501 1543; x_wconf 91' lang='lat' dir='ltr'>modo</span> <span class='ocrx_word' id='word_1_265' title='bbox 529 1519 642 1542; x_wconf 90' lang='lat' dir='ltr'>votum</span> <span class='ocrx_word' id='word_1_266' title='bbox 673 1511 751 1541; x_wconf 88' lang='lat' dir='ltr'>nihil</span> <span class='ocrx_word' id='word_1_267' title='bbox 780 1512 876 1541; x_wconf 86' lang='lat' dir='ltr'>valet:</span> <span class='ocrx_word' id='word_1_268' title='bbox 908 1512 1049 1542; x_wconf 90' lang='lat' dir='ltr'>secundo</span> <span class='ocrx_word' id='word_1_269' title='bbox 1080 1518 1187 1542; x_wconf 88' lang='lat' dir='ltr'>autem</span> <span class='ocrx_word' id='word_1_270' title='bbox 1218 1511 1331 1542; x_wconf 63' lang='lat' dir='ltr'>modo&gt;</span> <span class='ocrx_word' id='word_1_271' title='bbox 1348 1517 1462 1541; x_wconf 84' lang='lat' dir='ltr'>votum</span> 
     </span>
     <span class='ocr_line' id='line_1_36' title="bbox 403 1554 1460 1596; baseline -0.002 -9"><span class='ocrx_word' id='word_1_272' title='bbox 403 1557 487 1596; x_wconf 85' lang='lat' dir='ltr'>ligat.</span> <span class='ocrx_word' id='word_1_273' title='bbox 511 1556 607 1586; x_wconf 89' lang='lat' dir='ltr'>Verbi</span> <span class='ocrx_word' id='word_1_274' title='bbox 634 1555 747 1595; x_wconf 86' lang='lat' dir='ltr'>gratia,</span> <span class='ocrx_word' id='word_1_275' title='bbox 773 1565 837 1586; x_wconf 92' lang='lat' dir='ltr'>non</span> <span class='ocrx_word' id='word_1_276' title='bbox 867 1554 953 1586; x_wconf 90' lang='lat' dir='ltr'>filare</span> <span class='ocrx_word' id='word_1_277' title='bbox 975 1555 1009 1585; x_wconf 91' lang='lat' dir='ltr'>in</span> <span class='ocrx_word' id='word_1_278' title='bbox 1039 1555 1170 1586; x_wconf 88' lang='lat' dir='ltr'>sabbato</span> <span class='ocrx_word' id='word_1_279' title='bbox 1197 1562 1244 1586; x_wconf 91' lang='lat' dir='ltr'>est</span> <span class='ocrx_word' id='word_1_280' title='bbox 1272 1554 1460 1591; x_wconf 86' lang='lat' dir='ltr'>indifferens,</span> 
     </span>
     <span class='ocr_line' id='line_1_37' title="bbox 403 1599 1462 1642; baseline -0.001 -12"><span class='ocrx_word' id='word_1_281' title='bbox 403 1601 477 1642; x_wconf 90' lang='lat' dir='ltr'>quia</span> <span class='ocrx_word' id='word_1_282' title='bbox 492 1610 549 1630; x_wconf 89' lang='lat' dir='ltr'>nec</span> <span class='ocrx_word' id='word_1_283' title='bbox 565 1601 688 1630; x_wconf 89' lang='lat' dir='ltr'>bonum</span> <span class='ocrx_word' id='word_1_284' title='bbox 705 1610 761 1630; x_wconf 91' lang='lat' dir='ltr'>nec</span> <span class='ocrx_word' id='word_1_285' title='bbox 778 1600 897 1630; x_wconf 87' lang='lat' dir='ltr'>malum</span> <span class='ocrx_word' id='word_1_286' title='bbox 915 1600 1035 1630; x_wconf 88' lang='lat' dir='ltr'>morale</span> <span class='ocrx_word' id='word_1_287' title='bbox 1054 1599 1218 1639; x_wconf 86' lang='lat' dir='ltr'>importat:</span> <span class='ocrx_word' id='word_1_288' title='bbox 1244 1606 1275 1630; x_wconf 90' lang='lat' dir='ltr'>et</span> <span class='ocrx_word' id='word_1_289' title='bbox 1297 1606 1462 1639; x_wconf 85' lang='lat' dir='ltr'>propterea</span> 
     </span>
     <span class='ocr_line' id='line_1_38' title="bbox 403 1643 1461 1675; baseline -0.002 0"><span class='ocrx_word' id='word_1_290' title='bbox 403 1644 515 1675; x_wconf 90' lang='lat' dir='ltr'>mulier</span> <span class='ocrx_word' id='word_1_291' title='bbox 538 1654 657 1674; x_wconf 89' lang='lat' dir='ltr'>vovens</span> <span class='ocrx_word' id='word_1_292' title='bbox 679 1653 745 1674; x_wconf 91' lang='lat' dir='ltr'>non</span> <span class='ocrx_word' id='word_1_293' title='bbox 767 1643 853 1674; x_wconf 88' lang='lat' dir='ltr'>filare</span> <span class='ocrx_word' id='word_1_294' title='bbox 869 1644 902 1674; x_wconf 93' lang='lat' dir='ltr'>in</span> <span class='ocrx_word' id='word_1_295' title='bbox 918 1644 1048 1674; x_wconf 88' lang='lat' dir='ltr'>sabbato</span> <span class='ocrx_word' id='word_1_296' title='bbox 1072 1643 1151 1674; x_wconf 88' lang='lat' dir='ltr'>nihil</span> <span class='ocrx_word' id='word_1_297' title='bbox 1174 1650 1277 1674; x_wconf 84' lang='lat' dir='ltr'>vovet.</span> <span class='ocrx_word' id='word_1_298' title='bbox 1302 1643 1343 1674; x_wconf 87' lang='lat' dir='ltr'>Et</span> <span class='ocrx_word' id='word_1_299' title='bbox 1366 1643 1392 1674; x_wconf 91' lang='lat' dir='ltr'>si</span> <span class='ocrx_word' id='word_1_300' title='bbox 1406 1644 1461 1673; x_wconf 89' lang='lat' dir='ltr'>ad-</span> 
     </span>
     <span class='ocr_line' id='line_1_39' title="bbox 403 1687 1461 1729; baseline -0.001 -10"><span class='ocrx_word' id='word_1_301' title='bbox 403 1690 549 1729; x_wconf 86' lang='lat' dir='ltr'>iungatur</span> <span class='ocrx_word' id='word_1_302' title='bbox 564 1689 604 1718; x_wconf 90' lang='lat' dir='ltr'>ad</span> <span class='ocrx_word' id='word_1_303' title='bbox 620 1697 687 1718; x_wconf 92' lang='lat' dir='ltr'>non</span> <span class='ocrx_word' id='word_1_304' title='bbox 702 1687 787 1718; x_wconf 90' lang='lat' dir='ltr'>filare</span> <span class='ocrx_word' id='word_1_305' title='bbox 806 1688 839 1718; x_wconf 91' lang='lat' dir='ltr'>in</span> <span class='ocrx_word' id='word_1_306' title='bbox 855 1689 984 1719; x_wconf 91' lang='lat' dir='ltr'>sabbato</span> <span class='ocrx_word' id='word_1_307' title='bbox 1007 1688 1178 1718; x_wconf 86' lang='lat' dir='ltr'>reverentia</span> <span class='ocrx_word' id='word_1_308' title='bbox 1196 1688 1304 1718; x_wconf 89' lang='lat' dir='ltr'>beatae</span> <span class='ocrx_word' id='word_1_309' title='bbox 1315 1687 1461 1727; x_wconf 87' lang='lat' dir='ltr'>Virginis,</span> 
     </span>
     <span class='ocr_line' id='line_1_40' title="bbox 404 1731 1462 1772; baseline -0.001 -9"><span class='ocrx_word' id='word_1_310' title='bbox 404 1733 506 1764; x_wconf 89' lang='lat' dir='ltr'>adhuc</span> <span class='ocrx_word' id='word_1_311' title='bbox 529 1742 595 1762; x_wconf 92' lang='lat' dir='ltr'>non</span> <span class='ocrx_word' id='word_1_312' title='bbox 610 1731 695 1762; x_wconf 87' lang='lat' dir='ltr'>filare</span> <span class='ocrx_word' id='word_1_313' title='bbox 715 1732 826 1763; x_wconf 90' lang='lat' dir='ltr'>retinet</span> <span class='ocrx_word' id='word_1_314' title='bbox 850 1742 940 1763; x_wconf 83' lang='lat' dir='ltr'>suam</span> <span class='ocrx_word' id='word_1_315' title='bbox 955 1731 1214 1763; x_wconf 87' lang='lat' dir='ltr'>indifferentiam:</span> <span class='ocrx_word' id='word_1_316' title='bbox 1239 1731 1314 1772; x_wconf 89' lang='lat' dir='ltr'>quia</span> <span class='ocrx_word' id='word_1_317' title='bbox 1336 1731 1462 1772; x_wconf 86' lang='lat' dir='ltr'>negatio</span> 
     </span>
     <span class='ocr_line' id='line_1_41' title="bbox 403 1776 1464 1816; baseline -0.002 -8"><span class='ocrx_word' id='word_1_318' title='bbox 403 1776 550 1808; x_wconf 86' lang='lat' dir='ltr'>filationis</span> <span class='ocrx_word' id='word_1_319' title='bbox 581 1777 622 1806; x_wconf 93' lang='lat' dir='ltr'>ob</span> <span class='ocrx_word' id='word_1_320' title='bbox 651 1777 856 1808; x_wconf 90' lang='lat' dir='ltr'>reverentiam</span> <span class='ocrx_word' id='word_1_321' title='bbox 883 1777 991 1807; x_wconf 89' lang='lat' dir='ltr'>beatae</span> <span class='ocrx_word' id='word_1_322' title='bbox 1014 1776 1151 1816; x_wconf 87' lang='lat' dir='ltr'>Virginis</span> <span class='ocrx_word' id='word_1_323' title='bbox 1181 1776 1307 1807; x_wconf 88' lang='lat' dir='ltr'>nullum</span> <span class='ocrx_word' id='word_1_324' title='bbox 1339 1777 1464 1807; x_wconf 90' lang='lat' dir='ltr'>bonum</span> 
     </span>
     <span class='ocr_line' id='line_1_42' title="bbox 404 1820 1464 1861; baseline -0.002 -9"><span class='ocrx_word' id='word_1_325' title='bbox 404 1821 523 1852; x_wconf 88' lang='lat' dir='ltr'>morale</span> <span class='ocrx_word' id='word_1_326' title='bbox 553 1820 719 1861; x_wconf 87' lang='lat' dir='ltr'>importat,</span> <span class='ocrx_word' id='word_1_327' title='bbox 751 1821 906 1861; x_wconf 90' lang='lat' dir='ltr'>quoniam</span> <span class='ocrx_word' id='word_1_328' title='bbox 944 1820 1067 1851; x_wconf 89' lang='lat' dir='ltr'>nullam</span> <span class='ocrx_word' id='word_1_329' title='bbox 1097 1820 1341 1851; x_wconf 86' lang='lat' dir='ltr'>affirmationem</span> <span class='ocrx_word' id='word_1_330' title='bbox 1370 1820 1464 1851; x_wconf 87' lang='lat' dir='ltr'>habet</span> 
     </span>
     <span class='ocr_line' id='line_1_43' title="bbox 405 1863 1463 1905; baseline -0.002 -9"><span class='ocrx_word' id='word_1_331' title='bbox 405 1875 560 1896; x_wconf 85' lang='lat' dir='ltr'>annexam</span> <span class='ocrx_word' id='word_1_332' title='bbox 583 1874 664 1905; x_wconf 92' lang='lat' dir='ltr'>quae</span> <span class='ocrx_word' id='word_1_333' title='bbox 688 1865 878 1896; x_wconf 58' lang='lat' dir='ltr'>sirmateria</span> <span class='ocrx_word' id='word_1_334' title='bbox 901 1865 1090 1895; x_wconf 88' lang='lat' dir='ltr'>reverentiae</span> <span class='ocrx_word' id='word_1_335' title='bbox 1113 1865 1222 1895; x_wconf 90' lang='lat' dir='ltr'>beatae</span> <span class='ocrx_word' id='word_1_336' title='bbox 1238 1863 1389 1904; x_wconf 88' lang='lat' dir='ltr'>Virginis;</span> <span class='ocrx_word' id='word_1_337' title='bbox 1414 1874 1463 1894; x_wconf 91' lang='lat' dir='ltr'>or-</span> 
     </span>
     <span class='ocr_line' id='line_1_44' title="bbox 405 1908 1465 1949; baseline -0.002 -9"><span class='ocrx_word' id='word_1_338' title='bbox 405 1910 511 1940; x_wconf 90' lang='lat' dir='ltr'>dinare</span> <span class='ocrx_word' id='word_1_339' title='bbox 535 1909 693 1949; x_wconf 88' lang='lat' dir='ltr'>siquidem</span> <span class='ocrx_word' id='word_1_340' title='bbox 722 1910 818 1940; x_wconf 90' lang='lat' dir='ltr'>talem</span> <span class='ocrx_word' id='word_1_341' title='bbox 841 1909 1042 1949; x_wconf 87' lang='lat' dir='ltr'>negationem</span> <span class='ocrx_word' id='word_1_342' title='bbox 1065 1908 1098 1939; x_wconf 90' lang='lat' dir='ltr'>in</span> <span class='ocrx_word' id='word_1_343' title='bbox 1122 1908 1326 1939; x_wconf 88' lang='lat' dir='ltr'>reverentiam</span> <span class='ocrx_word' id='word_1_344' title='bbox 1356 1909 1465 1939; x_wconf 91' lang='lat' dir='ltr'>beatae</span> 
     </span>
     <span class='ocr_line' id='line_1_45' title="bbox 403 1952 1464 1994; baseline -0.002 -9"><span class='ocrx_word' id='word_1_345' title='bbox 403 1953 540 1994; x_wconf 86' lang='lat' dir='ltr'>Virginis</span> <span class='ocrx_word' id='word_1_346' title='bbox 565 1960 610 1983; x_wconf 92' lang='lat' dir='ltr'>est</span> <span class='ocrx_word' id='word_1_347' title='bbox 633 1952 711 1983; x_wconf 91' lang='lat' dir='ltr'>nihil</span> <span class='ocrx_word' id='word_1_348' title='bbox 734 1954 888 1990; x_wconf 90' lang='lat' dir='ltr'>ordinare,</span> <span class='ocrx_word' id='word_1_349' title='bbox 913 1954 993 1984; x_wconf 91' lang='lat' dir='ltr'>sicut</span> <span class='ocrx_word' id='word_1_350' title='bbox 1015 1963 1074 1983; x_wconf 91' lang='lat' dir='ltr'>nec</span> <span class='ocrx_word' id='word_1_351' title='bbox 1097 1953 1240 1983; x_wconf 90' lang='lat' dir='ltr'>ordinare</span> <span class='ocrx_word' id='word_1_352' title='bbox 1265 1953 1298 1982; x_wconf 92' lang='lat' dir='ltr'>in</span> <span class='ocrx_word' id='word_1_353' title='bbox 1321 1952 1464 1983; x_wconf 86' lang='lat' dir='ltr'>eiusdem</span> 
     </span>
     <span class='ocr_line' id='line_1_46' title="bbox 404 1996 1465 2038; baseline -0.001 -10"><span class='ocrx_word' id='word_1_354' title='bbox 404 1997 610 2028; x_wconf 88' lang='lat' dir='ltr'>reverentiam</span> <span class='ocrx_word' id='word_1_355' title='bbox 633 1996 734 2035; x_wconf 88' lang='lat' dir='ltr'>filare;</span> <span class='ocrx_word' id='word_1_356' title='bbox 758 1997 836 2028; x_wconf 89' lang='lat' dir='ltr'>nihil</span> <span class='ocrx_word' id='word_1_357' title='bbox 860 2007 998 2038; x_wconf 88' lang='lat' dir='ltr'>namque</span> <span class='ocrx_word' id='word_1_358' title='bbox 1019 1997 1119 2038; x_wconf 86' lang='lat' dir='ltr'>magis</span> <span class='ocrx_word' id='word_1_359' title='bbox 1143 2004 1190 2028; x_wconf 91' lang='lat' dir='ltr'>est</span> <span class='ocrx_word' id='word_1_360' title='bbox 1209 1997 1243 2027; x_wconf 91' lang='lat' dir='ltr'>in</span> <span class='ocrx_word' id='word_1_361' title='bbox 1259 1996 1465 2027; x_wconf 87' lang='lat' dir='ltr'>reverentiam</span> 
     </span>
     <span class='ocr_line' id='line_1_47' title="bbox 405 2041 1466 2082; baseline -0.001 -9"><span class='ocrx_word' id='word_1_362' title='bbox 405 2052 508 2073; x_wconf 90' lang='lat' dir='ltr'>unum</span> <span class='ocrx_word' id='word_1_363' title='bbox 530 2041 630 2082; x_wconf 83' lang='lat' dir='ltr'>magis</span> <span class='ocrx_word' id='word_1_364' title='bbox 653 2051 750 2082; x_wconf 90' lang='lat' dir='ltr'>quam</span> <span class='ocrx_word' id='word_1_365' title='bbox 781 2042 924 2073; x_wconf 89' lang='lat' dir='ltr'>alterum.</span> <span class='ocrx_word' id='word_1_366' title='bbox 964 2042 1061 2073; x_wconf 88' lang='lat' dir='ltr'>Secus</span> <span class='ocrx_word' id='word_1_367' title='bbox 1090 2049 1198 2072; x_wconf 87' lang='lat' dir='ltr'>autem</span> <span class='ocrx_word' id='word_1_368' title='bbox 1226 2048 1272 2072; x_wconf 90' lang='lat' dir='ltr'>est</span> <span class='ocrx_word' id='word_1_369' title='bbox 1295 2051 1370 2071; x_wconf 89' lang='lat' dir='ltr'>cum</span> <span class='ocrx_word' id='word_1_370' title='bbox 1393 2041 1466 2081; x_wconf 86' lang='lat' dir='ltr'>quis</span> 
     </span>
     <span class='ocr_line' id='line_1_48' title="bbox 404 2085 1464 2126; baseline -0.001 -10"><span class='ocrx_word' id='word_1_371' title='bbox 404 2093 498 2117; x_wconf 87' lang='lat' dir='ltr'>vovet</span> <span class='ocrx_word' id='word_1_372' title='bbox 520 2096 586 2116; x_wconf 90' lang='lat' dir='ltr'>non</span> <span class='ocrx_word' id='word_1_373' title='bbox 609 2085 708 2116; x_wconf 85' lang='lat' dir='ltr'>facere</span> <span class='ocrx_word' id='word_1_374' title='bbox 732 2097 828 2126; x_wconf 89' lang='lat' dir='ltr'>opera</span> <span class='ocrx_word' id='word_1_375' title='bbox 852 2086 973 2116; x_wconf 88' lang='lat' dir='ltr'>servilia</span> <span class='ocrx_word' id='word_1_376' title='bbox 996 2086 1029 2116; x_wconf 92' lang='lat' dir='ltr'>in</span> <span class='ocrx_word' id='word_1_377' title='bbox 1045 2086 1251 2116; x_wconf 90' lang='lat' dir='ltr'>reverentiam</span> <span class='ocrx_word' id='word_1_378' title='bbox 1272 2086 1380 2116; x_wconf 91' lang='lat' dir='ltr'>beatae</span> <span class='ocrx_word' id='word_1_379' title='bbox 1395 2085 1464 2116; x_wconf 91' lang='lat' dir='ltr'>Vir-</span> 
     </span>
     <span class='ocr_line' id='line_1_49' title="bbox 404 2129 1465 2172; baseline -0.001 -12"><span class='ocrx_word' id='word_1_380' title='bbox 404 2130 496 2172; x_wconf 85' lang='lat' dir='ltr'>ginis:</span> <span class='ocrx_word' id='word_1_381' title='bbox 514 2129 668 2170; x_wconf 90' lang='lat' dir='ltr'>quoniam</span> <span class='ocrx_word' id='word_1_382' title='bbox 683 2130 745 2161; x_wconf 90' lang='lat' dir='ltr'>hoc</span> <span class='ocrx_word' id='word_1_383' title='bbox 761 2131 854 2161; x_wconf 89' lang='lat' dir='ltr'>habet</span> <span class='ocrx_word' id='word_1_384' title='bbox 870 2140 1022 2161; x_wconf 84' lang='lat' dir='ltr'>annexam</span> <span class='ocrx_word' id='word_1_385' title='bbox 1037 2130 1270 2171; x_wconf 87' lang='lat' dir='ltr'>expeditionem</span> <span class='ocrx_word' id='word_1_386' title='bbox 1286 2129 1326 2159; x_wconf 90' lang='lat' dir='ltr'>ad</span> <span class='ocrx_word' id='word_1_387' title='bbox 1342 2129 1465 2160; x_wconf 89' lang='lat' dir='ltr'>cultum</span> 
     </span>
     <span class='ocr_line' id='line_1_50' title="bbox 406 2173 1465 2210; baseline -0.001 -5"><span class='ocrx_word' id='word_1_388' title='bbox 406 2174 564 2210; x_wconf 90' lang='lat' dir='ltr'>divinum,</span> <span class='ocrx_word' id='word_1_389' title='bbox 590 2173 670 2205; x_wconf 92' lang='lat' dir='ltr'>sicut</span> <span class='ocrx_word' id='word_1_390' title='bbox 693 2174 724 2204; x_wconf 89' lang='lat' dir='ltr'>in</span> <span class='ocrx_word' id='word_1_391' title='bbox 748 2175 859 2205; x_wconf 92' lang='lat' dir='ltr'>diebus</span> <span class='ocrx_word' id='word_1_392' title='bbox 881 2174 976 2206; x_wconf 88' lang='lat' dir='ltr'>festis.</span> <span class='ocrx_word' id='word_1_393' title='bbox 1012 2174 1074 2206; x_wconf 88' lang='lat' dir='ltr'>Sed</span> <span class='ocrx_word' id='word_1_394' title='bbox 1102 2184 1167 2204; x_wconf 92' lang='lat' dir='ltr'>non</span> <span class='ocrx_word' id='word_1_395' title='bbox 1191 2173 1276 2204; x_wconf 85' lang='lat' dir='ltr'>filare</span> <span class='ocrx_word' id='word_1_396' title='bbox 1307 2179 1367 2204; x_wconf 87' lang='lat' dir='ltr'>stat</span> <span class='ocrx_word' id='word_1_397' title='bbox 1391 2183 1465 2204; x_wconf 90' lang='lat' dir='ltr'>cum</span> 
     </span>
     <span class='ocr_line' id='line_1_51' title="bbox 406 2216 1466 2259; baseline -0.002 -9"><span class='ocrx_word' id='word_1_398' title='bbox 406 2218 553 2259; x_wconf 90' lang='lat' dir='ltr'>operibus</span> <span class='ocrx_word' id='word_1_399' title='bbox 577 2218 677 2259; x_wconf 88' lang='lat' dir='ltr'>magis</span> <span class='ocrx_word' id='word_1_400' title='bbox 700 2218 945 2259; x_wconf 89' lang='lat' dir='ltr'>impedientibus</span> <span class='ocrx_word' id='word_1_401' title='bbox 960 2225 1114 2249; x_wconf 87' lang='lat' dir='ltr'>mentem:</span> <span class='ocrx_word' id='word_1_402' title='bbox 1140 2225 1171 2249; x_wconf 91' lang='lat' dir='ltr'>et</span> <span class='ocrx_word' id='word_1_403' title='bbox 1193 2228 1259 2249; x_wconf 93' lang='lat' dir='ltr'>non</span> <span class='ocrx_word' id='word_1_404' title='bbox 1282 2216 1317 2248; x_wconf 88' lang='lat' dir='ltr'>fit</span> <span class='ocrx_word' id='word_1_405' title='bbox 1337 2225 1466 2259; x_wconf 86' lang='lat' dir='ltr'>propter</span> 
     </span>
     <span class='ocr_line' id='line_1_52' title="bbox 407 2262 1466 2303; baseline -0.002 -9"><span class='ocrx_word' id='word_1_406' title='bbox 407 2262 638 2303; x_wconf 82' lang='lat' dir='ltr'>expeditionem</span> <span class='ocrx_word' id='word_1_407' title='bbox 659 2264 772 2294; x_wconf 89' lang='lat' dir='ltr'>mentis</span> <span class='ocrx_word' id='word_1_408' title='bbox 792 2263 849 2294; x_wconf 88' lang='lat' dir='ltr'>ista</span> <span class='ocrx_word' id='word_1_409' title='bbox 873 2263 998 2303; x_wconf 85' lang='lat' dir='ltr'>negatio</span> <span class='ocrx_word' id='word_1_410' title='bbox 1021 2262 1139 2299; x_wconf 87' lang='lat' dir='ltr'>filandi,</span> <span class='ocrx_word' id='word_1_411' title='bbox 1159 2263 1214 2292; x_wconf 90' lang='lat' dir='ltr'>sed</span> <span class='ocrx_word' id='word_1_412' title='bbox 1234 2272 1270 2292; x_wconf 87' lang='lat' dir='ltr'>ex</span> <span class='ocrx_word' id='word_1_413' title='bbox 1289 2262 1466 2302; x_wconf 83' lang='lat' dir='ltr'>ignorantia</span> 
     </span>
     <span class='ocr_line' id='line_1_53' title="bbox 406 2306 1465 2347; baseline -0.002 -9"><span class='ocrx_word' id='word_1_414' title='bbox 406 2306 552 2338; x_wconf 90' lang='lat' dir='ltr'>vovendi.</span> <span class='ocrx_word' id='word_1_415' title='bbox 567 2306 653 2337; x_wconf 91' lang='lat' dir='ltr'>Nihil</span> <span class='ocrx_word' id='word_1_416' title='bbox 670 2317 744 2347; x_wconf 88' lang='lat' dir='ltr'>ergo</span> <span class='ocrx_word' id='word_1_417' title='bbox 756 2307 861 2338; x_wconf 87' lang='lat' dir='ltr'>valent</span> <span class='ocrx_word' id='word_1_418' title='bbox 875 2307 1061 2338; x_wconf 91' lang='lat' dir='ltr'>huiusmodi</span> <span class='ocrx_word' id='word_1_419' title='bbox 1073 2314 1158 2343; x_wconf 88' lang='lat' dir='ltr'>vota,</span> <span class='ocrx_word' id='word_1_420' title='bbox 1170 2316 1309 2347; x_wconf 91' lang='lat' dir='ltr'>quorum</span> <span class='ocrx_word' id='word_1_421' title='bbox 1325 2306 1465 2342; x_wconf 85' lang='lat' dir='ltr'>materia,</span> 
     </span>
     <span class='ocr_line' id='line_1_54' title="bbox 407 2351 1183 2388; baseline 0 -7"><span class='ocrx_word' id='word_1_422' title='bbox 407 2351 503 2382; x_wconf 91' lang='lat' dir='ltr'>relata</span> <span class='ocrx_word' id='word_1_423' title='bbox 527 2351 622 2381; x_wconf 89' lang='lat' dir='ltr'>etiam</span> <span class='ocrx_word' id='word_1_424' title='bbox 649 2352 687 2380; x_wconf 89' lang='lat' dir='ltr'>ad</span> <span class='ocrx_word' id='word_1_425' title='bbox 712 2352 807 2388; x_wconf 87' lang='lat' dir='ltr'>aliud,</span> <span class='ocrx_word' id='word_1_426' title='bbox 831 2351 1010 2382; x_wconf 85' lang='lat' dir='ltr'>indifferens</span> <span class='ocrx_word' id='word_1_427' title='bbox 1033 2358 1183 2381; x_wconf 88' lang='lat' dir='ltr'>remanet.</span> 
     </span>
    </p>

    <p class='ocr_par' dir='ltr' id='par_1_12' title="bbox 408 2394 1471 3092">
     <span class='ocr_line' id='line_1_55' title="bbox 465 2394 1465 2435; baseline -0.001 -10"><span class='ocrx_word' id='word_1_428' title='bbox 465 2395 526 2425; x_wconf 91' lang='lat' dir='ltr'>Sed</span> <span class='ocrx_word' id='word_1_429' title='bbox 538 2394 666 2435; x_wconf 90' lang='lat' dir='ltr'>quando</span> <span class='ocrx_word' id='word_1_430' title='bbox 684 2395 812 2426; x_wconf 86' lang='lat' dir='ltr'>materia</span> <span class='ocrx_word' id='word_1_431' title='bbox 828 2395 971 2426; x_wconf 83' lang='lat' dir='ltr'>absolute</span> <span class='ocrx_word' id='word_1_432' title='bbox 983 2401 1029 2425; x_wconf 89' lang='lat' dir='ltr'>est</span> <span class='ocrx_word' id='word_1_433' title='bbox 1045 2394 1233 2431; x_wconf 87' lang='lat' dir='ltr'>indifferens,</span> <span class='ocrx_word' id='word_1_434' title='bbox 1247 2394 1342 2424; x_wconf 88' lang='lat' dir='ltr'>relata</span> <span class='ocrx_word' id='word_1_435' title='bbox 1359 2401 1465 2425; x_wconf 87' lang='lat' dir='ltr'>autem</span> 
     </span>
     <span class='ocr_line' id='line_1_56' title="bbox 408 2439 1465 2480; baseline -0.002 -10"><span class='ocrx_word' id='word_1_436' title='bbox 408 2440 448 2470; x_wconf 93' lang='lat' dir='ltr'>ad</span> <span class='ocrx_word' id='word_1_437' title='bbox 471 2439 556 2469; x_wconf 88' lang='lat' dir='ltr'>aliud</span> <span class='ocrx_word' id='word_1_438' title='bbox 580 2446 625 2469; x_wconf 89' lang='lat' dir='ltr'>est</span> <span class='ocrx_word' id='word_1_439' title='bbox 647 2440 741 2476; x_wconf 87' lang='lat' dir='ltr'>bona,</span> <span class='ocrx_word' id='word_1_440' title='bbox 759 2446 814 2470; x_wconf 88' lang='lat' dir='ltr'>aut</span> <span class='ocrx_word' id='word_1_441' title='bbox 829 2439 996 2480; x_wconf 87' lang='lat' dir='ltr'>expediens</span> <span class='ocrx_word' id='word_1_442' title='bbox 1019 2439 1059 2469; x_wconf 90' lang='lat' dir='ltr'>ad</span> <span class='ocrx_word' id='word_1_443' title='bbox 1082 2440 1215 2475; x_wconf 89' lang='lat' dir='ltr'>bonum,</span> <span class='ocrx_word' id='word_1_444' title='bbox 1238 2445 1351 2469; x_wconf 89' lang='lat' dir='ltr'>votum</span> <span class='ocrx_word' id='word_1_445' title='bbox 1373 2439 1465 2474; x_wconf 86' lang='lat' dir='ltr'>valet,</span> 
     </span>
     <span class='ocr_line' id='line_1_57' title="bbox 409 2482 1466 2523; baseline -0.002 -9"><span class='ocrx_word' id='word_1_446' title='bbox 409 2491 444 2514; x_wconf 90' lang='lat' dir='ltr'>ut</span> <span class='ocrx_word' id='word_1_447' title='bbox 467 2483 586 2514; x_wconf 84' lang='lat' dir='ltr'>dictum</span> <span class='ocrx_word' id='word_1_448' title='bbox 610 2490 666 2514; x_wconf 89' lang='lat' dir='ltr'>est.</span> <span class='ocrx_word' id='word_1_449' title='bbox 691 2484 785 2514; x_wconf 89' lang='lat' dir='ltr'>Verbi</span> <span class='ocrx_word' id='word_1_450' title='bbox 801 2483 908 2523; x_wconf 89' lang='lat' dir='ltr'>gratia,</span> <span class='ocrx_word' id='word_1_451' title='bbox 933 2484 977 2513; x_wconf 91' lang='lat' dir='ltr'>ire</span> <span class='ocrx_word' id='word_1_452' title='bbox 999 2483 1154 2513; x_wconf 90' lang='lat' dir='ltr'>Parisium</span> <span class='ocrx_word' id='word_1_453' title='bbox 1179 2491 1224 2513; x_wconf 89' lang='lat' dir='ltr'>est</span> <span class='ocrx_word' id='word_1_454' title='bbox 1240 2482 1404 2523; x_wconf 86' lang='lat' dir='ltr'>quoddam</span> <span class='ocrx_word' id='word_1_455' title='bbox 1420 2482 1466 2512; x_wconf 88' lang='lat' dir='ltr'>in-</span> 
     </span>
     <span class='ocr_line' id='line_1_58' title="bbox 409 2525 1466 2568; baseline -0.002 -10"><span class='ocrx_word' id='word_1_456' title='bbox 409 2527 561 2564; x_wconf 84' lang='lat' dir='ltr'>differens,</span> <span class='ocrx_word' id='word_1_457' title='bbox 582 2533 612 2557; x_wconf 90' lang='lat' dir='ltr'>et</span> <span class='ocrx_word' id='word_1_458' title='bbox 635 2527 661 2558; x_wconf 90' lang='lat' dir='ltr'>si</span> <span class='ocrx_word' id='word_1_459' title='bbox 677 2528 747 2568; x_wconf 91' lang='lat' dir='ltr'>quis</span> <span class='ocrx_word' id='word_1_460' title='bbox 763 2535 856 2558; x_wconf 89' lang='lat' dir='ltr'>vovet</span> <span class='ocrx_word' id='word_1_461' title='bbox 879 2528 922 2558; x_wconf 91' lang='lat' dir='ltr'>ire</span> <span class='ocrx_word' id='word_1_462' title='bbox 946 2527 1110 2563; x_wconf 79' lang='lat' dir='ltr'>Patisium,</span> <span class='ocrx_word' id='word_1_463' title='bbox 1135 2526 1224 2556; x_wconf 91' lang='lat' dir='ltr'>nullo</span> <span class='ocrx_word' id='word_1_464' title='bbox 1249 2526 1314 2556; x_wconf 92' lang='lat' dir='ltr'>voti</span> <span class='ocrx_word' id='word_1_465' title='bbox 1337 2525 1466 2556; x_wconf 90' lang='lat' dir='ltr'>vinculo</span> 
     </span>
     <span class='ocr_line' id='line_1_59' title="bbox 409 2570 1465 2611; baseline -0.001 -9"><span class='ocrx_word' id='word_1_466' title='bbox 409 2571 622 2611; x_wconf 88' lang='lat' dir='ltr'>adstringitur:</span> <span class='ocrx_word' id='word_1_467' title='bbox 647 2572 702 2602; x_wconf 90' lang='lat' dir='ltr'>sed</span> <span class='ocrx_word' id='word_1_468' title='bbox 725 2571 750 2602; x_wconf 92' lang='lat' dir='ltr'>si</span> <span class='ocrx_word' id='word_1_469' title='bbox 766 2572 898 2602; x_wconf 82' lang='lat' dir='ltr'>addatur</span> <span class='ocrx_word' id='word_1_470' title='bbox 914 2571 953 2601; x_wconf 89' lang='lat' dir='ltr'>ad</span> <span class='ocrx_word' id='word_1_471' title='bbox 976 2571 1020 2602; x_wconf 90' lang='lat' dir='ltr'>ire</span> <span class='ocrx_word' id='word_1_472' title='bbox 1035 2570 1190 2601; x_wconf 81' lang='lat' dir='ltr'>Patisium</span> <span class='ocrx_word' id='word_1_473' title='bbox 1213 2570 1251 2601; x_wconf 85' lang='lat' dir='ltr'>ob</span> <span class='ocrx_word' id='word_1_474' title='bbox 1274 2570 1465 2601; x_wconf 79' lang='lat' dir='ltr'>visitandum</span> 
     </span>
     <span class='ocr_line' id='line_1_60' title="bbox 409 2613 1466 2657; baseline -0.003 -10"><span class='ocrx_word' id='word_1_475' title='bbox 409 2617 534 2647; x_wconf 84' lang='lat' dir='ltr'>beatum</span> <span class='ocrx_word' id='word_1_476' title='bbox 557 2616 763 2657; x_wconf 78' lang='lat' dir='ltr'>Dionysium,</span> <span class='ocrx_word' id='word_1_477' title='bbox 789 2622 864 2647; x_wconf 90' lang='lat' dir='ltr'>tunc</span> <span class='ocrx_word' id='word_1_478' title='bbox 887 2616 931 2646; x_wconf 91' lang='lat' dir='ltr'>ire</span> <span class='ocrx_word' id='word_1_479' title='bbox 953 2615 1109 2646; x_wconf 88' lang='lat' dir='ltr'>Parisium</span> <span class='ocrx_word' id='word_1_480' title='bbox 1126 2625 1193 2645; x_wconf 90' lang='lat' dir='ltr'>non</span> <span class='ocrx_word' id='word_1_481' title='bbox 1212 2621 1258 2645; x_wconf 90' lang='lat' dir='ltr'>est</span> <span class='ocrx_word' id='word_1_482' title='bbox 1278 2613 1466 2651; x_wconf 88' lang='lat' dir='ltr'>indifferens,</span> 
     </span>
     <span class='ocr_line' id='line_1_61' title="bbox 410 2659 1466 2700; baseline -0.003 -9"><span class='ocrx_word' id='word_1_483' title='bbox 410 2661 463 2691; x_wconf 91' lang='lat' dir='ltr'>sed</span> <span class='ocrx_word' id='word_1_484' title='bbox 479 2666 567 2690; x_wconf 88' lang='lat' dir='ltr'>actus</span> <span class='ocrx_word' id='word_1_485' title='bbox 582 2659 714 2696; x_wconf 85' lang='lat' dir='ltr'>virtutis,</span> <span class='ocrx_word' id='word_1_486' title='bbox 732 2666 809 2700; x_wconf 91' lang='lat' dir='ltr'>puta</span> <span class='ocrx_word' id='word_1_487' title='bbox 823 2659 996 2699; x_wconf 73' lang='lat' dir='ltr'>religionis,</span> <span class='ocrx_word' id='word_1_488' title='bbox 1019 2666 1049 2690; x_wconf 94' lang='lat' dir='ltr'>et</span> <span class='ocrx_word' id='word_1_489' title='bbox 1064 2665 1231 2700; x_wconf 86' lang='lat' dir='ltr'>propterea</span> <span class='ocrx_word' id='word_1_490' title='bbox 1245 2665 1358 2688; x_wconf 88' lang='lat' dir='ltr'>votum</span> <span class='ocrx_word' id='word_1_491' title='bbox 1374 2659 1466 2689; x_wconf 88' lang='lat' dir='ltr'>valet.</span> 
     </span>
     <span class='ocr_line' id='line_1_62' title="bbox 410 2701 1467 2735; baseline -0.003 0"><span class='ocrx_word' id='word_1_492' title='bbox 410 2705 450 2735; x_wconf 93' lang='lat' dir='ltr'>Et</span> <span class='ocrx_word' id='word_1_493' title='bbox 473 2703 614 2734; x_wconf 88' lang='lat' dir='ltr'>similiter</span> <span class='ocrx_word' id='word_1_494' title='bbox 637 2705 680 2735; x_wconf 88' lang='lat' dir='ltr'>ire</span> <span class='ocrx_word' id='word_1_495' title='bbox 704 2705 838 2735; x_wconf 89' lang='lat' dir='ltr'>domum</span> <span class='ocrx_word' id='word_1_496' title='bbox 862 2704 930 2734; x_wconf 87' lang='lat' dir='ltr'>talis</span> <span class='ocrx_word' id='word_1_497' title='bbox 948 2703 1004 2734; x_wconf 88' lang='lat' dir='ltr'>viri</span> <span class='ocrx_word' id='word_1_498' title='bbox 1021 2710 1067 2734; x_wconf 88' lang='lat' dir='ltr'>est</span> <span class='ocrx_word' id='word_1_499' title='bbox 1089 2710 1177 2734; x_wconf 83' lang='lat' dir='ltr'>actus</span> <span class='ocrx_word' id='word_1_500' title='bbox 1195 2701 1388 2732; x_wconf 87' lang='lat' dir='ltr'>indifferens:</span> <span class='ocrx_word' id='word_1_501' title='bbox 1413 2702 1467 2732; x_wconf 92' lang='lat' dir='ltr'>sed</span> 
     </span>
     <span class='ocr_line' id='line_1_63' title="bbox 410 2746 1468 2787; baseline -0.003 -8"><span class='ocrx_word' id='word_1_502' title='bbox 410 2749 436 2779; x_wconf 90' lang='lat' dir='ltr'>si</span> <span class='ocrx_word' id='word_1_503' title='bbox 459 2758 569 2779; x_wconf 91' lang='lat' dir='ltr'>meum</span> <span class='ocrx_word' id='word_1_504' title='bbox 590 2747 634 2778; x_wconf 90' lang='lat' dir='ltr'>ire</span> <span class='ocrx_word' id='word_1_505' title='bbox 658 2749 697 2778; x_wconf 92' lang='lat' dir='ltr'>ad</span> <span class='ocrx_word' id='word_1_506' title='bbox 713 2748 800 2779; x_wconf 91' lang='lat' dir='ltr'>illam</span> <span class='ocrx_word' id='word_1_507' title='bbox 817 2748 951 2778; x_wconf 90' lang='lat' dir='ltr'>domum</span> <span class='ocrx_word' id='word_1_508' title='bbox 976 2754 1022 2778; x_wconf 89' lang='lat' dir='ltr'>est</span> <span class='ocrx_word' id='word_1_509' title='bbox 1038 2747 1116 2778; x_wconf 87' lang='lat' dir='ltr'>mihi</span> <span class='ocrx_word' id='word_1_510' title='bbox 1140 2747 1171 2778; x_wconf 92' lang='lat' dir='ltr'>in</span> <span class='ocrx_word' id='word_1_511' title='bbox 1193 2746 1378 2778; x_wconf 87' lang='lat' dir='ltr'>scandalum</span> <span class='ocrx_word' id='word_1_512' title='bbox 1394 2756 1468 2787; x_wconf 90' lang='lat' dir='ltr'>pro-</span> 
     </span>
     <span class='ocr_line' id='line_1_64' title="bbox 410 2790 1468 2833; baseline -0.004 -9"><span class='ocrx_word' id='word_1_513' title='bbox 410 2799 479 2833; x_wconf 90' lang='lat' dir='ltr'>pter</span> <span class='ocrx_word' id='word_1_514' title='bbox 501 2792 699 2832; x_wconf 90' lang='lat' dir='ltr'>frequentem</span> <span class='ocrx_word' id='word_1_515' title='bbox 723 2793 859 2823; x_wconf 86' lang='lat' dir='ltr'>abusum</span> <span class='ocrx_word' id='word_1_516' title='bbox 881 2792 958 2828; x_wconf 89' lang='lat' dir='ltr'>ludi,</span> <span class='ocrx_word' id='word_1_517' title='bbox 984 2798 1038 2822; x_wconf 90' lang='lat' dir='ltr'>aut</span> <span class='ocrx_word' id='word_1_518' title='bbox 1061 2801 1230 2822; x_wconf 91' lang='lat' dir='ltr'>occursum</span> <span class='ocrx_word' id='word_1_519' title='bbox 1250 2790 1383 2821; x_wconf 89' lang='lat' dir='ltr'>alicuius</span> <span class='ocrx_word' id='word_1_520' title='bbox 1398 2800 1468 2821; x_wconf 89' lang='lat' dir='ltr'>mu-</span> 
     </span>
     <span class='ocr_line' id='line_1_65' title="bbox 411 2834 1468 2878; baseline -0.003 -11"><span class='ocrx_word' id='word_1_521' title='bbox 411 2837 501 2872; x_wconf 85' lang='lat' dir='ltr'>lieris,</span> <span class='ocrx_word' id='word_1_522' title='bbox 528 2843 582 2867; x_wconf 85' lang='lat' dir='ltr'>aut</span> <span class='ocrx_word' id='word_1_523' title='bbox 602 2836 721 2878; x_wconf 91' lang='lat' dir='ltr'>aliquid</span> <span class='ocrx_word' id='word_1_524' title='bbox 744 2836 939 2872; x_wconf 90' lang='lat' dir='ltr'>huiusmodi,</span> <span class='ocrx_word' id='word_1_525' title='bbox 963 2843 1039 2866; x_wconf 90' lang='lat' dir='ltr'>tunc</span> <span class='ocrx_word' id='word_1_526' title='bbox 1063 2845 1128 2866; x_wconf 89' lang='lat' dir='ltr'>non</span> <span class='ocrx_word' id='word_1_527' title='bbox 1152 2835 1195 2865; x_wconf 91' lang='lat' dir='ltr'>ire</span> <span class='ocrx_word' id='word_1_528' title='bbox 1211 2836 1347 2865; x_wconf 89' lang='lat' dir='ltr'>domum</span> <span class='ocrx_word' id='word_1_529' title='bbox 1370 2834 1468 2870; x_wconf 89' lang='lat' dir='ltr'>illam,</span> 
     </span>
     <span class='ocr_line' id='line_1_66' title="bbox 411 2879 1469 2918; baseline -0.003 -7"><span class='ocrx_word' id='word_1_530' title='bbox 411 2881 544 2912; x_wconf 90' lang='lat' dir='ltr'>relatum</span> <span class='ocrx_word' id='word_1_531' title='bbox 577 2882 616 2911; x_wconf 89' lang='lat' dir='ltr'>ad</span> <span class='ocrx_word' id='word_1_532' title='bbox 640 2881 838 2911; x_wconf 89' lang='lat' dir='ltr'>securitatem</span> <span class='ocrx_word' id='word_1_533' title='bbox 869 2880 992 2911; x_wconf 91' lang='lat' dir='ltr'>animae</span> <span class='ocrx_word' id='word_1_534' title='bbox 1016 2890 1121 2916; x_wconf 91' lang='lat' dir='ltr'>meae,</span> <span class='ocrx_word' id='word_1_535' title='bbox 1146 2887 1192 2910; x_wconf 90' lang='lat' dir='ltr'>est</span> <span class='ocrx_word' id='word_1_536' title='bbox 1222 2879 1260 2909; x_wconf 94' lang='lat' dir='ltr'>de</span> <span class='ocrx_word' id='word_1_537' title='bbox 1283 2889 1395 2918; x_wconf 84' lang='lat' dir='ltr'>genere</span> <span class='ocrx_word' id='word_1_538' title='bbox 1420 2888 1469 2909; x_wconf 85' lang='lat' dir='ltr'>ex-</span> 
     </span>
     <span class='ocr_line' id='line_1_67' title="bbox 412 2923 1470 2966; baseline -0.002 -12"><span class='ocrx_word' id='word_1_539' title='bbox 412 2924 623 2966; x_wconf 87' lang='lat' dir='ltr'>pedientium,</span> <span class='ocrx_word' id='word_1_540' title='bbox 648 2936 683 2956; x_wconf 90' lang='lat' dir='ltr'>ac</span> <span class='ocrx_word' id='word_1_541' title='bbox 706 2935 762 2965; x_wconf 89' lang='lat' dir='ltr'>per</span> <span class='ocrx_word' id='word_1_542' title='bbox 789 2925 850 2955; x_wconf 90' lang='lat' dir='ltr'>hoc</span> <span class='ocrx_word' id='word_1_543' title='bbox 873 2925 1034 2955; x_wconf 90' lang='lat' dir='ltr'>bonorum</span> <span class='ocrx_word' id='word_1_544' title='bbox 1066 2931 1096 2954; x_wconf 89' lang='lat' dir='ltr'>et</span> <span class='ocrx_word' id='word_1_545' title='bbox 1119 2923 1341 2954; x_wconf 90' lang='lat' dir='ltr'>consultorum</span> <span class='ocrx_word' id='word_1_546' title='bbox 1364 2933 1382 2953; x_wconf 90' lang='lat' dir='ltr'>a</span> <span class='ocrx_word' id='word_1_547' title='bbox 1404 2923 1470 2953; x_wconf 93' lang='lat' dir='ltr'>Do-</span> 
     </span>
     <span class='ocr_line' id='line_1_68' title="bbox 412 2966 1470 3009; baseline -0.002 -10"><span class='ocrx_word' id='word_1_548' title='bbox 412 2969 512 3005; x_wconf 89' lang='lat' dir='ltr'>mino,</span> <span class='ocrx_word' id='word_1_549' title='bbox 535 2968 621 3000; x_wconf 83' lang='lat' dir='ltr'>iuxta</span> <span class='ocrx_word' id='word_1_550' title='bbox 642 2969 739 2999; x_wconf 90' lang='lat' dir='ltr'>illud:</span> <span class='ocrx_word' id='word_1_551' title='bbox 764 2969 800 2999; x_wconf 90' lang='lat' dir='ltr'>Si</span> <span class='ocrx_word' id='word_1_552' title='bbox 823 2978 938 3000; x_wconf 84' lang='lat' dir='ltr'>manus</span> <span class='ocrx_word' id='word_1_553' title='bbox 961 2974 1016 2999; x_wconf 86' lang='lat' dir='ltr'>tua</span> <span class='ocrx_word' id='word_1_554' title='bbox 1038 2968 1237 3009; x_wconf 65' lang='lat' dir='ltr'>scandalizat</span> <span class='ocrx_word' id='word_1_555' title='bbox 1259 2972 1299 3005; x_wconf 86' lang='lat' dir='ltr'>te,</span> <span class='ocrx_word' id='word_1_556' title='bbox 1324 2966 1470 2998; x_wconf 82' lang='lat' dir='ltr'>abscinde</span> 
     </span>
     <span class='ocr_line' id='line_1_69' title="bbox 413 3011 1471 3053; baseline -0.002 -11"><span class='ocrx_word' id='word_1_557' title='bbox 413 3022 482 3043; x_wconf 89' lang='lat' dir='ltr'>eam</span> <span class='ocrx_word' id='word_1_558' title='bbox 511 3019 568 3042; x_wconf 90' lang='lat' dir='ltr'>etc.</span> <span class='ocrx_word' id='word_1_559' title='bbox 592 3013 609 3032; x_wconf 86' lang='lat'>*</span> <span class='ocrx_word' id='word_1_560' title='bbox 639 3013 679 3043; x_wconf 92' lang='lat' dir='ltr'>Et</span> <span class='ocrx_word' id='word_1_561' title='bbox 702 3020 867 3053; x_wconf 89' lang='lat' dir='ltr'>propterea</span> <span class='ocrx_word' id='word_1_562' title='bbox 899 3013 925 3043; x_wconf 91' lang='lat' dir='ltr'>si</span> <span class='ocrx_word' id='word_1_563' title='bbox 949 3013 1020 3053; x_wconf 92' lang='lat' dir='ltr'>quis</span> <span class='ocrx_word' id='word_1_564' title='bbox 1045 3013 1087 3042; x_wconf 92' lang='lat' dir='ltr'>ob</span> <span class='ocrx_word' id='word_1_565' title='bbox 1111 3011 1160 3042; x_wconf 91' lang='lat' dir='ltr'>sui</span> <span class='ocrx_word' id='word_1_566' title='bbox 1192 3011 1347 3042; x_wconf 87' lang='lat' dir='ltr'>cautelam</span> <span class='ocrx_word' id='word_1_567' title='bbox 1377 3017 1471 3041; x_wconf 89' lang='lat' dir='ltr'>vovet</span> 
     </span>
     <span class='ocr_line' id='line_1_70' title="bbox 414 3056 901 3092; baseline 0 -6"><span class='ocrx_word' id='word_1_568' title='bbox 414 3066 478 3086; x_wconf 93' lang='lat' dir='ltr'>non</span> <span class='ocrx_word' id='word_1_569' title='bbox 501 3056 544 3086; x_wconf 90' lang='lat' dir='ltr'>ire</span> <span class='ocrx_word' id='word_1_570' title='bbox 567 3057 651 3092; x_wconf 90' lang='lat' dir='ltr'>illuc,</span> <span class='ocrx_word' id='word_1_571' title='bbox 675 3063 787 3087; x_wconf 90' lang='lat' dir='ltr'>votum</span> <span class='ocrx_word' id='word_1_572' title='bbox 810 3057 901 3087; x_wconf 87' lang='lat' dir='ltr'>valet.</span> 
     </span>
    </p>

    <p class='ocr_par' dir='ltr' id='par_1_13' title="bbox 414 3098 1475 3579">
     <span class='ocr_line' id='line_1_71' title="bbox 468 3098 1472 3140; baseline 0 -10"><span class='ocrx_word' id='word_1_573' title='bbox 468 3100 529 3130; x_wconf 91' lang='lat' dir='ltr'>Sed</span> <span class='ocrx_word' id='word_1_574' title='bbox 553 3107 629 3131; x_wconf 90' lang='lat' dir='ltr'>tunc</span> <span class='ocrx_word' id='word_1_575' title='bbox 647 3100 780 3140; x_wconf 87' lang='lat' dir='ltr'>insurgit</span> <span class='ocrx_word' id='word_1_576' title='bbox 803 3100 945 3140; x_wconf 91' lang='lat' dir='ltr'>quaestio</span> <span class='ocrx_word' id='word_1_577' title='bbox 967 3110 1016 3135; x_wconf 87' lang='lat' dir='ltr'>an,</span> <span class='ocrx_word' id='word_1_578' title='bbox 1035 3105 1174 3130; x_wconf 90' lang='lat' dir='ltr'>cessante</span> <span class='ocrx_word' id='word_1_579' title='bbox 1197 3099 1250 3129; x_wconf 91' lang='lat' dir='ltr'>illa</span> <span class='ocrx_word' id='word_1_580' title='bbox 1271 3098 1472 3139; x_wconf 80' lang='lat' dir='ltr'>superaddita</span> 
     </span>
     <span class='ocr_line' id='line_1_72' title="bbox 414 3142 1471 3185; baseline -0.002 -11"><span class='ocrx_word' id='word_1_581' title='bbox 414 3144 564 3174; x_wconf 87' lang='lat' dir='ltr'>relatione</span> <span class='ocrx_word' id='word_1_582' title='bbox 587 3154 651 3185; x_wconf 88' lang='lat' dir='ltr'>qua</span> <span class='ocrx_word' id='word_1_583' title='bbox 681 3144 774 3175; x_wconf 92' lang='lat' dir='ltr'>habet</span> <span class='ocrx_word' id='word_1_584' title='bbox 796 3143 951 3174; x_wconf 86' lang='lat' dir='ltr'>rationem</span> <span class='ocrx_word' id='word_1_585' title='bbox 974 3143 1165 3183; x_wconf 86' lang='lat' dir='ltr'>expedientis</span> <span class='ocrx_word' id='word_1_586' title='bbox 1189 3142 1277 3179; x_wconf 91' lang='lat' dir='ltr'>mihi,</span> <span class='ocrx_word' id='word_1_587' title='bbox 1294 3150 1392 3172; x_wconf 90' lang='lat' dir='ltr'>cesset</span> <span class='ocrx_word' id='word_1_588' title='bbox 1417 3152 1471 3172; x_wconf 93' lang='lat' dir='ltr'>vo-</span> 
     </span>
     <span class='ocr_line' id='line_1_73' title="bbox 414 3186 1472 3228; baseline -0.003 -9"><span class='ocrx_word' id='word_1_589' title='bbox 414 3195 494 3219; x_wconf 87' lang='lat' dir='ltr'>tum.</span> <span class='ocrx_word' id='word_1_590' title='bbox 518 3187 613 3219; x_wconf 90' lang='lat' dir='ltr'>Verbi</span> <span class='ocrx_word' id='word_1_591' title='bbox 637 3188 749 3228; x_wconf 88' lang='lat' dir='ltr'>gratia,</span> <span class='ocrx_word' id='word_1_592' title='bbox 772 3187 859 3218; x_wconf 88' lang='lat' dir='ltr'>vovit</span> <span class='ocrx_word' id='word_1_593' title='bbox 885 3187 956 3228; x_wconf 93' lang='lat' dir='ltr'>quis</span> <span class='ocrx_word' id='word_1_594' title='bbox 989 3197 1054 3217; x_wconf 88' lang='lat' dir='ltr'>non</span> <span class='ocrx_word' id='word_1_595' title='bbox 1078 3187 1121 3217; x_wconf 91' lang='lat' dir='ltr'>ire</span> <span class='ocrx_word' id='word_1_596' title='bbox 1145 3187 1185 3216; x_wconf 91' lang='lat' dir='ltr'>ad</span> <span class='ocrx_word' id='word_1_597' title='bbox 1214 3186 1310 3217; x_wconf 91' lang='lat' dir='ltr'>talem</span> <span class='ocrx_word' id='word_1_598' title='bbox 1337 3186 1472 3216; x_wconf 89' lang='lat' dir='ltr'>domum</span> 
     </span>
     <span class='ocr_line' id='line_1_74' title="bbox 415 3229 1472 3271; baseline -0.003 -9"><span class='ocrx_word' id='word_1_599' title='bbox 415 3239 450 3263; x_wconf 90' lang='lat' dir='ltr'>ut</span> <span class='ocrx_word' id='word_1_600' title='bbox 474 3231 584 3271; x_wconf 87' lang='lat' dir='ltr'>fugitet</span> <span class='ocrx_word' id='word_1_601' title='bbox 607 3232 720 3263; x_wconf 91' lang='lat' dir='ltr'>ludum</span> <span class='ocrx_word' id='word_1_602' title='bbox 741 3232 863 3262; x_wconf 87' lang='lat' dir='ltr'>malum</span> <span class='ocrx_word' id='word_1_603' title='bbox 888 3231 938 3261; x_wconf 92' lang='lat' dir='ltr'>vel</span> <span class='ocrx_word' id='word_1_604' title='bbox 960 3231 1126 3261; x_wconf 90' lang='lat' dir='ltr'>mulierem</span> <span class='ocrx_word' id='word_1_605' title='bbox 1145 3230 1204 3266; x_wconf 92' lang='lat' dir='ltr'>ibi,</span> <span class='ocrx_word' id='word_1_606' title='bbox 1231 3237 1306 3260; x_wconf 88' lang='lat' dir='ltr'>etc.:</span> <span class='ocrx_word' id='word_1_607' title='bbox 1332 3236 1405 3269; x_wconf 88' lang='lat' dir='ltr'>post</span> <span class='ocrx_word' id='word_1_608' title='bbox 1426 3229 1472 3259; x_wconf 81' lang='lat' dir='ltr'>la-</span> 
     </span>
     <span class='ocr_line' id='line_1_75' title="bbox 416 3272 1472 3317; baseline -0.005 -10"><span class='ocrx_word' id='word_1_609' title='bbox 416 3286 509 3316; x_wconf 90' lang='lat' dir='ltr'>psum</span> <span class='ocrx_word' id='word_1_610' title='bbox 533 3277 685 3317; x_wconf 90' lang='lat' dir='ltr'>temporis</span> <span class='ocrx_word' id='word_1_611' title='bbox 708 3276 740 3306; x_wconf 93' lang='lat' dir='ltr'>in</span> <span class='ocrx_word' id='word_1_612' title='bbox 769 3276 868 3306; x_wconf 89' lang='lat' dir='ltr'>domo</span> <span class='ocrx_word' id='word_1_613' title='bbox 892 3275 944 3305; x_wconf 92' lang='lat' dir='ltr'>illa</span> <span class='ocrx_word' id='word_1_614' title='bbox 968 3285 1034 3304; x_wconf 91' lang='lat' dir='ltr'>non</span> <span class='ocrx_word' id='word_1_615' title='bbox 1058 3281 1104 3304; x_wconf 88' lang='lat' dir='ltr'>est</span> <span class='ocrx_word' id='word_1_616' title='bbox 1126 3274 1263 3314; x_wconf 89' lang='lat' dir='ltr'>amplius</span> <span class='ocrx_word' id='word_1_617' title='bbox 1287 3272 1472 3304; x_wconf 90' lang='lat' dir='ltr'>huiusmodi</span> 
     </span>
     <span class='ocr_line' id='line_1_76' title="bbox 416 3317 1472 3360; baseline -0.005 -9"><span class='ocrx_word' id='word_1_618' title='bbox 416 3320 539 3357; x_wconf 86' lang='lat' dir='ltr'>mulier,</span> <span class='ocrx_word' id='word_1_619' title='bbox 555 3327 609 3351; x_wconf 90' lang='lat' dir='ltr'>aut</span> <span class='ocrx_word' id='word_1_620' title='bbox 625 3330 690 3351; x_wconf 92' lang='lat' dir='ltr'>non</span> <span class='ocrx_word' id='word_1_621' title='bbox 706 3319 844 3360; x_wconf 87' lang='lat' dir='ltr'>amplius</span> <span class='ocrx_word' id='word_1_622' title='bbox 859 3319 979 3349; x_wconf 89' lang='lat' dir='ltr'>luditur</span> <span class='ocrx_word' id='word_1_623' title='bbox 994 3318 1052 3349; x_wconf 85' lang='lat' dir='ltr'>ibi:</span> <span class='ocrx_word' id='word_1_624' title='bbox 1070 3336 1090 3341; x_wconf 96' lang='lat'><em>-</em></span> <span class='ocrx_word' id='word_1_625' title='bbox 1111 3327 1151 3348; x_wconf 90' lang='lat' dir='ltr'>an</span> <span class='ocrx_word' id='word_1_626' title='bbox 1167 3325 1243 3348; x_wconf 90' lang='lat' dir='ltr'>tunc</span> <span class='ocrx_word' id='word_1_627' title='bbox 1259 3317 1354 3348; x_wconf 88' lang='lat' dir='ltr'>etiam</span> <span class='ocrx_word' id='word_1_628' title='bbox 1375 3323 1472 3347; x_wconf 85' lang='lat' dir='ltr'>cesset</span> 
     </span>
     <span class='ocr_line' id='line_1_77' title="bbox 416 3361 1474 3405; baseline -0.005 -10"><span class='ocrx_word' id='word_1_629' title='bbox 416 3365 480 3394; x_wconf 90' lang='lat' dir='ltr'>voti</span> <span class='ocrx_word' id='word_1_630' title='bbox 504 3364 685 3400; x_wconf 90' lang='lat' dir='ltr'>vinculum,</span> <span class='ocrx_word' id='word_1_631' title='bbox 710 3365 751 3395; x_wconf 92' lang='lat' dir='ltr'>ita</span> <span class='ocrx_word' id='word_1_632' title='bbox 775 3364 862 3405; x_wconf 89' lang='lat' dir='ltr'>quod</span> <span class='ocrx_word' id='word_1_633' title='bbox 891 3363 986 3394; x_wconf 82' lang='lat' dir='ltr'>libere</span> <span class='ocrx_word' id='word_1_634' title='bbox 1009 3369 1114 3403; x_wconf 88' lang='lat' dir='ltr'>potest</span> <span class='ocrx_word' id='word_1_635' title='bbox 1136 3361 1188 3392; x_wconf 91' lang='lat' dir='ltr'>ille</span> <span class='ocrx_word' id='word_1_636' title='bbox 1210 3361 1254 3392; x_wconf 88' lang='lat' dir='ltr'>ire</span> <span class='ocrx_word' id='word_1_637' title='bbox 1281 3361 1314 3391; x_wconf 93' lang='lat' dir='ltr'>in</span> <span class='ocrx_word' id='word_1_638' title='bbox 1338 3361 1474 3391; x_wconf 90' lang='lat' dir='ltr'>domum</span> 
     </span>
     <span class='ocr_line' id='line_1_78' title="bbox 416 3404 1474 3449; baseline -0.004 -11"><span class='ocrx_word' id='word_1_639' title='bbox 416 3408 514 3438; x_wconf 85' lang='lat' dir='ltr'>inam.</span> <span class='ocrx_word' id='word_1_640' title='bbox 530 3427 550 3431; x_wconf 92' lang='lat'>—</span> <span class='ocrx_word' id='word_1_641' title='bbox 572 3409 613 3439; x_wconf 89' lang='lat' dir='ltr'>Et</span> <span class='ocrx_word' id='word_1_642' title='bbox 642 3408 901 3449; x_wconf 90' lang='lat' dir='ltr'>respondendum</span> <span class='ocrx_word' id='word_1_643' title='bbox 932 3414 978 3438; x_wconf 87' lang='lat' dir='ltr'>est</span> <span class='ocrx_word' id='word_1_644' title='bbox 1001 3406 1090 3447; x_wconf 91' lang='lat' dir='ltr'>quod</span> <span class='ocrx_word' id='word_1_645' title='bbox 1120 3405 1203 3436; x_wconf 89' lang='lat' dir='ltr'>licite</span> <span class='ocrx_word' id='word_1_646' title='bbox 1234 3411 1338 3446; x_wconf 88' lang='lat' dir='ltr'>potest</span> <span class='ocrx_word' id='word_1_647' title='bbox 1366 3404 1410 3434; x_wconf 91' lang='lat' dir='ltr'>ire</span> <span class='ocrx_word' id='word_1_648' title='bbox 1441 3404 1474 3434; x_wconf 90' lang='lat' dir='ltr'>in</span> 
     </span>
     <span class='ocr_line' id='line_1_79' title="bbox 418 3449 1475 3493; baseline -0.004 -11"><span class='ocrx_word' id='word_1_649' title='bbox 418 3453 552 3482; x_wconf 89' lang='lat' dir='ltr'>domum</span> <span class='ocrx_word' id='word_1_650' title='bbox 581 3452 683 3483; x_wconf 85' lang='lat' dir='ltr'>illam:</span> <span class='ocrx_word' id='word_1_651' title='bbox 715 3452 789 3493; x_wconf 88' lang='lat' dir='ltr'>quia</span> <span class='ocrx_word' id='word_1_652' title='bbox 816 3461 882 3482; x_wconf 92' lang='lat' dir='ltr'>non</span> <span class='ocrx_word' id='word_1_653' title='bbox 905 3451 950 3481; x_wconf 87' lang='lat' dir='ltr'>ire</span> <span class='ocrx_word' id='word_1_654' title='bbox 980 3451 1019 3482; x_wconf 85' lang='lat' dir='ltr'>ad</span> <span class='ocrx_word' id='word_1_655' title='bbox 1049 3450 1184 3480; x_wconf 89' lang='lat' dir='ltr'>domum</span> <span class='ocrx_word' id='word_1_656' title='bbox 1215 3449 1301 3480; x_wconf 91' lang='lat' dir='ltr'>illam</span> <span class='ocrx_word' id='word_1_657' title='bbox 1331 3458 1397 3478; x_wconf 92' lang='lat' dir='ltr'>non</span> <span class='ocrx_word' id='word_1_658' title='bbox 1429 3455 1475 3478; x_wconf 87' lang='lat' dir='ltr'>est</span> 
     </span>
     <span class='ocr_line' id='line_1_80' title="bbox 418 3492 1474 3536; baseline -0.004 -10"><span class='ocrx_word' id='word_1_659' title='bbox 418 3496 554 3536; x_wconf 91' lang='lat' dir='ltr'>amplius</span> <span class='ocrx_word' id='word_1_660' title='bbox 584 3496 712 3527; x_wconf 86' lang='lat' dir='ltr'>materia</span> <span class='ocrx_word' id='word_1_661' title='bbox 735 3496 810 3527; x_wconf 91' lang='lat' dir='ltr'>voti.</span> <span class='ocrx_word' id='word_1_662' title='bbox 844 3496 891 3526; x_wconf 88' lang='lat' dir='ltr'>Ex</span> <span class='ocrx_word' id='word_1_663' title='bbox 915 3495 976 3525; x_wconf 88' lang='lat' dir='ltr'>hoc</span> <span class='ocrx_word' id='word_1_664' title='bbox 999 3503 1138 3534; x_wconf 88' lang='lat' dir='ltr'>namque</span> <span class='ocrx_word' id='word_1_665' title='bbox 1162 3503 1228 3524; x_wconf 89' lang='lat' dir='ltr'>non</span> <span class='ocrx_word' id='word_1_666' title='bbox 1256 3493 1300 3523; x_wconf 91' lang='lat' dir='ltr'>ire</span> <span class='ocrx_word' id='word_1_667' title='bbox 1324 3492 1363 3522; x_wconf 86' lang='lat' dir='ltr'>ad</span> <span class='ocrx_word' id='word_1_668' title='bbox 1386 3492 1474 3522; x_wconf 88' lang='lat' dir='ltr'>illam</span> 
     </span>
     <span class='ocr_line' id='line_1_81' title="bbox 418 3536 1473 3579; baseline -0.004 -9"><span class='ocrx_word' id='word_1_669' title='bbox 418 3540 553 3571; x_wconf 88' lang='lat' dir='ltr'>domum</span> <span class='ocrx_word' id='word_1_670' title='bbox 576 3547 640 3571; x_wconf 89' lang='lat' dir='ltr'>erat</span> <span class='ocrx_word' id='word_1_671' title='bbox 663 3540 791 3571; x_wconf 89' lang='lat' dir='ltr'>materia</span> <span class='ocrx_word' id='word_1_672' title='bbox 814 3539 895 3575; x_wconf 87' lang='lat' dir='ltr'>voti,</span> <span class='ocrx_word' id='word_1_673' title='bbox 920 3539 995 3579; x_wconf 89' lang='lat' dir='ltr'>quia</span> <span class='ocrx_word' id='word_1_674' title='bbox 1017 3538 1113 3569; x_wconf 87' lang='lat' dir='ltr'>relata</span> <span class='ocrx_word' id='word_1_675' title='bbox 1137 3545 1201 3569; x_wconf 89' lang='lat' dir='ltr'>erat</span> <span class='ocrx_word' id='word_1_676' title='bbox 1223 3537 1263 3568; x_wconf 78' lang='lat' dir='ltr'>ad</span> <span class='ocrx_word' id='word_1_677' title='bbox 1291 3536 1473 3567; x_wconf 88' lang='lat' dir='ltr'>evitandum</span> 
     </span>
    </p>
   </div>
   <div class='ocr_carea' id='block_1_10' title="bbox 1484 278 1494 1447">
    <p class='ocr_par' dir='ltr' id='par_1_14' title="bbox 1484 278 1494 1447">
     <span class='ocr_line' id='line_1_82' title="bbox 1484 278 1494 1447; baseline 0 0"><span class='ocrx_word' id='word_1_678' title='bbox 1484 278 1494 1447; x_wconf 95' lang='lat' dir='ltr'> </span> 
     </span>
    </p>
   </div>
   <div class='ocr_carea' id='block_1_11' title="bbox 1488 1639 1493 2391">
    <p class='ocr_par' dir='ltr' id='par_1_15' title="bbox 1488 1639 1493 2391">
     <span class='ocr_line' id='line_1_83' title="bbox 1488 1639 1493 2391; baseline 0 0"><span class='ocrx_word' id='word_1_679' title='bbox 1488 1639 1493 2391; x_wconf 95' lang='lat' dir='ltr'> </span> 
     </span>
    </p>
   </div>
   <div class='ocr_carea' id='block_1_12' title="bbox 1494 2668 1503 3569">
    <p class='ocr_par' dir='ltr' id='par_1_16' title="bbox 1494 2668 1503 3569">
     <span class='ocr_line' id='line_1_84' title="bbox 1494 2668 1503 3569; baseline 0 0"><span class='ocrx_word' id='word_1_680' title='bbox 1494 2668 1503 3569; x_wconf 95' lang='lat' dir='ltr'> </span> 
     </span>
    </p>
   </div>
   <div class='ocr_carea' id='block_1_13' title="bbox 1023 201 1952 250">
    <p class='ocr_par' dir='ltr' id='par_1_17' title="bbox 1023 201 1952 250">
     <span class='ocr_line' id='line_1_85' title="bbox 1023 201 1952 250; baseline -0.002 -10"><span class='ocrx_word' id='word_1_681' title='bbox 1023 203 1288 250; x_wconf 88' lang='lat' dir='ltr'>QUAESTIO</span> <span class='ocrx_word' id='word_1_682' title='bbox 1318 202 1565 248; x_wconf 89' lang='lat' dir='ltr'>LXXXVIII,</span> <span class='ocrx_word' id='word_1_683' title='bbox 1594 201 1891 239; x_wconf 89' lang='lat' dir='ltr'>ARTICULUS</span> <span class='ocrx_word' id='word_1_684' title='bbox 1922 202 1952 237; x_wconf 93' lang='lat' dir='ltr'>ll</span> 
     </span>
    </p>
   </div>
   <div class='ocr_carea' id='block_1_14' title="bbox 1515 277 2574 405">
    <p class='ocr_par' dir='ltr' id='par_1_18' title="bbox 1515 277 2574 405">
     <span class='ocr_line' id='line_1_86' title="bbox 1515 277 2573 319; baseline -0.001 -10"><span class='ocrx_word' id='word_1_685' title='bbox 1515 279 1710 311; x_wconf 84' lang='lat' dir='ltr'>scandalum.</span> <span class='ocrx_word' id='word_1_686' title='bbox 1735 279 1885 310; x_wconf 84' lang='lat' dir='ltr'>Cessante</span> <span class='ocrx_word' id='word_1_687' title='bbox 1901 288 1976 319; x_wconf 85' lang='lat' dir='ltr'>ergo</span> <span class='ocrx_word' id='word_1_688' title='bbox 1992 278 2201 308; x_wconf 86' lang='lat' dir='ltr'>fundamento</span> <span class='ocrx_word' id='word_1_689' title='bbox 2224 277 2397 314; x_wconf 80' lang='lat' dir='ltr'>relationis,</span> <span class='ocrx_word' id='word_1_690' title='bbox 2409 284 2488 318; x_wconf 86' lang='lat' dir='ltr'>puta</span> <span class='ocrx_word' id='word_1_691' title='bbox 2503 287 2573 308; x_wconf 85' lang='lat' dir='ltr'>mu-</span> 
     </span>
     <span class='ocr_line' id='line_1_87' title="bbox 1515 321 2574 359; baseline -0.001 -7"><span class='ocrx_word' id='word_1_692' title='bbox 1515 322 1589 353; x_wconf 91' lang='lat' dir='ltr'>liere</span> <span class='ocrx_word' id='word_1_693' title='bbox 1612 330 1667 354; x_wconf 89' lang='lat' dir='ltr'>aut</span> <span class='ocrx_word' id='word_1_694' title='bbox 1689 323 1767 354; x_wconf 91' lang='lat' dir='ltr'>ludo</span> <span class='ocrx_word' id='word_1_695' title='bbox 1789 322 1847 359; x_wconf 90' lang='lat' dir='ltr'>ibi,</span> <span class='ocrx_word' id='word_1_696' title='bbox 1872 329 1971 354; x_wconf 89' lang='lat' dir='ltr'>cessat</span> <span class='ocrx_word' id='word_1_697' title='bbox 1993 321 2121 357; x_wconf 89' lang='lat' dir='ltr'>relatio,</span> <span class='ocrx_word' id='word_1_698' title='bbox 2146 329 2177 352; x_wconf 90' lang='lat' dir='ltr'>et</span> <span class='ocrx_word' id='word_1_699' title='bbox 2199 328 2340 352; x_wconf 81' lang='lat' dir='ltr'>mutatur</span> <span class='ocrx_word' id='word_1_700' title='bbox 2363 321 2493 352; x_wconf 80' lang='lat' dir='ltr'>materia</span> <span class='ocrx_word' id='word_1_701' title='bbox 2519 321 2574 351; x_wconf 85' lang='lat' dir='ltr'>illa</span> 
     </span>
     <span class='ocr_line' id='line_1_88' title="bbox 1516 364 2573 405; baseline -0.001 -9"><span class='ocrx_word' id='word_1_702' title='bbox 1516 366 1554 396; x_wconf 93' lang='lat' dir='ltr'>de</span> <span class='ocrx_word' id='word_1_703' title='bbox 1578 367 1674 398; x_wconf 82' lang='lat' dir='ltr'>relata</span> <span class='ocrx_word' id='word_1_704' title='bbox 1695 367 1728 398; x_wconf 86' lang='lat' dir='ltr'>in</span> <span class='ocrx_word' id='word_1_705' title='bbox 1747 372 1813 398; x_wconf 86' lang='lat' dir='ltr'>non</span> <span class='ocrx_word' id='word_1_706' title='bbox 1836 367 1976 402; x_wconf 86' lang='lat' dir='ltr'>relatam,</span> <span class='ocrx_word' id='word_1_707' title='bbox 1999 375 2036 396; x_wconf 86' lang='lat' dir='ltr'>ac</span> <span class='ocrx_word' id='word_1_708' title='bbox 2059 375 2115 405; x_wconf 89' lang='lat' dir='ltr'>per</span> <span class='ocrx_word' id='word_1_709' title='bbox 2137 364 2199 395; x_wconf 84' lang='lat' dir='ltr'>hoc</span> <span class='ocrx_word' id='word_1_710' title='bbox 2215 365 2255 395; x_wconf 91' lang='lat' dir='ltr'>de</span> <span class='ocrx_word' id='word_1_711' title='bbox 2277 365 2460 404; x_wconf 78' lang='lat' dir='ltr'>expediente</span> <span class='ocrx_word' id='word_1_712' title='bbox 2475 365 2508 395; x_wconf 90' lang='lat' dir='ltr'>in</span> <span class='ocrx_word' id='word_1_713' title='bbox 2524 364 2573 395; x_wconf 89' lang='lat' dir='ltr'>in-</span> 
     </span>
    </p>
   </div>
   <div class='ocr_carea' id='block_1_15' title="bbox 1487 408 2573 456">
    <p class='ocr_par' dir='ltr' id='par_1_19' title="bbox 1487 408 2573 456">
     <span class='ocr_line' id='line_1_89' title="bbox 1487 408 2573 456; baseline -0.002 -16"><span class='ocrx_word' id='word_1_714' title='bbox 1487 445 1488 456; x_wconf 23' lang='lat'><em>*</em></span> <span class='ocrx_word' id='word_1_715' title='bbox 1516 409 1720 446; x_wconf 86' lang='lat' dir='ltr'>differentem,</span> <span class='ocrx_word' id='word_1_716' title='bbox 1745 420 1828 451; x_wconf 86' lang='lat' dir='ltr'>quae</span> <span class='ocrx_word' id='word_1_717' title='bbox 1850 421 1916 441; x_wconf 90' lang='lat' dir='ltr'>non</span> <span class='ocrx_word' id='word_1_718' title='bbox 1940 417 1987 440; x_wconf 89' lang='lat' dir='ltr'>est</span> <span class='ocrx_word' id='word_1_719' title='bbox 2009 408 2139 440; x_wconf 87' lang='lat' dir='ltr'>materia</span> <span class='ocrx_word' id='word_1_720' title='bbox 2155 409 2232 439; x_wconf 90' lang='lat' dir='ltr'>voti.</span> <span class='ocrx_word' id='word_1_721' title='bbox 2256 408 2330 439; x_wconf 85' lang='lat' dir='ltr'>Sine</span> <span class='ocrx_word' id='word_1_722' title='bbox 2350 418 2425 448; x_wconf 81' lang='lat' dir='ltr'>ergo</span> <span class='ocrx_word' id='word_1_723' title='bbox 2448 409 2573 449; x_wconf 83' lang='lat' dir='ltr'>dispen-</span> 
     </span>
    </p>
   </div>
   <div class='ocr_carea' id='block_1_16' title="bbox 1511 452 2588 3093">
    <p class='ocr_par' dir='ltr' id='par_1_20' title="bbox 1514 452 2576 617">
     <span class='ocr_line' id='line_1_90' title="bbox 1515 452 2574 495; baseline -0.002 -11"><span class='ocrx_word' id='word_1_724' title='bbox 1515 454 1637 485; x_wconf 86' lang='lat' dir='ltr'>satione</span> <span class='ocrx_word' id='word_1_725' title='bbox 1667 454 1774 495; x_wconf 85' lang='lat' dir='ltr'>aliqua</span> <span class='ocrx_word' id='word_1_726' title='bbox 1805 454 1888 485; x_wconf 85' lang='lat' dir='ltr'>licite</span> <span class='ocrx_word' id='word_1_727' title='bbox 1911 460 2016 494; x_wconf 89' lang='lat' dir='ltr'>potest</span> <span class='ocrx_word' id='word_1_728' title='bbox 2038 453 2083 484; x_wconf 92' lang='lat' dir='ltr'>ire</span> <span class='ocrx_word' id='word_1_729' title='bbox 2117 453 2155 484; x_wconf 87' lang='lat' dir='ltr'>ad</span> <span class='ocrx_word' id='word_1_730' title='bbox 2179 453 2315 483; x_wconf 90' lang='lat' dir='ltr'>domum</span> <span class='ocrx_word' id='word_1_731' title='bbox 2346 452 2434 483; x_wconf 77' lang='lat' dir='ltr'>illam</span> <span class='ocrx_word' id='word_1_732' title='bbox 2456 452 2488 483; x_wconf 87' lang='lat' dir='ltr'>in</span> <span class='ocrx_word' id='word_1_733' title='bbox 2511 452 2574 483; x_wconf 83' lang='lat' dir='ltr'>hoc</span> 
     </span>
     <span class='ocr_line' id='line_1_91' title="bbox 1516 495 2576 539; baseline -0.003 -11"><span class='ocrx_word' id='word_1_734' title='bbox 1516 508 1599 528; x_wconf 89' lang='lat' dir='ltr'>casu.</span> <span class='ocrx_word' id='word_1_735' title='bbox 1616 515 1637 521; x_wconf 92' lang='lat'>-</span> <span class='ocrx_word' id='word_1_736' title='bbox 1659 498 1701 529; x_wconf 85' lang='lat' dir='ltr'>Et</span> <span class='ocrx_word' id='word_1_737' title='bbox 1723 498 1878 539; x_wconf 89' lang='lat' dir='ltr'>quoniam</span> <span class='ocrx_word' id='word_1_738' title='bbox 1894 498 1932 528; x_wconf 91' lang='lat' dir='ltr'>de</span> <span class='ocrx_word' id='word_1_739' title='bbox 1949 497 2104 528; x_wconf 85' lang='lat' dir='ltr'>similibus</span> <span class='ocrx_word' id='word_1_740' title='bbox 2126 496 2212 527; x_wconf 89' lang='lat' dir='ltr'>idem</span> <span class='ocrx_word' id='word_1_741' title='bbox 2236 504 2283 527; x_wconf 90' lang='lat' dir='ltr'>est</span> <span class='ocrx_word' id='word_1_742' title='bbox 2302 495 2469 531; x_wconf 86' lang='lat' dir='ltr'>iudicium,</span> <span class='ocrx_word' id='word_1_743' title='bbox 2489 495 2576 526; x_wconf 81' lang='lat' dir='ltr'>docti</span> 
     </span>
     <span class='ocr_line' id='line_1_92' title="bbox 1514 539 2573 574; baseline -0.001 -3"><span class='ocrx_word' id='word_1_744' title='bbox 1514 541 1572 572; x_wconf 86' lang='lat' dir='ltr'>viri</span> <span class='ocrx_word' id='word_1_745' title='bbox 1595 541 1653 572; x_wconf 87' lang='lat' dir='ltr'>erit</span> <span class='ocrx_word' id='word_1_746' title='bbox 1673 542 1707 573; x_wconf 88' lang='lat' dir='ltr'>in</span> <span class='ocrx_word' id='word_1_747' title='bbox 1722 542 1908 574; x_wconf 90' lang='lat' dir='ltr'>huiusmodi</span> <span class='ocrx_word' id='word_1_748' title='bbox 1924 541 2006 572; x_wconf 87' lang='lat' dir='ltr'>votis</span> <span class='ocrx_word' id='word_1_749' title='bbox 2028 540 2274 572; x_wconf 83' lang='lat' dir='ltr'>indifferentium</span> <span class='ocrx_word' id='word_1_750' title='bbox 2297 540 2472 571; x_wconf 88' lang='lat' dir='ltr'>secundum</span> <span class='ocrx_word' id='word_1_751' title='bbox 2492 539 2573 570; x_wconf 88' lang='lat' dir='ltr'>dicta</span> 
     </span>
     <span class='ocr_line' id='line_1_93' title="bbox 1515 585 1663 617; baseline 0 -1"><span class='ocrx_word' id='word_1_752' title='bbox 1515 585 1663 617; x_wconf 89' lang='lat' dir='ltr'>iudicare.</span> 
     </span>
    </p>

    <p class='ocr_par' dir='ltr' id='par_1_21' title="bbox 1511 627 2577 1199">
     <span class='ocr_line' id='line_1_94' title="bbox 1571 627 2577 670; baseline -0.002 -11"><span class='ocrx_word' id='word_1_753' title='bbox 1571 630 1625 661; x_wconf 91' lang='lat' dir='ltr'>XI.</span> <span class='ocrx_word' id='word_1_754' title='bbox 1650 629 1742 661; x_wconf 85' lang='lat' dir='ltr'>Circa</span> <span class='ocrx_word' id='word_1_755' title='bbox 1761 630 1846 661; x_wconf 88' lang='lat' dir='ltr'>bona</span> <span class='ocrx_word' id='word_1_756' title='bbox 1860 639 1944 670; x_wconf 89' lang='lat' dir='ltr'>quae</span> <span class='ocrx_word' id='word_1_757' title='bbox 1967 639 2033 660; x_wconf 92' lang='lat' dir='ltr'>non</span> <span class='ocrx_word' id='word_1_758' title='bbox 2056 636 2130 661; x_wconf 89' lang='lat' dir='ltr'>sunt</span> <span class='ocrx_word' id='word_1_759' title='bbox 2151 634 2317 669; x_wconf 85' lang='lat' dir='ltr'>praecepta</span> <span class='ocrx_word' id='word_1_760' title='bbox 2340 637 2398 659; x_wconf 91' lang='lat' dir='ltr'>nec</span> <span class='ocrx_word' id='word_1_761' title='bbox 2419 627 2577 663; x_wconf 74' lang='lat' dir='ltr'>consulta,</span> 
     </span>
     <span class='ocr_line' id='line_1_95' title="bbox 1516 671 2575 710; baseline -0.004 -5"><span class='ocrx_word' id='word_1_762' title='bbox 1516 681 1551 705; x_wconf 92' lang='lat' dir='ltr'>ut</span> <span class='ocrx_word' id='word_1_763' title='bbox 1574 674 1692 705; x_wconf 91' lang='lat' dir='ltr'>nubere</span> <span class='ocrx_word' id='word_1_764' title='bbox 1715 671 1740 710; x_wconf 89' lang='grc'>*,</span> <span class='ocrx_word' id='word_1_765' title='bbox 1765 673 1900 704; x_wconf 89' lang='lat' dir='ltr'>dubium</span> <span class='ocrx_word' id='word_1_766' title='bbox 1930 673 2084 710; x_wconf 89' lang='lat' dir='ltr'>occurrit,</span> <span class='ocrx_word' id='word_1_767' title='bbox 2107 683 2147 704; x_wconf 86' lang='lat' dir='ltr'>an</span> <span class='ocrx_word' id='word_1_768' title='bbox 2172 682 2290 703; x_wconf 88' lang='lat' dir='ltr'>vovens</span> <span class='ocrx_word' id='word_1_769' title='bbox 2322 672 2441 703; x_wconf 90' lang='lat' dir='ltr'>nubere</span> <span class='ocrx_word' id='word_1_770' title='bbox 2465 681 2575 702; x_wconf 84' lang='lat' dir='ltr'>verum</span> 
     </span>
     <span class='ocr_line' id='line_1_96' title="bbox 1515 715 2576 757; baseline -0.002 -9"><span class='ocrx_word' id='word_1_771' title='bbox 1515 725 1627 750; x_wconf 89' lang='lat' dir='ltr'>votum</span> <span class='ocrx_word' id='word_1_772' title='bbox 1651 717 1786 753; x_wconf 84' lang='lat' dir='ltr'>emittat,</span> <span class='ocrx_word' id='word_1_773' title='bbox 1811 723 1842 747; x_wconf 91' lang='lat' dir='ltr'>et</span> <span class='ocrx_word' id='word_1_774' title='bbox 1865 724 2093 757; x_wconf 84' lang='lat' dir='ltr'>consequenter</span> <span class='ocrx_word' id='word_1_775' title='bbox 2116 723 2259 748; x_wconf 86' lang='lat' dir='ltr'>teneatur</span> <span class='ocrx_word' id='word_1_776' title='bbox 2282 716 2409 746; x_wconf 90' lang='lat' dir='ltr'>nubere.</span> <span class='ocrx_word' id='word_1_777' title='bbox 2443 715 2576 746; x_wconf 87' lang='lat' dir='ltr'>Videtur</span> 
     </span>
     <span class='ocr_line' id='line_1_97' title="bbox 1516 759 2575 802; baseline -0.002 -10"><span class='ocrx_word' id='word_1_778' title='bbox 1516 763 1601 792; x_wconf 88' lang='lat' dir='ltr'>enim</span> <span class='ocrx_word' id='word_1_779' title='bbox 1631 761 1752 802; x_wconf 85' lang='lat' dir='ltr'>primo,</span> <span class='ocrx_word' id='word_1_780' title='bbox 1776 761 1864 802; x_wconf 90' lang='lat' dir='ltr'>quod</span> <span class='ocrx_word' id='word_1_781' title='bbox 1899 761 1952 792; x_wconf 88' lang='lat' dir='ltr'>sic.</span> <span class='ocrx_word' id='word_1_782' title='bbox 1975 761 2102 798; x_wconf 84' lang='lat' dir='ltr'>Primo,</span> <span class='ocrx_word' id='word_1_783' title='bbox 2127 760 2203 801; x_wconf 84' lang='lat' dir='ltr'>quia</span> <span class='ocrx_word' id='word_1_784' title='bbox 2229 767 2342 791; x_wconf 88' lang='lat' dir='ltr'>votum</span> <span class='ocrx_word' id='word_1_785' title='bbox 2373 769 2440 791; x_wconf 90' lang='lat' dir='ltr'>non</span> <span class='ocrx_word' id='word_1_786' title='bbox 2467 759 2575 790; x_wconf 83' lang='lat' dir='ltr'>minus</span> 
     </span>
     <span class='ocr_line' id='line_1_98' title="bbox 1516 803 2576 847; baseline -0.003 -10"><span class='ocrx_word' id='word_1_787' title='bbox 1516 806 1635 847; x_wconf 79' lang='lat' dir='ltr'>obligat</span> <span class='ocrx_word' id='word_1_788' title='bbox 1657 815 1755 846; x_wconf 86' lang='lat' dir='ltr'>quam</span> <span class='ocrx_word' id='word_1_789' title='bbox 1777 805 2003 836; x_wconf 87' lang='lat' dir='ltr'>iuramentum.</span> <span class='ocrx_word' id='word_1_790' title='bbox 2026 805 2088 835; x_wconf 87' lang='lat' dir='ltr'>Sed</span> <span class='ocrx_word' id='word_1_791' title='bbox 2110 804 2217 835; x_wconf 82' lang='lat' dir='ltr'>iurans</span> <span class='ocrx_word' id='word_1_792' title='bbox 2239 803 2367 844; x_wconf 82' lang='lat' dir='ltr'>nuptias</span> <span class='ocrx_word' id='word_1_793' title='bbox 2389 810 2513 834; x_wconf 88' lang='lat' dir='ltr'>tenetur</span> <span class='ocrx_word' id='word_1_794' title='bbox 2535 803 2576 834; x_wconf 89' lang='lat' dir='ltr'>ad</span> 
     </span>
     <span class='ocr_line' id='line_1_99' title="bbox 1516 847 2574 889; baseline -0.004 -8"><span class='ocrx_word' id='word_1_795' title='bbox 1516 851 1592 887; x_wconf 88' lang='lat' dir='ltr'>illas,</span> <span class='ocrx_word' id='word_1_796' title='bbox 1618 850 1677 880; x_wconf 89' lang='lat' dir='ltr'>nisi</span> <span class='ocrx_word' id='word_1_797' title='bbox 1700 849 1892 889; x_wconf 87' lang='lat' dir='ltr'>ingrediatur</span> <span class='ocrx_word' id='word_1_798' title='bbox 1914 848 2110 888; x_wconf 88' lang='lat' dir='ltr'>religionem.</span> <span class='ocrx_word' id='word_1_799' title='bbox 2139 848 2225 887; x_wconf 85' lang='lat' dir='ltr'>Ergo</span> <span class='ocrx_word' id='word_1_800' title='bbox 2249 848 2364 878; x_wconf 85' lang='lat' dir='ltr'>eodem</span> <span class='ocrx_word' id='word_1_801' title='bbox 2391 847 2492 878; x_wconf 89' lang='lat' dir='ltr'>modo</span> <span class='ocrx_word' id='word_1_802' title='bbox 2516 857 2574 877; x_wconf 84' lang='lat' dir='ltr'>vo·</span> 
     </span>
     <span class='ocr_line' id='line_1_100' title="bbox 1515 891 2575 929; baseline -0.003 -4"><span class='ocrx_word' id='word_1_803' title='bbox 1515 905 1603 925; x_wconf 78' lang='lat' dir='ltr'>venS.</span> <span class='ocrx_word' id='word_1_804' title='bbox 1615 912 1635 916; x_wconf 95' lang='lat'>—</span> <span class='ocrx_word' id='word_1_805' title='bbox 1659 894 1700 925; x_wconf 88' lang='lat' dir='ltr'>Et</span> <span class='ocrx_word' id='word_1_806' title='bbox 1714 892 1927 924; x_wconf 86' lang='lat' dir='ltr'>confirmatur.</span> <span class='ocrx_word' id='word_1_807' title='bbox 1952 892 2037 929; x_wconf 87' lang='lat' dir='ltr'>Quia</span> <span class='ocrx_word' id='word_1_808' title='bbox 2052 899 2166 923; x_wconf 86' lang='lat' dir='ltr'>votum</span> <span class='ocrx_word' id='word_1_809' title='bbox 2181 892 2221 923; x_wconf 91' lang='lat' dir='ltr'>de</span> <span class='ocrx_word' id='word_1_810' title='bbox 2236 891 2354 923; x_wconf 77' lang='lat' dir='ltr'>minori</span> <span class='ocrx_word' id='word_1_811' title='bbox 2369 891 2467 927; x_wconf 89' lang='lat' dir='ltr'>bono,</span> <span class='ocrx_word' id='word_1_812' title='bbox 2483 891 2575 922; x_wconf 88' lang='lat' dir='ltr'>dum-</span> 
     </span>
     <span class='ocr_line' id='line_1_101' title="bbox 1516 934 2575 976; baseline -0.004 -7"><span class='ocrx_word' id='word_1_813' title='bbox 1516 940 1615 969; x_wconf 89' lang='lat' dir='ltr'>modo</span> <span class='ocrx_word' id='word_1_814' title='bbox 1639 948 1704 968; x_wconf 89' lang='lat' dir='ltr'>non</span> <span class='ocrx_word' id='word_1_815' title='bbox 1729 937 1768 968; x_wconf 91' lang='lat' dir='ltr'>sit</span> <span class='ocrx_word' id='word_1_816' title='bbox 1791 937 1985 968; x_wconf 86' lang='lat' dir='ltr'>exclusivum</span> <span class='ocrx_word' id='word_1_817' title='bbox 2008 935 2147 972; x_wconf 90' lang='lat' dir='ltr'>maioris,</span> <span class='ocrx_word' id='word_1_818' title='bbox 2170 941 2266 966; x_wconf 88' lang='lat' dir='ltr'>tenet.</span> <span class='ocrx_word' id='word_1_819' title='bbox 2289 934 2445 976; x_wconf 85' lang='lat' dir='ltr'>Alioquin</span> <span class='ocrx_word' id='word_1_820' title='bbox 2462 941 2575 966; x_wconf 87' lang='lat' dir='ltr'>votum</span> 
     </span>
     <span class='ocr_line' id='line_1_102' title="bbox 1516 979 2575 1022; baseline -0.004 -9"><span class='ocrx_word' id='word_1_821' title='bbox 1516 993 1583 1014; x_wconf 91' lang='lat' dir='ltr'>non</span> <span class='ocrx_word' id='word_1_822' title='bbox 1614 989 1723 1022; x_wconf 87' lang='lat' dir='ltr'>posset</span> <span class='ocrx_word' id='word_1_823' title='bbox 1755 980 1821 1012; x_wconf 87' lang='lat' dir='ltr'>fieri</span> <span class='ocrx_word' id='word_1_824' title='bbox 1853 980 1914 1012; x_wconf 90' lang='lat' dir='ltr'>nisi</span> <span class='ocrx_word' id='word_1_825' title='bbox 1943 981 1982 1011; x_wconf 89' lang='lat' dir='ltr'>de</span> <span class='ocrx_word' id='word_1_826' title='bbox 2005 980 2148 1020; x_wconf 90' lang='lat' dir='ltr'>optimo,</span> <span class='ocrx_word' id='word_1_827' title='bbox 2173 986 2228 1010; x_wconf 88' lang='lat' dir='ltr'>aut</span> <span class='ocrx_word' id='word_1_828' title='bbox 2257 979 2474 1019; x_wconf 80' lang='lat' dir='ltr'>compossibili</span> <span class='ocrx_word' id='word_1_829' title='bbox 2501 988 2575 1010; x_wconf 89' lang='lat' dir='ltr'>cum</span> 
     </span>
     <span class='ocr_line' id='line_1_103' title="bbox 1516 1022 2576 1067; baseline -0.005 -9"><span class='ocrx_word' id='word_1_830' title='bbox 1516 1027 1651 1067; x_wconf 89' lang='lat' dir='ltr'>optimo,</span> <span class='ocrx_word' id='word_1_831' title='bbox 1669 1033 1700 1057; x_wconf 88' lang='lat' dir='ltr'>et</span> <span class='ocrx_word' id='word_1_832' title='bbox 1715 1026 1758 1057; x_wconf 90' lang='lat' dir='ltr'>sic</span> <span class='ocrx_word' id='word_1_833' title='bbox 1777 1025 1879 1057; x_wconf 89' lang='lat' dir='ltr'>multa</span> <span class='ocrx_word' id='word_1_834' title='bbox 1894 1031 1967 1055; x_wconf 86' lang='lat' dir='ltr'>vota</span> <span class='ocrx_word' id='word_1_835' title='bbox 1988 1024 2140 1065; x_wconf 87' lang='lat' dir='ltr'>perirent:</span> <span class='ocrx_word' id='word_1_836' title='bbox 2167 1030 2202 1055; x_wconf 91' lang='lat' dir='ltr'>ut</span> <span class='ocrx_word' id='word_1_837' title='bbox 2225 1029 2312 1063; x_wconf 88' lang='lat' dir='ltr'>patet</span> <span class='ocrx_word' id='word_1_838' title='bbox 2334 1023 2372 1054; x_wconf 87' lang='lat' dir='ltr'>de</span> <span class='ocrx_word' id='word_1_839' title='bbox 2387 1022 2576 1054; x_wconf 74' lang='lat' dir='ltr'>voventibus</span> 
     </span>
     <span class='ocr_line' id='line_1_104' title="bbox 1516 1067 2577 1111; baseline -0.005 -9"><span class='ocrx_word' id='word_1_840' title='bbox 1516 1078 1668 1111; x_wconf 87' lang='lat' dir='ltr'>perpetua</span> <span class='ocrx_word' id='word_1_841' title='bbox 1683 1070 1807 1101; x_wconf 88' lang='lat' dir='ltr'>servitia</span> <span class='ocrx_word' id='word_1_842' title='bbox 1829 1068 2049 1109; x_wconf 83' lang='lat' dir='ltr'>hospitalibus,</span> <span class='ocrx_word' id='word_1_843' title='bbox 2067 1075 2098 1099; x_wconf 91' lang='lat' dir='ltr'>et</span> <span class='ocrx_word' id='word_1_844' title='bbox 2111 1067 2308 1103; x_wconf 88' lang='lat' dir='ltr'>huiusmodi,</span> <span class='ocrx_word' id='word_1_845' title='bbox 2324 1076 2408 1108; x_wconf 84' lang='lat' dir='ltr'>quae</span> <span class='ocrx_word' id='word_1_846' title='bbox 2421 1073 2577 1098; x_wconf 82' lang='lat' dir='ltr'>nonsunt</span> 
     </span>
     <span class='ocr_line' id='line_1_105' title="bbox 1516 1110 2575 1155; baseline -0.005 -9"><span class='ocrx_word' id='word_1_847' title='bbox 1516 1114 1755 1155; x_wconf 88' lang='lat' dir='ltr'>compossibilia</span> <span class='ocrx_word' id='word_1_848' title='bbox 1769 1124 1844 1144; x_wconf 89' lang='lat' dir='ltr'>cum</span> <span class='ocrx_word' id='word_1_849' title='bbox 1859 1112 2001 1154; x_wconf 73' lang='lat' dir='ltr'>optimo,</span> <span class='ocrx_word' id='word_1_850' title='bbox 2025 1113 2178 1153; x_wconf 84' lang='lat' dir='ltr'>scriptum</span> <span class='ocrx_word' id='word_1_851' title='bbox 2194 1118 2241 1142; x_wconf 88' lang='lat' dir='ltr'>est</span> <span class='ocrx_word' id='word_1_852' title='bbox 2257 1111 2342 1142; x_wconf 87' lang='lat' dir='ltr'>enim</span> <span class='ocrx_word' id='word_1_853' title='bbox 2357 1110 2388 1141; x_wconf 73' lang='grc' dir='ltr'>*ε</span> <span class='ocrx_word' id='word_1_854' title='bbox 2415 1110 2575 1151; x_wconf 78' lang='lat' dir='ltr'>Optimam</span> 
     </span>
     <span class='ocr_line' id='line_1_106' title="bbox 1511 1158 2561 1199; baseline -0.006 -9"><span class='ocrx_word' id='word_1_855' title='bbox 1511 1164 1637 1199; x_wconf 84' lang='lat' dir='ltr'>partem</span> <span class='ocrx_word' id='word_1_856' title='bbox 1662 1159 1758 1199; x_wconf 84' lang='lat' dir='ltr'>elegit</span> <span class='ocrx_word' id='word_1_857' title='bbox 1780 1158 1840 1188; x_wconf 82' lang='lat' dir='ltr'>sibi</span> <span class='ocrx_word' id='word_1_858' title='bbox 1861 1158 1982 1190; x_wconf 84' lang='lat' dir='ltr'>Maria.</span> <span class='ocrx_word' id='word_1_859' title='bbox 2546 1174 2561 1184; x_wconf 49' lang='lat'><em>2</em></span> 
     </span>
    </p>

    <p class='ocr_par' dir='ltr' id='par_1_22' title="bbox 1516 1199 2581 1330">
     <span class='ocr_line' id='line_1_107' title="bbox 1571 1199 2581 1242; baseline -0.005 -9"><span class='ocrx_word' id='word_1_860' title='bbox 1571 1203 1606 1233; x_wconf 93' lang='lat' dir='ltr'>In</span> <span class='ocrx_word' id='word_1_861' title='bbox 1630 1202 1817 1242; x_wconf 90' lang='lat' dir='ltr'>oppositum</span> <span class='ocrx_word' id='word_1_862' title='bbox 1841 1207 1886 1233; x_wconf 85' lang='lat' dir='ltr'>est</span> <span class='ocrx_word' id='word_1_863' title='bbox 1908 1201 1984 1241; x_wconf 86' lang='lat' dir='ltr'>quia</span> <span class='ocrx_word' id='word_1_864' title='bbox 2006 1201 2073 1231; x_wconf 92' lang='lat' dir='ltr'>voti</span> <span class='ocrx_word' id='word_1_865' title='bbox 2095 1199 2225 1231; x_wconf 89' lang='lat' dir='ltr'>materia</span> <span class='ocrx_word' id='word_1_866' title='bbox 2248 1206 2294 1230; x_wconf 84' lang='lat' dir='ltr'>est</span> <span class='ocrx_word' id='word_1_867' title='bbox 2317 1199 2442 1230; x_wconf 87' lang='lat' dir='ltr'>bonum</span> <span class='ocrx_word' id='word_1_868' title='bbox 2469 1207 2581 1238; x_wconf 55' lang='lat' dir='ltr'>supere.</span> 
     </span>
     <span class='ocr_line' id='line_1_108' title="bbox 1516 1243 2581 1286; baseline -0.004 -10"><span class='ocrx_word' id='word_1_869' title='bbox 1516 1246 1716 1286; x_wconf 83' lang='lat' dir='ltr'>erogationis.</span> <span class='ocrx_word' id='word_1_870' title='bbox 1741 1245 1875 1276; x_wconf 85' lang='lat' dir='ltr'>Constat</span> <span class='ocrx_word' id='word_1_871' title='bbox 1897 1252 2007 1276; x_wconf 83' lang='lat' dir='ltr'>autem</span> <span class='ocrx_word' id='word_1_872' title='bbox 2020 1243 2262 1276; x_wconf 86' lang='lat' dir='ltr'>matrimonium</span> <span class='ocrx_word' id='word_1_873' title='bbox 2278 1253 2344 1274; x_wconf 89' lang='lat' dir='ltr'>non</span> <span class='ocrx_word' id='word_1_874' title='bbox 2364 1252 2430 1274; x_wconf 88' lang='lat' dir='ltr'>esse</span> <span class='ocrx_word' id='word_1_875' title='bbox 2453 1243 2581 1273; x_wconf 85' lang='lat' dir='ltr'>bonum</span> 
     </span>
     <span class='ocr_line' id='line_1_109' title="bbox 1516 1288 2574 1330; baseline -0.003 -10"><span class='ocrx_word' id='word_1_876' title='bbox 1516 1288 1813 1330; x_wconf 87' lang='lat' dir='ltr'>supererogationis.</span> <span class='ocrx_word' id='word_1_877' title='bbox 1837 1289 1933 1328; x_wconf 88' lang='lat' dir='ltr'>Ergo.</span> <span class='ocrx_word' id='word_1_878' title='bbox 1977 1304 1980 1308; x_wconf 92' lang='lat'>·</span> <span class='ocrx_word' id='word_1_879' title='bbox 2571 1316 2574 1317; x_wconf 21' lang='lat'><em>⁷</em></span> 
     </span>
    </p>

    <p class='ocr_par' dir='ltr' id='par_1_23' title="bbox 1515 1330 2586 2819">
     <span class='ocr_line' id='line_1_110' title="bbox 1571 1330 2580 1372; baseline -0.004 -8"><span class='ocrx_word' id='word_1_880' title='bbox 1571 1334 1640 1364; x_wconf 92' lang='lat' dir='ltr'>XII.</span> <span class='ocrx_word' id='word_1_881' title='bbox 1669 1333 1720 1364; x_wconf 90' lang='lat' dir='ltr'>Ad</span> <span class='ocrx_word' id='word_1_882' title='bbox 1749 1332 1939 1363; x_wconf 83' lang='lat' dir='ltr'>evidentiam</span> <span class='ocrx_word' id='word_1_883' title='bbox 1968 1331 2064 1363; x_wconf 88' lang='lat' dir='ltr'>huius</span> <span class='ocrx_word' id='word_1_884' title='bbox 2094 1331 2302 1367; x_wconf 74' lang='lat' dir='ltr'>difficultatis,</span> <span class='ocrx_word' id='word_1_885' title='bbox 2333 1330 2421 1364; x_wconf 79' lang='lat' dir='ltr'>aliter</span> <span class='ocrx_word' id='word_1_886' title='bbox 2450 1336 2580 1372; x_wconf 85' lang='lat' dir='ltr'>oportet</span> 
     </span>
     <span class='ocr_line' id='line_1_111' title="bbox 1515 1375 2576 1417; baseline -0.003 -9"><span class='ocrx_word' id='word_1_887' title='bbox 1515 1378 1686 1417; x_wconf 88' lang='lat' dir='ltr'>procedere</span> <span class='ocrx_word' id='word_1_888' title='bbox 1700 1386 1798 1417; x_wconf 90' lang='lat' dir='ltr'>quam</span> <span class='ocrx_word' id='word_1_889' title='bbox 1813 1376 1846 1406; x_wconf 90' lang='lat' dir='ltr'>in</span> <span class='ocrx_word' id='word_1_890' title='bbox 1860 1375 2119 1411; x_wconf 85' lang='lat' dir='ltr'>indifferentibus,</span> <span class='ocrx_word' id='word_1_891' title='bbox 2135 1385 2219 1416; x_wconf 86' lang='lat' dir='ltr'>quae</span> <span class='ocrx_word' id='word_1_892' title='bbox 2236 1384 2318 1406; x_wconf 85' lang='lat' dir='ltr'>vana</span> <span class='ocrx_word' id='word_1_893' title='bbox 2334 1381 2410 1406; x_wconf 82' lang='lat' dir='ltr'>sunt</span> <span class='ocrx_word' id='word_1_894' title='bbox 2432 1381 2576 1414; x_wconf 83' lang='lat' dir='ltr'>respectu</span> 
     </span>
     <span class='ocr_line' id='line_1_112' title="bbox 1515 1418 2579 1462; baseline -0.004 -9"><span class='ocrx_word' id='word_1_895' title='bbox 1515 1422 1589 1458; x_wconf 89' lang='lat' dir='ltr'>Dei;</span> <span class='ocrx_word' id='word_1_896' title='bbox 1613 1429 1644 1452; x_wconf 89' lang='lat' dir='ltr'>et</span> <span class='ocrx_word' id='word_1_897' title='bbox 1667 1431 1765 1462; x_wconf 81' lang='lat' dir='ltr'>quam</span> <span class='ocrx_word' id='word_1_898' title='bbox 1794 1420 1827 1450; x_wconf 93' lang='lat' dir='ltr'>in</span> <span class='ocrx_word' id='word_1_899' title='bbox 1855 1419 2030 1451; x_wconf 87' lang='lat' dir='ltr'>formaliter</span> <span class='ocrx_word' id='word_1_900' title='bbox 2059 1420 2216 1459; x_wconf 90' lang='lat' dir='ltr'>oppositis</span> <span class='ocrx_word' id='word_1_901' title='bbox 2247 1418 2471 1454; x_wconf 86' lang='lat' dir='ltr'>consiliorum,</span> <span class='ocrx_word' id='word_1_902' title='bbox 2495 1426 2579 1458; x_wconf 64' lang='lat' dir='ltr'>quae</span> 
     </span>
     <span class='ocr_line' id='line_1_113' title="bbox 1517 1461 2582 1504; baseline -0.004 -8"><span class='ocrx_word' id='word_1_903' title='bbox 1517 1476 1582 1496; x_wconf 89' lang='lat' dir='ltr'>non</span> <span class='ocrx_word' id='word_1_904' title='bbox 1606 1472 1680 1496; x_wconf 89' lang='lat' dir='ltr'>sunt</span> <span class='ocrx_word' id='word_1_905' title='bbox 1703 1465 1743 1496; x_wconf 92' lang='lat' dir='ltr'>de</span> <span class='ocrx_word' id='word_1_906' title='bbox 1765 1474 1879 1504; x_wconf 87' lang='lat' dir='ltr'>genere</span> <span class='ocrx_word' id='word_1_907' title='bbox 1901 1465 2072 1500; x_wconf 86' lang='lat' dir='ltr'>bonorum,</span> <span class='ocrx_word' id='word_1_908' title='bbox 2090 1473 2237 1504; x_wconf 59' lang='lat' dir='ltr'>quorum&gt;</span> <span class='ocrx_word' id='word_1_909' title='bbox 2253 1462 2420 1493; x_wconf 84' lang='lat' dir='ltr'>vinculum</span> <span class='ocrx_word' id='word_1_910' title='bbox 2435 1461 2582 1503; x_wconf 56' lang='lat' dir='ltr'>displicet</span> 
     </span>
     <span class='ocr_line' id='line_1_114' title="bbox 1516 1506 2581 1548; baseline -0.004 -7"><span class='ocrx_word' id='word_1_911' title='bbox 1516 1510 1596 1546; x_wconf 85' lang='lat' dir='ltr'>Deo,</span> <span class='ocrx_word' id='word_1_912' title='bbox 1613 1517 1650 1540; x_wconf 91' lang='lat' dir='ltr'>ut</span> <span class='ocrx_word' id='word_1_913' title='bbox 1665 1516 1829 1540; x_wconf 90' lang='lat' dir='ltr'>ostensum</span> <span class='ocrx_word' id='word_1_914' title='bbox 1844 1515 1891 1539; x_wconf 90' lang='lat' dir='ltr'>est</span> <span class='ocrx_word' id='word_1_915' title='bbox 1905 1508 1938 1537; x_wconf 72' lang='grc' dir='ltr'>*ι</span> <span class='ocrx_word' id='word_1_916' title='bbox 1963 1507 2118 1548; x_wconf 89' lang='lat' dir='ltr'>quoniam</span> <span class='ocrx_word' id='word_1_917' title='bbox 2134 1508 2211 1538; x_wconf 91' lang='lat' dir='ltr'>haec</span> <span class='ocrx_word' id='word_1_918' title='bbox 2227 1508 2266 1538; x_wconf 93' lang='lat' dir='ltr'>de</span> <span class='ocrx_word' id='word_1_919' title='bbox 2282 1506 2399 1547; x_wconf 87' lang='lat' dir='ltr'>quibus</span> <span class='ocrx_word' id='word_1_920' title='bbox 2417 1512 2464 1537; x_wconf 78' lang='lat' dir='ltr'>est</span> <span class='ocrx_word' id='word_1_921' title='bbox 2479 1506 2581 1546; x_wconf 44' lang='lat' dir='ltr'>quae&amp;</span> 
     </span>
     <span class='ocr_line' id='line_1_115' title="bbox 1517 1549 2580 1592; baseline -0.005 -7"><span class='ocrx_word' id='word_1_922' title='bbox 1517 1554 1578 1586; x_wconf 88' lang='lat' dir='ltr'>stio</span> <span class='ocrx_word' id='word_1_923' title='bbox 1601 1560 1675 1584; x_wconf 93' lang='lat' dir='ltr'>sunt</span> <span class='ocrx_word' id='word_1_924' title='bbox 1697 1554 1782 1584; x_wconf 86' lang='lat' dir='ltr'>bona</span> <span class='ocrx_word' id='word_1_925' title='bbox 1803 1551 1973 1588; x_wconf 89' lang='lat' dir='ltr'>moraliter,</span> <span class='ocrx_word' id='word_1_926' title='bbox 1998 1559 2028 1582; x_wconf 89' lang='lat' dir='ltr'>et</span> <span class='ocrx_word' id='word_1_927' title='bbox 2058 1558 2094 1582; x_wconf 89' lang='lat' dir='ltr'>ut</span> <span class='ocrx_word' id='word_1_928' title='bbox 2117 1558 2203 1592; x_wconf 86' lang='lat' dir='ltr'>patet</span> <span class='ocrx_word' id='word_1_929' title='bbox 2223 1551 2234 1582; x_wconf 88' lang='grc' dir='ltr'><strong>Ι</strong></span> <span class='ocrx_word' id='word_1_930' title='bbox 2259 1551 2302 1581; x_wconf 80' lang='lat' dir='ltr'>ad</span> <span class='ocrx_word' id='word_1_931' title='bbox 2320 1549 2395 1581; x_wconf 88' lang='lat' dir='ltr'>Cor.</span> <span class='ocrx_word' id='word_1_932' title='bbox 2411 1549 2496 1586; x_wconf 81' lang='lat' dir='ltr'>vn*‚</span> <span class='ocrx_word' id='word_1_933' title='bbox 2524 1550 2580 1592; x_wconf 75' lang='lat' dir='ltr'>qui</span> 
     </span>
     <span class='ocr_line' id='line_1_116' title="bbox 1517 1595 2579 1638; baseline -0.003 -9"><span class='ocrx_word' id='word_1_934' title='bbox 1517 1598 1723 1630; x_wconf 85' lang='lat' dir='ltr'>matrimonio</span> <span class='ocrx_word' id='word_1_935' title='bbox 1746 1598 1851 1638; x_wconf 79' lang='lat' dir='ltr'>iungit</span> <span class='ocrx_word' id='word_1_936' title='bbox 1872 1597 2029 1638; x_wconf 74' lang='lat' dir='ltr'>virginem</span> <span class='ocrx_word' id='word_1_937' title='bbox 2051 1606 2143 1627; x_wconf 81' lang='lat' dir='ltr'>suam</span> <span class='ocrx_word' id='word_1_938' title='bbox 2167 1605 2233 1626; x_wconf 91' lang='lat' dir='ltr'>non</span> <span class='ocrx_word' id='word_1_939' title='bbox 2255 1595 2363 1626; x_wconf 91' lang='lat' dir='ltr'>solum</span> <span class='ocrx_word' id='word_1_940' title='bbox 2378 1604 2445 1627; x_wconf 86' lang='lat' dir='ltr'>non</span> <span class='ocrx_word' id='word_1_941' title='bbox 2460 1601 2579 1634; x_wconf 74' lang='lat' dir='ltr'>peccat.</span> 
     </span>
     <span class='ocr_line' id='line_1_117' title="bbox 1517 1638 2580 1682; baseline -0.004 -9"><span class='ocrx_word' id='word_1_942' title='bbox 1517 1643 1571 1673; x_wconf 93' lang='lat' dir='ltr'>sed</span> <span class='ocrx_word' id='word_1_943' title='bbox 1595 1643 1672 1673; x_wconf 86' lang='lat' dir='ltr'>bene</span> <span class='ocrx_word' id='word_1_944' title='bbox 1685 1641 1783 1682; x_wconf 86' lang='lat' dir='ltr'>facit.</span> <span class='ocrx_word' id='word_1_945' title='bbox 1807 1640 2085 1673; x_wconf 88' lang='lat' dir='ltr'>Considerandum</span> <span class='ocrx_word' id='word_1_946' title='bbox 2108 1640 2215 1681; x_wconf 90' lang='lat' dir='ltr'>itaque</span> <span class='ocrx_word' id='word_1_947' title='bbox 2235 1646 2282 1670; x_wconf 90' lang='lat' dir='ltr'>est</span> <span class='ocrx_word' id='word_1_948' title='bbox 2301 1639 2390 1680; x_wconf 92' lang='lat' dir='ltr'>quod</span> <span class='ocrx_word' id='word_1_949' title='bbox 2413 1638 2580 1679; x_wconf 75' lang='lat' dir='ltr'>quoddam</span> 
     </span>
     <span class='ocr_line' id='line_1_118' title="bbox 1517 1681 2579 1726; baseline -0.004 -9"><span class='ocrx_word' id='word_1_950' title='bbox 1517 1694 1563 1717; x_wconf 89' lang='lat' dir='ltr'>est</span> <span class='ocrx_word' id='word_1_951' title='bbox 1581 1686 1658 1717; x_wconf 89' lang='lat' dir='ltr'>boni</span> <span class='ocrx_word' id='word_1_952' title='bbox 1677 1695 1777 1726; x_wconf 88' lang='lat' dir='ltr'>genus</span> <span class='ocrx_word' id='word_1_953' title='bbox 1796 1686 1885 1726; x_wconf 91' lang='lat' dir='ltr'>quod</span> <span class='ocrx_word' id='word_1_954' title='bbox 1908 1695 1974 1715; x_wconf 91' lang='lat' dir='ltr'>non</span> <span class='ocrx_word' id='word_1_955' title='bbox 1993 1685 2100 1716; x_wconf 90' lang='lat' dir='ltr'>solum</span> <span class='ocrx_word' id='word_1_956' title='bbox 2119 1691 2165 1715; x_wconf 88' lang='lat' dir='ltr'>est</span> <span class='ocrx_word' id='word_1_957' title='bbox 2183 1684 2244 1716; x_wconf 88' lang='lat' dir='ltr'>tale</span> <span class='ocrx_word' id='word_1_958' title='bbox 2267 1684 2391 1714; x_wconf 85' lang='lat' dir='ltr'>bonum</span> <span class='ocrx_word' id='word_1_959' title='bbox 2410 1692 2503 1723; x_wconf 71' lang='lat' dir='ltr'>opuS,</span> <span class='ocrx_word' id='word_1_960' title='bbox 2524 1681 2579 1714; x_wconf 73' lang='lat' dir='ltr'>sed</span> 
     </span>
     <span class='ocr_line' id='line_1_119' title="bbox 1518 1725 2577 1768; baseline -0.005 -7"><span class='ocrx_word' id='word_1_961' title='bbox 1518 1731 1658 1762; x_wconf 91' lang='lat' dir='ltr'>continet</span> <span class='ocrx_word' id='word_1_962' title='bbox 1679 1730 1712 1760; x_wconf 88' lang='lat' dir='ltr'>in</span> <span class='ocrx_word' id='word_1_963' title='bbox 1729 1739 1762 1760; x_wconf 93' lang='lat' dir='ltr'>se</span> <span class='ocrx_word' id='word_1_964' title='bbox 1778 1736 1876 1760; x_wconf 87' lang='lat' dir='ltr'>status</span> <span class='ocrx_word' id='word_1_965' title='bbox 1900 1729 2121 1766; x_wconf 85' lang='lat' dir='ltr'>mutationem,</span> <span class='ocrx_word' id='word_1_966' title='bbox 2146 1735 2186 1766; x_wconf 55' lang='lat' dir='ltr'>ut⁴</span> <span class='ocrx_word' id='word_1_967' title='bbox 2201 1734 2287 1768; x_wconf 85' lang='lat' dir='ltr'>patet</span> <span class='ocrx_word' id='word_1_968' title='bbox 2302 1728 2341 1758; x_wconf 90' lang='lat' dir='ltr'>de</span> <span class='ocrx_word' id='word_1_969' title='bbox 2357 1725 2577 1759; x_wconf 80' lang='lat' dir='ltr'>matrimonio:</span> 
     </span>
     <span class='ocr_line' id='line_1_120' title="bbox 1517 1770 2580 1816; baseline -0.003 -10"><span class='ocrx_word' id='word_1_970' title='bbox 1517 1775 1573 1816; x_wconf 92' lang='lat' dir='ltr'>qui</span> <span class='ocrx_word' id='word_1_971' title='bbox 1597 1774 1682 1805; x_wconf 88' lang='lat' dir='ltr'>enim</span> <span class='ocrx_word' id='word_1_972' title='bbox 1705 1773 1946 1804; x_wconf 86' lang='lat' dir='ltr'>matrimonium</span> <span class='ocrx_word' id='word_1_973' title='bbox 1965 1772 2121 1803; x_wconf 87' lang='lat' dir='ltr'>contrahit</span> <span class='ocrx_word' id='word_1_974' title='bbox 2151 1779 2268 1804; x_wconf 88' lang='lat' dir='ltr'>statum</span> <span class='ocrx_word' id='word_1_975' title='bbox 2289 1777 2400 1808; x_wconf 85' lang='lat' dir='ltr'>mutat,</span> <span class='ocrx_word' id='word_1_976' title='bbox 2423 1770 2580 1812; x_wconf 68' lang='lat' dir='ltr'>quoniam</span> 
     </span>
     <span class='ocr_line' id='line_1_121' title="bbox 1518 1814 2578 1856; baseline -0.004 -6"><span class='ocrx_word' id='word_1_977' title='bbox 1518 1820 1556 1850; x_wconf 90' lang='lat' dir='ltr'>de</span> <span class='ocrx_word' id='word_1_978' title='bbox 1589 1825 1671 1850; x_wconf 91' lang='lat' dir='ltr'>statu</span> <span class='ocrx_word' id='word_1_979' title='bbox 1704 1817 1936 1849; x_wconf 88' lang='lat' dir='ltr'>continentium</span> <span class='ocrx_word' id='word_1_980' title='bbox 1968 1818 2008 1847; x_wconf 87' lang='lat' dir='ltr'>ad</span> <span class='ocrx_word' id='word_1_981' title='bbox 2036 1823 2155 1848; x_wconf 87' lang='lat' dir='ltr'>statum</span> <span class='ocrx_word' id='word_1_982' title='bbox 2185 1815 2295 1847; x_wconf 88' lang='lat' dir='ltr'>transit</span> <span class='ocrx_word' id='word_1_983' title='bbox 2323 1814 2578 1856; x_wconf 76' lang='lat' dir='ltr'>coniugatorum.</span> 
     </span>
     <span class='ocr_line' id='line_1_122' title="bbox 1517 1859 2580 1902; baseline -0.003 -8"><span class='ocrx_word' id='word_1_984' title='bbox 1517 1862 1652 1895; x_wconf 83' lang='lat' dir='ltr'>Mutatio</span> <span class='ocrx_word' id='word_1_985' title='bbox 1676 1869 1783 1893; x_wconf 90' lang='lat' dir='ltr'>autem</span> <span class='ocrx_word' id='word_1_986' title='bbox 1806 1868 1904 1892; x_wconf 87' lang='lat' dir='ltr'>status</span> <span class='ocrx_word' id='word_1_987' title='bbox 1928 1867 2033 1902; x_wconf 89' lang='lat' dir='ltr'>potest</span> <span class='ocrx_word' id='word_1_988' title='bbox 2055 1863 2131 1891; x_wconf 85' lang='lat' dir='ltr'>esse&#39;</span> <span class='ocrx_word' id='word_1_989' title='bbox 2146 1860 2278 1901; x_wconf 83' lang='lat' dir='ltr'>duplex:</span> <span class='ocrx_word' id='word_1_990' title='bbox 2312 1859 2429 1891; x_wconf 86' lang='lat' dir='ltr'>scilicet</span> <span class='ocrx_word' id='word_1_991' title='bbox 2451 1859 2580 1892; x_wconf 76' lang='lat' dir='ltr'>descen·-</span> 
     </span>
     <span class='ocr_line' id='line_1_123' title="bbox 1518 1902 2581 1946; baseline -0.002 -8"><span class='ocrx_word' id='word_1_992' title='bbox 1518 1908 1594 1944; x_wconf 89' lang='lat' dir='ltr'>siva,</span> <span class='ocrx_word' id='word_1_993' title='bbox 1618 1914 1649 1938; x_wconf 89' lang='lat' dir='ltr'>et</span> <span class='ocrx_word' id='word_1_994' title='bbox 1671 1906 1841 1937; x_wconf 85' lang='lat' dir='ltr'>ascensiva.</span> <span class='ocrx_word' id='word_1_995' title='bbox 1866 1906 1907 1936; x_wconf 90' lang='lat' dir='ltr'>Et</span> <span class='ocrx_word' id='word_1_996' title='bbox 1930 1905 2004 1946; x_wconf 83' lang='lat' dir='ltr'>quia</span> <span class='ocrx_word' id='word_1_997' title='bbox 2027 1904 2163 1935; x_wconf 88' lang='lat' dir='ltr'>mutatio</span> <span class='ocrx_word' id='word_1_998' title='bbox 2182 1905 2222 1934; x_wconf 89' lang='lat' dir='ltr'>de</span> <span class='ocrx_word' id='word_1_999' title='bbox 2244 1910 2327 1934; x_wconf 82' lang='lat' dir='ltr'>statu</span> <span class='ocrx_word' id='word_1_1000' title='bbox 2347 1902 2581 1936; x_wconf 74' lang='lat' dir='ltr'>continentium</span> 
     </span>
     <span class='ocr_line' id='line_1_124' title="bbox 1518 1946 2583 1990; baseline -0.005 -7"><span class='ocrx_word' id='word_1_1001' title='bbox 1518 1953 1557 1983; x_wconf 89' lang='lat' dir='ltr'>ad</span> <span class='ocrx_word' id='word_1_1002' title='bbox 1581 1957 1700 1982; x_wconf 83' lang='lat' dir='ltr'>statum</span> <span class='ocrx_word' id='word_1_1003' title='bbox 1730 1950 1976 1990; x_wconf 85' lang='lat' dir='ltr'>coniugatorum</span> <span class='ocrx_word' id='word_1_1004' title='bbox 2006 1959 2072 1979; x_wconf 92' lang='lat' dir='ltr'>non</span> <span class='ocrx_word' id='word_1_1005' title='bbox 2103 1956 2150 1980; x_wconf 86' lang='lat' dir='ltr'>est</span> <span class='ocrx_word' id='word_1_1006' title='bbox 2172 1947 2308 1979; x_wconf 83' lang='lat' dir='ltr'>mutatio</span> <span class='ocrx_word' id='word_1_1007' title='bbox 2331 1946 2500 1983; x_wconf 79' lang='lat' dir='ltr'>ascensiva,</span> <span class='ocrx_word' id='word_1_1008' title='bbox 2525 1946 2583 1981; x_wconf 75' lang='lat' dir='ltr'>sed</span> 
     </span>
     <span class='ocr_line' id='line_1_125' title="bbox 1519 1990 2580 2035; baseline -0.003 -9"><span class='ocrx_word' id='word_1_1009' title='bbox 1519 1994 1713 2031; x_wconf 80' lang='lat' dir='ltr'>descensiva‚</span> <span class='ocrx_word' id='word_1_1010' title='bbox 1739 2001 1774 2026; x_wconf 90' lang='lat' dir='ltr'>ut</span> <span class='ocrx_word' id='word_1_1011' title='bbox 1797 2001 1882 2035; x_wconf 88' lang='lat' dir='ltr'>patet</span> <span class='ocrx_word' id='word_1_1012' title='bbox 1905 1994 1917 2024; x_wconf 94' lang='lat'><em>1</em></span> <span class='ocrx_word' id='word_1_1013' title='bbox 1940 1994 1984 2024; x_wconf 83' lang='lat' dir='ltr'>ad</span> <span class='ocrx_word' id='word_1_1014' title='bbox 2005 1993 2078 2024; x_wconf 88' lang='lat' dir='ltr'>Cor.</span> <span class='ocrx_word' id='word_1_1015' title='bbox 2102 2001 2161 2029; x_wconf 81' lang='lat' dir='ltr'>vn3</span> <span class='ocrx_word' id='word_1_1016' title='bbox 2186 2001 2384 2032; x_wconf 85' lang='lat' dir='ltr'>consequens</span> <span class='ocrx_word' id='word_1_1017' title='bbox 2407 1998 2455 2022; x_wconf 86' lang='lat' dir='ltr'>est</span> <span class='ocrx_word' id='word_1_1018' title='bbox 2475 1990 2580 2032; x_wconf 79' lang='lat' dir='ltr'>quod.</span> 
     </span>
     <span class='ocr_line' id='line_1_126' title="bbox 1518 2034 2582 2081; baseline -0.005 -10"><span class='ocrx_word' id='word_1_1019' title='bbox 1518 2050 1574 2081; x_wconf 90' lang='lat' dir='ltr'>per</span> <span class='ocrx_word' id='word_1_1020' title='bbox 1590 2050 1623 2070; x_wconf 87' lang='lat' dir='ltr'>se</span> <span class='ocrx_word' id='word_1_1021' title='bbox 1645 2039 1820 2080; x_wconf 91' lang='lat' dir='ltr'>loquendo,</span> <span class='ocrx_word' id='word_1_1022' title='bbox 1844 2038 1963 2068; x_wconf 90' lang='lat' dir='ltr'>nubere</span> <span class='ocrx_word' id='word_1_1023' title='bbox 1979 2044 2026 2068; x_wconf 92' lang='lat' dir='ltr'>est</span> <span class='ocrx_word' id='word_1_1024' title='bbox 2049 2036 2236 2068; x_wconf 88' lang='lat' dir='ltr'>descendere</span> <span class='ocrx_word' id='word_1_1025' title='bbox 2256 2046 2275 2067; x_wconf 87' lang='lat' dir='ltr'>a</span> <span class='ocrx_word' id='word_1_1026' title='bbox 2290 2042 2372 2067; x_wconf 87' lang='lat' dir='ltr'>statu</span> <span class='ocrx_word' id='word_1_1027' title='bbox 2395 2034 2519 2067; x_wconf 74' lang='lat' dir='ltr'>meliori</span> <span class='ocrx_word' id='word_1_1028' title='bbox 2540 2034 2582 2069; x_wconf 74' lang='lat' dir='ltr'>ad</span> 
     </span>
     <span class='ocr_line' id='line_1_127' title="bbox 1518 2081 2583 2122; baseline -0.005 -7"><span class='ocrx_word' id='word_1_1029' title='bbox 1518 2091 1635 2116; x_wconf 90' lang='lat' dir='ltr'>statum</span> <span class='ocrx_word' id='word_1_1030' title='bbox 1665 2083 1771 2114; x_wconf 90' lang='lat' dir='ltr'>minus</span> <span class='ocrx_word' id='word_1_1031' title='bbox 1795 2084 1928 2113; x_wconf 88' lang='lat' dir='ltr'>bonum.</span> <span class='ocrx_word' id='word_1_1032' title='bbox 1963 2082 2024 2112; x_wconf 90' lang='lat' dir='ltr'>Sed</span> <span class='ocrx_word' id='word_1_1033' title='bbox 2048 2081 2203 2122; x_wconf 85' lang='lat' dir='ltr'>quoniam</span> <span class='ocrx_word' id='word_1_1034' title='bbox 2235 2087 2334 2112; x_wconf 85' lang='lat' dir='ltr'>status</span> <span class='ocrx_word' id='word_1_1035' title='bbox 2363 2089 2430 2111; x_wconf 87' lang='lat' dir='ltr'>non</span> <span class='ocrx_word' id='word_1_1036' title='bbox 2455 2087 2583 2120; x_wconf 74' lang='lat' dir='ltr'>semper</span> 
     </span>
     <span class='ocr_line' id='line_1_128' title="bbox 1519 2120 2583 2167; baseline -0.002 -8"><span class='ocrx_word' id='word_1_1037' title='bbox 1519 2134 1674 2159; x_wconf 89' lang='lat' dir='ltr'>consonat</span> <span class='ocrx_word' id='word_1_1038' title='bbox 1696 2135 1868 2167; x_wconf 88' lang='lat' dir='ltr'>personae:</span> <span class='ocrx_word' id='word_1_1039' title='bbox 1890 2144 1911 2149; x_wconf 91' lang='lat'><em>-</em></span> <span class='ocrx_word' id='word_1_1040' title='bbox 1935 2125 2090 2166; x_wconf 87' lang='lat' dir='ltr'>quoniam</span> <span class='ocrx_word' id='word_1_1041' title='bbox 2124 2125 2216 2156; x_wconf 88' lang='lat' dir='ltr'>multi</span> <span class='ocrx_word' id='word_1_1042' title='bbox 2240 2131 2315 2155; x_wconf 88' lang='lat' dir='ltr'>sunt</span> <span class='ocrx_word' id='word_1_1043' title='bbox 2343 2123 2376 2155; x_wconf 88' lang='lat' dir='ltr'>in</span> <span class='ocrx_word' id='word_1_1044' title='bbox 2400 2120 2482 2155; x_wconf 72' lang='lat' dir='ltr'>statu</span> <span class='ocrx_word' id='word_1_1045' title='bbox 2506 2133 2583 2158; x_wconf 59' lang='lat' dir='ltr'>con-‚-</span> 
     </span>
     <span class='ocr_line' id='line_1_129' title="bbox 1518 2166 2586 2212; baseline -0.005 -9"><span class='ocrx_word' id='word_1_1046' title='bbox 1518 2172 1688 2204; x_wconf 86' lang='lat' dir='ltr'>tinentium</span> <span class='ocrx_word' id='word_1_1047' title='bbox 1717 2170 1773 2212; x_wconf 92' lang='lat' dir='ltr'>qui</span> <span class='ocrx_word' id='word_1_1048' title='bbox 1804 2180 1870 2201; x_wconf 90' lang='lat' dir='ltr'>non</span> <span class='ocrx_word' id='word_1_1049' title='bbox 1902 2177 1977 2201; x_wconf 90' lang='lat' dir='ltr'>sunt</span> <span class='ocrx_word' id='word_1_1050' title='bbox 2006 2169 2220 2201; x_wconf 86' lang='lat' dir='ltr'>continentes:</span> <span class='ocrx_word' id='word_1_1051' title='bbox 2253 2167 2371 2210; x_wconf 89' lang='lat' dir='ltr'>quibus</span> <span class='ocrx_word' id='word_1_1052' title='bbox 2400 2167 2517 2200; x_wconf 86' lang='lat' dir='ltr'>dicitur</span> <span class='ocrx_word' id='word_1_1053' title='bbox 2539 2166 2586 2198; x_wconf 75' lang='lat' dir='ltr'>ab</span> 
     </span>
     <span class='ocr_line' id='line_1_130' title="bbox 1518 2210 2582 2258; baseline -0.005 -11"><span class='ocrx_word' id='word_1_1054' title='bbox 1518 2215 1678 2258; x_wconf 90' lang='lat' dir='ltr'>Apostolo</span> <span class='ocrx_word' id='word_1_1055' title='bbox 1698 2215 1730 2245; x_wconf 87' lang='lat'>*:</span> <span class='ocrx_word' id='word_1_1056' title='bbox 1762 2215 1882 2246; x_wconf 81' lang='lat' dir='ltr'>Melius</span> <span class='ocrx_word' id='word_1_1057' title='bbox 1905 2220 1952 2245; x_wconf 83' lang='lat' dir='ltr'>est</span> <span class='ocrx_word' id='word_1_1058' title='bbox 1974 2214 2094 2245; x_wconf 84' lang='lat' dir='ltr'>nubere</span> <span class='ocrx_word' id='word_1_1059' title='bbox 2115 2223 2212 2254; x_wconf 86' lang='lat' dir='ltr'>quam</span> <span class='ocrx_word' id='word_1_1060' title='bbox 2237 2214 2310 2244; x_wconf 87' lang='lat' dir='ltr'>uri:</span> <span class='ocrx_word' id='word_1_1061' title='bbox 2330 2230 2351 2236; x_wconf 92' lang='lat'><em>-</em></span> <span class='ocrx_word' id='word_1_1062' title='bbox 2373 2211 2448 2243; x_wconf 83' lang='lat' dir='ltr'>ideo</span> <span class='ocrx_word' id='word_1_1063' title='bbox 2471 2210 2582 2243; x_wconf 78' lang='lat' dir='ltr'>distin-</span> 
     </span>
     <span class='ocr_line' id='line_1_131' title="bbox 1518 2255 2581 2301; baseline -0.003 -10"><span class='ocrx_word' id='word_1_1064' title='bbox 1518 2260 1682 2301; x_wconf 90' lang='lat' dir='ltr'>guendum</span> <span class='ocrx_word' id='word_1_1065' title='bbox 1707 2266 1762 2296; x_wconf 89' lang='lat' dir='ltr'>est,</span> <span class='ocrx_word' id='word_1_1066' title='bbox 1787 2259 1875 2300; x_wconf 93' lang='lat' dir='ltr'>quod</span> <span class='ocrx_word' id='word_1_1067' title='bbox 1898 2265 2012 2289; x_wconf 88' lang='lat' dir='ltr'>votum</span> <span class='ocrx_word' id='word_1_1068' title='bbox 2032 2257 2171 2288; x_wconf 89' lang='lat' dir='ltr'>nubendi</span> <span class='ocrx_word' id='word_1_1069' title='bbox 2188 2257 2354 2298; x_wconf 86' lang='lat' dir='ltr'>dupliciter</span> <span class='ocrx_word' id='word_1_1070' title='bbox 2375 2255 2443 2287; x_wconf 86' lang='lat' dir='ltr'>fieri</span> <span class='ocrx_word' id='word_1_1071' title='bbox 2465 2262 2581 2296; x_wconf 70' lang='lat' dir='ltr'>potest.</span> 
     </span>
     <span class='ocr_line' id='line_1_132' title="bbox 1519 2300 2583 2343; baseline -0.004 -8"><span class='ocrx_word' id='word_1_1072' title='bbox 1519 2305 1636 2341; x_wconf 86' lang='lat' dir='ltr'>Primo,</span> <span class='ocrx_word' id='word_1_1073' title='bbox 1661 2303 1814 2334; x_wconf 86' lang='lat' dir='ltr'>absolute.</span> <span class='ocrx_word' id='word_1_1074' title='bbox 1839 2303 1880 2334; x_wconf 92' lang='lat' dir='ltr'>Et</span> <span class='ocrx_word' id='word_1_1075' title='bbox 1903 2302 1947 2333; x_wconf 90' lang='lat' dir='ltr'>sic</span> <span class='ocrx_word' id='word_1_1076' title='bbox 1971 2312 2038 2333; x_wconf 91' lang='lat' dir='ltr'>non</span> <span class='ocrx_word' id='word_1_1077' title='bbox 2060 2302 2160 2332; x_wconf 89' lang='lat' dir='ltr'>valet:</span> <span class='ocrx_word' id='word_1_1078' title='bbox 2185 2301 2261 2342; x_wconf 84' lang='lat' dir='ltr'>quia</span> <span class='ocrx_word' id='word_1_1079' title='bbox 2278 2308 2324 2332; x_wconf 87' lang='lat' dir='ltr'>est</span> <span class='ocrx_word' id='word_1_1080' title='bbox 2336 2307 2451 2331; x_wconf 88' lang='lat' dir='ltr'>votum</span> <span class='ocrx_word' id='word_1_1081' title='bbox 2473 2300 2513 2331; x_wconf 84' lang='lat' dir='ltr'>de</span> <span class='ocrx_word' id='word_1_1082' title='bbox 2529 2300 2583 2343; x_wconf 64' lang='lat' dir='ltr'>de-</span> 
     </span>
     <span class='ocr_line' id='line_1_133' title="bbox 1519 2344 2582 2385; baseline -0.005 -6"><span class='ocrx_word' id='word_1_1083' title='bbox 1519 2348 1666 2380; x_wconf 85' lang='lat' dir='ltr'>elinando</span> <span class='ocrx_word' id='word_1_1084' title='bbox 1696 2358 1715 2378; x_wconf 91' lang='lat' dir='ltr'>a</span> <span class='ocrx_word' id='word_1_1085' title='bbox 1737 2354 1820 2378; x_wconf 88' lang='lat' dir='ltr'>statu</span> <span class='ocrx_word' id='word_1_1086' title='bbox 1851 2346 2082 2378; x_wconf 89' lang='lat' dir='ltr'>continentium</span> <span class='ocrx_word' id='word_1_1087' title='bbox 2111 2346 2152 2376; x_wconf 91' lang='lat' dir='ltr'>ad</span> <span class='ocrx_word' id='word_1_1088' title='bbox 2179 2352 2297 2377; x_wconf 88' lang='lat' dir='ltr'>statum</span> <span class='ocrx_word' id='word_1_1089' title='bbox 2327 2344 2582 2385; x_wconf 80' lang='lat' dir='ltr'>coniugatorum,</span> 
     </span>
     <span class='ocr_line' id='line_1_134' title="bbox 1520 2388 2581 2434; baseline -0.005 -11"><span class='ocrx_word' id='word_1_1090' title='bbox 1520 2403 1601 2434; x_wconf 93' lang='lat' dir='ltr'>quae</span> <span class='ocrx_word' id='word_1_1091' title='bbox 1618 2391 1795 2427; x_wconf 88' lang='lat' dir='ltr'>declinati0‚</span> <span class='ocrx_word' id='word_1_1092' title='bbox 1820 2391 1877 2422; x_wconf 89' lang='lat' dir='ltr'>etsi</span> <span class='ocrx_word' id='word_1_1093' title='bbox 1901 2391 1939 2422; x_wconf 90' lang='lat' dir='ltr'>sit</span> <span class='ocrx_word' id='word_1_1094' title='bbox 1961 2390 2055 2427; x_wconf 88' lang='lat' dir='ltr'>licita,</span> <span class='ocrx_word' id='word_1_1095' title='bbox 2080 2397 2126 2420; x_wconf 86' lang='lat' dir='ltr'>est</span> <span class='ocrx_word' id='word_1_1096' title='bbox 2139 2397 2246 2420; x_wconf 89' lang='lat' dir='ltr'>tamen</span> <span class='ocrx_word' id='word_1_1097' title='bbox 2269 2389 2376 2420; x_wconf 88' lang='lat' dir='ltr'>minus</span> <span class='ocrx_word' id='word_1_1098' title='bbox 2398 2395 2486 2428; x_wconf 84' lang='lat' dir='ltr'>grata</span> <span class='ocrx_word' id='word_1_1099' title='bbox 2499 2388 2581 2424; x_wconf 85' lang='lat' dir='ltr'>Deo,</span> 
     </span>
     <span class='ocr_line' id='line_1_135' title="bbox 1520 2433 2583 2476; baseline -0.005 -9"><span class='ocrx_word' id='word_1_1100' title='bbox 1520 2437 1571 2468; x_wconf 90' lang='lat' dir='ltr'>cui</span> <span class='ocrx_word' id='word_1_1101' title='bbox 1594 2435 1629 2467; x_wconf 88' lang='lat' dir='ltr'>fit</span> <span class='ocrx_word' id='word_1_1102' title='bbox 1646 2435 1816 2476; x_wconf 88' lang='lat' dir='ltr'>promissio</span> <span class='ocrx_word' id='word_1_1103' title='bbox 1839 2435 1954 2471; x_wconf 86' lang='lat' dir='ltr'>votiva,</span> <span class='ocrx_word' id='word_1_1104' title='bbox 1972 2445 2070 2476; x_wconf 88' lang='lat' dir='ltr'>quam</span> <span class='ocrx_word' id='word_1_1105' title='bbox 2094 2433 2323 2474; x_wconf 86' lang='lat' dir='ltr'>perseverantia</span> <span class='ocrx_word' id='word_1_1106' title='bbox 2344 2433 2378 2463; x_wconf 90' lang='lat' dir='ltr'>in</span> <span class='ocrx_word' id='word_1_1107' title='bbox 2401 2439 2483 2463; x_wconf 90' lang='lat' dir='ltr'>statu</span> <span class='ocrx_word' id='word_1_1108' title='bbox 2506 2441 2583 2464; x_wconf 88' lang='lat' dir='ltr'>con-</span> 
     </span>
     <span class='ocr_line' id='line_1_136' title="bbox 1520 2476 2583 2520; baseline -0.005 -9"><span class='ocrx_word' id='word_1_1109' title='bbox 1520 2480 1698 2516; x_wconf 89' lang='lat' dir='ltr'>tinentium,</span> <span class='ocrx_word' id='word_1_1110' title='bbox 1723 2479 1756 2510; x_wconf 89' lang='lat' dir='ltr'>in</span> <span class='ocrx_word' id='word_1_1111' title='bbox 1771 2489 1838 2520; x_wconf 91' lang='lat' dir='ltr'>quo</span> <span class='ocrx_word' id='word_1_1112' title='bbox 1859 2486 1970 2509; x_wconf 88' lang='lat' dir='ltr'>manet</span> <span class='ocrx_word' id='word_1_1113' title='bbox 1989 2488 2120 2509; x_wconf 90' lang='lat' dir='ltr'>vovens.</span> <span class='ocrx_word' id='word_1_1114' title='bbox 2144 2477 2279 2508; x_wconf 83' lang='lat' dir='ltr'>Constat</span> <span class='ocrx_word' id='word_1_1115' title='bbox 2294 2477 2380 2508; x_wconf 88' lang='lat' dir='ltr'>enim</span> <span class='ocrx_word' id='word_1_1116' title='bbox 2395 2476 2485 2517; x_wconf 92' lang='lat' dir='ltr'>quod</span> <span class='ocrx_word' id='word_1_1117' title='bbox 2507 2485 2583 2517; x_wconf 89' lang='lat' dir='ltr'>pro-</span> 
     </span>
     <span class='ocr_line' id='line_1_137' title="bbox 1520 2521 2584 2563; baseline -0.004 -8"><span class='ocrx_word' id='word_1_1118' title='bbox 1520 2525 1629 2555; x_wconf 89' lang='lat' dir='ltr'>missio</span> <span class='ocrx_word' id='word_1_1119' title='bbox 1661 2524 1699 2554; x_wconf 91' lang='lat' dir='ltr'>de</span> <span class='ocrx_word' id='word_1_1120' title='bbox 1723 2523 1830 2554; x_wconf 88' lang='lat' dir='ltr'>minus</span> <span class='ocrx_word' id='word_1_1121' title='bbox 1852 2530 1942 2563; x_wconf 86' lang='lat' dir='ltr'>grato</span> <span class='ocrx_word' id='word_1_1122' title='bbox 1966 2522 2060 2552; x_wconf 86' lang='lat' dir='ltr'>alicui</span> <span class='ocrx_word' id='word_1_1123' title='bbox 2083 2531 2181 2562; x_wconf 88' lang='lat' dir='ltr'>quarn</span> <span class='ocrx_word' id='word_1_1124' title='bbox 2209 2521 2242 2551; x_wconf 90' lang='lat' dir='ltr'>id</span> <span class='ocrx_word' id='word_1_1125' title='bbox 2266 2521 2355 2562; x_wconf 91' lang='lat' dir='ltr'>quod</span> <span class='ocrx_word' id='word_1_1126' title='bbox 2383 2521 2493 2558; x_wconf 89' lang='lat' dir='ltr'>habet,</span> <span class='ocrx_word' id='word_1_1127' title='bbox 2516 2529 2584 2551; x_wconf 86' lang='lat' dir='ltr'>non</span> 
     </span>
     <span class='ocr_line' id='line_1_138' title="bbox 1521 2565 2582 2608; baseline -0.004 -9"><span class='ocrx_word' id='word_1_1128' title='bbox 1521 2569 1641 2608; x_wconf 83' lang='lat' dir='ltr'>obligat</span> <span class='ocrx_word' id='word_1_1129' title='bbox 1671 2567 1732 2598; x_wconf 90' lang='lat' dir='ltr'>illi:</span> <span class='ocrx_word' id='word_1_1130' title='bbox 1764 2566 1839 2608; x_wconf 90' lang='lat' dir='ltr'>quia</span> <span class='ocrx_word' id='word_1_1131' title='bbox 1867 2567 1976 2597; x_wconf 89' lang='lat' dir='ltr'>mallet</span> <span class='ocrx_word' id='word_1_1132' title='bbox 2005 2575 2203 2607; x_wconf 74' lang='lat' dir='ltr'>perseverare</span> <span class='ocrx_word' id='word_1_1133' title='bbox 2231 2565 2264 2596; x_wconf 89' lang='lat' dir='ltr'>in</span> <span class='ocrx_word' id='word_1_1134' title='bbox 2293 2575 2332 2596; x_wconf 90' lang='lat' dir='ltr'>eo</span> <span class='ocrx_word' id='word_1_1135' title='bbox 2360 2565 2449 2606; x_wconf 90' lang='lat' dir='ltr'>quod</span> <span class='ocrx_word' id='word_1_1136' title='bbox 2478 2565 2582 2595; x_wconf 86' lang='lat' dir='ltr'>habet.</span> 
     </span>
     <span class='ocr_line' id='line_1_139' title="bbox 1521 2607 2583 2651; baseline -0.003 -8"><span class='ocrx_word' id='word_1_1137' title='bbox 1521 2613 1609 2643; x_wconf 89' lang='lat' dir='ltr'>Haec</span> <span class='ocrx_word' id='word_1_1138' title='bbox 1632 2618 1740 2642; x_wconf 88' lang='lat' dir='ltr'>autem</span> <span class='ocrx_word' id='word_1_1139' title='bbox 1763 2617 1810 2642; x_wconf 89' lang='lat' dir='ltr'>est</span> <span class='ocrx_word' id='word_1_1140' title='bbox 1832 2610 2034 2641; x_wconf 89' lang='lat' dir='ltr'>huiusmodi:</span> <span class='ocrx_word' id='word_1_1141' title='bbox 2065 2610 2141 2651; x_wconf 90' lang='lat' dir='ltr'>quia</span> <span class='ocrx_word' id='word_1_1142' title='bbox 2163 2616 2210 2640; x_wconf 91' lang='lat' dir='ltr'>est</span> <span class='ocrx_word' id='word_1_1143' title='bbox 2232 2609 2404 2650; x_wconf 86' lang='lat' dir='ltr'>promissio</span> <span class='ocrx_word' id='word_1_1144' title='bbox 2427 2609 2467 2639; x_wconf 92' lang='lat' dir='ltr'>de</span> <span class='ocrx_word' id='word_1_1145' title='bbox 2489 2607 2583 2640; x_wconf 85' lang='lat' dir='ltr'>decli-</span> 
     </span>
     <span class='ocr_line' id='line_1_140' title="bbox 1522 2653 2585 2694; baseline -0.003 -7"><span class='ocrx_word' id='word_1_1146' title='bbox 1522 2657 1628 2687; x_wconf 88' lang='lat' dir='ltr'>nando</span> <span class='ocrx_word' id='word_1_1147' title='bbox 1652 2666 1669 2686; x_wconf 90' lang='lat' dir='ltr'>a</span> <span class='ocrx_word' id='word_1_1148' title='bbox 1693 2655 1833 2691; x_wconf 89' lang='lat' dir='ltr'>meliori;</span> <span class='ocrx_word' id='word_1_1149' title='bbox 1865 2661 1895 2685; x_wconf 93' lang='lat' dir='ltr'>et</span> <span class='ocrx_word' id='word_1_1150' title='bbox 1919 2655 1957 2685; x_wconf 91' lang='lat' dir='ltr'>de</span> <span class='ocrx_word' id='word_1_1151' title='bbox 1980 2655 2050 2685; x_wconf 89' lang='lat' dir='ltr'>Deo</span> <span class='ocrx_word' id='word_1_1152' title='bbox 2074 2654 2227 2694; x_wconf 84' lang='lat' dir='ltr'>scriptum</span> <span class='ocrx_word' id='word_1_1153' title='bbox 2258 2661 2304 2684; x_wconf 90' lang='lat' dir='ltr'>est</span> <span class='ocrx_word' id='word_1_1154' title='bbox 2323 2653 2340 2672; x_wconf 87' lang='lat'><strong>*</strong></span> <span class='ocrx_word' id='word_1_1155' title='bbox 2363 2653 2452 2694; x_wconf 92' lang='lat' dir='ltr'>quod</span> <span class='ocrx_word' id='word_1_1156' title='bbox 2475 2659 2585 2689; x_wconf 79' lang='lat' dir='ltr'>movet</span> 
     </span>
     <span class='ocr_line' id='line_1_141' title="bbox 1522 2697 2585 2740; baseline -0.004 -9"><span class='ocrx_word' id='word_1_1157' title='bbox 1522 2701 1562 2731; x_wconf 91' lang='lat' dir='ltr'>ad</span> <span class='ocrx_word' id='word_1_1158' title='bbox 1584 2700 1815 2740; x_wconf 80' lang='lat' dir='ltr'>disponendum</span> <span class='ocrx_word' id='word_1_1159' title='bbox 1832 2700 2035 2730; x_wconf 80' lang='lat' dir='ltr'>ascensiones</span> <span class='ocrx_word' id='word_1_1160' title='bbox 2057 2700 2088 2729; x_wconf 89' lang='lat' dir='ltr'>in</span> <span class='ocrx_word' id='word_1_1161' title='bbox 2109 2698 2205 2729; x_wconf 87' lang='lat' dir='ltr'>corde</span> <span class='ocrx_word' id='word_1_1162' title='bbox 2226 2698 2363 2728; x_wconf 80' lang='lat' dir='ltr'>hominis</span> <span class='ocrx_word' id='word_1_1163' title='bbox 2385 2707 2477 2738; x_wconf 85' lang='lat' dir='ltr'>quem</span> <span class='ocrx_word' id='word_1_1164' title='bbox 2493 2697 2585 2729; x_wconf 82' lang='lat' dir='ltr'>adiu-</span> 
     </span>
     <span class='ocr_line' id='line_1_142' title="bbox 1523 2741 2586 2783; baseline -0.004 -7"><span class='ocrx_word' id='word_1_1165' title='bbox 1523 2750 1586 2776; x_wconf 79' lang='lat' dir='ltr'>vat.</span> <span class='ocrx_word' id='word_1_1166' title='bbox 1610 2745 1684 2775; x_wconf 92' lang='lat' dir='ltr'>Non</span> <span class='ocrx_word' id='word_1_1167' title='bbox 1708 2750 1754 2774; x_wconf 91' lang='lat' dir='ltr'>est</span> <span class='ocrx_word' id='word_1_1168' title='bbox 1775 2743 1881 2783; x_wconf 86' lang='lat' dir='ltr'>igitur,</span> <span class='ocrx_word' id='word_1_1169' title='bbox 1905 2743 2051 2773; x_wconf 92' lang='lat' dir='ltr'>absolute</span> <span class='ocrx_word' id='word_1_1170' title='bbox 2072 2742 2248 2783; x_wconf 88' lang='lat' dir='ltr'>loquendo,</span> <span class='ocrx_word' id='word_1_1171' title='bbox 2272 2749 2396 2778; x_wconf 88' lang='lat' dir='ltr'>votum,</span> <span class='ocrx_word' id='word_1_1172' title='bbox 2420 2751 2495 2772; x_wconf 88' lang='lat' dir='ltr'>cum</span> <span class='ocrx_word' id='word_1_1173' title='bbox 2514 2741 2586 2782; x_wconf 70' lang='lat' dir='ltr'>quie</span> 
     </span>
     <span class='ocr_line' id='line_1_143' title="bbox 1522 2788 1767 2819; baseline -0.004 0"><span class='ocrx_word' id='word_1_1174' title='bbox 1522 2795 1617 2819; x_wconf 90' lang='lat' dir='ltr'>vovet</span> <span class='ocrx_word' id='word_1_1175' title='bbox 1639 2788 1767 2819; x_wconf 90' lang='lat' dir='ltr'>nubere.</span> 
     </span>
    </p>

    <p class='ocr_par' dir='ltr' id='par_1_24' title="bbox 1523 2829 2588 3093">
     <span class='ocr_line' id='line_1_144' title="bbox 1577 2829 2586 2872; baseline -0.003 -10"><span class='ocrx_word' id='word_1_1176' title='bbox 1577 2832 1742 2868; x_wconf 88' lang='lat' dir='ltr'>Secundo,</span> <span class='ocrx_word' id='word_1_1177' title='bbox 1770 2837 1875 2872; x_wconf 89' lang='lat' dir='ltr'>potest</span> <span class='ocrx_word' id='word_1_1178' title='bbox 1905 2831 2026 2862; x_wconf 87' lang='lat' dir='ltr'>dictum</span> <span class='ocrx_word' id='word_1_1179' title='bbox 2055 2837 2168 2860; x_wconf 92' lang='lat' dir='ltr'>votum</span> <span class='ocrx_word' id='word_1_1180' title='bbox 2196 2829 2264 2860; x_wconf 85' lang='lat' dir='ltr'>fieri</span> <span class='ocrx_word' id='word_1_1181' title='bbox 2293 2836 2423 2871; x_wconf 88' lang='lat' dir='ltr'>propter</span> <span class='ocrx_word' id='word_1_1182' title='bbox 2450 2829 2586 2863; x_wconf 69' lang='lat' dir='ltr'>fornice-</span> 
     </span>
     <span class='ocr_line' id='line_1_145' title="bbox 1523 2873 2587 2915; baseline -0.003 -8"><span class='ocrx_word' id='word_1_1183' title='bbox 1523 2877 1645 2907; x_wconf 88' lang='lat' dir='ltr'>tionem</span> <span class='ocrx_word' id='word_1_1184' title='bbox 1668 2876 1846 2907; x_wconf 85' lang='lat' dir='ltr'>vitandam:</span> <span class='ocrx_word' id='word_1_1185' title='bbox 1880 2875 1955 2915; x_wconf 84' lang='lat' dir='ltr'>quia</span> <span class='ocrx_word' id='word_1_1186' title='bbox 1985 2875 2102 2905; x_wconf 88' lang='lat' dir='ltr'>scilicet</span> <span class='ocrx_word' id='word_1_1187' title='bbox 2132 2873 2295 2914; x_wconf 85' lang='lat' dir='ltr'>cognoscit</span> <span class='ocrx_word' id='word_1_1188' title='bbox 2323 2883 2357 2904; x_wconf 91' lang='lat' dir='ltr'>se</span> <span class='ocrx_word' id='word_1_1189' title='bbox 2386 2873 2532 2912; x_wconf 87' lang='lat' dir='ltr'>labilem,</span> <span class='ocrx_word' id='word_1_1190' title='bbox 2555 2880 2587 2904; x_wconf 84' lang='lat' dir='ltr'>et</span> 
     </span>
     <span class='ocr_line' id='line_1_146' title="bbox 1524 2918 2587 2956; baseline -0.003 -5"><span class='ocrx_word' id='word_1_1191' title='bbox 1524 2921 1583 2951; x_wconf 89' lang='lat' dir='ltr'>nisi</span> <span class='ocrx_word' id='word_1_1192' title='bbox 1606 2921 1720 2956; x_wconf 89' lang='lat' dir='ltr'>nubat,</span> <span class='ocrx_word' id='word_1_1193' title='bbox 1745 2920 1835 2951; x_wconf 85' lang='lat' dir='ltr'>cadet</span> <span class='ocrx_word' id='word_1_1194' title='bbox 1865 2918 1897 2949; x_wconf 88' lang='lat' dir='ltr'>in</span> <span class='ocrx_word' id='word_1_1195' title='bbox 1922 2919 2051 2950; x_wconf 87' lang='lat' dir='ltr'>crimina</span> <span class='ocrx_word' id='word_1_1196' title='bbox 2082 2918 2192 2950; x_wconf 84' lang='lat' dir='ltr'>multa.</span> <span class='ocrx_word' id='word_1_1197' title='bbox 2224 2918 2265 2949; x_wconf 86' lang='lat' dir='ltr'>Et</span> <span class='ocrx_word' id='word_1_1198' title='bbox 2295 2918 2471 2949; x_wconf 90' lang='lat' dir='ltr'>secundum</span> <span class='ocrx_word' id='word_1_1199' title='bbox 2501 2923 2587 2949; x_wconf 52' lang='lat' dir='ltr'>ante,</span> 
     </span>
     <span class='ocr_line' id='line_1_147' title="bbox 1524 2960 2587 3007; baseline -0.003 -12"><span class='ocrx_word' id='word_1_1200' title='bbox 1524 2965 1607 2996; x_wconf 87' lang='lat' dir='ltr'>dicta</span> <span class='ocrx_word' id='word_1_1201' title='bbox 1635 2971 1748 3007; x_wconf 85' lang='lat' dir='ltr'>votum</span> <span class='ocrx_word' id='word_1_1202' title='bbox 1771 2963 1895 2994; x_wconf 90' lang='lat' dir='ltr'>videtur</span> <span class='ocrx_word' id='word_1_1203' title='bbox 1917 2963 2078 2994; x_wconf 87' lang='lat' dir='ltr'>validum:</span> <span class='ocrx_word' id='word_1_1204' title='bbox 2110 2962 2186 3003; x_wconf 87' lang='lat' dir='ltr'>quia</span> <span class='ocrx_word' id='word_1_1205' title='bbox 2213 2962 2239 2993; x_wconf 89' lang='lat' dir='ltr'>si</span> <span class='ocrx_word' id='word_1_1206' title='bbox 2263 2969 2374 2993; x_wconf 88' lang='lat' dir='ltr'>votum</span> <span class='ocrx_word' id='word_1_1207' title='bbox 2403 2962 2442 2992; x_wconf 91' lang='lat' dir='ltr'>de</span> <span class='ocrx_word' id='word_1_1208' title='bbox 2464 2960 2587 2993; x_wconf 82' lang='lat' dir='ltr'>indiffe-</span> 
     </span>
     <span class='ocr_line' id='line_1_148' title="bbox 1524 3005 2586 3047; baseline -0.004 -8"><span class='ocrx_word' id='word_1_1209' title='bbox 1524 3009 1603 3040; x_wconf 88' lang='lat' dir='ltr'>renti</span> <span class='ocrx_word' id='word_1_1210' title='bbox 1627 3008 1788 3044; x_wconf 82' lang='lat' dir='ltr'>absolute,</span> <span class='ocrx_word' id='word_1_1211' title='bbox 1813 3007 1965 3038; x_wconf 83' lang='lat' dir='ltr'>differenti</span> <span class='ocrx_word' id='word_1_1212' title='bbox 1994 3014 2102 3038; x_wconf 84' lang='lat' dir='ltr'>autem</span> <span class='ocrx_word' id='word_1_1213' title='bbox 2131 3007 2239 3047; x_wconf 89' lang='lat' dir='ltr'>quoad</span> <span class='ocrx_word' id='word_1_1214' title='bbox 2262 3006 2418 3037; x_wconf 84' lang='lat' dir='ltr'>cautelam</span> <span class='ocrx_word' id='word_1_1215' title='bbox 2447 3015 2466 3036; x_wconf 87' lang='lat' dir='ltr'>a</span> <span class='ocrx_word' id='word_1_1216' title='bbox 2489 3005 2586 3043; x_wconf 73' lang='lat' dir='ltr'>malo.</span> 
     </span>
     <span class='ocr_line' id='line_1_149' title="bbox 1525 3050 2588 3093; baseline -0.004 -9"><span class='ocrx_word' id='word_1_1217' title='bbox 1525 3053 1653 3093; x_wconf 87' lang='lat' dir='ltr'>obligat,</span> <span class='ocrx_word' id='word_1_1218' title='bbox 1678 3059 1713 3083; x_wconf 92' lang='lat' dir='ltr'>ut</span> <span class='ocrx_word' id='word_1_1219' title='bbox 1737 3052 1857 3082; x_wconf 90' lang='lat' dir='ltr'>dictum</span> <span class='ocrx_word' id='word_1_1220' title='bbox 1881 3058 1928 3082; x_wconf 86' lang='lat' dir='ltr'>est</span> <span class='ocrx_word' id='word_1_1221' title='bbox 1943 3051 1969 3088; x_wconf 82' lang='grc'>*,</span> <span class='ocrx_word' id='word_1_1222' title='bbox 1994 3062 2011 3081; x_wconf 89' lang='lat' dir='ltr'>a</span> <span class='ocrx_word' id='word_1_1223' title='bbox 2035 3050 2157 3082; x_wconf 87' lang='lat' dir='ltr'>fortiori</span> <span class='ocrx_word' id='word_1_1224' title='bbox 2180 3058 2292 3082; x_wconf 88' lang='lat' dir='ltr'>votum</span> <span class='ocrx_word' id='word_1_1225' title='bbox 2313 3050 2352 3080; x_wconf 92' lang='lat' dir='ltr'>de</span> <span class='ocrx_word' id='word_1_1226' title='bbox 2375 3050 2462 3081; x_wconf 89' lang='lat' dir='ltr'>bono</span> <span class='ocrx_word' id='word_1_1227' title='bbox 2485 3058 2588 3081; x_wconf 74' lang='lat' dir='ltr'>reme·</span> 
     </span>
    </p>
   </div>
   <div class='ocr_carea' id='block_1_17' title="bbox 2602 678 2858 705">
    <p class='ocr_par' dir='ltr' id='par_1_25' title="bbox 2602 678 2858 705">
     <span class='ocr_line' id='line_1_150' title="bbox 2602 678 2858 705; baseline 0.004 -4"><span class='ocrx_word' id='word_1_1228' title='bbox 2602 679 2612 690; x_wconf 66' lang='lat'>⁴</span> <span class='ocrx_word' id='word_1_1229' title='bbox 2623 678 2659 701; x_wconf 77' lang='lat' dir='ltr'>Cf.</span> <span class='ocrx_word' id='word_1_1230' title='bbox 2674 685 2737 701; x_wconf 89' lang='lat' dir='ltr'>num.</span> <span class='ocrx_word' id='word_1_1231' title='bbox 2748 686 2762 705; x_wconf 83' lang='lat'>1,</span> <span class='ocrx_word' id='word_1_1232' title='bbox 2773 679 2811 702; x_wconf 82' lang='lat' dir='ltr'>fin.</span> <span class='ocrx_word' id='word_1_1233' title='bbox 2852 690 2858 693; x_wconf 92' lang='lat'><em>-</em></span> 
     </span>
    </p>
   </div>
   <div class='ocr_carea' id='block_1_18' title="bbox 2603 1111 2812 1165">
    <p class='ocr_par' dir='ltr' id='par_1_26' title="bbox 2603 1111 2812 1165">
     <span class='ocr_line' id='line_1_151' title="bbox 2603 1111 2812 1140; baseline 0.005 -7"><span class='ocrx_word' id='word_1_1234' title='bbox 2603 1112 2614 1122; x_wconf 77' lang='lat'>⁸</span> <span class='ocrx_word' id='word_1_1235' title='bbox 2634 1111 2691 1134; x_wconf 84' lang='lat' dir='ltr'>Luc.</span> <span class='ocrx_word' id='word_1_1236' title='bbox 2711 1117 2762 1140; x_wconf 74' lang='lat' dir='ltr'>cap.</span> <span class='ocrx_word' id='word_1_1237' title='bbox 2783 1118 2812 1139; x_wconf 78' lang='grc' dir='ltr'>ι,</span> 
     </span>
     <span class='ocr_line' id='line_1_152' title="bbox 2603 1143 2714 1165; baseline 0.018 -6"><span class='ocrx_word' id='word_1_1238' title='bbox 2603 1144 2663 1160; x_wconf 73' lang='lat' dir='ltr'>vers.</span> <span class='ocrx_word' id='word_1_1239' title='bbox 2677 1143 2714 1165; x_wconf 72' lang='lat'>⁴³.</span> 
     </span>
    </p>
   </div>
   <div class='ocr_carea' id='block_1_19' title="bbox 2605 1509 2748 1586">
    <p class='ocr_par' dir='ltr' id='par_1_27' title="bbox 2605 1509 2748 1586">
     <span class='ocr_line' id='line_1_153' title="bbox 2605 1509 2743 1532; baseline 0 -1"><span class='ocrx_word' id='word_1_1240' title='bbox 2605 1510 2616 1521; x_wconf 75' lang='lat'>⁸</span> <span class='ocrx_word' id='word_1_1241' title='bbox 2629 1509 2702 1532; x_wconf 77' lang='lat' dir='ltr'>Num.</span> <span class='ocrx_word' id='word_1_1242' title='bbox 2713 1515 2743 1531; x_wconf 75' lang='lat' dir='ltr'>iv.</span> 
     </span>
     <span class='ocr_line' id='line_1_154' title="bbox 2606 1557 2748 1586; baseline 0 -6"><span class='ocrx_word' id='word_1_1243' title='bbox 2606 1559 2616 1569; x_wconf 83' lang='lat'><strong>·</strong></span> <span class='ocrx_word' id='word_1_1244' title='bbox 2630 1557 2699 1580; x_wconf 74' lang='lat' dir='ltr'>Vere.</span> <span class='ocrx_word' id='word_1_1245' title='bbox 2711 1558 2748 1586; x_wconf 79' lang='lat'>38.</span> 
     </span>
    </p>
   </div>
   <div class='ocr_carea' id='block_1_20' title="bbox 2607 2213 2818 2242">
    <p class='ocr_par' dir='ltr' id='par_1_28' title="bbox 2607 2213 2818 2242">
     <span class='ocr_line' id='line_1_155' title="bbox 2607 2213 2818 2242; baseline -0.005 -6"><span class='ocrx_word' id='word_1_1246' title='bbox 2607 2214 2620 2226; x_wconf 77' lang='lat'>⁸</span> <span class='ocrx_word' id='word_1_1247' title='bbox 2633 2213 2706 2242; x_wconf 63' lang='lat' dir='ltr'>Ibid„</span> <span class='ocrx_word' id='word_1_1248' title='bbox 2721 2219 2781 2236; x_wconf 71' lang='lat' dir='ltr'>vers.</span> <span class='ocrx_word' id='word_1_1249' title='bbox 2795 2219 2818 2242; x_wconf 86' lang='lat'>9.</span> 
     </span>
    </p>
   </div>
   <div class='ocr_carea' id='block_1_21' title="bbox 2611 2651 2821 2700">
    <p class='ocr_par' dir='ltr' id='par_1_29' title="bbox 2611 2651 2821 2700">
     <span class='ocr_line' id='line_1_156' title="bbox 2611 2651 2821 2700; baseline -0.005 -27"><span class='ocrx_word' id='word_1_1250' title='bbox 2611 2651 2714 2700; x_wconf 48' lang='lat'>:2:⁸12-</span> <span class='ocrx_word' id='word_1_1251' title='bbox 2723 2656 2821 2677; x_wconf 70' lang='lat' dir='ltr'>unul,</span> 
     </span>
    </p>
   </div>
   <div class='ocr_carea' id='block_1_22' title="bbox 2613 3050 2745 3073">
    <p class='ocr_par' dir='ltr' id='par_1_30' title="bbox 2613 3050 2745 3073">
     <span class='ocr_line' id='line_1_157' title="bbox 2613 3050 2745 3073; baseline -0.015 1"><span class='ocrx_word' id='word_1_1252' title='bbox 2613 3050 2745 3073; x_wconf 57' lang='lat' dir='ltr'>’Numa-</span> 
     </span>
    </p>
   </div>
   <div class='ocr_carea' id='block_1_23' title="bbox 1525 3093 2634 3136">
    <p class='ocr_par' dir='ltr' id='par_1_31' title="bbox 1525 3093 2634 3136">
     <span class='ocr_line' id='line_1_158' title="bbox 1525 3093 2634 3136; baseline -0.003 -9"><span class='ocrx_word' id='word_1_1253' title='bbox 1525 3097 1616 3127; x_wconf 89' lang='lat' dir='ltr'>dium</span> <span class='ocrx_word' id='word_1_1254' title='bbox 1639 3097 1752 3127; x_wconf 83' lang='lat' dir='ltr'>daturo</span> <span class='ocrx_word' id='word_1_1255' title='bbox 1775 3102 1823 3126; x_wconf 86' lang='lat' dir='ltr'>tot</span> <span class='ocrx_word' id='word_1_1256' title='bbox 1841 3095 1990 3136; x_wconf 84' lang='lat' dir='ltr'>periculis</span> <span class='ocrx_word' id='word_1_1257' title='bbox 2013 3094 2141 3134; x_wconf 83' lang='lat' dir='ltr'>obligat.</span> <span class='ocrx_word' id='word_1_1258' title='bbox 2160 3112 2181 3118; x_wconf 91' lang='lat'>-</span> <span class='ocrx_word' id='word_1_1259' title='bbox 2204 3095 2246 3125; x_wconf 87' lang='lat' dir='ltr'>Et</span> <span class='ocrx_word' id='word_1_1260' title='bbox 2268 3095 2344 3125; x_wconf 82' lang='lat' dir='ltr'>haec</span> <span class='ocrx_word' id='word_1_1261' title='bbox 2360 3094 2492 3135; x_wconf 85' lang='lat' dir='ltr'>quidem</span> <span class='ocrx_word' id='word_1_1262' title='bbox 2506 3093 2587 3125; x_wconf 72' lang='lat' dir='ltr'>ratio</span> <span class='ocrx_word' id='word_1_1263' title='bbox 2631 3129 2634 3131; x_wconf 9' lang='grc' dir='ltr'>μ</span> 
     </span>
    </p>
   </div>
   <div class='ocr_carea' id='block_1_24' title="bbox 1525 3137 2588 3487">
    <p class='ocr_par' dir='ltr' id='par_1_32' title="bbox 1525 3137 2588 3487">
     <span class='ocr_line' id='line_1_159' title="bbox 1526 3137 2588 3179; baseline -0.003 -8"><span class='ocrx_word' id='word_1_1264' title='bbox 1526 3141 1727 3171; x_wconf 89' lang='lat' dir='ltr'>concluderet</span> <span class='ocrx_word' id='word_1_1265' title='bbox 1756 3139 1816 3170; x_wconf 89' lang='lat' dir='ltr'>nisi</span> <span class='ocrx_word' id='word_1_1266' title='bbox 1845 3146 1925 3170; x_wconf 90' lang='lat' dir='ltr'>esset</span> <span class='ocrx_word' id='word_1_1267' title='bbox 1948 3138 2122 3169; x_wconf 86' lang='lat' dir='ltr'>differentia</span> <span class='ocrx_word' id='word_1_1268' title='bbox 2150 3138 2183 3168; x_wconf 88' lang='lat' dir='ltr'>in</span> <span class='ocrx_word' id='word_1_1269' title='bbox 2199 3138 2268 3169; x_wconf 61' lang='lat' dir='ltr'>&#39;hoc</span> <span class='ocrx_word' id='word_1_1270' title='bbox 2291 3139 2381 3179; x_wconf 91' lang='lat' dir='ltr'>quod</span> <span class='ocrx_word' id='word_1_1271' title='bbox 2409 3137 2588 3169; x_wconf 72' lang='lat' dir='ltr'>indifferens</span> 
     </span>
     <span class='ocr_line' id='line_1_160' title="bbox 1525 3181 2586 3223; baseline -0.003 -9"><span class='ocrx_word' id='word_1_1272' title='bbox 1525 3185 1659 3215; x_wconf 85' lang='lat' dir='ltr'>relatum</span> <span class='ocrx_word' id='word_1_1273' title='bbox 1684 3184 1722 3213; x_wconf 87' lang='lat' dir='ltr'>ad</span> <span class='ocrx_word' id='word_1_1274' title='bbox 1747 3183 1902 3214; x_wconf 85' lang='lat' dir='ltr'>cautelam</span> <span class='ocrx_word' id='word_1_1275' title='bbox 1931 3182 2053 3213; x_wconf 90' lang='lat' dir='ltr'>nullam</span> <span class='ocrx_word' id='word_1_1276' title='bbox 2075 3182 2216 3222; x_wconf 85' lang='lat' dir='ltr'>implicat</span> <span class='ocrx_word' id='word_1_1277' title='bbox 2246 3182 2389 3223; x_wconf 88' lang='lat' dir='ltr'>culpam:</span> <span class='ocrx_word' id='word_1_1278' title='bbox 2425 3181 2586 3214; x_wconf 62' lang='lat' dir='ltr'>matimo-</span> 
     </span>
     <span class='ocr_line' id='line_1_161' title="bbox 1526 3225 2587 3266; baseline -0.003 -8"><span class='ocrx_word' id='word_1_1279' title='bbox 1526 3228 1617 3259; x_wconf 90' lang='lat' dir='ltr'>nium</span> <span class='ocrx_word' id='word_1_1280' title='bbox 1641 3234 1747 3258; x_wconf 85' lang='lat' dir='ltr'>autem</span> <span class='ocrx_word' id='word_1_1281' title='bbox 1770 3227 1903 3258; x_wconf 84' lang='lat' dir='ltr'>relatum</span> <span class='ocrx_word' id='word_1_1282' title='bbox 1924 3227 1964 3257; x_wconf 89' lang='lat' dir='ltr'>ad</span> <span class='ocrx_word' id='word_1_1283' title='bbox 1979 3226 2140 3257; x_wconf 85' lang='lat' dir='ltr'>vitandam</span> <span class='ocrx_word' id='word_1_1284' title='bbox 2159 3226 2324 3266; x_wconf 88' lang='lat' dir='ltr'>propriam</span> <span class='ocrx_word' id='word_1_1285' title='bbox 2346 3225 2587 3258; x_wconf 81' lang='lat' dir='ltr'>fornicationem</span> 
     </span>
     <span class='ocr_line' id='line_1_162' title="bbox 1528 3269 2586 3312; baseline -0.002 -10"><span class='ocrx_word' id='word_1_1286' title='bbox 1528 3272 1655 3312; x_wconf 88' lang='lat' dir='ltr'>culpam</span> <span class='ocrx_word' id='word_1_1287' title='bbox 1679 3270 1819 3302; x_wconf 89' lang='lat' dir='ltr'>continet</span> <span class='ocrx_word' id='word_1_1288' title='bbox 1847 3270 2017 3307; x_wconf 86' lang='lat' dir='ltr'>venialem,</span> <span class='ocrx_word' id='word_1_1289' title='bbox 2041 3270 2128 3311; x_wconf 89' lang='lat' dir='ltr'>apud</span> <span class='ocrx_word' id='word_1_1290' title='bbox 2150 3273 2341 3306; x_wconf 89' lang='lat' dir='ltr'>Auctorem,</span> <span class='ocrx_word' id='word_1_1291' title='bbox 2364 3270 2399 3300; x_wconf 87' lang='lat' dir='ltr'>in</span> <span class='ocrx_word' id='word_1_1292' title='bbox 2422 3269 2464 3300; x_wconf 90' lang='lat' dir='ltr'>1v</span> <span class='ocrx_word' id='word_1_1293' title='bbox 2487 3269 2586 3307; x_wconf 60' lang='lat' dir='ltr'>Sena,</span> 
     </span>
     <span class='ocr_line' id='line_1_163' title="bbox 1527 3313 2588 3355; baseline -0.002 -9"><span class='ocrx_word' id='word_1_1294' title='bbox 1527 3316 1597 3346; x_wconf 90' lang='lat' dir='ltr'>dist.</span> <span class='ocrx_word' id='word_1_1295' title='bbox 1614 3325 1684 3346; x_wconf 81' lang='lat' dir='ltr'>xm</span> <span class='ocrx_word' id='word_1_1296' title='bbox 1698 3313 1725 3351; x_wconf 81' lang='grc'>*,</span> <span class='ocrx_word' id='word_1_1297' title='bbox 1750 3314 1870 3346; x_wconf 89' lang='lat' dir='ltr'>ratione</span> <span class='ocrx_word' id='word_1_1298' title='bbox 1889 3314 2122 3355; x_wconf 80' lang='lat' dir='ltr'>superfluitatis.</span> <span class='ocrx_word' id='word_1_1299' title='bbox 2146 3315 2281 3346; x_wconf 89' lang='lat' dir='ltr'>Nullum</span> <span class='ocrx_word' id='word_1_1300' title='bbox 2305 3320 2412 3345; x_wconf 89' lang='lat' dir='ltr'>autem</span> <span class='ocrx_word' id='word_1_1301' title='bbox 2432 3313 2588 3354; x_wconf 80' lang='lat' dir='ltr'>culpabile</span> 
     </span>
     <span class='ocr_line' id='line_1_164' title="bbox 1528 3357 2587 3400; baseline -0.002 -10"><span class='ocrx_word' id='word_1_1302' title='bbox 1528 3366 1632 3400; x_wconf 88' lang='lat' dir='ltr'>potest</span> <span class='ocrx_word' id='word_1_1303' title='bbox 1654 3359 1713 3390; x_wconf 90' lang='lat' dir='ltr'>sub</span> <span class='ocrx_word' id='word_1_1304' title='bbox 1736 3365 1813 3390; x_wconf 88' lang='lat' dir='ltr'>voto</span> <span class='ocrx_word' id='word_1_1305' title='bbox 1838 3358 1957 3389; x_wconf 88' lang='lat' dir='ltr'>cadere.</span> <span class='ocrx_word' id='word_1_1306' title='bbox 1979 3359 2028 3389; x_wconf 68' lang='lat' dir='ltr'>⁴Et</span> <span class='ocrx_word' id='word_1_1307' title='bbox 2051 3365 2230 3399; x_wconf 89' lang='lat' dir='ltr'>propterea,</span> <span class='ocrx_word' id='word_1_1308' title='bbox 2255 3358 2317 3389; x_wconf 89' lang='lat' dir='ltr'>hoc</span> <span class='ocrx_word' id='word_1_1309' title='bbox 2339 3357 2518 3399; x_wconf 88' lang='lat' dir='ltr'>sequendo,</span> <span class='ocrx_word' id='word_1_1310' title='bbox 2542 3357 2587 3388; x_wconf 91' lang='lat' dir='ltr'>di-</span> 
     </span>
     <span class='ocr_line' id='line_1_165' title="bbox 1527 3401 2588 3443; baseline -0.002 -9"><span class='ocrx_word' id='word_1_1311' title='bbox 1527 3410 1648 3434; x_wconf 90' lang='lat' dir='ltr'>ceretur</span> <span class='ocrx_word' id='word_1_1312' title='bbox 1671 3403 1761 3443; x_wconf 90' lang='lat' dir='ltr'>quod</span> <span class='ocrx_word' id='word_1_1313' title='bbox 1783 3412 1841 3433; x_wconf 90' lang='lat' dir='ltr'>nec</span> <span class='ocrx_word' id='word_1_1314' title='bbox 1864 3402 1908 3433; x_wconf 88' lang='lat' dir='ltr'>sic</span> <span class='ocrx_word' id='word_1_1315' title='bbox 1930 3410 2043 3434; x_wconf 89' lang='lat' dir='ltr'>votum</span> <span class='ocrx_word' id='word_1_1316' title='bbox 2067 3402 2207 3434; x_wconf 89' lang='lat' dir='ltr'>nubendi</span> <span class='ocrx_word' id='word_1_1317' title='bbox 2230 3401 2322 3432; x_wconf 84' lang='lat' dir='ltr'>valet.</span> <span class='ocrx_word' id='word_1_1318' title='bbox 2338 3419 2358 3425; x_wconf 98' lang='lat'><em>-</em></span> <span class='ocrx_word' id='word_1_1319' title='bbox 2382 3401 2452 3442; x_wconf 78' lang='lat' dir='ltr'>Ego</span> <span class='ocrx_word' id='word_1_1320' title='bbox 2481 3407 2588 3432; x_wconf 87' lang='lat' dir='ltr'>autem</span> 
     </span>
     <span class='ocr_line' id='line_1_166' title="bbox 1527 3445 2588 3487; baseline -0.001 -10"><span class='ocrx_word' id='word_1_1321' title='bbox 1527 3457 1593 3478; x_wconf 91' lang='lat' dir='ltr'>non</span> <span class='ocrx_word' id='word_1_1322' title='bbox 1609 3447 1702 3478; x_wconf 90' lang='lat' dir='ltr'>video</span> <span class='ocrx_word' id='word_1_1323' title='bbox 1727 3446 1975 3487; x_wconf 79' lang='lat' dir='ltr'>superfluitatem</span> <span class='ocrx_word' id='word_1_1324' title='bbox 1998 3446 2139 3487; x_wconf 88' lang='lat' dir='ltr'>aliquam</span> <span class='ocrx_word' id='word_1_1325' title='bbox 2157 3446 2190 3477; x_wconf 91' lang='lat' dir='ltr'>in</span> <span class='ocrx_word' id='word_1_1326' title='bbox 2209 3445 2263 3477; x_wconf 81' lang='lat' dir='ltr'>tali</span> <span class='ocrx_word' id='word_1_1327' title='bbox 2283 3445 2425 3476; x_wconf 87' lang='lat' dir='ltr'>remedio</span> <span class='ocrx_word' id='word_1_1328' title='bbox 2445 3452 2588 3486; x_wconf 90' lang='lat' dir='ltr'>respectu</span> 
     </span>
    </p>
   </div>
   <div class='ocr_carea' id='block_1_25' title="bbox 2615 3314 2825 3363">
    <p class='ocr_par' dir='ltr' id='par_1_33' title="bbox 2615 3314 2825 3363">
     <span class='ocr_line' id='line_1_167' title="bbox 2615 3314 2825 3363; baseline -0.01 -27"><span class='ocrx_word' id='word_1_1329' title='bbox 2615 3314 2691 3363; x_wconf 51' lang='lat' dir='ltr'>:dQ2u-</span> <span class='ocrx_word' id='word_1_1330' title='bbox 2705 3319 2734 3340; x_wconf 88' lang='lat' dir='ltr'>u,</span> <span class='ocrx_word' id='word_1_1331' title='bbox 2747 3317 2790 3335; x_wconf 77' lang='lat' dir='ltr'>art.</span> <span class='ocrx_word' id='word_1_1332' title='bbox 2804 3318 2825 3339; x_wconf 80' lang='lat'>2,</span> 
     </span>
    </p>
   </div>
   <div class='ocr_carea' id='block_1_26' title="bbox 1528 3489 2634 3527">
    <p class='ocr_par' dir='ltr' id='par_1_34' title="bbox 1528 3489 2634 3527">
     <span class='ocr_line' id='line_1_168' title="bbox 1528 3489 2634 3527; baseline -0.001 -5"><span class='ocrx_word' id='word_1_1333' title='bbox 1528 3491 1686 3522; x_wconf 84' lang='lat' dir='ltr'>humanae</span> <span class='ocrx_word' id='word_1_1334' title='bbox 1709 3497 1838 3522; x_wconf 87' lang='lat' dir='ltr'>naturae</span> <span class='ocrx_word' id='word_1_1335' title='bbox 1854 3490 1897 3521; x_wconf 89' lang='lat' dir='ltr'>sic</span> <span class='ocrx_word' id='word_1_1336' title='bbox 1913 3489 2056 3521; x_wconf 87' lang='lat' dir='ltr'>infirmae</span> <span class='ocrx_word' id='word_1_1337' title='bbox 2071 3497 2107 3520; x_wconf 91' lang='lat' dir='ltr'>ut</span> <span class='ocrx_word' id='word_1_1338' title='bbox 2121 3496 2175 3521; x_wconf 91' lang='lat' dir='ltr'>est.</span> <span class='ocrx_word' id='word_1_1339' title='bbox 2201 3489 2364 3527; x_wconf 87' lang='lat' dir='ltr'>Quoniam</span> <span class='ocrx_word' id='word_1_1340' title='bbox 2387 3489 2413 3519; x_wconf 79' lang='lat' dir='ltr'>si</span> <span class='ocrx_word' id='word_1_1341' title='bbox 2437 3490 2469 3519; x_wconf 87' lang='lat' dir='ltr'>in</span> <span class='ocrx_word' id='word_1_1342' title='bbox 2491 3499 2590 3520; x_wconf 84' lang='lat' dir='ltr'>carne</span> <span class='ocrx_word' id='word_1_1343' title='bbox 2630 3517 2634 3521; x_wconf 94' lang='lat'>.</span> 
     </span>
    </p>
   </div>
   <div class='ocr_carea' id='block_1_27' title="bbox 1524 3534 2588 3575">
    <p class='ocr_par' dir='ltr' id='par_1_35' title="bbox 1524 3534 2588 3575">
     <span class='ocr_line' id='line_1_169' title="bbox 1524 3534 2588 3575; baseline -0.002 -9"><span class='ocrx_word' id='word_1_1344' title='bbox 1524 3540 1658 3575; x_wconf 83' lang='lat' dir='ltr'>praeter</span> <span class='ocrx_word' id='word_1_1345' title='bbox 1680 3544 1809 3566; x_wconf 86' lang='lat' dir='ltr'>carnem</span> <span class='ocrx_word' id='word_1_1346' title='bbox 1834 3535 1941 3565; x_wconf 79' lang='lat' dir='ltr'>vivere</span> <span class='ocrx_word' id='word_1_1347' title='bbox 1962 3534 2146 3575; x_wconf 80' lang='lat' dir='ltr'>angelicum</span> <span class='ocrx_word' id='word_1_1348' title='bbox 2164 3534 2274 3574; x_wconf 74' lang='lat' dir='ltr'>potius</span> <span class='ocrx_word' id='word_1_1349' title='bbox 2292 3538 2339 3564; x_wconf 80' lang='lat' dir='ltr'>est</span> <span class='ocrx_word' id='word_1_1350' title='bbox 2357 3543 2452 3574; x_wconf 85' lang='lat' dir='ltr'>quam</span> <span class='ocrx_word' id='word_1_1351' title='bbox 2477 3534 2588 3564; x_wconf 79' lang='lat' dir='ltr'>huma-</span> 
     </span>
    </p>
   </div>
  </div>
 </body>
</html>
