2860 4244
164 624 174 635 '
189 623 220 645 Ca
240 622 374 650 .1nnotm't,

165 650 193 671 de
228 649 279 671 lect

170 1873 175 1879 ·
184 1870 315 1918 lgeParad.
326 1875 377 1897 cap.

168 1904 188 1918 Vl
210 1913 214 1918 .

173 2451 249 2479 '¹.Cap
259 2457 298 2472 xlv
300 2451 346 2478 ,aL
354 2457 381 2477 x,

172 2478 222 2499 inv
210 2482 255 2500 v.et
270 2467 320 2499 xu’i.

179 3248 236 3276 ‘Qu.
243 3255 311 3276 Lxxx,
318 3254 387 3277 arg.3.

403 236 479 282 384

1092 229 1359 277 QUAEST1O
1389 229 1490 276 CIV,
1520 229 1818 267 ARTICULUS
1850 230 1896 265 11-

1073 360 1405 394 Commentaria
1426 360 1676 393 cardinalis
1697 360 1898 394 Caietani

431 454 451 474 N
475 444 607 474 articulo
631 443 736 483 primo
760 441 955 482 quaeStlonlS
983 441 1311 482 centeSimaequartae‚
1335 440 1461 470 adverte

405 457 520 538 Iquod
544 488 583 517 ad
606 487 668 517 hoc
692 486 781 527 quod
805 495 889 520 unus
912 485 1013 518 homo
1041 490 1185 525 teneatur
1209 483 1339 524 pbedire
1360 483 1461 519 alteri,

402 532 568 572 exiguntur
591 531 666 562 duo.
686 530 830 561 Primum
853 536 899 560 est
922 527 1144 570 inaequalitas.
1168 533 1205 559 nt
1233 522 1352 559 scilicet
1378 537 1462 559 unus
1488 541 1490 550 =

403 576 442 606 sit
463 574 605 615 superior
629 581 659 605 et
682 574 762 604 alius
785 573 924 604 inferior.
955 573 1022 603 Par
1044 582 1183 613 namque
1207 573 1239 602 in
1260 581 1374 613 parem
1398 582 1461 603 non

402 619 493 650 habet
516 619 684 658 imperium
700 617 726 648 *.
751 635 772 640 -
796 617 988 652 Secundum,
1009 623 1148 657 potestas
1165 615 1261 647 unius
1276 625 1372 657 super
1387 615 1462 647 alte—

402 673 484 694 rum.
516 662 651 702 Oportet
675 661 760 692 enim
784 671 858 691 eum
882 660 938 702 qui
962 660 1089 691 obedire
1113 666 1247 697 tenetur,
1268 659 1380 691 subiici
1404 669 1462 700 po-

402 706 504 738 testati
527 706 610 736 illius
633 705 689 746 qui
712 705 873 746 praecipit.

458 750 613 788 Quamvis
628 756 736 780 autem
751 749 783 779 in
800 749 901 780 littera
922 748 1063 789 primum
1087 748 1227 788 supponi
1249 748 1409 784 videatur;
1434 754 1464 778 et

402 794 579 825 secundum
610 794 799 830 deducatur,
825 793 904 824 dum
930 802 966 824 ex
994 792 1227 833 proportionali
1258 791 1464 823 similitudine

403 838 595 868 naturalium
625 847 798 878 corporum
829 836 1030 877 superiorum
1058 843 1089 868 et
1118 836 1307 867 inferiorum
1338 836 1371 867 in
1403 836 1465 866 hoc
1491 845 1493 852 ¹

402 883 490 924 quod
515 889 643 922 oportet
664 881 812 912 inferiora
835 891 854 911 a
869 881 1086 921 superioribus
1102 881 1222 912 moveri
1243 887 1398 921 potestate
1415 890 1466 910 ex-

403 925 564 957 cellentiae
587 925 737 957 divinitus
762 925 922 963 ordinata,
945 924 1080 956 infertur
1102 924 1204 955 simile
1228 931 1375 965 oportere
1399 933 1466 954 esse

401 970 434 1000 in
457 968 620 1006 humanis,
639 970 784 1000 videlicet
811 970 900 1010 quod
923 968 1086 1000 inferiores
1110 979 1128 999 a
1151 969 1365 1009 superioribus
1395 978 1465 999 mo-

402 1021 533 1045 veantur
549 1020 704 1054 potestate
719 1023 850 1055 quoque
870 1013 1021 1044 divinitus
1040 1013 1199 1044 ordinata:
1223 1020 1353 1053 apparet
1375 1023 1466 1043 nam-

402 1068 465 1098 que
491 1058 524 1088 in
552 1058 615 1089 hoc
645 1068 795 1099 processu
829 1058 993 1098 superiora
1020 1064 1051 1088 et
1080 1057 1228 1088 inferiora
1257 1057 1412 1098 supponi,
1437 1063 1467 1087 et

403 1102 581 1133 motionem
603 1112 660 1142 per
679 1109 869 1143 potestatem
885 1101 1048 1132 concludi:
1073 1119 1093 1124 -
1118 1101 1143 1132 si
1158 1108 1264 1132 tamen
1280 1101 1367 1131 radix
1392 1110 1466 1131 con-

403 1146 570 1183 sideretur,
597 1156 633 1177 ex
652 1157 717 1177 una
741 1154 770 1177 et
794 1147 904 1177 eadem
935 1146 1056 1176 ratione
1080 1145 1242 1185 apparebit
1268 1152 1331 1175 tam
1356 1145 1388 1175 in
1413 1154 1467 1174 na—

402 1190 556 1221 turalibus
577 1201 675 1231 quam
698 1191 731 1221 in
754 1190 902 1221 humanis
926 1189 1087 1229 superiora
1112 1196 1142 1219 et
1164 1188 1313 1219 inferiora
1336 1188 1413 1224 dari,
1437 1194 1468 1218 et

1515 445 1668 480 tanquam
1691 449 1747 480 per
1766 449 1798 470 se
1822 446 1937 470 notum
1961 438 2088 469 assumi.
2115 437 2202 468 Cum
2225 436 2311 468 enim
2336 437 2583 478 unumquodque

1515 484 1563 514 sic
1584 484 1796 523 communiter
1817 493 1838 514 a
1968 483 2052 516 sicut
2074 486 2184 524 aptum
2212 486 2323 512 natum
2349 485 2396 512 est
2418 482 2487 522 agi,
2511 487 2543 512 et
2565 490 2582 511 e

1516 536 1687 563 converso,
1711 532 1748 558 ut
1769 533 1857 568 patet
1887 537 1924 558 ex
1947 526 1974 557 11
1997 526 2124 567 physe.
2140 526 2174 562 *;
2195 532 2226 556 et
2248 525 2288 555 ad
2317 534 2447 555 sensum
2476 531 2584 566 pateat

1516 577 1582 602 tam
1604 570 1638 600 in
1661 571 1848 621 corporibus
1871 570 2067 602 naturalibus
2095 580 2194 611 quam
2215 569 2249 600 in
2273 569 2422 600 humanis
2445 568 2512 599 dari
2531 579 2584 600 su-

1489 621 1491 624 ·
1517 614 1642 655 periora
1658 615 1819 646 moventia
1837 614 1987 645 inferiora
2005 612 2150 657 (apparet
2173 613 2332 655 siquidem
2351 613 2412 644 hoc
2431 612 2465 643 in
2480 612 2584 644 omni-

1490 683 1492 687 ,
1516 659 1577 689 bus
1592 657 1790 701 generibus):
1814 665 1896 690 recte
1911 658 2112 690 concluditur
2126 658 2224 699 quod,
2240 657 2317 699 quia
2332 656 2584 697 proportionalia

1517 709 1592 733 sunt
1614 702 1647 732 in
1670 702 1838 733 virtutibus
1862 702 1997 743 propriis
2020 702 2174 734 naturalia
2198 709 2230 734 et
2251 702 2403 738 humana,
2424 707 2455 732 et
2477 700 2511 731 in
2534 710 2584 731 or-

1490 770 1492 793 !
1518 747 1590 777 dine
1614 746 1846 787 inaequalitatis
1868 746 1908 776 ad
1931 747 2108 786 superiora;
2133 746 2214 777 sicut
2237 752 2364 787 oportet
2379 745 2412 776 in
2434 744 2584 776 naturali-

1518 792 1578 821 bus
1600 790 1751 821 inferiora
1773 790 1895 821 moveri
1918 800 1937 820 a
1959 790 2187 830 superioribus,
2209 790 2254 822 ita
2275 790 2310 823 in
2331 789 2493 823 humanis.

1574 834 1611 865 11.
1637 834 1672 864 ln
1695 835 1811 865 eodem
1834 833 1982 871 articulo,
2007 844 2074 865 non
2095 840 2127 865 te
2150 834 2312 875 perturbet
2333 834 2467 864 verbum
2489 832 2585 874 illud,

1518 880 1652 909 Movere
1678 888 1742 919 per
1768 879 1924 909 rationem
1957 883 1988 910 et
2015 879 2210 910 voluntatem
2241 882 2289 909 est
2309 878 2531 921 praeczpere,
2546 884 2586 908 eo

1518 923 1607 964 quod
1631 922 1726 953 etiam
1747 929 1853 963 petere
1874 929 1920 954 est
1935 931 2064 953 movere
2088 931 2143 962 per
2165 918 2362 952 intellectum
2379 923 2415 952 et
2432 918 2586 952 vblunta-

1519 975 1594 1003 tem,
1610 973 1647 998 ut
1664 977 1810 1007 superaus
1823 966 1842 987 *
1864 972 1960 1007 patet.
1986 966 2042 997 Est
2057 975 2198 1006 namque
2210 970 2317 996 sermo
2335 965 2396 997 iste
2408 965 2587 996 madum

1518 1011 1694 1042 subiectam
1716 1010 1881 1042 materiam
1901 1010 2140 1051 intelligendus:
2166 1016 2203 1042 ut
2226 1010 2385 1044 videlieet
2385 1007 2588 1050 intentatur

1520 1056 1559 1086 de
1575 1065 1704 1086 movere
1720 1054 1922 1086 sufficienter.
1946 1054 2012 1092 Qui
2028 1054 2114 1085 enim
2130 1054 2290 1095 praecipit,
2307 1052 2498 1097 sufficienter
2518 1063 2588 1084 mo-

1519 1106 1587 1136 vet,
1617 1099 1692 1140 quia
1715 1099 1933 1130 necessitatem
1956 1099 2095 1139 imponit
2120 1098 2232 1129 mobili
2256 1105 2292 1129 ut
2314 1104 2499 1129 moveatur:
2531 1097 2588 1139 qui

1492 1153 1494 1166 ¹
1521 1150 1629 1174 autem
1652 1144 1740 1183 petit,
1765 1153 1831 1174 non
1854 1143 1992 1184 imponit
2014 1143 2059 1174 illi
2084 1154 2101 1174 a
2126 1153 2192 1184 quo
2209 1142 2287 1183 petit
2310 1142 2537 1178 necessitatem,
2553 1147 2590 1173 ut

1520 1193 1615 1227 patet.

1582 1282 1635 1290 W*

1166 1357 1485 1399 ARTICULUS
1523 1356 1824 1399 SECUNDUS

1015 1452 1171 1483 UTRUM
1196 1451 1461 1482 OBEDIENTIA
1484 1451 1551 1482 SIT
1575 1450 1790 1483 SPECIALIS
1813 1450 1972 1482 V1RTus

666 1531 757 1564 Supra,
777 1537 821 1563 qu.
838 1537 874 1559 W,
894 1535 939 1555 art.
959 1537 984 1563 7,
1004 1530 1035 1554 ad
1056 1529 1085 1561 33
1105 1529 1178 1560 infra,
1198 1535 1244 1555 art.
1266 1529 1288 1559 3,
1308 1529 1340 1554 ad
1363 1537 1390 1560 1;
1410 1530 1431 1555 11
1451 1529 1534 1559 Sent„
1554 1529 1613 1555 dist.
1633 1537 1706 1560 xxxV‚
1726 1536 1775 1555 art.
1795 1536 1819 1560 2,
1839 1530 1870 1555 ad
1891 1528 1919 1561 5;
1941 1529 1999 1555 dist.
2017 1535 2084 1560 xuy,
2103 1536 2148 1562 qu.
2168 1536 2202 1560 11,
2221 1533 2269 1554 art.
2292 1537 2319 1561 1;

1164 1573 1204 1604 111,
1225 1573 1283 1598 dist.
1301 1581 1385 1605 xxxiv,
1404 1581 1450 1606 qu.
1467 1581 1505 1605 ιιι,
1525 1578 1572 1598 art.
1590 1581 1615 1606 4,
1636 1572 1686 1606 qu*
1706 1573 1730 1603 3,
1749 1574 1781 1598 ad
1805 1581 1826 1598 ι.

450 1687 468 1705 4
492 1683 503 1698 s
522 1672 578 1700 ρ]
616 1667 639 1691 D
655 1666 844 1691 secunaum
858 1666 912 1691 Sic
926 1665 1166 1691 Paocem‘rua.
1188 1652 1348 1690 Videtur
1362 1652 1469 1700 quod

432 1673 594 1769 §3³:255
618 1707 834 1744 obedientia
853 1719 932 1745 non
951 1707 995 1744 sit
1015 1706 1187 1756 specialis
1206 1706 1338 1744 virtus.
1365 1706 1468 1743 Obe-

423 1752 507 1841 ’,φὶ
485 1777 545 1805 ν
561 1759 780 1798 dientiae
817 1760 920 1798 enim
954 1759 1214 1797 inobedientia
1249 1759 1467 1808 opponitur.

462 1790 584 1845 §3²⁸5
577 1807 695 1851 &Sed
713 1812 973 1850 inobedientia
988 1821 1043 1849 est
1058 1813 1233 1860 generale
1248 1819 1467 1861 peccatum:

406 1865 495 1904 dicit
518 1865 619 1904 enim
638 1866 906 1904 Ambrosius*
923 1866 1029 1914 quod
1048 1873 1249 1915 peccatum
1270 1872 1326 1902 est
1345 1865 1469 1902 inobe-

405 1920 542 1956 dientia
580 1920 673 1969 legis
705 1920 865 1957 divinae.
902 1919 1005 1967 Ergo
1045 1918 1262 1956 obedientia
1298 1930 1377 1955 non
1414 1925 1470 1955 est

406 1972 578 2021 specialis
606 1972 737 2020 virtus,
767 1972 835 2010 sed
863 1972 1059 2020 generalis.

459 2037 494 2062 2.
525 2026 766 2073 PRAETEREA,
796 2025 923 2062 omnis
950 2025 1068 2062 virtus
1106 2023 1278 2073 specialis
1315 2031 1380 2063 aut
1415 2031 1471 2061 est

405 2078 629 2126 theologica,
659 2086 724 2115 aut
751 2078 917 2115 moralis.
956 2078 1033 2115 Sed
1062 2076 1279 2115 obedientia
1308 2089 1387 2115 non
1415 2084 1471 2114 est

404 2131 523 2168 virtus
542 2131 772 2179 theologica:
803 2131 892 2179 quia
912 2143 1036 2180 neque
1057 2130 1269 2168 continetur
1287 2131 1357 2168 sub
1377 2130 1468 2179 fide,

406 2197 530 2232 neque
551 2185 622 2221 sub
643 2197 722 2232 spe⁷
740 2197 865 2233 neque
881 2185 951 2222 sub
972 2184 1135 2221 caritate.
1158 2183 1335 2220 Similiter
1354 2183 1470 2221 etiam

407 2249 485 2274 non
515 2245 569 2273 est
596 2237 715 2274 virtus
744 2237 918 2274 moralis:
955 2238 1044 2286 quia
1082 2249 1160 2274 non
1191 2244 1246 2274 est
1272 2236 1311 2274 in
1339 2236 1470 2274 medio

408 2290 587 2338 superflui
623 2298 658 2326 et
695 2290 887 2336 diminuti;
924 2298 1067 2339 quanto
1106 2289 1208 2327 enim
1243 2289 1377 2339 aliquis
1416 2297 1471 2326 est

408 2343 528 2390 magis
555 2342 751 2390 obediens,
771 2350 876 2380 tanto
896 2343 1017 2391 magis
1036 2344 1220 2381 laudatur.
1250 2343 1353 2391 Ergo
1379 2343 1471 2380 obe-

410 2395 549 2433 dientia
577 2407 656 2432 non
684 2403 739 2432 est
767 2395 938 2445 specialis
965 2396 1096 2433 virtus.

464 2449 498 2484 3.
534 2449 770 2495 PRAETEREA,
805 2449 1011 2496 Gregorius
1040 2449 1144 2495 dicit,
1174 2448 1238 2485 ult.
1266 2448 1413 2485 Moral.
1433 2448 1469 2495 ³¹²,

411 2501 515 2549 quod
544 2501 751 2538 obedientia
774 2506 875 2538 tanto
895 2502 1019 2551 magis
1047 2507 1100 2538 est
1126 2501 1318 2539 meritoria
1338 2507 1374 2537 et
1391 2501 1472 2538 lau-

411 2554 543 2590 dabilis
570 2560 708 2602 quanto
734 2554 858 2591 minus
875 2555 987 2591 habet
1003 2555 1048 2591 de
1065 2566 1145 2591 suo.
1177 2554 1253 2590 Sed
1282 2554 1474 2602 quaelibet

412 2606 582 2655 specialis
610 2607 728 2643 virtus
756 2615 860 2643 tanto
890 2607 1009 2655 magis
1030 2608 1202 2644 laudatur
1229 2614 1372 2655 quanto
1392 2618 1472 2643 ma-

411 2659 466 2707 gis
492 2660 608 2696 habet
636 2660 682 2696 de
712 2671 802 2696 suo:
839 2672 885 2696 eo
915 2660 1019 2708 quod
1055 2660 1103 2697 ad
1131 2659 1311 2697 virtutem
1348 2659 1472 2708 requi—

412 2712 503 2749 ritur
530 2720 571 2749 ut
599 2713 643 2749 sit
670 2712 806 2750 volens
835 2720 871 2749 et
900 2712 1056 2761 eligens,
1086 2712 1181 2750 sicut
1210 2712 1344 2750 dicitur
1371 2712 1410 2749 in
1439 2714 1470 2749 ΙΙ

326 2782 332 2789 ·
349 2779 383 2816 vg·
410 2766 530 2803 Ethic.
550 2765 570 2787 '³‘
599 2766 700 2813 Ergo
730 2765 946 2802 obedientia
966 2778 1045 2803 non
1065 2773 1121 2803 est
1140 2765 1311 2815 specialis
1339 2765 1470 2803 virtus.

463 2830 500 2865 4.
523 2819 764 2864 Paria-ream,
793 2818 949 2856 virtutes
978 2818 1156 2856 differunt
1184 2818 1310 2867 specie
1338 2831 1472 2856 secun-

413 2871 505 2908 dum
534 2871 693 2908 obiecta.
724 2871 928 2909 obiectum
958 2879 1085 2908 autem
1123 2871 1360 2910 obedientiae
1389 2884 1472 2909 esse

411 2924 562 2961 videtur
590 2924 794 2972 superioris
822 2932 1086 2974 praeceptum:
1125 2925 1230 2974 quod
1259 2924 1472 2973 multiplici-

412 2985 467 3014 ter
497 2977 743 3014 diversificari
769 2977 940 3025 videtur,
971 2977 1183 3015 secundum
1213 2977 1384 3015 diversos
1413 2990 1473 3015 su—

413 3029 636 3078 perioritatis
677 3030 825 3077 gradus.
869 3032 970 3079 Ergo
1009 3030 1225 3068 obedientia
1264 3039 1319 3068 est
1355 3031 1473 3068 virtus

414 3082 597 3130 generalis
634 3083 703 3119 sub
734 3095 774 3119 se
802 3084 939 3120 multas
965 3084 1123 3121 virtutes
1157 3083 1339 3134 speciales
1369 3096 1473 3122 corn—

414 3136 667 3184 prehendens.

468 3189 542 3225 SED
561 3199 707 3224 CONTRA
732 3199 798 3225 EST
817 3188 921 3236 quod
949 3188 1164 3226 obedientia
1192 3201 1214 3225 a
1243 3189 1473 3236 quibusdam

415 3241 567 3289 ponitur
594 3253 681 3289 pars
710 3240 880 3287 iustitiae,
910 3248 951 3277 ut
979 3253 1094 3289 supra
1114 3242 1133 3263 ²¹⁸
1162 3241 1305 3278 dictum
1334 3248 1400 3278 est.

469 3294 693 3330 RESPONDEO
709 3305 891 3331 D1CENDUM
907 3294 1012 3342 quod
1031 3295 1079 3331 ad
1096 3293 1225 3330 omnia
1240 3306 1357 3342 opera
1373 3294 1474 3330 bona

416 3359 513 3395 quae
543 3346 744 3394 specialem
774 3346 895 3384 laudis
916 3347 1101 3384 rationem
1130 3347 1282 3393 habent,
1303 3346 1474 3395 specialis

470 3468 496 3499 α)
516 3468 580 3493 eius.
597 3481 615 3487 -
633 3469 687 3493 suis
706 3469 760 3498 AD,
780 3476 871 3493 eorum
891 3469 955 3494 PGI.

471 3502 494 3534 β)
515 3504 657 3528 voluntate.
675 3517 693 3522 -—
712 3507 799 3528 tamen
821 3505 916 3528 addunt
934 3505 981 3529 Pa.

470 3539 496 3571 γ)
517 3539 615 3570 implet.
632 3552 650 3558 -
668 3542 694 3563 et
713 3539 802 3570 implet
821 3539 868 3563 Pa.

2388 1514 2465 1605 ‘12³2‘
2481 1528 2492 1553 Ξ
2485 1503 2580 1566 ὦ]

2399 1532 2591 1647 {a

1519 1652 1639 1690 virtus
1672 1651 1963 1690 determinatur:
1992 1652 2067 1689 hoc
2097 1651 2199 1689 enim
2227 1651 2402 1701 proprie
2410 1650 2594 1701 competit

1521 1705 1661 1751 virtuti,
1690 1712 1732 1741 ut
1757 1716 1852 1753 opus
1879 1706 2021 1742 bonum
2049 1704 2184 1743 reddat
2199 1704 2232 1742 ⁸.
2261 1705 2432 1746 Obedire
2460 1712 2592 1747 autem

1522 1757 1709 1807 superiori
1744 1757 1918 1795 debiturn
1947 1765 2001 1795 est
2029 1759 2244 1796 secundum
2276 1756 2456 1799 ,divinum
2491 1757 2592 1800 ordis

1522 1823 1612 1848 nem
1643 1811 1756 1848 rebus
1794 1811 1975 1858 inditum,
2003 1818 2046 1848 ut
2073 1818 2272 1850 ostensum
2311 1818 2370 1849 est
2385 1811 2426 1850 *ε
2456 1818 2495 1848 et
2521 1819 2592 1861 per,

1524 1876 1763 1912 consequens
1799 1871 1854 1901 est
1891 1865 2058 1911 bonum,
2095 1876 2183 1902 cum
2224 1864 2374 1902 bonum
2412 1863 2594 1906 consistat

1523 1917 1562 1955 in
1589 1918 1713 1963 modo,
1733 1917 1854 1965 specie
1871 1922 1907 1954 et
1933 1917 2077 1963 ordine,
2095 1924 2138 1955 ut
2164 1917 2400 1966 Augustinus
2429 1916 2562 1965 dicits
2553 1928 2592 1955 in

1524 1970 1622 2008 libro
1641 1971 1687 2008 de
1704 1971 1796 2007 Nat.
1816 1970 1918 2008 Boni
1934 1969 1965 2007 ⁹¹².
1996 1970 2123 2009 Habet
2141 1978 2275 2011 autern
2288 1969 2353 2008 hic
2380 1977 2489 2009 actus
2505 1982 2593 2022 epm
2618 1981 2629 1992 ·

1524 2023 1659 2061 cialem
1689 2023 1875 2060 rationem
1903 2023 2024 2060 laudis
2044 2035 2090 2060 ex
2109 2023 2264 2072 speciali
2292 2022 2459 2063 obiecto..
2488 2021 2592 2064 Clam

1524 2076 1628 2114 enim
1655 2076 1853 2114 inferiores
1882 2075 1959 2113 suis
1988 2076 2248 2125 superioribus
2275 2077 2395 2115 multa
2426 2077 2593 2118 debeant

1525 2129 1724 2177 exhibere,
1753 2129 1850 2167 inter
1885 2136 2010 2167 cetera
2044 2130 2120 2167 hoe
2157 2137 2214 2168 est
2247 2141 2370 2168 unum
2405 2129 2591 2179 speciolaerq

1525 2182 1631 2232 quod
1668 2190 1844 2220 tenentur
1879 2182 1959 2219 eius
1980 2187 1996 2204 ‘²
2024 2183 2237 2232 praeceptis
2274 2182 2443 2221 obedire.
2471 2182 2593 2223 ,Unde

1525 2235 1742 2273 obedientia
1777 2243 1833 2273 est
1869 2235 2042 2284 specialis
2077 2236 2214 2276 virtus:
2245 2243 2281 2274 et
2309 2236 2391 2274 eius
2427 2235 2592 2285 speciale

1525 2289 1718 2326 obiectum
1741 2295 1797 2326 est
1814 2296 2063 2348 praeceptum
2091 2289 2250 2327 tacitum
2267 2289 2329 2327 vel
2355 2295 2591 2338 expressmd

1523 2342 1711 2379 Voluntas
1740 2341 1841 2379 enim
1870 2341 2086 2391 superioris,
2115 2354 2363 2392 quocumque
2387 2342 2509 2380 modo
2533 2342 2593 2381 ita-i

1525 2403 1716 2442 notescat,
1747 2402 1802 2432 est
1831 2393 2030 2442 quoddam
2058 2395 2214 2433 tacitum
2251 2402 2522 2444 praeceptum:
2543 2401 2593 2436 et

1525 2455 1630 2485 tanto
1658 2424 1809 2485 videtur
1834 2447 2052 2485 obedientia
2080 2448 2294 2497 promptior
2312 2455 2456 2507 quanto
2483 2459 2593 2499 prae·-

1526 2508 1680 2549 ceptum
1709 2511 1929 2549 expressum
1958 2500 2176 2539 obediendo
2205 2501 2424 2550 praevenit,
2453 2502 2592 2540 volun-

1525 2561 1599 2590 tate
1620 2551 1636 2583 β
1663 2553 1867 2601 superioris
1895 2553 2090 2590 intellecta.
2569 2572 2590 2590 -ι

1580 2608 1639 2642 An
1668 2617 1805 2643 ramum
1834 2617 1945 2643 ERGO
1960 2618 2145 2644 DicENDUM
2169 2607 2275 2656 quod
2294 2606 2386 2644 nihil
2414 2575 2593 2656 prohibet

1527 2659 1621 2696 duas
1650 2658 1832 2707 speciales
1861 2659 2042 2707 rationes,
2071 2660 2121 2697 ad
2150 2672 2245 2708 quas
2274 2660 2374 2697 duae
2409 2659 2592 2709 speciales

1525 2712 1683 2749 virtutes
1720 2711 1946 2761 respiciunt,
1975 2712 2014 2750 in
2041 2725 2120 2750 uno
2159 2720 2196 2750 et
2228 2713 2368 2751 eodem
2405 2712 2593 2752 materiali

1527 2765 1678 2802 obiecto
1707 2777 1954 2802 concurrere:
1983 2765 2079 2803 sicut
2106 2765 2228 2814 miles,
2259 2765 2503 2805 defendendo
2528 2777 2592 2805 nae

1526 2826 1646 2855 strum
1675 2818 1782 2866 regis,
1811 2818 1942 2867 implet
1960 2823 1975 2847 Υ
2005 2831 2103 2868 opus
2131 2819 2360 2857 fortitudinis
2386 2831 2466 2857 non
2494 2818 2593 2858 tw&

1526 2871 1631 2919 giens
1669 2871 1802 2908 mortis
1835 2871 2004 2920 pericula
2037 2879 2194 2921 propter
2225 2873 2394 2920 bonum,
2425 2880 2462 2910 et
2494 2883 2594 2922 opus

1525 2924 1687 2962 iustitiae
1716 2924 1886 2962 debitum
1916 2925 2112 2963 servitium
2140 2925 2300 2963 domino
2323 2937 2394 2963 suo
2413 2925 2592 2965 reddentis

1527 2978 1590 3015 Sic
1617 2977 1729 3026 igitur
1748 2977 1842 3015 ratio
1871 2978 2076 3028 praecepti,
2096 2990 2213 3027 quarn
2234 2978 2392 3016 attendit
2411 2977 2593 3017 obedien-2

1525 3031 1590 3078 tia,
1612 3030 1802 3068 concurrit
1821 3043 1909 3068 cum
1929 3031 2074 3068 actibus
2094 3030 2268 3069 omnium
2285 3031 2593 3070 virtutumxwuo'n

1526 3091 1656 3120 tamen
1677 3096 1766 3120 cum
1785 3083 1964 3121 omnibus
1982 3081 1995 3106 ὅ
2023 3083 2207 3123 virtutum
2227 3084 2386 3132 actibus,
2405 3084 2496 3133 quia
2508 3095 2592 3133 ,ηομ

1527 3149 1663 3173 omnes
1692 3143 1798 3173 actus
1825 3137 2008 3174 virtutum
2037 3145 2124 3175 sunt
2150 3138 2190 3176 in
2217 3145 2436 3187 praecepto,
2461 3145 2505 3186 ut
2530 3147 2591 3176 aa»

1526 3201 1596 3237 pra
1609 3188 1629 3211 ³⁸
1647 3189 1819 3226 habitum
1839 3197 1905 3227 est.
1928 3189 2106 3228 Similiter
2125 3191 2239 3229 etiam
2260 3191 2454 3239 quaedam
2464 3193 2590 3239 quao‘.
2618 3198 2628 3207 ·

1528 3241 1655 3289 doque
1695 3242 1766 3278 sub
1799 3250 2003 3291 praecepto
2042 3244 2182 3281 cadunt
2223 3255 2322 3292 quae
2357 3243 2406 3282 ad
2446 3242 2589 3280 nullam
2633 3267 2639 3278 ‚
2674 3240 2680 3251 ’

1528 3294 1640 3330 aliam
1674 3294 1852 3331 virtutem
1887 3295 2092 3343 pertinent:
2128 3303 2171 3333 ut
2207 3303 2311 3345 patet
2338 3296 2376 3333 in
2404 3295 2462 3333 his
2490 3307 2588 3344 quae

1528 3359 1606 3384 non
1635 3355 1720 3383 sunt
1748 3349 1847 3384 mala
1876 3348 1945 3385 nisi
1974 3349 2062 3398 quia
2089 3349 2292 3398 prohibita.

1582 3468 1607 3502 δ)
1627 3473 1715 3495 tamen
1733 3477 1792 3495 cum
1812 3470 1940 3495 omnibus.
1959 3484 1977 3490 —-
1995 3471 2065 3496 enim
2084 3479 2143 3498 cum
2162 3471 2280 3497 omnium
2303 3471 2503 3500 ABCDEFIKL,
2521 3471 2592 3496 enim

1529 3512 1588 3529 cum
1604 3505 1723 3530 omnibus
1743 3506 1774 3534 H.
1793 3512 1852 3530 cum
1878 3506 1998 3531 omnibus
2018 3507 2059 3532 ed.
2077 3514 2095 3532 a
2102 3514 2111 3536 ‚·
2135 3514 2182 3539 pro
2206 3506 2317 3536 actibus,
2336 3506 2438 3532 actibus
2455 3505 2593 3532 concurrit

1530 3540 1577 3572 pC,
1597 3541 1698 3564 actibus
1717 3541 1837 3565 omnibus
1854 3542 1991 3566 concurrit
2009 3541 2053 3567 sC.

2610 527 2692 577 sciit
2693 533 2822 576 raka:
