2860 4244
2 587 5 590 ⁴
18 592 19 598 ι
66 582 76 594 ·
88 581 156 604 Vm.
170 586 200 608 21,
215 586 250 603 η.

63 608 87 621 ·“
101 608 169 630 Ven.
182 613 222 636 59,
237 607 277 630 60.

163 528 178 562 β

163 644 181 670 Τ

47 2054 144 2103 ἰα-ρ.
153 2075 205 2103 vm,
214 2080 280 2097 ma.

1011 343 1277 390 QUAESTIO
1308 344 1375 392 CI,
1404 345 1701 382 ARTICULUS
1732 345 1783 382 lV

304 423 485 470 odiend0‚
514 435 672 460 necesse
701 431 756 460 est
783 423 890 471 quod
917 422 1262 471 praetermittantur
1288 424 1366 473 pie-

306 477 391 515 tatis
419 476 557 514 officia.
587 477 690 524 Ergo
709 483 865 525 propter
883 475 1106 524 religionem
1134 476 1261 513 officia
1288 477 1368 526 pie-

303 530 387 568 tatis
415 537 503 567 sunt
529 529 864 579 praetermittenda
882 527 909 566 β.

358 595 394 621 2.
423 584 665 630 PRAETEREA,
696 583 830 620 Matth.
858 593 920 619 vm
938 581 959 603 ²⁸
978 590 1015 619 et
1034 582 1127 619 Luc.
1155 594 1192 618 ix
1210 582 1251 604 *³¹²
1279 582 1368 619 dici-

304 645 365 674 tur
392 637 497 685 quod
530 636 719 673 Dominus
752 635 890 672 dicenti
918 634 1005 682 sibi,
1034 635 1210 671 Permitte
1241 636 1334 672 mihi
1351 640 1367 663 Υ

299 690 470 739 primum
499 688 555 725 ire
581 694 619 725 et
641 688 797 737 sepelire
818 693 969 736 patrem
988 700 1127 733 meum,
1156 689 1367 737 respondit:

305 743 394 780 Sine
422 747 463 779 ut
487 742 629 778 mortui
644 741 824 789 sepeliant
840 746 1008 778 mortuos
1034 752 1134 778 suos.
1167 742 1223 778 Tu
1243 747 1368 778 autem

305 795 402 833 vade
429 800 463 832 et
489 794 672 831 annuntia
701 805 863 844 regnum
892 794 976 840 Dei,
1006 794 1113 841 quod
1131 794 1293 843 pertinet
1320 794 1370 831 ad

306 847 541 896 religionem.
580 842 784 895 Sepultura
820 854 949 883 autem
985 847 1101 896 patris
1133 847 1295 896 pertinet
1321 847 1371 884 ad

305 900 453 951 pietatis
482 899 666 936 officium.
695 900 798 948 Ergo
818 899 967 948 pietatis
996 899 1167 937 officium
1189 908 1243 937 est
1261 912 1370 950 prae-

305 953 591 992 termittendum
620 960 776 1002 propter
803 952 1036 1001 religionem.

362 1008 395 1044 3.
425 1004 666 1053 Pax-mm,
696 1007 803 1043 Deus
839 1018 909 1055 per
945 1005 1203 1043 excellentiam
1239 1005 1373 1042 dicitur

306 1060 419 1097 Pater
446 1066 586 1096 noster.
617 1059 693 1096 Sed
722 1059 817 1096 sicut
843 1071 912 1108 per
929 1059 1077 1108 pietatis
1097 1058 1281 1106 obsequia
1310 1070 1372 1094 co-

305 1113 419 1150 limus
442 1119 631 1161 parentes,
651 1112 702 1149 ita
719 1124 789 1161 per
808 1111 1030 1160 religionem
1051 1111 1211 1148 colimus
1230 1112 1371 1148 Deum.

307 1166 410 1215 Ergo
430 1164 767 1215 praetermittenda
790 1172 877 1202 sunt
895 1165 1043 1214 pietatis
1073 1163 1258 1212 obsequia
1285 1176 1372 1213 pro-

306 1227 392 1269 pter
419 1218 607 1266 religionis
635 1218 790 1255 cultum.

359 1285 398 1320 4.
410 1273 652 1318 ΒΜΔ,
682 1270 845 1319 religiosi
873 1277 1048 1307 tenentur
1067 1282 1112 1306 ex
1131 1277 1236 1317 voto,
1267 1270 1373 1318 quod

305 1324 514 1374 ”transgredi
543 1336 622 1361 non
649 1324 746 1371 licet,
776 1336 868 1360 suae
897 1323 1086 1372 religionis
1110 1323 1373 1360 observantias

307 1379 479 1428 implere.
509 1378 732 1414 Secundum
761 1389 857 1425 quas
886 1376 963 1414 suis
990 1376 1211 1426 parentibus
1235 1377 1374 1414 subve-

306 1431 388 1471 nire
406 1428 684 1480 impediuntur:
709 1438 791 1467 turn
810 1438 966 1479 propter
983 1437 1261 1478 paupertatem,
1282 1430 1374 1478 quia

306 1484 465 1536 proprio
502 1491 653 1530 carent;
692 1491 774 1520 tum
811 1483 924 1521 etiam
959 1490 1116 1532 propter
1151 1482 1373 1520 inobedien-

307 1538 401 1576 tiam
419 1535 446 1586 δ,
467 1537 556 1587 quia
576 1538 658 1574 sine
686 1537 835 1574 licentia
854 1548 1014 1575 suorum
1042 1536 1300 1584 praelatorum
1321 1536 1374 1572 eis

309 1592 516 1629 claustrum
545 1590 645 1627 exire
673 1602 752 1627 non
781 1589 878 1627 licet.
915 1590 1018 1637 Ergo
1045 1595 1204 1637 propter
1231 1588 1376 1636 religio-

308 1657 399 1683 nem
418 1643 755 1694 praetermittenda
773 1647 786 1664 ⁸
815 1650 902 1680 sunt
929 1641 1078 1690 pietatis
1099 1641 1224 1678 officia
1243 1641 1281 1678 in
1308 1654 1375 1691 pa-

309 1705 447 1736 rentes.

363 1751 439 1789 San
467 1761 615 1788 CONTRA
637 1760 704 1786 EST
731 1748 836 1798 quod
864 1748 1075 1795 Dominus,
1106 1747 1242 1784 Matth.
1271 1760 1319 1785 xv
1338 1748 1373 1796 ²¹⁸,

307 1802 501 1852 redarguit
527 1802 766 1850 Pharisaeos,
787 1801 854 1850 qui
881 1801 1016 1838 intuitu
1040 1800 1230 1848 religionis
1254 1801 1376 1839 hono-

309 1869 392 1894 rem
419 1856 641 1906 parentibus
669 1855 841 1892 debitum
869 1855 1090 1892 subtrahere
1120 1854 1320 1892 docebant.

362 1911 589 1947 Responnsso
609 1920 794 1946 memnon
813 1908 919 1957 quod
939 1907 1067 1956 religio
1088 1915 1124 1944 et
1142 1906 1262 1956 pietas
1291 1915 1378 1945 sunt

309 1963 409 2002 duae
427 1963 598 2000 virtutes.
628 1962 744 1999 Nulla
772 1969 900 1999 autem
919 1961 1038 1998 virtus
1059 1960 1120 1998 alii
1138 1960 1267 1998 virtuti
1288 1974 1378 1999 con-

308 2015 484 2054 trariatur
511 2023 578 2053 aut
604 2022 807 2064 repugnat:
838 2014 928 2064 quia
956 2014 1169 2051 secundum
1206 2014 1378 2052 Philoso-

308 2070 444 2120 phum,
464 2069 504 2106 in
522 2068 840 2106 Praedicamentis
858 2067 890 2115 *,
920 2068 1068 2105 bonum
1087 2079 1167 2104 non
1187 2075 1243 2104 est
1271 2068 1376 2106 bono

310 2122 553 2161 contrarium.
591 2121 704 2160 Unde
738 2133 818 2158 non
846 2128 970 2170 potest
998 2133 1080 2158 esse
1118 2120 1224 2170 quod
1257 2121 1377 2170 pietas

303 2175 348 2214 'et
375 2175 504 2224 religio
529 2187 570 2212 se
599 2181 735 2212 mutuo
765 2173 986 2224 impediant,
1006 2182 1049 2211 ut
1075 2181 1233 2223 propter
1259 2187 1377 2212 unam

309 2229 461 2267 alterius
489 2236 595 2266 actus
614 2227 628 2252 ἶ
655 2229 886 2266 excludatur.
923 2227 1134 2264 Cuiuslibet
1171 2227 1272 2265 enim
1302 2228 1376 2265 vir·
1402 2226 1404 2261 Ξ

275 2299 282 2306 ·
309 2282 398 2320 tutis
427 2289 544 2327 actus,
564 2289 607 2318 ut
626 2293 671 2318 ex
699 2293 814 2330 supra
833 2280 853 2302 ²¹⁸
881 2280 986 2318 dictis
1005 2288 1119 2329 patet,
1150 2281 1283 2318 debitis
1308 2281 1376 2318 cir·
1402 2332 1403 2335 Ἴ

310 2334 545 2373 cumstantiis
565 2334 762 2372 limitatur:
792 2346 887 2382 quas
906 2334 936 2370 s‘i
955 2341 1178 2382 praetereat,
1199 2335 1274 2371 iam
1299 2346 1376 2372 non

311 2387 380 2426 erit
406 2388 554 2425 virtutis
591 2395 713 2434 actus,
743 2388 808 2424 sed
837 2387 928 2424 vitii.
965 2387 1077 2424 Unde
1111 2385 1163 2424 ‘ad
1196 2388 1376 2436 pietatem

309 2440 472 2491 pertinet
497 2441 668 2478 officium
699 2447 735 2477 et
763 2440 906 2477 cultum
939 2440 1160 2488 parentibus
1198 2439 1375 2478 exhibere

310 2494 525 2532 secundum
554 2494 724 2531 debitum
752 2493 927 2531 modum.
964 2494 1055 2530 Non
1081 2501 1136 2531 est
1155 2502 1283 2531 autem
1313 2494 1375 2531 de-

309 2547 410 2586 bitus
437 2547 578 2585 modus
605 2555 647 2584 ut
673 2547 759 2596 plus
786 2547 908 2583 homo
937 2546 1105 2584 intendat
1124 2552 1143 2574 '¹
1171 2548 1220 2584 ad
1249 2547 1375 2584 colen-

310 2601 404 2639 dum
441 2609 589 2651 patrem
626 2612 743 2649 quam
781 2600 830 2637 ad
868 2600 1072 2637 colendum
1109 2600 1262 2637 Deum:
1306 2600 1374 2638 sed

275 2671 283 2704 3
311 2654 406 2692 sicut
432 2653 661 2691 Ambrosius
690 2653 790 2700 dicit,
809 2665 923 2702 super
941 2654 1033 2690 Luc.
1054 2653 1086 2700 ²¹²,
1115 2654 1377 2690 necessitudini

308 2707 461 2758 generis
488 2707 638 2744 divinae
672 2706 866 2755 religionis
895 2706 1018 2754 pietas
1051 2708 1260 2755 antefertur
1279 2703 1302 2742 ⁰.
1335 2706 1375 2743 Si

311 2772 402 2808 ergo
432 2760 553 2797 cultus
580 2766 783 2808 parentum
807 2760 998 2796 abstrahat
1025 2772 1096 2796 nos
1116 2772 1139 2796 a
1159 2761 1260 2797 cultu
1288 2759 1373 2807 Dei,

310 2813 388 2850 iam
418 2825 497 2850 non
526 2821 624 2850 esset
650 2812 798 2861 pietatis
833 2820 1035 2860 parentum
1062 2812 1232 2849 insistere
1262 2813 1375 2849 cultui

312 2873 443 2903 contra
462 2867 603 2903 Deum.
623 2865 735 2902 Unde
755 2864 1015 2913 Hieronymus
1035 2865 1134 2912 dicit,
1155 2865 1194 2902 in
1219 2864 1376 2914 epistola

277 2937 284 2944 ·
311 2919 363 2956 ad
387 2918 640 2956 Heliodorum
662 2917 700 2954 *ε
728 2918 803 2954 Per
839 2918 1023 2955 calcatum
1055 2929 1178 2967 perge
1203 2924 1374 2966 patrem,

305 2984 379 3021 per
406 2971 590 3009 calcatam
612 2982 736 3020 perge
763 2976 935 3017 matrem,
963 2971 1015 3007 ad
1038 2970 1220 3007 vexillum
1254 2971 1376 3007 crucis

312 3025 431 3062 evola.
452 3026 651 3062 Summum
669 3035 790 3073 genus
811 3023 960 3071 pietatis
978 3029 1032 3060 est
1049 3023 1086 3060 in
1106 3024 1178 3060 hac
1201 3035 1243 3060 re
1249 3024 1377 3072 fuisse

312 3078 512 3116 crudelem.
549 3078 599 3114 Et
626 3076 713 3114 ideo
742 3076 781 3113 in
809 3076 871 3113 tali
901 3088 991 3113 casu
1028 3075 1252 3114 dimittenda
1289 3084 1376 3113 sunt

313 3131 466 3168 officia*
494 3131 532 3168 in
568 3137 746 3179 parentes
783 3136 939 3178 propter
973 3128 1147 3166 divinum
1184 3129 1376 3177 religionis

313 3185 456 3222 cultum
475 3183 507 3221 ²⁸.
537 3204 561 3210 -
591 3183 631 3220 Si
657 3194 752 3219 vero
781 3182 996 3219 exhibendo
1026 3182 1153 3219 debita
1188 3182 1375 3230 obsequia

312 3236 531 3287 parentibus
558 3249 638 3273 non
665 3236 931 3273 abstrahamur
958 3248 980 3272 a
1009 3235 1139 3272 divino
1159 3236 1273 3283 cultu,
1301 3236 1376 3273 hoc

312 3291 389 3328 iam
418 3289 619 3339 pertinebit
643 3289 693 3326 ad
718 3288 910 3338 pietatem.
940 3289 990 3326 Et
1017 3288 1071 3325 sic
1089 3301 1167 3326 non
1187 3289 1377 3338 oportebit

311 3350 468 3393 propter
496 3342 717 3390 religionem
745 3341 925 3390 pietatem
955 3342 1130 3379 deserere
1148 3347 1176 3379 κ.

366 3456 392 3490 β)
408 3455 660 3489 praetermittenda.
678 3469 696 3474 -
715 3455 916 3480 intermittenda
935 3455 1036 3480 AElsC.

365 3493 392 3560 {i
411 3490 855 3553 imnissssafien'ssivfffxfiialiepciiessifssm
874 3525 974 3550 peno.

366 3564 389 3596 ε)
403 3562 657 3596 praetermittenda.
674 3576 694 3580 —
712 3561 914 3586 intermittenda
931 3560 1106 3593 ABCFGIpK.

365 3598 390 3632 ζ)
411 3606 491 3624 unam
510 3598 622 3623 alterius
639 3600 723 3622 actus.
741 3610 760 3615 -
777 3600 866 3622 actum
879 3596 958 3621 unius
975 3599 1051 3621 actus
1068 3596 1180 3622 alterius
1199 3595 1252 3621 ΡΙ),

365 3634 393 3666 η)
413 3634 544 3660 intendat.
560 3647 580 3653 -
598 3633 691 3658 tendat
709 3633 756 3658 Pa.

367 3667 391 3702 θ)
410 3670 570 3703 antefertur.
587 3683 607 3688 —
623 3669 748 3702 aufertur
766 3666 886 3698 BCDEF,
905 3667 995 3699 aufert
1013 3667 1047 3691 H.

2413 346 2481 394 371

1474 427 1533 461 AD
1553 435 1691 461 ptumum
1710 435 1808 461 ERGO
1828 436 2013 462 DlCENDUM
2029 424 2133 473 quod
2149 423 2355 472 Gregorius
2374 424 2405 470 ³³,
2427 437 2488 461 ex-

1421 490 1571 527 ponens
1598 477 1689 514 illud
1716 477 1881 515 verbum
1910 477 2080 524 Domini,
2111 477 2198 514 dicit
2225 477 2330 526 quod
2347 488 2488 525 paren-

1422 537 1475 568 tes
1501 542 1594 579 quos
1622 531 1861 568 adversarios
1885 531 1922 567 in
1941 531 2004 568 via
2023 531 2099 568 Dei
2118 531 2302 579 patimur,
2331 531 2488 567 odiendo

1422 589 1459 620 et
1470 584 1664 633 fugiendo
1693 584 1837 620 nescire
1873 584 2060 621 debemus.
2100 584 2140 620 Si
2175 583 2278 620 enim
2312 591 2489 631 parentes

1423 637 1541 674 nostri
1569 648 1640 673 nos
1677 644 1891 685 provocent
1918 637 1966 674 ad
1995 637 2254 686 peccandum,
2285 644 2321 673 et
2348 637 2490 673 abstra-

1422 691 1516 726 hant
1543 701 1614 725 nos
1643 701 1666 725 a
1695 690 1796 726 cultu
1826 689 1975 736 divino,
2006 690 2193 728 debemus
2228 697 2414 738 quantum
2441 690 2489 726 ad

1423 743 1498 779 hoc
1528 754 1594 778 eos
1615 742 1788 779 deserere
1809 750 1845 779 et
1864 743 1983 780 odire.
2014 744 2063 780 Et
2080 744 2156 780 hoc
2176 743 2294 779 modo
2315 742 2491 780 dicuntur

1425 794 1582 832 Levitae
1611 807 1701 831 suos
1731 796 2037 844 consanguineos
2056 796 2271 844 ignorasse:
2301 796 2391 844 quia
2409 795 2491 833 ido-

1424 847 1578 894 lolatris,
1595 849 1808 885 secundum
1828 849 2051 886 mandatum
2072 848 2242 895 Domini,
2258 861 2337 886 non
2355 861 2490 898 peper-

1426 908 1570 947 cerunt,
1590 909 1632 937 ut
1650 901 1813 938 habetur
1829 903 1955 939 Exod.
1970 914 2067 938 xxxu
2084 902 2116 939 ²¹².
2137 923 2160 929 -
2182 903 2342 939 Iacobus
2362 910 2490 939 autem

1427 961 1463 990 et
1496 955 1659 990 loannes
1697 954 1899 991 laudantur
1928 967 1972 991 ex
2009 956 2083 991 hoc
2112 955 2217 1004 quod
2254 956 2372 992 secuti
2406 964 2492 992 sunt

1426 1006 1640 1044 Dominum
1662 1006 1819 1044 dimisso
1839 1015 2007 1056 parente,
2025 1020 2104 1045 non
2124 1008 2211 1058 quia
2231 1019 2365 1045 eorum
2386 1016 2493 1058 pater

1428 1071 1494 1096 eos
1513 1067 1742 1108 provocaret
1771 1060 1819 1097 ad
1848 1061 2013 1097 malum:
2043 1061 2110 1098 sed
2139 1061 2228 1110 quia
2252 1061 2358 1098 aliter
2385 1061 2493 1099 aesti-

1427 1113 1585 1150 mabant
1603 1112 1730 1161 ipsum
1748 1125 1862 1161 posse
1881 1113 1999 1150 vitam
2018 1115 2234 1162 transigere,
2257 1115 2308 1152 eis
2332 1127 2493 1164 sequen-

1425 1166 1527 1203 tibus
1557 1165 1763 1202 Christum.

1480 1221 1540 1256 Ao
1577 1231 1768 1256 SECUNDUM
1805 1231 1990 1256 mei-:NDUM
2029 1220 2134 1268 quod
2172 1220 2363 1257 Dominus
2405 1221 2492 1258 ideo

1426 1272 1623 1322 prohibuit
1658 1272 1886 1321 discipulum
1925 1285 1947 1309 a
1985 1273 2177 1321 sepultura
2211 1273 2347 1322 patris,
2385 1273 2493 1321 quia,

1428 1325 1524 1363 sicut
1549 1326 1850 1374 Chrysostomus
1880 1325 1969 1362 dicit
1986 1325 2026 1373 ²¹⁸,
2050 1337 2124 1374 per
2150 1328 2221 1363 hoc
2249 1338 2335 1363 eum
2362 1327 2494 1363 Domi-

1428 1391 1499 1416 nus
1525 1385 1549 1415 α·
1570 1378 1694 1415 multis
1721 1379 1831 1416 malis
1859 1379 2010 1427 eripuit:
2032 1385 2127 1427 puta
2147 1379 2303 1416 luctibus
2331 1386 2368 1416 et
2392 1392 2493 1418 mae-

1428 1432 1589 1477 roribus,
1619 1437 1655 1468 et
1680 1432 1764 1469 aliis
1791 1443 1889 1480 quae
1915 1433 2003 1469 hinc
2034 1439 2290 1481 expectantur.
2326 1434 2415 1469 Post
2439 1445 2494 1470 se-

1422 1485 1619 1533 pulturam
1648 1485 1748 1522 enim
1769 1497 1916 1522 necesse
1930 1491 2014 1522 erat
2030 1493 2066 1522 et
2083 1491 2301 1524 testamenta
2319 1487 2494 1533 scrutari,

1429 1544 1466 1575 et
1490 1538 1727 1575 haereditatis
1755 1538 1987 1584 divisionem,
2017 1545 2053 1575 et
2078 1538 2154 1576 alia
2189 1540 2413 1577 huiusmodi.
2446 1541 2498 1576 Et

1423 1591 1630 1641 praecipue
1666 1592 1754 1640 quia
1782 1591 1850 1628 alii
1882 1597 1992 1628 erant
2018 1592 2084 1640 qui
2109 1593 2297 1641 complere
2319 1598 2498 1643 poterant

1428 1645 1540 1682 huius
1557 1645 1712 1692 funeris
1738 1645 1982 1692 sepulturam.

1482 1698 1573 1745 Vel,
1602 1697 1699 1734 sicut
1727 1697 1890 1746 Cyrillus
1918 1698 2082 1746 exponit,
2112 1710 2227 1746 super
2254 1699 2414 1746 Lucam,
2443 1699 2496 1735 di-

1428 1750 1593 1799 scipulus
1621 1750 1682 1787 ille
1709 1762 1784 1787 non
1807 1751 1915 1799 petiit
1949 1752 2050 1799 quod
2074 1757 2222 1798 patrem
2259 1752 2336 1788 iam
2365 1752 2495 1800 defun-

1430 1809 1532 1840 ctum
1557 1803 1746 1852 sepeliret:
1778 1804 1845 1840 sed
1870 1804 1994 1841 adhuc
2028 1805 2212 1841 viventem
2248 1805 2286 1841 in
2313 1811 2498 1841 senectute

1429 1862 1652 1894 sustentaret
1683 1868 1874 1905 usquequo
1910 1857 2082 1905 sepeliret
2098 1858 2123 1894 λ.
2165 1858 2276 1900 Quod
2309 1859 2497 1894 Dominus

1431 1923 1506 1947 non
1544 1910 1742 1956 concessit,
1772 1911 1861 1959 quia
1895 1916 2005 1947 erant
2042 1911 2110 1947 alii
2146 1911 2212 1959 qui
2246 1911 2325 1947 eius
2361 1922 2494 1948 curam

1429 1964 1569 2000 habere
1593 1968 1779 2011 poterant,
1809 1963 1908 2000 linea
1929 1963 2151 2012 parentelae
2177 1964 2354 2001 adstricti.

1484 2019 1543 2053 AD
1571 2028 1732 2054 TERTitJM
1760 2028 1944 2054 memnon
1970 2016 2077 2065 quod
2099 2017 2174 2053 hoc
2201 2017 2327 2065 ipsum
2346 2023 2363 2046 μ
2391 2017 2496 2065 quod

1430 2069 1651 2120 parentibus
1689 2070 1902 2107 carnalibus
1931 2082 1976 2106 ex
2008 2070 2148 2119 pietate
2186 2070 2429 2117 exhibemus,
2459 2070 2496 2107 in

1430 2124 1559 2160 Deum
1580 2122 1795 2160 referimus:
1816 2123 1912 2160 sicut
1931 2131 1967 2160 et
1987 2123 2059 2160 alia
2078 2123 2359 2161 misericordiae
2380 2135 2496 2173 opera

1431 2188 1529 2223 quae
1558 2176 1866 2224 quibuscumque
1895 2176 2077 2225 proximis
2105 2176 2380 2225 impendimus,
2410 2178 2495 2213 Deo

1431 2229 1597 2266 exhibita
1623 2229 1813 2276 videntur,
1843 2230 2054 2266 secundum
2084 2229 2175 2266 illud
2203 2230 2337 2267 Matth.
2366 2242 2438 2266 xxv
2456 2229 2495 2267 *ε

1433 2282 1547 2330 Quod,
1571 2283 1639 2319 uni
1664 2295 1714 2319 ex
1741 2283 1906 2319 minimis
1934 2284 2025 2319 meis
2043 2283 2201 2331 fecistis,
2231 2283 2324 2320 mihi
2335 2283 2494 2331 fecistis.

1431 2336 1479 2372 Et
1506 2335 1594 2372 ideo
1624 2336 1654 2372 si
1674 2336 1887 2372 carnalibus
1916 2336 2134 2385 parentibus
2154 2344 2283 2373 nostra
2311 2336 2497 2384 obsequia

1430 2396 1517 2425 sunt
1544 2389 1768 2436 necessaria,
1797 2397 1839 2426 ut
1867 2389 1948 2426 sine
1977 2389 2034 2426 his
2072 2389 2278 2426 sustentari'
2298 2401 2375 2426 non
2408 2402 2496 2438 pos—

1430 2441 1522 2487 sint;
1552 2454 1623 2478 nec
1651 2454 1722 2479 nos
1751 2442 1799 2479 ad
1820 2442 1960 2490 aliquid
1992 2450 2122 2479 contra
2141 2443 2269 2479 Deum
2298 2442 2497 2480 inducant:

1429 2507 1509 2532 non
1538 2495 1724 2532 debemus
1752 2495 1887 2532 intuitu
1917 2495 2104 2543 religionis
2134 2508 2200 2532 eos
2230 2495 2416 2532 deserere.
2457 2496 2496 2533 Si

1430 2556 1559 2585 autem
1588 2548 1669 2585 sine
1688 2557 1846 2597 peccato
1877 2561 2012 2585 eorum
2033 2548 2228 2596 obsequiis
2252 2561 2389 2585 vacare
2419 2561 2497 2586 non

1429 2613 1656 2650 possumus3
1685 2603 1748 2639 vel
1779 2602 1893 2639 etiam
1923 2602 1953 2638 si
1982 2603 2127 2650 absque
2156 2610 2286 2638 nostro
2308 2602 2495 2650 obsequio

1428 2663 1591 2703 possunt
1618 2655 1842 2692 sustentari:
1880 2655 2023 2692 licitum
2053 2663 2109 2692 est
2138 2667 2273 2692 eorum
2310 2656 2495 2703 obsequia

1427 2708 1728 2756 praetermittere
1749 2708 1797 2745 ad
1817 2709 1892 2745 hoc
1916 2709 2022 2756 quod
2041 2708 2204 2757 amplius
2233 2708 2403 2756 religioni
2430 2721 2496 2745 va-

1430 2773 1572 2798 cemus.

1482 2815 1541 2850 AD
1571 2825 1745 2855 QUARTUM
1765 2826 1949 2851 DICENDUM
1970 2815 2074 2862 quod
2093 2814 2194 2851 aliud
2216 2821 2270 2849 est
2290 2813 2494 2851 dicendum

1430 2865 1477 2903 de
1507 2879 1554 2902 eo
1583 2866 1647 2914 qui
1685 2874 1740 2903 est
1776 2867 1902 2904 adhuc
1930 2867 1967 2903 in
1995 2868 2147 2903 saeculo
2186 2867 2429 2913 constitutus,
2461 2875 2496 2903 et

1430 2918 1531 2956 aliud
1560 2919 1607 2955 de
1637 2932 1683 2956 eo
1713 2919 1777 2968 qui
1811 2928 1867 2956 est
1900 2919 1976 2956 iam
2004 2920 2043 2956 in
2075 2919 2255 2967 religione
2287 2920 2493 2968 professus.

1430 2972 1494 3008 llle
1524 2971 1625 3008 enim
1655 2973 1719 3021 qui
1750 2980 1805 3009 est
1824 2972 1861 3009 in
1882 2973 2035 3009 saeculo
2066 2972 2299 3019 constitutus,
2321 2972 2352 3009 si
2379 2973 2495 3010 habet

1429 3032 1605 3072 parentes
1633 3025 1697 3074 qui
1725 3025 1806 3062 sine
1844 3026 1928 3074 ipso
1965 3025 2164 3062 sustentari
2201 3038 2280 3062 non
2317 3034 2491 3073 possunt,

1429 3089 1508 3114 non
1537 3077 1670 3126 debet,
1699 3078 1752 3115 eis
1780 3078 1932 3125 relictis,
1962 3079 2186 3126 religionem
2220 3079 2376 3115 intrare:
2406 3079 2495 3127 quia

1429 3131 1751 3178 transgrederetur
1778 3139 2025 3180 praeceptum
2046 3132 2093 3169 de
2121 3131 2372 3169 honoratione
2391 3138 2404 3152 ⁹
2429 3145 2494 3181 pa-

1430 3191 1593 3221 rentum.
1624 3205 1648 3212 -
1678 3184 1868 3231 Quamvis
1897 3185 2022 3222 dicant
2050 3185 2206 3233 quidam
2245 3185 2350 3233 quod
2380 3185 2493 3221 etiarn

1430 3236 1468 3273 in
1496 3237 1572 3273 hoc
1608 3250 1698 3274 casu
1726 3237 1824 3274 licite
1861 3246 1992 3287 posset
2029 3250 2096 3275 eos
2134 3238 2329 3284 deserere,
2360 3250 2492 3274 eorum

1431 3302 1562 3327 curam
1590 3291 1676 3327 Deo
1698 3291 1942 3328 committens
1962 3289 1985 3329 ξ.
2016 3291 2093 3328 Sed
2122 3291 2151 3328 si
2171 3291 2255 3339 quis
2275 3298 2374 3327 recte
2404 3303 2494 3327 con-

1430 3342 1580 3391 sideret,
1610 3344 1686 3381 hoc
1706 3351 1804 3381 esset
1831 3352 1973 3382 tentare
1993 3346 2140 3381 Deum:
2171 3356 2258 3380 cum
2283 3344 2429 3381 habens
2450 3356 2494 3380 ex

1484 3459 1502 3490 ι)
1522 3457 1620 3491 officia.
1638 3474 1658 3478 —
1671 3459 1784 3491 pietatis
1803 3459 1900 3484 addunt
1918 3458 1989 3483 PDa.
2006 3472 2025 3476 -
2043 3458 2093 3482 Pro
2112 3457 2240 3486 divinum,
2260 3457 2346 3482 divini
2363 3458 2495 3489 ABEFIL,

1431 3493 1538 3518 divinae
1556 3494 1620 3525 GH;
1640 3495 1732 3519 abrasa
1750 3495 1799 3527 pC.

1484 3530 1509 3563 κ)
1529 3526 1659 3555 deserere.
1676 3544 1695 3549 -
1714 3531 1819 3563 deferre
1838 3529 1998 3561 BEFLpAK,
2017 3527 2126 3561 differre
2146 3527 2196 3560 pG.

1482 3565 1511 3598 λ)
1530 3566 1660 3598 sepeliret.
1678 3580 1697 3585 -
1716 3573 1768 3590 non
1787 3565 1910 3597 sepeliret
1928 3564 1958 3594 E,
1977 3563 2133 3594 sepeliretur
2151 3563 2197 3587 Pa.

1484 3602 1512 3635 μ.)
1532 3601 1628 3634 ipsum.
1644 3615 1664 3621 -
1682 3601 1743 3626 Om.
1764 3601 1804 3625 ΡΙ.

1483 3637 1507 3669 ν)
1526 3637 1710 3662 honoratione.
1728 3650 1748 3655 -
1766 3635 1982 3669 honorificatione
2000 3634 2091 3659 BHIK.

1485 3670 1508 3705 ξ)
1526 3672 1702 3697 committens.
1720 3686 1739 3691 -
1757 3671 1951 3697 committentes
1969 3671 2010 3695 131.

2517 431 2527 440 ⁸
2537 429 2607 451 Hom.
2618 429 2726 451 XXXVII

2517 456 2541 477 in
2555 455 2649 484 Evang.

2519 908 2606 931 *ναι
2621 909 2648 931 26
2664 915 2715 937 sqq.

2522 1327 2531 1337 ·
2545 1327 2571 1349 ιη
2587 1327 2669 1349 Manu.
2690 1328 2732 1349 ho-

2523 1354 2570 1375 mil.
2589 1353 2688 1380 xxvn,
2704 1354 2733 1375 ai.

2522 1380 2628 1402 xxvm.

2524 2231 2534 2241 ⁸
2549 2230 2614 2252 Vers.
2629 2236 2668 2257 4⁰·
