2860 4244
141 1608 151 1618 ⁸
166 1607 230 1628 Vers.
247 1614 265 1635 5,
280 1613 303 1634 9.

392 216 461 241 120
1061 203 1328 250 QUAEsT1o
1358 204 1475 250 Lxx,
1504 204 1800 241 ARTICULUS
1827 172 1881 241 iv

1161 320 1479 362 ARTICULUS
1509 320 1780 369 QUARTUS

748 413 902 444 UTRUM
926 411 1096 442 FALSUM
1120 411 1424 442 TESTIMONIUM
1448 411 1615 442 SEMPER
1639 411 1705 442 srr
1728 411 1966 443 PECCATUM
1989 412 2201 443 MORTALE

568 569 570 571 ·
593 553 728 589 falsum
748 551 1006 588 testimonium
1023 563 1101 587 non
1121 563 1273 611 semper
1292 551 1337 588 sit
1355 560 1469 600 pec-

431 601 434 609 *
483 621 518 649 ⁷4
540 610 719 646 ficatum
740 605 909 641 mortale
941 603 1134 651 Contingit
1157 604 1258 641 enim
1277 604 1470 668 aliquem
1468 612 1469 629 l

1468 684 1470 694 ,
1468 650 1562 693 sed
1591 657 1715 693 solum
1746 656 1811 704 qui
1846 656 1879 693 ei
1907 669 2017 694 suam
2051 657 2230 695 iustitiam
2260 657 2364 695 tollit.
2385 678 2408 685 -
2429 657 2560 694 Tertio

1496 709 1637 756 modo,
1666 721 1711 745 ex
1740 709 1821 757 ipsa
1849 709 2028 758 falsitate,
2057 711 2270 748 secundum
2303 711 2410 758 quod
2445 722 2561 747 omne

380 762 453 799 tali.
484 763 584 810 Ergo
622 762 884 799 testimonium
922 763 1060 799 falsum
1089 775 1169 800 non
1203 775 1356 812 semper
1389 766 1470 800 est}

417 641 447 682 ’κ
470 650 533 697 {¹7:3³0
549 649 728 694 &falsum
748 657 1008 694 testimonium
1037 657 1133 693 ferre
1158 669 1204 694 ex
1231 657 1443 705 ignorantia

381 711 478 746 facti.
509 710 586 746 Sed
605 710 687 746 talis
715 709 926 757 ignorantia
946 717 1099 746 excusat
1118 722 1140 746 a
1163 718 1321 759 peccato
1342 722 1445 747 mor-

379 822 579 863 peccatum
608 816 781 852 mortale.

434 880 468 904 2.
490 868 723 910 PRAETEREA,
744 867 989 905 mendacium
1019 869 1124 917 quod
1148 867 1259 905 alicui
1287 868 1444 917 prodest
1469 871 1471 910 ξ

380 928 415 956 et
443 920 534 957 nulli
554 929 677 967 nocet,
703 929 758 958 est
786 920 1017 968 officiosum,
1038 922 1143 970 quod
1166 934 1245 958 non
1274 929 1329 958 est
1356 934 1444 970 pec·
1470 942 1471 960 1

380 981 507 1010 catum
536 975 707 1010 mortale.
739 975 816 1011 Sed
837 974 1070 1022 quandoque
1095 974 1133 1010 in
1152 974 1246 1011 falso
1275 974 1444 1011 testimo-

379 1026 442 1062 nio
482 1034 536 1062 est
563 1027 637 1063 tale
674 1027 940 1064 mendacium:
970 1034 1062 1075 puta
1091 1039 1178 1063 cum
1215 1027 1349 1075 aliquis
1378 1028 1443 1064 fal-

379 1091 464 1115 sum
493 1079 752 1117 testimonium
774 1085 791 1101 ²
819 1079 993 1128 perhibet
1015 1087 1056 1116 ut
1075 1080 1241 1128 aliquem
1271 1092 1292 1116 a
1319 1088 1444 1117 morte

379 1132 532 1179 liberet,
562 1133 624 1169 vel
652 1133 700 1169 ab
738 1133 873 1169 iniusta
901 1132 1086 1169 sententia
1114 1144 1213 1180 quae
1241 1132 1445 1169 intentatur
1470 1142 1472 1184 Ι

378 1197 447 1233 per
475 1184 603 1221 aliosss
631 1186 746 1222 falsos
774 1193 886 1222 testes
913 1186 976 1222 vel
1004 1197 1073 1233 per
1095 1184 1229 1221 iudicis
1255 1185 1442 1232 perversi-

378 1245 507 1274 tatem.
532 1239 634 1285 Ergo
655 1239 727 1275 tale
747 1239 883 1276 falsum
902 1237 1163 1274 testimonium
1183 1249 1262 1273 non
1283 1245 1338 1274 est
1355 1250 1444 1286 pec·
1470 1244 1471 1251 ¹

380 1299 506 1327 catum
535 1292 707 1328 mortale.

434 1344 468 1380 3.
490 1344 725 1389 PRAETEREA,
745 1343 1004 1379 iuramentum
1023 1354 1046 1378 a
1064 1348 1158 1378 teste
1183 1341 1385 1389 requiritur
1403 1350 1445 1379 ut

378 1396 509 1433 timeat
526 1408 686 1444 peccare
706 1395 914 1432 mortaliter
933 1394 1186 1432 deierando&

378 1461 456 1485 non
485 1456 584 1486 esset
611 1448 870 1486 necessarium
899 1447 930 1484 si
956 1448 1083 1497 ipsum
1109 1447 1247 1484 falsum
1275 1448 1444 1485 testimo-

378 1501 484 1539 nium
505 1509 604 1539 esset
630 1510 833 1551 peccatum
852 1502 1025 1538 mortale.
1055 1501 1157 1549 Ergo
1186 1501 1324 1538 falsum
1344 1502 1444 1539 testi-

378 1554 553 1592 monium
582 1568 661 1592 non
688 1567 842 1604 semper
870 1562 926 1592 est
952 1562 1152 1603 peccatum
1182 1555 1355 1591 mortale.

432 1609 506 1645 SED
527 1620 673 1646 CONTRA
700 1620 767 1645 EST
786 1608 891 1656 quod
915 1607 1050 1645 dicitur
1067 1608 1184 1644 Prov.
1208 1619 1269 1644 xix
1287 1606 1327 1644 *z
1355 1608 1444 1645 Fal-

376 1673 439 1698 sus
467 1662 565 1698 testis
593 1674 667 1699 non
697 1662 769 1698 erit
794 1660 1008 1710 impunitus.

431 1715 658 1752 Responnao
678 1726 862 1752 morannum
891 1714 996 1763 quod
1015 1713 1151 1749 falsum
1182 1712 1443 1750 testimonium

378 1768 493 1804 habet
510 1768 695 1816 triplicem
715 1766 1008 1805 deformitatem.
1029 1766 1116 1803 Uno
1137 1765 1269 1811 modo,
1290 1777 1335 1802 ex
1359 1778 1444 1814 per-

378 1820 494 1857 iurio:
525 1821 613 1870 quia
632 1828 746 1858 testes
774 1833 852 1858 non
871 1820 1121 1857 admittuntur
1148 1818 1220 1855 nisi
1242 1817 1365 1856 iurati.
1395 1819 1445 1856 Et

379 1886 424 1910 ex
438 1875 514 1911 hoc
528 1887 681 1924 semper
696 1881 752 1910 est
766 1880 963 1923 peccatum
981 1871 1152 1909 mortale.
1163 1892 1187 1900 -
1203 1871 1289 1908 Alio
1309 1871 1443 1920 modo,

379 1939 424 1964 ex
451 1927 656 1964 violatione
686 1926 859 1964 iustitiae.
889 1927 939 1963 Et
965 1926 1040 1962 hoc
1067 1924 1188 1962 modo
1228 1931 1283 1961 est
1309 1937 1443 1973 pecca-

378 1988 459 2017 tum
495 1981 655 2017 mortale
684 1980 723 2017 in
761 1993 831 2017 suo
859 1991 1019 2028 genere,
1047 1978 1144 2015 sicut
1180 1985 1216 2014 et
1253 1977 1445 2026 quaelibet

379 2033 565 2070 iniustitia.
596 2034 645 2070 Et
672 2032 759 2070 ideo
780 2033 818 2070 in
846 2039 1051 2081 praecepto
1079 2030 1250 2078 decalogi
1278 2031 1349 2068 sub
1373 2031 1445 2068 hac

379 2086 502 2123 forma
529 2085 762 2124 interdicitur
788 2086 926 2123 falsum
958 2084 1242 2131 testimonium,
1273 2096 1361 2121 cum
1391 2083 1445 2121 di-

433 2200 460 2232 α)
481 2199 670 2224 testimonium.
682 2213 701 2217 -
721 2198 782 2224 Orn.
797 2199 826 2224 P.

433 2234 457 2268 β)
478 2235 555 2260 alios.
569 2248 587 2254 —
606 2234 709 2266 aliquos
728 2234 775 2259 Pa.

1209 1395 1294 1431 Hoc
1314 1402 1443 1433 autem
1470 1388 1472 1399 .

592 512 614 537 D
635 511 807 542 QUARTUM
826 510 879 535 sm
899 509 1139 535 pnocamrua.
1159 498 1318 535 Videtur
1337 498 1442 547 quod
1467 498 1469 567 Ι
1495 498 1588 534 citur
1604 499 1729 535 Exod.
1749 511 1797 535 xx
1815 499 1855 536 *z
1883 499 1974 536 Non
2005 499 2171 548 loquaris
2190 505 2322 536 contra
2336 499 2560 548 proximum

1494 557 1599 587 tuum
1615 551 1767 599 salsum
1796 552 2069 589 testimonium.-
2098 564 2176 588 non
2206 551 2306 588 enim
2336 559 2467 590 contra
2495 552 2561 589 ali-

1496 616 1613 651 quem
1642 604 1730 640 faeit
1757 605 1822 653 qui
1842 616 1931 641 eum
1956 605 2004 641 ab
2033 604 2169 642 iniuria
2188 604 2361 642 facienda
2388 603 2559 653 impedit,

1496 762 1741 799 mendacium
1771 769 1827 798 est
1854 740 2068 810 peccatuin.
2098 764 2147 800 Et
2175 775 2220 799 ex
2237 764 2313 800 hoc
2341 775 2420 800 non
2447 764 2563 800 habet

1496 816 1634 853 falsum
1662 814 1923 851 testimonium
1959 815 2064 863 quod
2098 827 2251 865 semper
2283 815 2330 853 sit
2360 822 2561 866 peccatum

1497 868 1669 905 mortale.

1549 923 1607 958 An
1637 932 1774 957 ramum
1802 931 1901 956 ERGO
1929 931 2114 956 mcanoum
2142 920 2250 968 quod
2275 920 2314 957 in
2342 921 2561 959 testimonio

1470 976 1471 1025 J
1495 973 1652 1011 ferendo
1673 986 1752 1010 non
1772 973 1886 1011 debet
1903 973 2024 1009 homo
2042 985 2113 1021 pro
2134 981 2236 1010 certo
2256 985 2437 1022 asserere,
2454 974 2563 1022 quasi

1497 1027 1639 1073 sciens,
1665 1026 1704 1063 id
1733 1026 1780 1063 de
1818 1038 1895 1074 quo
1925 1033 2049 1062 certus
2086 1037 2164 1063 non
2198 1033 2270 1063 est:
2300 1026 2368 1063 sed
2402 1026 2562 1063 dubium

1497 1080 1612 1117 debet
1639 1080 1710 1116 sub
1748 1079 1866 1116 dubio
1903 1079 2094 1127 proferre,
2125 1086 2160 1115 et
2187 1078 2226 1116 id
2255 1078 2303 1115 de
2331 1090 2408 1127 quo
2438 1086 2561 1116 certus

1497 1140 1553 1169 est
1579 1144 1650 1180 pro
1681 1139 1782 1168 certo
1803 1143 1984 1168 asserere.
2016 1131 2093 1168 Sed
2121 1131 2211 1180 quia
2229 1131 2411 1180 contingit
2439 1144 2484 1169 ex
2511 1132 2563 1169 la-

1497 1185 1637 1222 bilitate
1655 1185 1846 1221 humanae
1867 1184 2078 1221 memoriae
2093 1184 2199 1232 quod
2219 1191 2368 1233 reputat
2386 1196 2426 1221 se
2441 1185 2561 1222 homo

1497 1238 1729 1286 quandoque
1759 1244 1903 1273 certum
1932 1248 2014 1274 esse
2043 1237 2090 1274 de
2120 1249 2167 1274 eo
2191 1237 2297 1286 quod
2328 1237 2466 1281 falsum
2495 1245 2561 1285 est,

1470 1284 1472 1311 ²
1497 1290 1527 1326 si
1557 1289 1703 1336 aliquis,
1733 1301 1822 1326 cum
1841 1287 1854 1310 δ
1884 1289 2011 1326 debita
2047 1289 2299 1327 sollicitudine
2329 1289 2561 1338 recogitans,

1498 1342 1685 1379 existimet
1712 1353 1752 1378 se
1782 1348 1927 1378 certum
1949 1353 2032 1378 esse
2061 1341 2109 1379 de
2137 1354 2184 1378 eo
2204 1343 2466 1392 quodfalsum
2495 1350 2562 1391 est,

1497 1407 1576 1433 non
1595 1402 1728 1444 peccat
1747 1393 1955 1431 mortaliter
1980 1394 2056 1431 hoc
2074 1406 2267 1432 asserens:
2297 1395 2387 1445 quia
2405 1407 2485 1434 non
2508 1396 2564 1434 di-

1470 1464 1472 1496 {
1498 1449 1547 1486 cit
1573 1449 1711 1485 falsum
1737 1446 1999 1484 testimonium
2026 1459 2096 1496 per
2123 1460 2165 1484 se
2193 1455 2231 1485 et
2263 1460 2310 1485 ex
2340 1447 2562 1498 intentione,

1496 1501 1564 1540 sed
1592 1513 1661 1550 per
1689 1500 1878 1547 accidens,
1899 1507 2031 1537 contra
2058 1499 2097 1537 id
2126 1500 2231 1549 quod
2258 1499 2430 1541 intendit.

1549 1557 1609 1591 An
1637 1565 1828 1591 SECUNDUM
1847 1552 2031 1590 chENDuM
2050 1553 2156 1602 quod
2181 1553 2364 1592 iniustum
2382 1553 2565 1592 iudicium

1470 1604 1472 1620 ²
1496 1607 1678 1645 iudicium
1706 1618 1785 1644 non
1815 1613 1880 1643 est.
1918 1607 1968 1643 Et
1994 1605 2084 1643 ideo
2120 1618 2166 1643 ex
2193 1606 2233 1644 vi
2266 1606 2394 1644 iudicii
2425 1607 2563 1646 falsum

1470 1666 1472 1692 ῑ
1496 1659 1757 1698 testimonium
1782 1659 1820 1695 in
1839 1658 1976 1696 iniusto
2005 1659 2144 1696 iudicio
2171 1659 2363 1708 prolatum
2391 1659 2441 1697 ad
2468 1659 2565 1699 iniu-

1497 1713 1637 1750 stitiam
1665 1711 1973 1761 impediendam,
2002 1724 2082 1749 non
2109 1712 2226 1753 habet
2261 1712 2448 1751 rationem
2475 1724 2563 1762 pec-

1498 1766 1570 1803 cati
1598 1764 1788 1802 mortalis:
1817 1765 1886 1802 sed
1922 1765 2046 1802 solum
2077 1777 2122 1801 ex
2158 1765 2372 1803 iuramento
2405 1765 2561 1804 violato.

2588 510 2599 521 ³
2613 509 2680 532 Vere.
2695 509 2728 531 16.

1551 1820 1610 1855 An
1637 1829 1798 1855 TER‘rmM
1835 1829 2019 1854 mesanum
2047 1818 2153 1865 quod
2189 1817 2367 1856 homines
2395 1818 2562 1856 maxime
2593 1858 2595 1862 Α

1471 1917 1472 1920 ¹
1498 1871 1704 1909 abhorrent
1730 1878 1887 1920 peccata
1906 1882 2004 1919 quae
2024 1877 2111 1907 sunt
2134 1878 2266 1908 contra
2293 1871 2434 1919 Deum,
2454 1871 2565 1921 quasi

1471 1955 1473 1964 ,
1497 1924 1740 1972 gravissima:
1765 1923 1862 1960 inter
1881 1935 1979 1972 quae
2000 1930 2055 1960 est
2072 1923 2294 1972 periurium.
2323 1923 2419 1969 Non
2435 1931 2564 1963 autem

1471 1975 1473 2018 Ι
1498 1977 1548 2014 ita
1585 1977 1791 2014 abhorrent
1826 1984 1984 2025 peccata
2021 1988 2120 2026 quae
2153 1983 2240 2014 sunt
2277 1983 2409 2014 contra
2439 1975 2564 2027 proxi-

1497 2042 1618 2068 mum.
1648 2030 1698 2067 Et
1716 2029 1803 2067 ideo
1831 2029 1881 2067 ad
1901 2029 2088 2066 maiorem
2113 2029 2376 2068 certitudinem
2396 2029 2564 2068 testimo·
2592 2064 2595 2067 .

1498 2083 1562 2130 nii,
1583 2082 1784 2132 requiritur
1810 2082 1913 2119 testis
1941 2082 2210 2119 iuramentum.

1551 2195 1577 2231 γ)
1598 2196 1784 2222 deierando.-
1798 2195 1950 2228 peierando
1969 2196 1998 2226 P,
2018 2202 2071 2220 om.
2091 2196 2125 2221 H.

1552 2231 1578 2265 ὃ)
1596 2239 1665 2257 cum.
1679 2245 1697 2251 —
1715 2231 1764 2256 hoc
1782 2238 1841 2257 cum
1861 2231 1907 2256 Pa.

1053 2312 1387 2346 Commentario.
1410 2311 1661 2344 cardinalis
1683 2310 1884 2344 Caietam·

409 2404 429 2424 N
453 2393 586 2424 articulo
611 2400 724 2434 quarto
749 2392 890 2423 eiusdem
914 2391 1164 2432 septuagesimae
1180 2391 1384 2432 quaestionis,
1408 2391 1441 2421 in

383 2407 617 2478 Iresponsione
647 2438 686 2467 ad
717 2437 874 2477 primum,
898 2436 1035 2467 dubium
1059 2435 1210 2472 occurrit,
1239 2435 1317 2476 quid
1350 2435 1443 2466 debet

379 2483 479 2514 facere
503 2482 589 2513 testis
613 2481 684 2522 qui,
713 2481 884 2521 praemissa
911 2480 1015 2511 debita
1040 2480 1218 2519 diligentia,
1243 2486 1373 2510 testatus
1397 2485 1444 2510 est

379 2528 510 2563 falsum,
537 2527 687 2566 deceptus
709 2536 726 2556 a
751 2535 808 2556 sua
831 2525 1002 2561 memoria,
1035 2532 1065 2555 et
1087 2531 1217 2564 propter
1240 2534 1336 2554 suurn
1359 2523 1443 2554 testi-

380 2572 528 2602 monium
551 2571 629 2601 alter
652 2577 698 2600 est
721 2569 983 2600 condemnandus
1007 2575 1062 2599 aut
1085 2569 1326 2600 condemnatus.

435 2616 485 2646 Ad
507 2615 570 2645 hoc
586 2613 699 2645 dicitur
721 2614 820 2654 quod,
838 2623 912 2644 cum
935 2613 1038 2644 dictus
1057 2612 1143 2644 testis
1164 2622 1231 2643 non
1245 2618 1388 2643 teneatur
1403 2611 1443 2642 ad

380 2659 614 2691 restitutionem
640 2658 761 2689 ratione
789 2658 832 2688 rei
856 2657 997 2694 habitae,
1022 2663 1058 2688 ut
1079 2663 1182 2697 patet,
1207 2656 1283 2697 quia
1307 2665 1374 2687 non
1398 2663 1444 2687 est

380 2705 466 2735 testis
489 2703 522 2734 in
546 2713 639 2734 causa
662 2702 806 2743 propria;
830 2711 888 2732 nec
911 2701 1032 2733 ratione
1051 2701 1183 2732 actionis
1199 2701 1343 2736 iniustae,
1368 2700 1443 2741 quia

380 2759 445 2779 non
469 2747 605 2788 perfecte
629 2754 659 2778 et
682 2746 856 2777 formaliter
871 2746 1025 2776 iniustum
1045 2745 1266 2776 testimonium
1289 2744 1371 2781 tulit,
1387 2754 1444 2774 nec

381 2804 415 2824 ex
439 2792 616 2832 ignorantia
639 2791 826 2822 damnabili:
852 2800 1050 2831 consequens
1069 2797 1115 2821 est
1138 2790 1227 2830 quod
1247 2789 1328 2820 sicut
1351 2798 1444 2819 excu-

380 2845 466 2868 satur
489 2838 527 2867 ab
551 2836 670 2866 offensa
693 2835 751 2866 Dei
775 2835 807 2865 in
832 2835 911 2865 falso
936 2835 1126 2870 iuramento,
1150 2834 1193 2865 ita
1216 2839 1381 2864 excusatur
1404 2833 1443 2863 ab

380 2882 499 2913 offensa
515 2880 651 2921 proximi
666 2880 699 2910 in
715 2886 910 2910 nocumento
927 2879 1106 2910 subsecuto.
1123 2878 1156 2909 Si
1171 2884 1279 2909 tamen
1294 2877 1443 2918 prodesse

381 2933 484 2966 potest
509 2924 694 2974 explicando
720 2934 833 2964 puram
856 2923 1035 2959 veritatem,
1061 2929 1219 2953 teneretur
1242 2922 1282 2952 ad
1304 2921 1379 2952 hoc.
1405 2931 1445 2951 ne

381 2981 418 3001 ex
447 2970 504 3000 hac
535 2968 745 3000 taciturnitate
776 2967 926 3007 inciperet
955 2973 1188 2998 nocumentum
1217 2976 1273 3006 per
1301 2965 1444 2996 accidens

381 3015 511 3045 transire
539 3014 571 3043 in
598 3018 829 3043 nocumentum
856 3022 912 3051 per
935 3022 977 3042 se.
1008 3012 1048 3041 Et
1077 3011 1149 3041 licet
1175 3010 1353 3041 secundum
1375 3009 1444 3040 iura

381 3058 467 3089 testis
497 3067 563 3087 non
593 3056 776 3087 admittatur
808 3056 847 3085 ad
875 3055 1087 3086 mutationem
1117 3053 1290 3085 testimonii
1321 3053 1380 3084 nisi
1411 3054 1443 3084 in

381 3102 568 3138 continenti,
586 3107 622 3131 ut
645 3107 729 3140 patet
752 3100 855 3135 Extra,
873 3100 912 3130 de
932 3099 1074 3129 Testibus
1097 3098 1241 3139 cogend„
1260 3107 1327 3138 cap.
1347 3098 1444 3128 Prae-

381 3153 491 3184 terea;
514 3145 589 3186 quia
613 3151 729 3180 tamen,
746 3150 781 3174 ut
800 3143 920 3173 ibidem
937 3143 1050 3174 Glossa
1070 3142 1144 3172 dicit
1160 3152 1234 3173 cum
1250 3142 1443 3178 doctoribus,

382 3190 534 3222 correctio
556 3188 729 3220 testimonii
753 3194 826 3228 post
844 3187 1045 3217 intervallum
1061 3185 1214 3226 temporis
1238 3192 1268 3216 et
1291 3185 1378 3225 prius
1395 3185 1445 3215 da-

381 3242 452 3266 tum
482 3233 702 3266 testimonium
733 3231 839 3262 minus
872 3231 1001 3262 firmum
1032 3230 1152 3267 reddit,
1177 3237 1207 3260 et
1235 3239 1271 3260 ex
1294 3229 1444 3270 qualitate

382 3289 535 3319 personae
556 3276 790 3308 admittendum
813 3276 1007 3316 quandoque
1024 3281 1079 3310 est,
1097 3274 1227 3315 quando
1244 3273 1360 3304 scilicet
1374 3283 1446 3304 vere

383 3323 519 3354 creditur
545 3322 634 3363 quod
658 3331 723 3352 non
747 3320 807 3351 fuit
830 3320 1038 3355 subornatus,
1064 3319 1118 3349 sed
1142 3328 1179 3348 ex
1202 3317 1394 3348 conscientia
1417 3323 1448 3348 et

383 3367 537 3410 memoria
561 3366 687 3405 corrigit
710 3372 817 3396 actum
833 3373 945 3400 suum;
970 3364 1042 3394 ideo
1067 3363 1159 3393 debet
1181 3362 1314 3403 quilibet
1336 3361 1369 3392 in
1393 3361 1446 3391 tali

384 3421 457 3442 casu
482 3408 634 3450 corrigere
658 3409 852 3440 oblivionem
877 3418 977 3444 suam,
1002 3414 1037 3438 ut
1061 3407 1171 3437 saltem
1196 3405 1335 3436 debilitet
1358 3405 1445 3445 prius

384 3455 462 3485 falso
487 3466 504 3485 a
529 3465 560 3485 se
585 3454 716 3484 dictum.
750 3453 790 3483 Et
814 3452 839 3482 si
863 3462 998 3492 persona
1022 3458 1068 3481 est
1090 3452 1193 3481 bonae
1217 3450 1334 3486 famae,
1360 3456 1390 3480 et
1412 3449 1444 3479 in

384 3499 536 3539 opinione
560 3498 738 3528 hominum
764 3503 892 3537 propter
915 3496 982 3526 eius
1001 3495 1099 3525 vitam
1122 3496 1251 3530 bonam,
1275 3494 1344 3524 talis
1369 3503 1446 3524 con-

1495 2390 1643 2421 scientiae
1673 2390 1762 2431 quod
1791 2399 1856 2420 non
1885 2388 1986 2429 possit
2017 2389 2125 2419 cadere
2157 2388 2191 2419 in
2219 2395 2359 2420 mentem
2389 2388 2560 2420 hominum

1494 2435 1580 2465 illius
1604 2433 1750 2465 notitiam
1780 2433 1967 2464 habentium
1996 2433 2086 2474 quod
2113 2432 2329 2472 perniciosum
2353 2432 2556 2464 mendacium

1496 2479 1628 2515 diceret;
1661 2484 1692 2508 et
1715 2488 1789 2508 curn
1812 2477 1991 2508 iuramento
2022 2483 2172 2507 assereret
2194 2476 2390 2507 oblivionem
2413 2486 2506 2508 suam
2529 2482 2561 2508 et

1496 2533 1611 2563 puram
1632 2522 1796 2552 veritatem
1818 2528 1916 2561 prout
1938 2521 2045 2552 novit:
2077 2521 2184 2557 iudex,
2210 2521 2300 2552 cuius
2324 2527 2370 2552 est
2392 2520 2560 2562 qualitates

1495 2567 1625 2598 testium
1648 2566 1832 2602 discernere,
1857 2572 1965 2606 posset
1987 2571 2155 2606 propterea
2169 2574 2188 2595 a
2203 2564 2357 2596 sententia
2374 2565 2426 2596 vel
2449 2574 2560 2597 execu-

1494 2611 1582 2642 tione
1605 2610 1767 2646 desistere,
1792 2616 1823 2641 et
1846 2610 1938 2646 alias,
1963 2616 2059 2650 prout
2082 2608 2196 2639 melius
2219 2615 2343 2650 posset,
2368 2609 2560 2646 obviares:

1495 2655 1548 2686 ille
1571 2655 1603 2685 in
1628 2654 1718 2685 cuius
1742 2653 1884 2684 favorem
1911 2653 2028 2684 falsum
2057 2652 2159 2684 fuerat
2186 2652 2325 2690 dictum,
2350 2663 2416 2684 non
2440 2651 2562 2685 desistit

1497 2706 1551 2730 aut
1574 2698 1724 2734 restituit,
1757 2708 1831 2729 cum
1854 2703 1997 2729 teneatur
2019 2697 2081 2728 hoc
2104 2697 2215 2734 facere,
2243 2697 2283 2728 ad
2305 2697 2376 2728 talis
2399 2696 2456 2728 viri
2478 2696 2561 2728 iura-

1497 2749 1653 2779 mentum,
1666 2743 1711 2774 ,in
1734 2742 1805 2773 foro
1831 2741 2050 2773 conscientiae.

1553 2788 1591 2818 11.
1616 2787 1651 2817 In
1676 2786 1883 2826 responsione
1912 2787 1952 2817 ad
1975 2786 2151 2817 secundum
2181 2785 2323 2816 eiusdem
2353 2784 2475 2816 articuli
2502 2785 2563 2816 du·

1497 2832 1586 2863 bium
1611 2831 1747 2862 occurrit
1770 2831 1849 2862 circa
1867 2831 1956 2862 illam
1971 2830 2126 2861 rationem
2140 2829 2311 2860 redditam:
2335 2829 2496 2861 Iniustum
2513 2829 2560 2860 iu-

1497 2876 1614 2908 dicium
1645 2885 1708 2906 non
1740 2880 1786 2906 est
1816 2875 1989 2906 iudicium:
2019 2880 2049 2905 et
2071 2874 2142 2905 ideo
2172 2883 2213 2904 ex
2242 2874 2274 2904 vi
2305 2873 2416 2904 iudicii
2429 2872 2559 2914 falsum

1497 2921 1710 2951 testimonium
1735 2919 1848 2950 ibidem
1872 2929 1935 2950 non
1952 2924 1999 2950 est
2011 2923 2180 2959 peccatum
2196 2918 2342 2948 mortale.
2367 2917 2476 2948 Primo
2489 2916 2560 2958 qui-

1497 2965 1587 3003 dem,
1611 2963 1685 3004 quia
1709 2963 1863 2994 adversari
1886 2963 1948 2994 hoc
1970 2963 2094 2993 videtur
2117 2961 2311 2993 distinctioni
2334 2961 2415 2992 inter
2437 2968 2560 2993 senten-

1497 3009 1575 3039 tiam
1598 3008 1730 3044 nullam,
1755 3014 1786 3038 et
1807 3007 1968 3039 iniustam.
1991 3007 2075 3037 Nam
2099 3006 2124 3036 si
2147 3005 2302 3036 iniustum
2321 3005 2475 3036 iudicium
2494 3014 2560 3036 non

1498 3059 1544 3083 est
1566 3051 1733 3088 iudicium,
1759 3058 1882 3082 constat
1904 3051 1993 3092 quod
2015 3050 2132 3081 iniusta
2155 3050 2308 3081 sententia
2330 3059 2397 3080 non
2421 3055 2468 3080 est
2489 3058 2561 3080 sen-

1497 3096 1608 3127 tentia:
1633 3102 1663 3126 et
1687 3095 1712 3126 si
1732 3106 1798 3126 non
1814 3102 1860 3126 est
1882 3095 2045 3131 sententia,
2070 3103 2145 3134 ergo
2169 3101 2216 3124 est
2238 3094 2336 3124 nulla.
2362 3091 2560 3144 Impossibile

1497 3147 1544 3171 est
1561 3149 1710 3190 namque,
1735 3146 1766 3170 et
1788 3149 1854 3170 non
1869 3138 2063 3179 intelligibile
2078 3138 2167 3178 quod
2182 3148 2264 3168 non·
2251 3137 2420 3168 -sententia
2436 3137 2476 3168 sit
2489 3146 2559 3167 sen-

1497 3183 1594 3215 tentia
1617 3183 1741 3214 iniusta.
1766 3183 1851 3223 Ergo
1875 3182 2028 3214 sententia
2053 3189 2098 3212 est
2121 3182 2218 3212 nulla.
2247 3182 2330 3212 Male
2354 3191 2428 3222 ergo
2451 3180 2560 3212 distin-

1497 3228 1604 3268 guitur
1636 3227 1715 3259 inter
1738 3226 1926 3258 sententiam
1949 3226 2100 3257 iniustam
2123 3233 2218 3268 atque
2247 3225 2378 3262 nullam,
2407 3231 2561 3266 tanquam

1498 3272 1604 3313 aliqua
1627 3272 1665 3303 sit
1688 3271 1841 3302 sententia
1863 3271 1980 3302 iniusta
2002 3280 2084 3311 quae
2108 3277 2214 3301 tamen
2237 3279 2304 3300 non
2328 3275 2374 3300 est
2397 3268 2494 3299 nulla.

1553 3316 1713 3354 Secundo,
1728 3315 1803 3357 quia
1823 3315 1977 3346 adversari
1993 3315 2118 3345 videtur
2140 3314 2201 3346 iuri
2224 3313 2388 3345 canonico.
2412 3313 2497 3343 Nam
2513 3321 2559 3343 se-

1499 3360 1641 3391 cundum
1663 3359 1752 3396 illud,
1782 3360 1939 3390 sententia
1957 3359 2111 3399 pastoris,
2137 3359 2203 3390 sive
2226 3359 2310 3389 iusta
2338 3357 2405 3388 sive
2427 3357 2558 3393 iniusta,

1499 3410 1546 3435 est
1569 3404 1727 3435 timenda:
1751 3410 1786 3434 ut
1808 3410 1894 3444 patet
1917 3413 1953 3434 ex
1969 3402 2155 3434 auctoritate
2178 3401 2260 3433 beati
2276 3399 2429 3441 Gregorii,
2448 3400 2482 3430 in
2497 3400 2560 3430 De—

1499 3448 1598 3484 cretis,
1622 3448 1675 3484 XI,
1700 3458 1754 3488 qu.
1770 3458 1814 3485 111,
1838 3447 2010 3478 Sententia.
2039 3447 2086 3477 Ex
2108 3445 2263 3486 praesenti
2287 3452 2394 3476 autem
2418 3443 2560 3475 doctrina

1498 3492 1651 3523 iniustum
1683 3491 1853 3528 iudicium,
1883 3491 1957 3532 quia
1981 3501 2047 3522 non
2071 3497 2117 3521 est
2146 3489 2316 3525 iudicium,
2349 3498 2414 3518 non
2443 3487 2561 3528 obligat

2852 3839 2860 3958 „mne-‘2-
2852 3662 2860 3831 §.m-h—-a—
