2860 4244
402 302 477 338 300

400 386 487 410 actus
522 378 783 419 regenerationis,
820 375 1084 410 confirmationis,
1121 373 1258 409 ordinis,
1294 372 1458 403 matrimo-

401 424 455 460 nii,
473 431 546 454 etc.:
572 440 590 446 -
613 423 655 453 ita
674 423 706 452 in
721 422 806 452 cultu
825 419 1040 460 superstitioso
1059 425 1113 454 est,
1130 417 1244 457 primo,
1269 416 1456 466 idololatria,

401 478 482 508 quae
511 467 647 497 divinam
676 465 879 495 reverentiam
910 463 1032 493 exhibet
1061 468 1232 496 creaturae;
1265 467 1312 491 est
1344 460 1457 490 demde

401 511 559 546 divinatio,
585 519 666 550 quae
689 516 736 539 tot
750 508 853 538 modis
877 505 1117 537 instructionem
1140 515 1158 535 a
1182 505 1336 535 daemone
1360 514 1456 545 quae-

401 556 454 591 rit;
479 562 524 585 est
547 553 680 593 denique
705 551 889 586 observatio,
915 560 977 590 qua
1001 556 1066 580 tam
1090 548 1304 588 multipliciter
1327 555 1358 579 et
1381 557 1456 588 ope-

399 599 533 629 rationes
549 608 620 627 suas
640 602 834 630 construunt,
853 594 1023 629 continent,
1047 594 1160 628 laxant,
1185 599 1215 623 et
1230 592 1350 633 aliquas
1370 602 1455 622 crea·
1481 623 1483 636 ἰ

399 650 483 673 turas
506 641 698 681 quandoque
721 645 886 669 assumunt
910 639 948 667 ad
972 647 1028 667 sua
1048 646 1144 676 opera
1167 636 1257 676 quasi
1281 646 1454 666 sacramen-
1481 637 1482 655 l

398 686 470 717 talia
494 685 659 725 quaedam.

453 730 489 759 II.
515 729 548 758 In
570 726 774 767 responsione
798 726 838 756 ad
861 725 1000 766 primurn
1017 724 1159 754 eiusdem
1175 724 1306 755 secundi
1322 723 1453 760 articuli,

397 773 520 803 adverte
544 771 713 811 diligenter,
739 777 772 800 tu
797 769 996 809 speculative,
1020 769 1108 808 quod
1131 768 1203 799 licet
1225 768 1327 808 prima
1351 767 1453 798 fronte

396 822 542 856 appareat
571 815 659 855 quod
690 813 963 854 quemadmodum
990 811 1099 852 religio
1124 818 1170 843 est
1192 812 1291 842 virtus
1316 821 1379 842 una
1407 821 1453 842 se—

395 861 534 891 cundum
558 859 704 898 speciem,
729 867 767 888 eo
787 858 875 898 quod
895 864 982 887 actus
999 856 1066 886 eius
1083 856 1276 896 adaequatus
1294 862 1340 886 est
1357 865 1451 892 unus,

394 904 510 934 scilicet
539 903 641 933 colere
670 903 776 932 Deum
800 900 967 942 (quoniam
997 901 1030 930 in
1057 901 1119 930 hoc
1142 906 1213 930 actu
1244 899 1400 930 clauditur
1423 907 1454 930 et

393 948 497 977 divina
513 946 682 977 reverentia
705 952 735 976 et
758 945 898 976 hominis
914 945 1046 975 servitus
1062 951 1205 984 respectu
1221 944 1290 980 Dei,
1308 944 1347 974 ad
1370 954 1452 984 quae

393 992 457 1022 duo
487 991 671 1021 ordinantur
701 990 809 1020 omnia
839 989 998 1029 religionis
1029 999 1145 1029 opera,
1177 995 1213 1019 ut
1244 987 1389 1028 superius
1418 988 1452 1018 in

393 1046 446 1076 qu.
463 1045 561 1070 LxxxI,
586 1041 639 1065 art.
659 1035 686 1070 3,
711 1035 750 1064 ad
776 1044 804 1070 2,
830 1031 1022 1075 didicimus),
1046 1033 1088 1063 ita
1111 1032 1143 1062 in
1164 1032 1387 1072 superstitione
1403 1042 1452 1062 co-

390 1080 472 1109 lente
496 1085 668 1109 creaturam
685 1088 748 1108 una
764 1085 811 1108 est
834 1077 962 1117 species,
988 1077 1077 1108 cuius
1101 1077 1267 1117 proprium
1284 1083 1330 1107 est
1349 1076 1451 1107 colere

391 1130 563 1154 creaturam
586 1129 617 1153 et
638 1122 726 1152 illam
751 1122 929 1152 venerando
954 1120 1109 1152 sacrificiis
1134 1128 1164 1151 et
1185 1121 1231 1152 illi
1255 1120 1450 1151 subiiciendo

390 1167 570 1203 hominem,
595 1173 625 1197 et
648 1167 680 1196 in
703 1166 765 1197 hoc
795 1166 884 1207 quod
906 1166 1018 1196 instrui
1042 1175 1098 1205 per
1120 1165 1207 1195 illam
1232 1172 1338 1201 curat,
1363 1171 1395 1196 et
1417 1165 1449 1195 in

388 1211 450 1242 hoc
473 1211 561 1251 quod
585 1210 679 1250 signis
702 1210 787 1241 illius
810 1221 842 1240 se
866 1210 991 1240 subiicit
1019 1210 1216 1240 observando
1239 1210 1309 1239 illa:
1335 1227 1356 1232 —
1376 1209 1451 1250 quia

390 1262 495 1286 tamen
519 1265 554 1285 ex
574 1255 798 1286 communibus
821 1261 908 1294 patet
931 1254 1019 1295 quod
1043 1254 1144 1284 multa
1160 1254 1199 1284 ad
1213 1254 1365 1284 vitiorum
1389 1253 1451 1284 dis-

389 1299 574 1330 tinctionem
602 1298 762 1330 sufficiunt
784 1308 865 1339 quae
895 1308 960 1328 non
985 1297 1146 1328 sufficiunt
1171 1298 1211 1328 ad
1241 1297 1449 1329 diversifican-

390 1343 467 1374 dum
490 1343 646 1380 virtutem,
672 1350 707 1373 ut
729 1349 815 1383 patet
837 1342 869 1372 in
893 1342 1030 1372 materiis
1054 1342 1240 1379 moralium,
1264 1342 1296 1372 in
1321 1342 1448 1383 quibus,

389 1397 453 1418 una
476 1387 623 1417 existente
646 1387 773 1423 virtute,
799 1387 863 1416 duo
888 1393 962 1417 sunt
990 1384 1081 1422 vitia}
1107 1393 1138 1417 et
1159 1386 1239 1417 ratio
1263 1386 1450 1427 suffragatur

390 1431 577 1467 communis,
603 1431 677 1471 quia
700 1431 739 1460 ad
762 1430 1023 1461 constitutionem
1047 1430 1124 1461 boni
1147 1431 1248 1462 multa
1272 1431 1449 1471 exiguntur,

388 1475 427 1505 ad
449 1475 569 1505 malum
592 1481 700 1505 autem
730 1474 895 1515 quodlibet
919 1474 1047 1511 sufficit,
1073 1482 1109 1507 ut
1129 1474 1163 1506 in
1186 1475 1290 1506 littera
1312 1485 1350 1506 ex
1371 1475 1448 1506 Dio-

1083 295 1348 343 QUAESTIO
1377 294 1500 342 XClI,
1528 296 1824 334 ARTICULUS
1854 298 1885 334 Il

1512 373 1604 413 nysio
1628 373 1756 404 dicitur:
1786 375 1859 405 ideo
1887 375 1920 404 in
1944 374 2070 414 speciali
2097 374 2230 405 intuitus
2259 381 2305 405 est
2333 377 2455 406 Auctor
2484 376 2573 417 quod
2599 370 2601 372 ’

1511 416 1556 446 illi
1579 423 1642 447 tres
1665 416 1753 455 fines,
1777 418 1894 449 scilicet
1908 418 2088 454 reverentia,
2104 418 2268 448 instructio
2288 425 2319 449 et
2341 418 2481 456 directio,
2502 420 2574 451 licet

1511 470 1577 490 non
1600 459 1756 493 sufficiant
1777 463 1817 492 ad
1841 462 2096 502 distinguendam
2118 462 2318 502 religionem,
2344 462 2505 494 sufficiunt
2526 471 2572 495 ta-

1510 513 1584 534 men
1604 505 1644 534 ad
1667 505 1922 546 distinguendam
1940 506 2208 546 superstitionem.
2233 506 2308 543 Quo
2331 505 2368 537 fit
2389 514 2426 537 ut
2447 507 2573 538 involu-

1509 553 1560 578 tus
1584 557 1651 578 uno
1674 550 1770 586 malo,
1796 557 1872 590 puta
1895 549 2098 587 divinatione,
2123 561 2189 581 non
2213 550 2252 581 sit
2274 550 2438 581 involutus
2462 551 2570 588 altero,

1509 594 1587 631 puta
1611 592 1808 624 idololatria:
1840 593 2001 634 religionis
2028 601 2135 625 autem
2158 594 2308 625 virtutem
2335 605 2431 626 nemo
2460 595 2573 626 habeat

1509 635 1569 665 nisi
1592 636 1648 676 qui
1670 637 1789 677 integre
1813 638 1964 669 omnibus
1986 638 2114 679 polleat.

1564 679 1617 710 111.
1641 680 1677 711 In
1691 681 1899 721 responsione
1914 683 1954 713 ad
1973 683 2159 719 secundum,
2177 683 2302 714 adverte
2321 682 2412 724 quod
2433 682 2510 724 quia
2524 683 2571 714 vis

1508 724 1685 763 argumenti
1708 731 1768 756 stat
1789 725 1823 756 in
1846 726 1909 758 hoc
1932 727 2021 768 quod
2043 727 2125 758 sicut
2147 727 2257 768 religio
2281 734 2327 759 est
2349 727 2383 758 in
2402 727 2512 758 ordine
2531 727 2571 758 ad

1507 767 1622 804 Deum,
1646 768 1689 799 ita
1705 769 1886 809 superstitio
1902 770 2057 801 contraria
2079 777 2125 802 est
2147 771 2180 801 in
2196 770 2307 802 ordine
2326 771 2367 802 ad
2385 778 2569 810 creaturam,

1507 818 1584 851 puta
1608 812 1807 848 daemonem,
1824 813 1875 844 cui
1891 814 1995 846 cultus
2011 814 2189 852 exhibetur;
2215 816 2269 846 sed
2293 814 2443 846 divinatio
2463 822 2494 847 et
2512 815 2570 846 ob-

1507 855 1641 886 servatio
1665 862 1712 886 est
1740 856 1772 886 in
1796 857 1907 888 ordine
1928 858 1970 888 ad
1992 865 2123 890 eventus
2153 866 2184 890 et
2206 866 2294 891 actus
2318 866 2462 896 nostros;
2493 869 2569 900 ergo

1506 909 1573 930 non
1596 906 1671 931 sunt
1697 901 1929 941 superstitionis
1950 902 2088 941 species:
2112 920 2133 926 -
2156 904 2229 935 ideo
2259 904 2425 944 responsio
2454 904 2570 936 directe

1506 943 1655 976 satisfacit
1678 951 1881 984 argumento,
1907 945 2041 978 dicendo
2065 947 2156 987 quod
2178 947 2387 979 divinationes
2409 955 2441 980 et
2463 949 2569 979 obser-

1505 988 1647 1019 vationes
1669 988 1863 1029 inquantum
1886 990 2108 1022 daemoniacae
2136 998 2212 1023 sunt
2233 992 2352 1034 species
2373 992 2568 1033 superstitio-

1506 1032 1564 1069 nis,
1590 1039 1620 1064 et
1643 1043 1710 1064 non
1725 1033 1917 1074 inquantum
1933 1033 2073 1066 humana
2088 1041 2198 1076 opera:
2224 1035 2305 1067 sicut
2328 1035 2423 1067 etiam
2445 1037 2504 1067 sub
2520 1047 2568 1067 re-

1504 1076 1624 1117 ligione
1648 1078 1962 1119 comprehenduntur
1984 1089 2082 1119 opera
2110 1079 2282 1110 hominum
2308 1079 2500 1121 inquantum
2523 1081 2568 1111 di-

1504 1121 1587 1158 vina,
1611 1131 1668 1162 per
1683 1122 1937 1163 assumptionem
1960 1122 2093 1154 alicuius
2116 1123 2224 1160 divini,
2247 1130 2285 1155 ut
2307 1134 2403 1164 supra
2416 1124 2434 1144 ¹*
2454 1124 2566 1165 patuit.

1504 1165 1551 1196 Ita
1571 1166 1660 1206 quod
1683 1166 1717 1197 in
1731 1167 1882 1198 omnibus
1896 1167 1964 1198 istis
1979 1167 2117 1198 salvatur
2131 1168 2212 1199 ordo
2229 1168 2342 1209 aliquis
2357 1168 2568 1200 reverentialis

1504 1210 1544 1240 ad
1567 1210 1767 1248 daemonem,
1790 1211 1972 1242 invocando
1988 1212 2096 1252 ipsum
2111 1219 2142 1244 et
2158 1212 2354 1244 subiiciendo
2370 1222 2403 1244 se
2418 1212 2568 1246 institutis

1504 1254 1587 1285 eius:
1622 1255 1704 1286 sicut
1730 1255 1763 1286 in
1792 1255 1954 1296 religionis
1972 1252 2093 1288 'multis
2116 1257 2266 1298 operibus
2289 1256 2402 1288 accidit
2423 1264 2567 1298 respectu

1503 1298 1573 1335 Dei,
1598 1305 1634 1330 ut
1655 1305 1743 1339 patet
1765 1299 1798 1330 in
1814 1299 2003 1338 iuramento,
2028 1301 2229 1332 sacramentis
2253 1307 2284 1332 et
2305 1300 2501 1333 huiusmodi.
2527 1301 2569 1333 Et

1503 1349 1538 1374 tu
1561 1343 1642 1374 bene
1664 1343 1802 1374 servabis
1829 1344 1892 1375 hoc
1914 1344 1947 1374 in
1971 1345 2065 1376 corde
2087 1352 2145 1376 tuo
2158 1369 2165 1382 ,
2189 1352 2226 1377 ut
2252 1345 2326 1376 inde
2355 1346 2568 1387 postmodum

1504 1387 1660 1418 discernas
1693 1387 1727 1418 in
1760 1387 2033 1419 observationibus
2064 1396 2096 1420 et
2129 1389 2377 1421 divinationibus
2411 1390 2567 1421 rationem

1502 1431 1622 1472 peccati
1644 1432 1787 1463 mortalis
1809 1433 1860 1463 vel
1881 1433 2020 1470 venialis,
2045 1440 2082 1464 ut
2103 1433 2184 1464 infra
2197 1433 2215 1454 *
2237 1434 2476 1466 declarabimus.

2595 1125 2808 1175 tear-m·
2858 1136 2860 1138 ·

2595 1415 2773 1447 ''Qu-‚mflna
2780 1416 2808 1444 ⁶?

2595 1445 2807 1472 qu.xcv¹,m.3,4.
