2860 4244
0 243 10 304 ᾗ
914 241 1181 287 QUAESTIO
1211 242 1418 289 LXXXIV,
1447 241 1742 279 ARTICULUS
1773 242 1803 277 lI
2364 239 2438 275 213

0 312 9 364 ἓ
274 320 446 357 cellentia
474 320 587 357 trium
622 321 895 367 Personarum,
924 331 1023 356 unus
1051 320 1176 356 honor
1205 328 1239 357 et
1275 333 1331 357 re·
1386 333 1504 357 unum
1534 320 1746 368 alloquitur,
1777 319 1922 356 dicens:
1952 318 2126 363 Domine,
2146 318 2179 354 si
2200 317 2326 354 inveni
2350 329 2441 366 gra-

2 378 4 382 ’
273 373 444 410 verentia
465 373 517 410 eis
538 373 711 410 debetur:
743 380 778 409 et
795 385 865 421 per
885 384 1122 420 consequens
1144 385 1220 409 una
1240 373 1331 409 ado-
1385 374 1473 410 liam
1513 381 1581 410 etc.
1624 373 1743 409 Trina
1779 379 1906 408 autern
1944 370 2156 419 genuflexio
2201 369 2348 418 signum
2387 377 2443 406 est

2 474 5 482 ,.
35 481 46 493 ⁸
59 477 118 500 vm
129 427 152 499 ⁸²
173 483 186 506 3
274 425 379 462 ratio.
402 427 444 462 In
460 425 564 462 cuius
579 426 754 474 figuram,
772 438 858 462 curn
875 425 1017 473 legatur
1031 422 1044 445 ὂ
1060 425 1107 462 de
1122 426 1329 472 Abraham,
1386 425 1534 462 ternarii
1554 427 1830 462 Personarum:
1860 436 1938 461 non
1960 432 2086 461 autem
2108 423 2331 460 diversitatis
2350 422 2442 459 ado-

277 478 369 515 Gen.
385 478 511 526 xvni*,
533 479 637 527 quod
656 486 732 514 tres
745 478 816 515 viri
832 478 865 514 ei
880 486 1145 526 apparuerunt,
1168 478 1331 515 adorans
1386 477 1586 514 rationum.

325 589 349 622 ὃ)
369 598 428 616 cum
448 591 564 623 legatur.
575 604 594 609 -
611 590 712 623 legitur
731 590 786 620 GL,
804 597 864 615 cum
883 590 983 623 legitur
1000 590 1094 615 PBHa.
1106 603 1125 609 -
1142 591 1167 615 ei
1185 599 1237 615 om.
1251 591 1280 616 P.

941 669 1274 701 commentaria
1295 669 1546 702 Car-(linaiis
1567 668 1768 701 Caietam

302 759 322 779 N
339 748 470 779 articulo
487 747 592 787 primo
614 747 811 788 quaestionis
833 748 1175 789 octogesimaequartae
1201 748 1334 779 dubium

275 764 438 823 loccurrit
458 792 496 822 de
519 791 640 822 actibus
655 791 855 823 Mardochaei
879 799 910 823 et
924 793 1050 823 Ioannis
1068 792 1119 823 hic
1135 791 1283 832 expositis
1299 791 1332 822 in

272 835 478 876 responsione
498 835 538 866 ad
552 835 704 876 primum.
730 836 813 866 Nam
835 846 909 867 cum
929 846 982 867 rex
996 836 1204 877 praecepisset
1227 837 1332 866 Aman

12 914 15 915 ⁷
271 879 394 911 adorari
409 886 445 910 ut
460 886 636 910 creaturam
653 880 865 917 excellentem,
886 890 952 911 non
971 887 1007 912 ut
1021 881 1128 911 Deum
1151 878 1255 929 (quod
1277 888 1333 919 per

10 939 14 963 ιν
33 925 192 976 :gt-fhflmp·
186 931 245 953 ·¹'¹
270 924 333 955 hoc
356 930 443 964 patet
471 924 560 964 quod
583 924 664 955 infra
685 924 827 964 seipsum
849 924 942 955 illum
964 923 1086 955 adorari
1110 922 1272 954 constituit
1285 921 1331 963 *;)

271 978 338 999 non
351 967 476 999 videtur
498 975 579 1000 recte
599 968 738 999 excusari
752 968 992 1004 Mardochaeus,
1016 968 1150 998 dicendo
1173 967 1263 1007 quod
1285 976 1332 997 se-

271 1012 410 1044 cundum
435 1013 647 1044 reverentiam
662 1013 733 1043 Deo
755 1012 891 1043 debitam
909 1011 1146 1042 Mardochaeus
1162 1011 1265 1041 noluit
1279 1010 1334 1040 ad-

1385 754 1470 788 patet
1498 748 1587 787 quod
1615 747 1836 779 convenienter
1858 751 1980 778 Auctor
2009 755 2149 778 mentem
2171 747 2373 778 Mardochaei
2395 746 2442 776 in-

1385 797 1570 831 terpretatus
1587 797 1644 821 est.
1668 793 1719 821 An
1736 798 1842 822 autem
1865 792 2035 832 prudenter
2057 791 2090 822 in
2113 791 2175 822 hoc
2198 791 2294 832 egerit
2316 791 2442 822 Mardo-

1386 835 1514 871 chaeus,
1543 844 1618 865 cum
1645 834 1736 865 sciret
1766 835 1858 865 Iacob
1887 836 2032 866 adorasse
2060 835 2187 866 fratrem
2217 845 2312 866 suum
2342 835 2441 871 Esau,

1387 878 1466 909 Gen.
1482 888 1576 908 xxxnx
1592 877 1624 914 *‚
1650 885 1680 909 et
1709 878 1791 909 filios
1819 879 1886 910 eius
1917 879 2115 918 incognitum
2144 880 2258 919 Ioseph
2286 879 2442 915 adorasse,

1387 922 1464 953 Gen.
1482 933 1555 952 xmn
1569 922 1601 958 *;
1625 928 1656 952 et
1678 923 1862 953 rationabile
1881 923 1921 953 sit
1943 924 2031 963 quod
2053 923 2131 963 ipse,
2155 933 2244 954 more
2267 923 2442 958 Persarum,

1385 967 1528 996 adoraret
1556 975 1676 1006 pronus
1704 966 1737 996 in
1767 973 1882 996 terram
1905 975 2028 1006 regem:
2059 967 2120 997 alia
2148 967 2292 1007 quaestio
2320 974 2382 1003 est,
2407 977 2444 997 ex

1386 1010 1623 1051 particularibus
1647 1016 1723 1041 tunc
1746 1010 1981 1041 occurrentibus
2004 1011 2175 1050 pensanda.

2469 886 2480 897 ⁸
2490 885 2558 907 Vere.
2572 891 2593 914 3.

2469 930 2479 940 ’
2494 929 2561 951 νει-ι.
2576 929 2612 951 26.

27 1711 158 1746 „Vct-t.

75 3010 145 3034 Vere.
157 3016 178 3040 5.

37 3058 54 3107 ,²
69 3066 131 3092 oni.
145 3067 211 3097 orig.

79 3227 85 3239 ’
98 3220 258 3277 &aas

271 1066 368 1087 orare
389 1057 505 1087 Aman.
529 1075 550 1080 -
574 1057 706 1087 Ioannes
734 1065 881 1098 quoque,
906 1055 931 1086 si
959 1055 997 1086 de
1020 1054 1127 1086 latriae
1149 1054 1333 1085 adoratione

271 1100 450 1140 prohibitus
474 1106 536 1138 est,
560 1109 636 1132 cum
657 1101 724 1140 ipse
747 1106 828 1130 esset
850 1105 976 1140 paratus
999 1099 1040 1129 ad
1061 1098 1149 1129 illam
1172 1098 1331 1129 adoratio-

272 1154 347 1175 nem
370 1142 421 1187 (ut
435 1150 522 1185 patet
541 1155 578 1175 ex
602 1144 665 1175 hoc
685 1143 774 1185 quod
795 1143 839 1173 ibi
869 1143 991 1179 dicitur,
1009 1142 1140 1173 scilicet:
1168 1142 1276 1173 Cecidi
1298 1148 1333 1173 ut

272 1187 469 1231 adorarem),
493 1188 636 1229 sequitur
653 1188 743 1228 quod
769 1188 903 1218 Ioannes
925 1187 1099 1227 peccaverit
1118 1193 1247 1227 peccato
1268 1196 1333 1217 ma-

270 1232 372 1269 ximo,
397 1242 415 1263 a
438 1232 528 1263 cuius
550 1232 688 1272 perfecta
711 1231 988 1263 consummatione
1010 1231 1189 1271 prohibitus
1212 1230 1272 1261 fuit
1294 1231 1332 1261 ab

270 1276 395 1350 1aingelo.
426 1276 524 1314 Quod
548 1283 595 1307 est
617 1276 852 1307 inconveniens.
886 1276 969 1307 Mala
992 1275 1087 1316 igitur
1109 1282 1156 1306 est
1178 1275 1332 1315 expositio

294 1326 399 1351 tterae.

326 1364 378 1395 Ad
398 1364 460 1394 hoc
484 1363 598 1395 dicitur
620 1364 709 1405 quod
732 1364 771 1394 de
786 1370 891 1395 mente
906 1364 1107 1394 Mardochaei
1124 1364 1197 1394 satis
1210 1363 1334 1393 videtur

270 1407 304 1438 in
326 1408 438 1444 littera
450 1407 629 1449 Scripturae
651 1409 847 1440 insinuatum
878 1409 967 1449 quod
990 1418 1025 1438 ea
1049 1408 1170 1439 ratione
1198 1406 1335 1437 renuerit

244 1455 248 1457 ’
249 1444 402 1484 assrare
424 1454 540 1489 Amen,
564 1463 604 1484 ne
619 1453 736 1483 scilicet
750 1452 955 1483 reverentiam
970 1452 1156 1483 exteriorem
1171 1452 1240 1481 Deo
1256 1460 1334 1481 con-

272 1503 396 1530 suetam
423 1507 442 1528 a
465 1497 589 1528 ludaeis
613 1497 750 1528 exhiberi
779 1495 829 1539 (ut
851 1502 937 1536 patet
960 1496 1001 1526 ΠΙ
1016 1497 1098 1537 Reg.
1114 1495 1201 1526 vm*
1223 1495 1262 1525 de
1285 1504 1336 1534 ge-

272 1540 454 1573 nuflexione
477 1539 672 1583 Salomonis)
696 1541 736 1571 ad
759 1540 924 1571 hominem
948 1539 1043 1570 talem
1066 1539 1254 1571 transferret.
1278 1538 1335 1569 Di-

273 1584 354 1616 citur
376 1585 462 1616 enim
484 1585 602 1617 Esther
616 1595 650 1615 111
664 1584 682 1604 *
705 1585 804 1625 quod,
828 1583 1031 1624 arguentibus
1047 1584 1115 1614 aliis
1133 1582 1239 1623 pueris
1255 1582 1336 1622 regis

272 1629 523 1661 Mardochaeum
546 1630 584 1660 de
603 1629 675 1665 hoc,
696 1629 773 1659 dixit
787 1638 820 1658 se
837 1638 903 1659 esse
923 1628 1093 1659 Iudaeum:
1118 1634 1149 1658 et
1171 1627 1260 1668 quod
1279 1626 1337 1664 illi,

270 1673 414 1704 volentes
445 1674 576 1714 experiri
605 1682 644 1703 an
675 1678 901 1713 perseveraret,
932 1678 1156 1703 accusaverunt
1187 1681 1261 1702 eum
1298 1671 1338 1701 ad

271 1719 387 1755 Amen,
401 1718 528 1748 hostem
551 1717 753 1753 Iudaeorum,
769 1716 924 1758 quoniam
944 1723 1009 1747 erat
1027 1717 1066 1747 de
1089 1716 1183 1756 stirpe
1207 1718 1296 1756 Agag
1310 1714 1337 1751 *‚

273 1761 354 1802 regis
372 1761 654 1798 Amalechitarum,
672 1761 768 1792 occisi
784 1771 803 1792 a
817 1761 955 1798 Samuel,
974 1761 985 1791 1
1001 1761 1083 1802 Reg.
1096 1771 1136 1791 xv
1150 1760 1177 1791 *.
1198 1759 1248 1790 Sic
1263 1769 1338 1799 ergo

1439 1054 1572 1084 Factum
1593 1060 1700 1084 autem
1724 1053 1850 1084 Ioannis
1866 1054 2082 1094 Evangelistae
2107 1055 2146 1084 ad
2169 1054 2353 1085 exteriorem
2377 1061 2444 1084 tan-

1385 1105 1455 1129 tum
1471 1104 1578 1128 actum
1601 1104 1733 1139 spectat:
1757 1098 1800 1128 ita
1823 1098 1911 1138 quod
1936 1098 2068 1128 Ioannes
2092 1098 2220 1128 nolebat
2243 1098 2381 1128 divinam
2397 1108 2444 1128 re-

1386 1142 1557 1173 verentiam
1586 1142 1699 1182 angelo
1729 1142 1888 1178 exhibere;
1922 1143 1977 1172 sed
2000 1141 2205 1172 reverentiam
2229 1151 2389 1171 summam
2411 1142 2444 1172 in

1386 1186 1528 1217 exteriori
1551 1193 1632 1222 actu,
1657 1185 1773 1217 scilicet
1796 1186 2023 1226 prostrationis,
2048 1186 2075 1216 ei
2099 1186 2253 1216 exhibere.
2281 1186 2388 1222 Quam
2411 1186 2445 1215 li-

1386 1231 1445 1261 cite
1468 1230 1568 1261 facere
1590 1237 1732 1271 poterat:
1764 1240 1839 1260 cum
1861 1230 1938 1261 haec
1960 1230 2061 1271 possit
2084 1230 2178 1261 etiam
2201 1229 2324 1260 homini
2348 1230 2446 1260 excel-

1386 1275 1461 1306 lenti
1476 1274 1622 1311 exhiberi,
1640 1281 1670 1305 et
1689 1274 1823 1305 exhibita
1847 1273 1950 1311 fuerit,
1967 1281 2002 1305 ut
2021 1281 2106 1315 patet
2125 1274 2159 1304 in
2177 1273 2342 1314 praedictis
2358 1273 2447 1304 locis.

1387 1319 1447 1350 Sed
1470 1318 1545 1360 quia
1567 1319 1625 1349 ista
1648 1325 1733 1349 tanta
1750 1318 1881 1349 exterior
1897 1318 2067 1349 reverentia
2084 1319 2209 1349 deberet
2224 1317 2371 1348 reservari
2387 1317 2447 1348 soli

1387 1362 1473 1399 Deo,
1497 1370 1534 1393 ut
1557 1363 1661 1404 aliqua
1685 1363 1816 1393 exterior
1839 1363 2010 1394 reverentia
2033 1369 2113 1394 esset
2135 1362 2181 1392 illi
2204 1362 2349 1402 propria,
2374 1361 2446 1392 ideo

1388 1406 1517 1447 angelus
1548 1407 1661 1437 dicitur
1683 1406 1883 1447 prohibuisse
1906 1417 1981 1437 eum
2004 1417 2022 1437 a
2045 1406 2216 1437 reverentia
2240 1406 2343 1436 debita
2365 1406 2445 1436 Deo.

1388 1451 1432 1482 Ita
1455 1451 1544 1491 quod
1568 1461 1678 1481 sensus
1702 1458 1749 1481 est
1777 1451 1866 1491 quod
1889 1451 2065 1482 secundum
2087 1447 2294 1481 reverentiam
2316 1449 2447 1480 exterio·

1389 1505 1455 1525 rem
1478 1495 1616 1525 debitam
1639 1496 1724 1531 Deo,
1748 1495 1810 1525 hoc
1835 1502 1882 1526 est
1905 1506 1942 1526 ex
1965 1495 2071 1526 debito
2094 1494 2267 1525 honestatis
2290 1504 2446 1524 reservan-

1389 1539 1463 1569 dam
1488 1539 1548 1569 soli
1568 1539 1655 1575 Deo,
1677 1538 1855 1579 prohibitus
1879 1545 1925 1570 est
1947 1539 2092 1575 Ioannes,
2118 1539 2150 1569 in
2171 1548 2307 1579 persona
2326 1538 2447 1578 generis

1390 1583 1532 1619 humani,
1557 1582 1700 1619 offerens,
1725 1583 2003 1622 praedecessorum
2027 1593 2161 1613 suorum
2183 1592 2282 1619 more,
2306 1592 2448 1612 reveren-

1391 1627 1467 1658 tiam
1491 1627 1677 1658 exteriorem
1700 1637 1860 1657 summam
1883 1627 2105 1658 excellentibus
2122 1627 2279 1663 creaturis,
2305 1636 2344 1656 ne
2366 1626 2448 1656 hane

1392 1671 1558 1708 exhiberet,
1583 1672 1638 1702 sed
1660 1671 1718 1701 soli
1743 1672 1812 1702 Deo
1828 1678 1998 1702 reservaret
2020 1671 2117 1707 illam,
2136 1677 2265 1711 propter
2281 1676 2449 1710 utramque

1393 1716 1549 1746 rationem
1571 1715 1604 1745 in
1627 1715 1728 1746 littera
1752 1715 1889 1746 allatam.

1447 1759 1489 1790 Et
1504 1759 1580 1790 haec
1603 1759 1642 1790 de
1662 1766 1729 1791 tota
1745 1759 1930 1800 quaestione
1957 1759 2264 1799 octogesimaquarta
2284 1757 2449 1789 sufficiant.

1034 1913 1351 1956 ARTICULUS
1381 1913 1681 1955 SECUNDUS

784 2007 940 2038 UTRUM
963 2005 1191 2040 ADORATIO
1215 2005 1440 2037 lMPoaTET
1464 2004 1619 2036 ACTUM
1645 2004 1940 2036 CORPORALEM

875 2085 966 2117 Supra,
985 2092 1030 2117 qu.
1049 2091 1130 2114 Lxxxt,
1150 2088 1196 2108 art.
1215 2091 1245 2116 73
1265 2083 1297 2108 111
1316 2083 1399 2114 Sent„
1419 2083 1477 2108 dist.
1496 2091 1529 2113 1x‚
1548 2091 1591 2115 qu.
1611 2090 1629 2113 1,
1649 2088 1695 2108 art.
1713 2082 1735 2113 3,
1755 2083 1804 2116 qua
1826 2082 1848 2107 3.

404 2186 459 2229 >Rs
486 2179 510 2205 n
526 2177 717 2204 SECUNDUM
732 2176 786 2202 s1c
801 2175 1043 2202 PaocEDrrUR.
1059 2163 1219 2201 Videtur
1235 2164 1339 2212 quod

303 2198 458 2280 RQ&
488 2219 660 2257 adoratio
688 2230 767 2255 non
795 2218 975 2277 importet
1003 2224 1131 2254 actum
1160 2229 1338 2266 corpora-

295 2276 337 2315 ,t
342 2289 412 2319 ρ’,
423 2258 474 2325 ’ᾗ
489 2273 577 2310 lem
606 2271 753 2310 Dicitur
778 2270 880 2308 enim
910 2271 1072 2307 Ioan.1v
1089 2269 1126 2306 *ε
1161 2270 1251 2307 Veri
1274 2271 1356 2307 ad-

310 2320 416 2366 >”ῑ’]ῗ·
444 2318 475 2360 Χ
489 2331 659 2363 oratores
686 2324 901 2361 adorabunt
919 2324 1070 2360 Patrem
1091 2323 1127 2360 in
1146 2323 1278 2371 spiritu
1306 2329 1342 2360 et

276 2379 442 2416 veritate.
473 2379 550 2416 Sed
578 2379 617 2416 id
646 2378 750 2426 quod
773 2378 816 2414 fit
842 2377 880 2413 in
908 2377 1039 2425 spiritu
1072 2388 1151 2412 non
1179 2377 1340 2424 pertinet

278 2433 326 2470 ad
355 2433 594 2480 corporalem
633 2439 772 2467 actum.
815 2431 917 2477 Ergo
955 2429 1126 2467 adoratio
1165 2442 1243 2466 non
1271 2430 1338 2466 im-

277 2491 404 2534 portat
432 2482 670 2533 corporalem
701 2491 840 2520 actum.

275 2555 277 2558 ·
334 2549 369 2575 2.
391 2538 629 2584 PRAETEREA,
660 2549 804 2573 nomen
833 2534 1065 2572 adorationis
1094 2535 1141 2571 ab
1171 2535 1341 2571 oratione

279 2590 451 2627 sumitur.
489 2591 566 2628 Sed
595 2590 715 2627 oratio
744 2588 997 2638 principaliter
1025 2587 1193 2624 consistit
1221 2588 1258 2624 in
1287 2588 1340 2624 in-

279 2643 407 2680 teriori
445 2649 551 2680 actu‘:
598 2644 807 2680 secundum
846 2642 937 2678 illud
968 2643 978 2677 l
1013 2642 1065 2678 ad
1096 2642 1182 2678 Cor.
1211 2653 1272 2677 xiv
1298 2640 1338 2677 *ε

285 2696 411 2733 Orabo
447 2697 598 2744 spiritu,
635 2697 753 2733 orabo
782 2701 818 2732 et
851 2700 983 2731 mente.
1027 2695 1129 2742 Ergo
1168 2694 1340 2730 adoratio

281 2749 448 2786 maxime
476 2748 656 2797 importat
684 2748 915 2797 spiritualem
945 2754 1083 2784 actum.

338 2803 372 2839 3.
402 2802 640 2848 PRAETEREA,
670 2801 886 2850 corporales
913 2808 1018 2836 actus
1047 2800 1095 2836 ad
1124 2799 1341 2835 sensibilem

283 2854 541 2914 cognitionem
570 2854 770 2903 pertinent.
814 2855 941 2890 Deum
972 2860 1097 2889 autem
1127 2863 1206 2888 non
1236 2851 1342 2888 attin-

283 2908 406 2956 gimus
435 2919 549 2944 sensu
569 2907 748 2955 corporis,
778 2906 846 2942 sed
870 2905 1018 2942 mentis.
1048 2906 1151 2952 Ergo
1171 2904 1342 2941 adoratio

284 2973 362 2998 non
390 2961 569 3009 importat
597 2960 836 3009 corporalem
866 2966 1004 2995 actum.

339 3014 413 3050 SED
442 3025 587 3050 CONTRA
615 3025 681 3050 EST
709 3013 813 3061 quod
841 3023 956 3060 super
983 3011 1074 3048 illud
1101 3010 1225 3047 Exod.
1245 3021 1294 3046 xx
1311 3008 1342 3057 ³²,

283 3067 374 3104 Non
395 3066 572 3103 adorabis
590 3078 647 3112 ea,
668 3077 787 3114 neque
805 3064 914 3110 coles,
935 3063 1023 3101 dicit
1042 3063 1178 3100 Glossa
1196 3062 1234 3099 *.
1259 3062 1345 3099 Nec

285 3119 422 3169 affectu
451 3118 564 3165 colas,
594 3131 662 3156 nec
687 3119 808 3167 specie
834 3118 980 3154 adores.

308 3174 564 3210 ΒΕεΡοΝυΕο
592 3183 776 3209 mcENDUM
810 3170 933 3218 quod,
964 3169 1058 3206 sicut
1085 3170 1345 3205 Damascenus

286 3225 385 3272 dicit,
407 3225 445 3262 in
466 3225 516 3262 IV
531 3224 625 3261 libro
640 3223 671 3271 ²⁸⁸,
697 3225 786 3273 quia
810 3235 860 3260 ex
877 3222 1017 3271 duplici
1038 3228 1174 3259 natura
1197 3232 1346 3269 compo-

285 3278 346 3315 siti
370 3290 514 3323 sumus,
545 3277 782 3314 intellectuali
805 3276 944 3313 scilicet
968 3281 1004 3312 et
1028 3274 1201 3320 sensibili,
1229 3274 1346 3322 dupli-

286 3342 366 3368 cem
395 3331 653 3368 adorationem
673 3331 755 3367 Deo
775 3329 986 3379 offerimus:
1015 3328 1154 3365 scilicet
1177 3327 1348 3376 spiritua-

286 3384 384 3431 lem,
415 3396 513 3433 quae
533 3383 702 3420 consistit
725 3382 762 3419 in
783 3381 948 3418 interiori
969 3381 1105 3418 mentis
1125 3380 1346 3426 devotione3

288 3444 325 3473 et
345 3437 595 3486 corporalem,
617 3447 715 3485 quae
737 3434 905 3472 consistit
927 3434 966 3471 in
986 3433 1159 3470 exteriori
1180 3432 1349 3482 corporis

342 3550 370 3584 α)
391 3550 609 3584 εἰςηξῇεαηΐεε.-
628 3549 798 3582 designantes
816 3549 863 3574 Pa.

1393 2161 1664 2199 humiliatione.
1694 2162 1744 2198 Et
1768 2161 1858 2209 quia
1884 2161 1923 2198 in
1944 2161 2123 2198 omnibus
2152 2161 2297 2198 actibus
2324 2160 2451 2198 latriae

1393 2215 1430 2252 id
1459 2215 1563 2264 quod
1592 2222 1648 2251 est
1677 2215 1838 2251 exterius
1866 2215 2024 2251 refertur
2052 2214 2100 2251 ad
2127 2214 2164 2251 id
2185 2215 2289 2263 quod
2319 2221 2373 2250 est
2398 2213 2452 2250 in-

1394 2268 1508 2306 terius
1547 2268 1642 2304 sicut
1674 2267 1723 2304 ad
1758 2267 2019 2316 principalius,
2050 2267 2136 2304 ideo
2174 2267 2257 2316 ipsa
2292 2266 2453 2303 exterior

1394 2321 1565 2359 adoratio
1593 2321 1637 2358 fit
1662 2328 1819 2369 propter
1846 2320 2087 2357 interiorem:
2115 2326 2156 2356 ut
2182 2318 2358 2358 videlicet
2384 2331 2454 2368 per

1394 2375 1499 2423 signa
1535 2371 1754 2410 humilitatis
1792 2386 1889 2422 quae
1927 2373 2172 2422 corporaliter
2209 2372 2451 2419 exhibemus,

1395 2428 1575 2464 excitetur
1594 2434 1722 2463 noster
1742 2426 1899 2463 affectus
1920 2426 1968 2463 ad
1992 2425 2270 2462 subiiciendum
2291 2438 2330 2462 se
2350 2426 2451 2471 Deo;

1394 2480 1483 2529 quia
1511 2480 1756 2516 connaturale
1785 2488 1840 2516 est
1877 2479 1986 2515 nobis
2022 2487 2064 2516 ut
2090 2491 2159 2528 per
2187 2478 2376 2515 sensibilia
2405 2478 2453 2515 ad

1370 2583 1373 2586 y
1394 2532 1636 2581 intelligibilia
1664 2533 1929 2581 procedamus.

1447 2589 1506 2623 AD
1527 2598 1664 2623 PRIMUM
1687 2597 1786 2622 ERGO
1811 2597 1994 2622 DlCENDUM
2015 2585 2120 2632 quod
2141 2584 2253 2620 etiam
2282 2583 2452 2620 adoratio

1396 2639 1600 2688 corporalis
1629 2639 1665 2675 in
1694 2639 1824 2687 spiritu
1852 2639 1912 2685 fit,
1943 2638 2166 2686 inquantum
2202 2649 2246 2673 ex
2275 2635 2454 2685 spirituali

1397 2693 1601 2730 devotione
1629 2691 1812 2740 procedit,
1843 2699 1879 2727 et
1906 2691 1954 2727 ad
1984 2703 2069 2727 eam
2099 2690 2302 2726 ordinatur.

1449 2748 1507 2782 An
1537 2756 1727 2782 SECUNDUM
1755 2756 1939 2781 DICENDUM
1968 2743 2071 2791 quod
2109 2743 2204 2779 sicut
2232 2741 2352 2778 oratio
2381 2741 2454 2789 pri—

1396 2798 1625 2835 mordialiter
1662 2797 1816 2845 quidem
1860 2803 1915 2833 est
1951 2796 1990 2832 in
2038 2803 2186 2841 mente,
2226 2793 2451 2831 secundario

1398 2859 1526 2887 autem
1553 2850 1680 2886 verbis
1709 2849 1940 2898 exprimitur,
1961 2857 2003 2885 ut
2030 2860 2144 2897 supra
2162 2847 2182 2869 ‘¹‘
2211 2847 2352 2884 dictum
2382 2854 2451 2892 est3

1398 2904 1447 2940 ita
1475 2903 1588 2939 etiam
1623 2902 1794 2939 adoratio
1823 2901 2077 2951 principaliter
2111 2900 2265 2949 quidem
2294 2900 2333 2936 in
2362 2899 2455 2936 inte—

1398 2955 1486 2993 riori
1514 2955 1585 2991 Dei
1614 2955 1825 2992 reverentia
1854 2954 2039 3002 consistit,
2075 2953 2297 2991 secundario
2327 2960 2454 2989 autem

1399 3009 1436 3046 in
1455 3008 1686 3057 quibusdam
1707 3007 1967 3056 corporalibus
1986 3006 2204 3044 humilitatis
2223 3005 2356 3053 signis:
2387 3005 2456 3041 sic-

1398 3069 1439 3099 ut
1469 3073 1569 3109 genu
1601 3061 1789 3098 flectimus
1819 3068 1988 3098 nostram
2026 3059 2283 3097 infirmitatem
2316 3058 2454 3105 signifi-

1400 3122 1527 3151 cantes
1553 3119 1571 3135 α
1607 3114 1644 3150 in
1682 3113 1965 3162 comparatione
2007 3113 2056 3150 ad
2096 3114 2245 3157 Deum;
2292 3118 2455 3159 proster-

1399 3168 1525 3204 nimus
1544 3174 1674 3204 autem
1694 3179 1764 3203 nos
1793 3166 1899 3215 quasi
1918 3167 2139 3216 profitentes
2167 3177 2238 3202 nos
2257 3163 2347 3200 nihil
2373 3175 2454 3200 esse

1402 3233 1446 3258 ex
1473 3219 1595 3257 nobis.

1452 3274 1511 3310 AD
1539 3284 1703 3309 TERTIUM
1740 3284 1923 3309 DICENDUM
1958 3271 2062 3319 quod
2097 3269 2165 3306 etsi
2200 3281 2268 3318 per
2301 3280 2456 3305 sensum

1400 3327 1528 3363 Deum
1558 3325 1736 3373 attingere
1758 3337 1837 3362 non
1863 3336 2080 3373 possumus,
2109 3334 2178 3371 per
2197 3321 2386 3358 sensibilia
2405 3329 2458 3357 ta-

1402 3391 1491 3415 men
1520 3378 1626 3426 signa
1655 3390 1763 3415 mens
1792 3385 1919 3414 nostra
1947 3382 2178 3425 provocatur
2204 3382 2245 3411 ut
2263 3374 2391 3411 tendat
2418 3373 2456 3410 in

1401 3433 1540 3468 Deum.

2482 2856 2545 2884 'Qu.
2552 2859 2691 2878 amn-art.
