2860 4238
199 723 209 733 ·
216 722 408 748 Qu.1.vm‚art.7.
455 718 458 723 '
485 712 489 720 ⁵

202 1626 211 1635 ⁸
229 1624 297 1645 Vers.
313 1630 332 1651 5.

204 1779 253 1800 'De
262 1777 414 1800 1nvenLRhe·

203 1808 249 1826 tor.
264 1805 303 1826 lib.
319 1804 348 1830 11,
363 1810 413 1831 cap.

202 1838 248 1853 ιιν.

202 1932 369 2006 }‚C3,¹''.¹g,¹¹'

213 1989 255 2006 eet.
270 1990 317 2020 IVL-

204 2047 214 2057 ⁸
229 2046 277 2073 Qu.
292 2051 373 2067 nvm-

213 2984 220 2993 '
235 2983 270 3005 Cf.
285 2988 349 3004 num.
363 2988 393 3003 νι.

212 3111 223 3122 “
238 3110 268 3132 Ca
290 3124 295 3130 .
309 3115 316 3130 ι
339 3114 402 3136 n.15-
412 3118 423 3122 -

213 3137 237 3159 S.
251 3116 295 3158 Th.
317 3125 367 3157 fect.
387 3140 421 3156 ιιι.

311 3339 333 3359 x,
344 3338 366 3353 n.
381 3332 403 3353 6.
414 3343 424 3347 -

314 3359 364 3380 lect.
379 3364 424 3379 xvi.

215 3333 300 3381 §.0415ss

432 274 509 310 470

1111 257 1376 304 QUAEsrlo
1407 256 1528 302 cxx,

1559 254 1854 291 ARTICULUS
1885 254 1915 289 11

1191 358 1508 402 ARTICULUS
1539 357 1838 399 SECUNDUS

1096 448 1250 479 UTRUM
1274 446 1488 477 EPIEIKEIA
1510 445 1576 476 SIT
1600 445 1705 476 PARS
1730 444 1944 476 IUSTITIAE

852 534 941 566 Supra,
962 541 1004 565 qu.
1024 540 1095 563 Lxxx,
1115 532 1146 556 ad
1167 530 1195 562 5;
1216 531 1247 555 111
1267 530 1349 559 Sent„
1371 529 1429 554 dist.
1448 536 1533 558 xxxin,
1554 536 1597 561 qu.
1616 535 1654 558 111,
1673 532 1720 553 art.
1739 535 1764 559 4,
1784 527 1833 560 qu'·
1853 526 1883 558 5;
1903 527 1927 552 V
1947 527 2041 557 Ethic„
2062 527 2119 552 lect.
2138 534 2190 551 xvx.

557 644 570 657 ‚f
587 638 594 644 .
646 622 668 646 o
684 620 874 646 SECUNDUM
888 620 941 644 sic
957 617 1197 644 PROCEDITUR.
1214 605 1374 642 Videtur
1388 603 1494 652 quod
1520 632 1521 640 ,

487 660 513 682 ·’
580 655 621 708 7⁷³:
647 661 827 711 epieikeia
855 673 934 697 non
953 660 999 697 sit
1016 672 1103 708 pars
1121 659 1292 695 iustitiae.
1322 658 1372 695 Ut
1392 657 1493 693 enim

473 749 477 762 ,
499 730 574 761 '¹⁷4
594 720 692 755 (ex
719 713 920 763 praedictis
939 713 959 734 '¹‘
985 719 1104 762 patet,
1135 712 1274 760 duplex
1312 718 1367 747 est
1393 709 1493 746 iusti-

493 743 588 801 §.579
604 760 713 804 tia:
747 779 824 804 una
857 765 1106 815 particularis,
1145 772 1181 801 et
1205 770 1221 785 α
1250 763 1322 800 alia
1354 762 1493 810 legalis.
1520 761 1522 764 ’

437 822 514 859 Sed
543 820 724 869 epieikeia
752 831 830 856 non
859 826 914 855 est
940 830 1028 867 pars
1055 817 1215 854 iustitiae
1243 815 1494 865 particularis:

437 875 524 923 quia
553 886 592 910 se
629 872 793 909 extendit
821 871 869 908 ad
897 883 1033 908 omnes
1059 870 1228 917 virtutes,
1258 870 1351 906 sieut
1379 875 1415 904 et
1442 868 1496 904 iu·
1521 868 1522 875 ¹

435 927 531 964 stitia
551 925 688 974 legalis.
720 924 896 962 Similiter
916 924 1028 961 etiam
1049 935 1128 960 non
1148 931 1204 960 est
1230 934 1317 971 pars
1337 921 1496 958 iustitiae

435 979 580 1028 legalis:
611 978 700 1026 quia
729 985 906 1026 operatur
933 984 1083 1026 praeter
1111 976 1148 1013 id
1178 975 1282 1024 quod
1320 975 1400 1022 lege
1428 986 1497 1023 po-

436 1032 549 1069 situm
579 1038 644 1067 est.
682 1032 783 1078 Ergo
812 1030 963 1068 videtur
990 1029 1096 1078 quod
1125 1028 1304 1078 epieikeia
1341 1039 1420 1064 non
1453 1026 1497 1063 sit

436 1097 523 1134 pars
550 1083 722 1120 iustitiae.

491 1150 525 1174 2.
546 1138 779 1182 PRAETEREA‚
809 1135 928 1172 virtus
956 1134 1198 1183 principalior
1226 1145 1304 1169 non
1333 1132 1497 1179 assigna-

436 1198 496 1227 tur
516 1190 643 1227 virtuti
671 1189 797 1226 minus
825 1187 1021 1237 principali
1048 1194 1089 1223 ut
1107 1198 1213 1235 pars:
1245 1185 1497 1221 cardinalibus

438 1244 541 1280 enim
568 1242 781 1288 virtutibus,
811 1241 918 1288 quasi
946 1239 1230 1288 principalibUS‚
1261 1237 1498 1285 assignantur

438 1295 683 1334 secundariae
702 1294 858 1331 virtutes
886 1301 927 1330 ut
955 1299 1092 1341 partes.
1128 1291 1204 1328 Sed
1234 1290 1416 1339 epieikeia
1443 1289 1497 1327 vi-

439 1350 546 1387 detur
583 1360 665 1384 esse
697 1346 940 1396 principalior
967 1345 1086 1382 virtus
1119 1356 1234 1393 quam
1270 1343 1428 1389 iustitia,
1457 1350 1499 1379 ut

437 1403 562 1451 ipsum
591 1412 734 1437 nomen
762 1406 887 1436 sonat:
925 1398 1057 1436 dicitur
1085 1398 1186 1434 enim
1216 1397 1265 1433 ab
1293 1396 1363 1444 epi,
1393 1396 1498 1444 quod

440 1462 494 1492 est
519 1465 653 1503 supra,
683 1460 720 1489 et
747 1452 895 1489 dilcaion
917 1450 948 1498 β,
979 1451 1081 1500 quod
1118 1457 1174 1487 est
1207 1450 1355 1486 iustum.
1395 1450 1497 1496 Ergo

438 1507 620 1557 epieikeia
649 1518 727 1542 non
757 1513 811 1542 est
837 1517 925 1553 pars
953 1503 1124 1541 iustitiae.

494 1562 528 1597 3.
561 1561 795 1605 Pmmmm,
815 1557 966 1594 videtur
994 1557 1097 1606 quod
1127 1554 1309 1604 epieikeia
1329 1554 1377 1591 sit
1395 1554 1499 1591 idem

439 1613 544 1662 quod
573 1611 771 1649 modestia.
801 1611 905 1647 Nam
932 1610 1089 1658 Philipp.
1111 1621 1146 1645 1v
1160 1608 1191 1655 ²⁸,
1217 1607 1284 1644 ubi
1314 1607 1497 1644 diciturY:

439 1666 627 1703 Modestia
655 1670 778 1702 vestra
816 1669 903 1700 nota
930 1663 976 1699 sit
1003 1662 1174 1699 omnibus
1201 1661 1432 1705 hominibus,
1461 1660 1500 1696 in

440 1731 576 1767 graeco
614 1718 775 1754 habetur
811 1716 998 1764 epieikeia.
1044 1715 1121 1752 Sed
1158 1714 1372 1750 secundum
1408 1713 1501 1749 Tul-

440 1773 533 1809 lium
555 1772 595 1818 ³¹²,
634 1769 822 1807 modestia
855 1776 909 1805 est
944 1780 1032 1817 pars
1069 1767 1353 1816 temperantiae.
1397 1766 1499 1813 Ergo

441 1824 623 1874 epieikeia
651 1835 728 1860 non
758 1830 812 1859 est
839 1834 926 1870 pars
955 1820 1127 1858 iustitiae.

495 1878 569 1914 SED
598 1887 743 1913 CONTRA
770 1886 836 1912 EST
864 1874 968 1923 quod
996 1873 1253 1921 Philosophus
1281 1871 1381 1918 dicit,
1410 1871 1448 1908 in
1466 1871 1502 1907 V

407 1946 413 1957 ³
439 1930 559 1967 Ethic.
580 1929 611 1975 ³¹⁶,
642 1930 745 1977 quod
773 1928 928 1976 epiez'lces
947 1925 960 1948 ὃ
989 1932 1043 1963 est
1068 1926 1256 1974 quoddam
1285 1925 1432 1961 iustum.
1527 1946 1529 1960 ι

496 1984 721 2019 RESPONDEO
741 1992 925 2017 DICENDUM
941 1979 1057 2028 quod,
1075 1979 1170 2016 sicut
1190 1990 1304 2026 supra
1318 1978 1338 1999 '¹⁶
1358 1977 1501 2014 dictum

444 2043 509 2082 est,
529 2035 648 2071 virtus
677 2034 801 2082 aliqua
820 2033 934 2069 habet
956 2032 1141 2080 triplicem
1164 2039 1333 2080 partem:
1363 2030 1503 2067 scilicet

441 2096 590 2137 partem
627 2086 898 2132 subiectivam,
933 2086 1153 2133 integralem
1192 2091 1227 2121 et
1263 2083 1371 2132 quasi
1394 2088 1406 2104 ⁵
1434 2095 1502 2132 po-

441 2141 647 2179 tentialem.
676 2141 769 2176 Pars
797 2146 924 2176 autem
954 2138 1163 2175 subiectiva
1192 2145 1247 2174 est
1275 2137 1322 2174 de
1342 2148 1417 2184 qua
1446 2149 1502 2172 es-

442 2194 645 2231 sentialiter
672 2192 909 2241 praedicatur
935 2199 1076 2238 totum,
1107 2198 1142 2227 et
1180 2197 1234 2227 est
1266 2190 1305 2226 in
1332 2189 1458 2226 minus
1478 2188 1501 2225 ζ.

444 2247 560 2294 Quod
598 2246 752 2294 quidem
791 2245 971 2292 contingit
1012 2243 1226 2292 dupliciter:
1271 2242 1504 2292 quandoque

443 2300 545 2336 enim
575 2299 713 2347 aliquid
741 2298 980 2346 praedicatur
1009 2298 1055 2334 de
1085 2297 1254 2346 pluribus
1293 2296 1504 2332 secundum

438 2365 560 2399 ‘unam
588 2352 786 2397 rationem,
817 2351 910 2387 sicut
938 2350 1082 2387 animal
1110 2350 1156 2386 de
1187 2362 1286 2398 equo
1317 2357 1353 2385 et
1381 2350 1504 2394 bove;

444 2405 675 2454 quandoque
714 2412 842 2440 autem
877 2403 1116 2451 praedicatur
1151 2403 1362 2439 secundum
1402 2402 1506 2449 prius

500 2531 526 2563 α)
546 2534 580 2555 et.
597 2544 616 2549 —
635 2530 695 2554 Om.
715 2529 810 2554 PHKa.

500 2566 524 2599 β)
544 2565 662 2590 dikaion.
679 2577 698 2584 -
715 2565 791 2589 cason
812 2564 860 2589 Pa.
877 2577 895 2582 -
914 2563 963 2588 Pro
983 2564 1090 2592 iustum,
1110 2563 1213 2588 iustitia
1238 2562 1412 2594 ABDEGHK,
1439 2568 1507 2595 spat.

445 2601 676 2696 ἶῒᾯῖῗὴιέῴρ...
691 2634 825 2659 dicitur.-
837 2634 908 2659 Nam
928 2634 972 2658 ubi
989 2634 1046 2665 (ubi
1064 2641 1118 2659 om.
1131 2635 1160 2665 a)
1178 2634 1322 2665 Apostolus
1339 2633 1375 2657 ad
1394 2632 1507 2665 Philipp.

524 2671 570 2696 icit
608 2678 633 2695 a.

498 2706 522 2739 ὃ)
543 2706 664 2738 epieikes.
685 2719 703 2723 -
721 2704 820 2736 epieike
843 2704 945 2736 ABpK,
965 2704 1107 2736 epieikeiae
1130 2704 1222 2734 DFIL,
1243 2703 1370 2735 epieikeia
1396 2703 1508 2728 PCGHa

1548 610 1584 639 et
1611 602 1818 651 posterius,
1847 602 1941 639 sicut
1969 614 2033 639 ens
2061 602 2298 651 praedicatur
2327 602 2374 638 de
2403 601 2611 638 substantia

1549 664 1584 692 et
1612 655 1807 692 accidente
1825 655 1856 692 ²⁸.
1894 655 2086 703 Epieikeia
2115 663 2205 703 er'go
2245 662 2300 691 est
2325 667 2414 703 pars
2451 654 2611 691 iustitiae

1549 708 1806 746 communiter
1843 707 1986 754 dictae,
2025 715 2206 755 tanquam
2245 708 2382 745 iustitia
2425 708 2611 756 quaedam

1547 762 1728 799 existens.-
1751 769 1792 797 ut
1806 760 2065 809 Philosophus
2085 761 2184 808 dicit,
2201 761 2240 798 in
2258 761 2293 797 V
2311 762 2432 798 Ethic.
2452 760 2472 782 ’¹‘
2499 760 2612 798 Unde

1548 808 1650 864 patet
1679 814 1785 861 quod
1805 813 1986 862 epieikeia
2011 820 2067 850 est
2091 826 2179 862 pars
2203 814 2412 851 subiectiva
2439 813 2612 850 iustitiae.

1550 869 1598 904 Et
1626 868 1674 904 de
1704 879 1748 904 ea
1776 866 1912 903 iustitia
1940 878 2010 915 per
2036 866 2140 915 prius
2169 866 2304 903 dicitur
2340 878 2457 914 quarn
2487 867 2535 904 de
2562 867 2612 903 le-

1550 921 1639 969 gali:
1671 932 1760 957 nam
1790 919 1918 967 legalis
1946 919 2084 956 iustitia
2109 919 2279 967 dirigitur
2297 919 2508 956 secundum
2536 919 2613 968 epi-

1551 973 1723 1011 eikeiam.
1762 972 1874 1010 Unde
1904 971 2088 1020 epieikeia
2125 980 2180 1009 est
2214 972 2322 1021 quasi
2356 972 2530 1021 superior
2559 984 2614 1008 re-

1550 1028 1637 1075 gula
1665 1027 1924 1063 humanorum
1952 1033 2120 1062 actuum.

1602 1082 1661 1116 AD
1691 1091 1828 1116 PmMUM
1857 1090 1955 1116 ERGO
1975 1090 2160 1115 mCENDUM
2188 1078 2295 1126 quod
2325 1077 2506 1126 epieikeia
2533 1089 2615 1114 cor-

1550 1133 1759 1180 respondet
1793 1131 1946 1180 proprie
1979 1131 2145 1178 ,iustitiae
2181 1131 2311 1179 legali:
2351 1138 2388 1167 et
2424 1131 2614 1180 quodam-

1551 1185 1670 1221 modo
1701 1184 1914 1221 continetur
1942 1185 2012 1221 sub
2043 1197 2099 1231 ea,
2131 1191 2166 1221 et
2194 1183 2484 1234 quodammodo
2509 1194 2615 1220 exce-

1552 1238 1605 1275 dit
1641 1250 1740 1274 eam.
1780 1237 1819 1274 Si
1857 1236 1957 1273 enim
1996 1237 2135 1274 iustitia
2171 1237 2300 1285 legalis
2337 1237 2483 1274 dicatur
2515 1247 2615 1284 quae

1551 1291 1792 1339 obtemperat
1818 1289 1890 1337 legi
1911 1289 1992 1326 sive
2013 1297 2197 1338 quantum
2218 1290 2267 1327 ad
2285 1291 2406 1327 verba
2423 1289 2515 1338 legis
2534 1289 2615 1327 sive

1552 1351 1737 1393 quantum
1766 1342 1813 1379 ad
1842 1341 2091 1388 intentionem
2120 1342 2352 1390 legislatoris,
2372 1355 2471 1390 quae
2490 1342 2618 1391 potior

1553 1405 1626 1443 est,
1656 1396 1709 1433 sic
1729 1395 1912 1444 epieikeia
1940 1403 1997 1432 est
2024 1407 2111 1444 pars
2135 1395 2259 1444 potior
2287 1395 2415 1443 legalis
2442 1395 2615 1433 iustitiae.

1553 1450 1593 1487 Si
1612 1461 1706 1486 vero
1734 1448 1871 1485 iustitia
1890 1448 2018 1496 legalis
2038 1448 2182 1486 dicatur
2201 1450 2325 1486 solum
2347 1460 2447 1497 quae
2469 1449 2617 1486 obtem-

1551 1510 1659 1552 perat
1677 1502 1748 1550 legi
1768 1501 1980 1538 secundum
2000 1502 2241 1550 verbalegis,
2261 1501 2314 1538 sic
2334 1501 2516 1551 epieikeia
2538 1513 2618 1544 non

1553 1563 1608 1592 est
1627 1568 1715 1604 pars
1734 1555 1861 1603 legalis
1881 1554 2053 1601 iustitiae,
2070 1555 2136 1592 sed
2153 1563 2209 1592 est
2222 1567 2311 1604 pars
2330 1554 2493 1592 iustitiae
2513 1566 2618 1593 com-

1553 1609 1718 1646 muniter
1745 1608 1878 1653 dictae,
1901 1615 2031 1644 contra
2050 1608 2230 1645 iustitiam
2250 1609 2410 1656 legalem
2430 1607 2554 1645 divisa
2571 1607 2620 1647 si-

1555 1669 1616 1698 cut
1645 1661 1832 1698 excedens
1851 1660 1986 1709 ipsam.

1607 1716 1665 1751 An
1686 1726 1877 1751 SECUNDUM
1897 1725 2081 1750 mOENDUM
2101 1713 2218 1761 quod,
2249 1713 2344 1750 sicut
2362 1713 2619 1762 Philosophus

1555 1767 1654 1813 dicit,
1674 1767 1717 1814 in
1744 1767 1779 1803 V
1805 1768 1925 1803 Ethic.
1945 1766 1976 1812 ²¹²,
2008 1766 2190 1815 epieikeia
2220 1774 2275 1803 est
2301 1767 2436 1803 melior
2453 1766 2619 1815 quadam

1555 1820 1704 1865 iustitia,
1730 1819 1869 1856 scilicet
1895 1818 2006 1867 legali
2032 1831 2131 1868 quae
2160 1819 2341 1856 observat
2367 1820 2487 1857 verba
2514 1820 2621 1869 legis.

1556 1873 1657 1920 Quia
1684 1881 1813 1909 tamen
1843 1880 1878 1909 et
1905 1873 1987 1921 ipsa
2015 1880 2071 1909 est
2098 1872 2236 1909 iustitia
2263 1873 2476 1921 quaedam,
2502 1884 2583 1911 non
2601 1878 2620 1902 η

1556 1934 1612 1962 est
1639 1926 1775 1962 melior
1803 1926 1908 1962 omni
1937 1925 2085 1962 iustitia.

1608 1981 1667 2015 AD
1686 1991 1846 2016 TERTIUM
1866 1990 2051 2016 mcENDUM
2071 1978 2175 2027 quod
2195 1978 2243 2015 ad
2264 1978 2489 2026 epieikeiam
2508 1978 2621 2028 perti-

1555 2039 1619 2069 net
1637 2031 1775 2081 aliquid
1797 2031 1999 2078 moderari,
2020 2031 2159 2068 scilicet
2178 2031 2462 2069 observantiam
2482 2030 2621 2070 verbo-

1556 2097 1639 2121 rum
1657 2085 1760 2133 legis.
1790 2084 1867 2121 Sed
1889 2084 2076 2122 modestia
2095 2096 2194 2134 quae
2208 2084 2362 2133 ponitur
2374 2096 2462 2133 pars
2477 2091 2622 2132 tempe-

1556 2137 1720 2185 rantiae,
1759 2138 1980 2175 moderatur
2017 2137 2240 2175 exteriorem
2277 2137 2444 2174 hominis
2479 2137 2621 2187 vitam,

1556 2198 1648 2239 puta
1675 2191 1713 2228 in
1741 2191 1891 2227 incessu
1920 2191 1981 2227 vel
2010 2190 2161 2237 habitu,
2187 2191 2251 2227 vel
2279 2190 2360 2228 aliis
2387 2190 2620 2229 huiusmodi.

1558 2245 1688 2280 Potest
1715 2251 1844 2280 tamen
1874 2256 1954 2280 esse
1981 2244 2087 2291 quod
2108 2256 2252 2281 nornen
2281 2243 2498 2293 epieikeiae‚
2519 2244 2623 2294 apud

1559 2297 1741 2342 Graecos,
1769 2309 1836 2345 per
1865 2297 2058 2345 quandam
2090 2297 2375 2334 similitudinem
2403 2298 2623 2335 transfertur

1531 2391 1533 2398 Ι
1559 2349 1607 2386 ad
1636 2362 1773 2386 omnes
1802 2349 2097 2387 moderationes.

1613 2531 1634 2559 ε)
1655 2529 1812 2561 integralem
1831 2532 1857 2553 et
1875 2529 1961 2560 quasi.
1978 2542 1997 2547 —
2011 2531 2119 2560 partem
2138 2529 2298 2561 integralem
2316 2531 2343 2552 et
2357 2531 2464 2560 partem
2484 2529 2514 2554 Ρ.

1613 2561 1641 2595 ζ)
1659 2563 1685 2587 in
1705 2563 1800 2588 minus.
1817 2576 1836 2582 -
1855 2564 1942 2588 minus
1962 2563 2000 2594 ΡΙ,
2026 2563 2051 2587 in
2078 2563 2165 2588 minus
2184 2570 2263 2596 quam
2289 2562 2380 2596 (quam
2399 2571 2453 2588 om.
2478 2563 2516 2597 G)
2538 2566 2623 2590 totum

1562 2597 1619 2628 GH,
1639 2599 1769 2623 terminus
1787 2599 1828 2623 ed.
1846 2605 1872 2624 a.

1614 2631 1643 2666 η)
1661 2641 1722 2658 non.
1740 2647 1760 2651 -
1777 2634 1885 2658 omnino
1903 2633 2082 2665 ABDEFIKL,
2102 2641 2154 2658 non
2173 2634 2281 2659 omnino
2300 2634 2332 2663 Η,
2347 2633 2439 2660 abrasa
2457 2635 2510 2667 pC;
2534 2635 2624 2666 (Quae

1561 2675 1620 2693 cum
1635 2672 1661 2693 et
1681 2669 1776 2700 ipsa...)
1796 2669 1903 2694 omnino
1923 2669 1963 2694 ed.
1982 2677 2009 2694 a.

1120 2764 1452 2805 commentam-ia
1474 2771 1724 2805 Garamans
1748 2773 1949 2805 Caietam

477 2855 495 2875 N
520 2845 651 2875 articulo
675 2844 815 2874 secundo
845 2843 987 2874 eiusdem
1011 2843 1205 2884 quaestionis
1239 2844 1372 2874 dubium
1397 2853 1505 2874 occur-

450 2858 517 2919 Irit
547 2888 627 2919 circa
649 2888 746 2918 illud:
771 2887 899 2918 Iustitia
930 2888 1048 2918 dicitur
1070 2898 1133 2928 per
1150 2889 1247 2928 prius
1278 2888 1317 2918 de
1344 2888 1505 2928 aequitate

446 2943 540 2973 quam
564 2932 603 2963 de
627 2933 725 2972 legali
741 2933 884 2969 iustitia;
907 2939 937 2962 et
960 2931 1040 2962 circa
1063 2931 1146 2962 illius
1163 2932 1334 2962 rationem:
1359 2932 1444 2962 Nam
1462 2932 1506 2961 le-

446 2977 532 3017 galis
563 2977 682 3006 iustitia
712 2976 866 3016 dirigitur
895 2976 1068 3006 secundum
1099 2977 1289 3016 aequitatem
1314 2975 1339 3006 *.
1374 2976 1506 3006 Videtur

448 3030 585 3060 namque
609 3026 779 3059 utrumque
803 3019 927 3049 falsum.
958 3020 1101 3050 Primum
1125 3020 1271 3061 quidem,
1295 3020 1370 3060 quia
1399 3019 1506 3059 legalis

447 3064 565 3094 iustitia
580 3063 717 3093 nobilior
733 3071 778 3093 est
792 3064 940 3094 omnibus
956 3063 1127 3094 moralibus
1145 3064 1322 3100 virtutibus,
1340 3071 1374 3094 ut
1394 3064 1507 3094 dicitur

448 3108 481 3138 in
497 3108 525 3138 V
541 3108 643 3138 Ethic.
659 3107 693 3137 *z
719 3108 798 3137 adeo
823 3108 909 3147 quod
934 3117 1033 3147 neque
1055 3108 1222 3148 Hesperus
1251 3118 1351 3148 neque
1372 3108 1506 3149 Lucifer

450 3157 495 3182 est
518 3153 562 3182 ita
586 3151 783 3182 admirabilis
813 3151 893 3182 sicut
922 3151 1039 3182 iustitia
1061 3152 1178 3191 legalis.
1202 3154 1249 3182 Ac
1273 3162 1328 3192 per
1350 3151 1426 3188 hoc,
1451 3162 1507 3192 per

450 3196 536 3236 prius
559 3195 678 3226 iustitia
702 3195 814 3226 dicitur
838 3196 875 3226 de
895 3195 987 3234 legali
1011 3205 1108 3235 quarn
1133 3196 1170 3225 de
1194 3196 1361 3236 aequitate.

505 3240 686 3270 Secundum
709 3249 800 3275 vero,
831 3239 906 3279 quia
933 3239 1073 3279 aequitas
1097 3249 1163 3269 non
1187 3246 1232 3270 est
1259 3239 1388 3270 directio
1411 3240 1504 3280 legis,

451 3293 505 3313 seu
528 3283 635 3322 legalis
658 3283 803 3319 iustitiae,
827 3283 984 3318 absolute,
1010 3283 1063 3313 sed
1087 3283 1119 3313 in
1143 3283 1354 3324 paucioribus,
1378 3283 1411 3313 in
1435 3284 1505 3324 qui-

451 3327 510 3357 bus
527 3327 631 3368 deficit
640 3333 774 3367 propter
797 3328 989 3364 universale,
1007 3334 1043 3358 ut
1061 3327 1094 3357 in
1108 3327 1136 3358 V
1151 3327 1254 3358 Ethic.
1271 3326 1289 3345 ‘³‘
1313 3327 1434 3358 dicitur.
1459 3328 1506 3358 Ex

451 3370 512 3400 hoc
534 3378 640 3402 autem
663 3371 751 3411 quod
775 3371 913 3411 aequitas
928 3371 960 3400 in
977 3381 1049 3401 casu
1075 3371 1178 3411 dirigit
1197 3371 1329 3412 legalem
1343 3371 1504 3408 iustitiam,

453 3424 517 3444 non
545 3415 685 3453 sequitur
715 3415 803 3455 quod
833 3415 1014 3455 simpliciter
1038 3422 1068 3445 et
1091 3415 1233 3445 absolute
1263 3416 1373 3455 dirigat
1403 3416 1504 3452 illam,

453 3458 506 3488 sed
530 3459 705 3488 secundum
727 3459 804 3498 quid
827 3466 960 3489 tantum.
994 3460 1034 3489 Et
1057 3466 1285 3500 consequenter
1312 3470 1377 3489 non
1401 3460 1505 3500 sequi-

452 3502 613 3541 tur·quod
637 3502 676 3532 sit
699 3502 835 3532 nobilior
857 3503 909 3532 illa
925 3503 1115 3542 simpliciter,
1140 3504 1194 3533 sed
1218 3504 1393 3534 secundum
1417 3504 1504 3544 quid.

509 3545 545 3576 11.
566 3546 600 3575 In
625 3546 736 3575 eodem
759 3546 890 3576 articulo
914 3547 1068 3582 secundo,
1092 3547 1124 3576 in
1148 3547 1353 3587 responsione
1377 3548 1414 3577 ad
1443 3548 1505 3588 pri·
1531 3563 1532 3586 1

1559 2853 1660 2880 mum,
1682 2844 1818 2874 occurrit
1841 2844 1927 2875 aliud
1951 2843 2096 2880 dubium,
2121 2844 2202 2875 circa
2226 2843 2464 2876 distinctionem
2486 2845 2624 2877 iustitiae

1558 2887 1667 2927 legalis
1692 2895 1721 2918 et
1745 2888 1911 2928 aequitatis
1927 2887 1954 2919 *.
1978 2889 2061 2918 Nam
2079 2888 2161 2918 male
2182 2895 2273 2919 sonat
2289 2889 2379 2929 quod
2401 2888 2521 2920 iustitia
2538 2889 2624 2930 lega-

1558 2931 1606 2968 lis,
1624 2932 1769 2962 distincta
1793 2940 1902 2963 contra
1925 2932 2133 2973 aequitatem,
2158 2933 2350 2972 obtemperet
2373 2933 2440 2974 legi
2468 2939 2622 2974 quantum

1560 2976 1602 3006 ad
1619 2976 1713 3006 verba
1730 2977 1812 3017 legis
1826 2981 1960 3008 tantum.
1985 2976 2150 3014 Quoniam
2166 2976 2198 3007 in
2212 2977 2240 3007 V
2254 2977 2357 3008 Ethic.
2370 2976 2387 2996 *
2403 2987 2546 3017 expresse
2562 2977 2623 3009 dis·
2651 2988 2661 2998 ·

1560 3020 1712 3060 tinguitur
1735 3020 1876 3061 aequitas
1899 3027 2009 3051 contra
2032 3020 2184 3052 iustitiam
2207 3020 2341 3061 legalem
2364 3031 2461 3061 penes
2485 3021 2518 3054 id
2534 3021 2624 3062 quod

1560 3071 1607 3095 est
1622 3071 1657 3095 ut
1669 3064 1701 3094 in
1718 3064 1872 3105 pluribus,
1890 3072 1920 3096 et
1936 3064 1968 3095 id
1984 3065 2072 3105 quod
2088 3065 2121 3095 in
2138 3075 2211 3095 casu
2227 3065 2347 3096 accidit.
2367 3065 2501 3096 Constat
2515 3072 2624 3096 autem

1559 3109 1647 3148 quod
1671 3109 1789 3140 iustitia
1812 3116 1848 3140 ut
1870 3108 1903 3139 in
1926 3109 2071 3149 pluribus
2095 3119 2160 3139 non
2185 3109 2292 3139 solum
2314 3109 2417 3146 verba,
2443 3109 2498 3140 sed
2521 3109 2624 3140 inten-

1559 3153 1680 3183 tionem
1705 3152 1853 3183 attendit:
1886 3159 1921 3183 ut
1944 3160 2030 3193 patet
2052 3153 2085 3183 in
2115 3153 2276 3184 reddendo
2301 3153 2502 3194 depositum,
2534 3153 2624 3195 quod

1559 3196 1694 3236 pertinet
1717 3197 1757 3227 ad
1780 3196 1931 3227 iustitiam
1958 3197 2108 3237 legalem;
2138 3197 2239 3228 reddit
2262 3207 2400 3239 namque
2424 3197 2496 3238 quis
2523 3197 2622 3238 depo-

1559 3240 1655 3271 situm
1680 3248 1715 3271 ut
1738 3241 1862 3271 bonum
1885 3247 1915 3271 et
1938 3240 2059 3272 iustum
2083 3248 2192 3276 servet,
2210 3241 2299 3282 quod
2317 3248 2362 3272 est
2377 3241 2511 3272 intentio
2533 3240 2621 3282 legis.

1616 3285 1667 3315 111.
1693 3284 1728 3314 In
1752 3285 1866 3315 eodem
1899 3284 2031 3316 articulo
2056 3285 2191 3316 dubium
2214 3285 2342 3317 tertium
2366 3285 2512 3321 occurrit,
2543 3284 2623 3316 circa

1559 3328 1638 3359 illud
1653 3328 1690 3358 *z
1719 3329 1872 3369 Aequitas
1896 3334 1942 3359 est
1972 3330 2066 3370 quasi
2094 3330 2243 3370 superior
2266 3330 2384 3371 regula
2407 3330 2621 3360 humanorum

1558 3378 1687 3403 actuum
1701 3372 1726 3403 *.
1752 3373 1839 3403 Tum
1856 3373 1931 3414 quia
1947 3373 2054 3413 regula
2070 3373 2287 3404 humanorum
2304 3380 2436 3404 actuum
2451 3379 2488 3404 ut
2502 3372 2535 3402 in
2551 3372 2622 3412 plu-

1558 3416 1644 3447 ribus
1669 3427 1735 3447 non
1760 3424 1806 3447 est
1824 3416 1954 3447 inferior
1973 3418 2081 3457 regula
2105 3418 2281 3448 eorundem
2302 3424 2337 3448 ut
2351 3417 2384 3447 in
2407 3416 2620 3457 paucioribus.

1559 3460 1710 3501 Aequitas
1735 3468 1843 3491 autem
1867 3468 1913 3491 est
1936 3462 2043 3501 regula
2066 3462 2099 3492 in
2123 3461 2342 3502 paucioribus:
2373 3460 2491 3491 iustitia
2515 3460 2622 3500 legalis

1560 3512 1595 3535 ut
1618 3505 1650 3534 in
1675 3504 1829 3544 pluribus.
1854 3505 1951 3544 Ergo.

1614 3549 1701 3578 Tum
1717 3549 1791 3588 quia
1807 3548 1950 3588 superior
1966 3549 2073 3588 regula
2091 3549 2183 3580 debet
2199 3549 2282 3580 sumi
2296 3558 2332 3579 ex
2347 3547 2501 3588 superiori
2519 3558 2621 3579 causa.

2637 666 2754 697 ⁸¹³·549·

2639 769 2651 780 ⁸
2665 768 2722 790 Loc.
2731 768 2780 796 eit„
2789 774 2814 790 n.
2828 768 2851 790 8.

2647 1780 2657 1789 ·
2671 1778 2742 1806 Ibid„
2756 1785 2780 1800 n.
2799 1784 2821 1806 α,
2835 1778 2858 1800 6.

2650 3338 2661 3348 ⁸
2674 3337 2700 3359 In
2714 3342 2820 3365 corpore.

2651 3387 2659 3395 ¹
2675 3385 2710 3407 Cf.
2725 3391 2790 3407 num.
2804 3390 2835 3407 ιν.
