2860 4244
0 212 12 245 ,θ

234 321 309 358 diet
323 332 454 358 vocem
474 321 756 366 incantantium,
773 327 808 357 et
824 321 983 368 venefici
1001 321 1222 357 incantantis
1235 333 1294 357 sa-

229 374 385 422 pienter.
425 374 526 421 Ergo
564 373 648 410 licet
685 374 916 422 suspendere
954 385 1059 410 sacra
1091 374 1209 410 verba
1247 375 1295 411 ad

234 426 446 463 remedium
474 427 688 463 hominum.

290 479 324 516 3.
354 479 593 526 PRAETEREA,
622 480 786 516 verbum
827 478 900 515 Dei
936 490 1015 515 non
1052 486 1107 514 est
1138 478 1294 515 minoris

234 531 436 568 sanctitatis
465 544 581 580 quam
610 539 827 568 sanctorum
857 531 1056 578 reliquIae:
1086 531 1189 567 unde
1218 533 1294 567 Au-

235 584 404 631 gustinus
433 584 522 621 dicit
538 584 559 606 '¹‘
582 585 685 633 quod
705 596 780 621 non
809 585 932 620 minus
960 589 1014 620 est
1039 585 1195 620 verbum
1222 584 1297 620 Dei

31 635 207 695 fffllh-Cg
235 648 349 684 quam
378 649 514 685 corpus
546 637 692 673 Christi.
733 636 809 673 Sed
847 636 1023 684 reliquias
1042 635 1057 665 β
1076 644 1294 673 sanctorum

19 688 39 722 Q
95 698 110 732 β
235 689 320 725 licet
338 689 484 726 homini
504 690 601 725 collo
626 689 870 737 suspendere,
890 690 953 725 vel
973 689 1295 737 qualitercumque

233 749 406 790 portare,
437 742 485 778 ad
514 753 623 778 suam
660 741 948 790 protectionem.
980 743 1099 789 Ergo,
1128 742 1210 790 pari
1239 754 1295 778 ra-

233 795 350 840 tione,
370 794 456 831 licet
477 794 623 831 homini
641 795 762 831 verbo
781 796 843 831 vel
864 795 1001 843 scripto
1020 795 1139 832 verba
1167 806 1295 831 sacrae

235 846 450 895 Scripturae
478 847 527 883 ad
555 859 665 884 suam
693 848 850 884 tutelam
879 859 1085 884 assumere.

90 943 93 946 Ι
288 900 362 936 SED
391 911 539 936 CONTRA
565 912 632 936 EST
659 901 764 949 quod
784 901 1082 949 Chrysostomus
1110 899 1209 946 dicit,
1237 911 1296 935 su—

67 943 208 1008 'fii-beffa
228 963 302 1000 per
327 953 465 989 Matth.
486 952 523 989 *τ
556 953 718 994 Quidam
737 953 904 1001 aliquam
925 958 1076 1001 partem
1094 951 1298 1011 Evangelii

34 1006 66 1044 124³*
74 1001 208 1068 &tgr
234 1005 412 1053 scriptam
441 1005 543 1042 circa
571 1006 707 1042 collum
730 1011 896 1054 portant.
926 1006 1000 1042 Sed
1026 1016 1150 1041 nonne
1177 1004 1293 1052 quoti-

32 1062 53 1091 ,·
91 1074 111 1102 γ
234 1057 293 1094 die
319 1058 575 1108 Evangelium
603 1059 640 1095 in
674 1059 828 1095 ecclesia
855 1058 1012 1107 legitur,
1041 1063 1078 1093 et
1102 1057 1253 1093 auditur
1279 1061 1295 1083 Υ

43 1113 49 1118 ”
234 1111 283 1147 ab
311 1111 514 1148 omnihus?
546 1111 618 1148 Cui
643 1123 737 1160 ergo
765 1112 803 1147 in
832 1111 988 1147 auribus
1015 1110 1139 1158 posita
1165 1111 1294 1146 Evan—

233 1163 336 1213 gelia
364 1164 457 1200 nihil
475 1169 657 1212 prosunt,
686 1164 872 1211 quomodo
901 1175 987 1199 eum
1009 1168 1173 1210 possunt·
1193 1163 1295 1199 circa

234 1216 372 1253 collum
407 1228 585 1276 suspensa
611 1215 794 1252 salvare?
816 1216 980 1261 Deinde,
1011 1216 1076 1252 ubi
1101 1221 1156 1252 est
1179 1216 1296 1252 virtus

14 606 22 622 Ξ
48 592 208 645 inm

231 1321 441 1372 sensuum?
468 1322 512 1361 Si
536 1322 574 1358 in
600 1322 766 1371 figuris,
796 1322 889 1358 bene
917 1322 1018 1358 circa
1052 1321 1190 1358 collum
1217 1333 1295 1358 sus-

227 1374 372 1423 pendis.
388 1371 455 1411 Si
488 1375 525 1411 in
564 1374 767 1435 intellectu,
811 1386 905 1424 ergo
942 1374 1074 1411 melius
1111 1374 1147 1411 in
1185 1374 1297 1410 corde

227 1427 353 1475 posita
374 1433 538 1475 prosunt
563 1439 677 1476 quam
706 1428 806 1464 circa
835 1427 971 1464 collum
998 1438 1187 1475 suspensa.
1232 1436 1235 1438 ·

286 1480 515 1517 Responnso
544 1492 728 1517 mci-:unum
757 1480 863 1528 quod
891 1480 928 1516 in
958 1479 1137 1516 omnibus
1169 1479 1295 1516 incan-

234 1532 439 1570 tationibus
466 1534 528 1570 vel
557 1533 749 1582 scripturis
781 1532 974 1581 suspensis
1009 1532 1085 1569 duo
1124 1532 1297 1568 cavenda

232 1585 422 1623 videntur.
460 1586 591 1623 Primo
629 1586 797 1634 quidem,
828 1585 919 1635 quid
948 1585 993 1621 sit
1020 1584 1126 1633 quod
1153 1585 1296 1633 profer-

188 1675 193 1680 ,
233 1646 298 1675 tur»
308 1639 373 1676 vel
391 1639 573 1676 scribitur.
603 1638 705 1685 Quia
732 1638 762 1676 si
783 1645 838 1675 est
857 1638 1000 1685 aliquid
1019 1637 1068 1674 ad
1088 1637 1295 1674 invocatio-

233 1703 302 1728 nes
329 1692 566 1728 daemonum
585 1691 790 1740 pertinens,
812 1691 1011 1727 manifeste
1035 1698 1090 1727 est
1118 1690 1296 1738 supersti-

61 1791 66 1796 ‚⁷
232 1743 375 1781 tiosum
396 1753 433 1781 et
450 1744 634 1781 illicitum.
659 1765 685 1772 -
710 1743 889 1781 Similiter
909 1743 1022 1780 etiam
1043 1743 1196 1780 videtur
1215 1755 1298 1780 esse

94 1806 108 1821 ³
125 1800 180 1826 -ψ
197 1801 205 1809 ’
234 1797 464 1844 cavendum,
482 1797 512 1834 si
528 1797 717 1834 contineat
731 1797 859 1845 ignota
878 1797 1051 1833 nomina:
1073 1809 1121 1833 ne
1137 1797 1207 1833 sub
1228 1796 1297 1833 illis

233 1849 376 1898 aliquid
394 1850 564 1887 illicitum
587 1851 711 1887 lateat.
740 1851 851 1888 Unde
879 1850 1177 1898 Chrysostomus
1197 1849 1297 1896 dicit,

232 1914 347 1951 super
379 1904 518 1940 Matth.
538 1903 570 1949 ²⁸,
591 1904 706 1952 quod,
728 1904 1019 1940 Pharisaeorum
1048 1902 1298 1952 magnifican-

233 1955 326 1992 tium
338 1987 341 1988 γ
342 1957 524 2003 fimbrias
557 1969 647 1994 suas
674 1956 866 2004 exemplo,
897 1967 998 1992 nunc
1028 1956 1137 1992 multi
1171 1956 1298 2004 aliqua

234 2009 389 2046 nomina
408 2010 586 2046 hebraica
599 2009 825 2059 angelorum
849 2010 1072 2058 confingunt
1083 2014 1120 2044 et
1134 2009 1303 2045 scribunt

219 2067 273 2098 ⁴et
289 2061 466 2112 alligant,
495 2073 592 2111 quae
611 2074 686 2099 non
715 2062 1001 2111 intelligentibus
1027 2062 1225 2098 metuenda
1247 2061 1300 2098 vi—

232 2114 379 2153 dentur.
394 2135 419 2143 -
439 2116 508 2152 Est
527 2115 640 2152 etiam
660 2116 877 2152 cavendum
898 2127 946 2151 ne
973 2114 1114 2163 aliquid
1133 2114 1299 2151 falsitatis

235 2167 436 2205 contineat.
476 2168 576 2214 Quia
596 2168 648 2204 sic
669 2168 746 2204 eius
775 2167 932 2204 effectus
952 2180 1031 2204 non
1058 2175 1188 2215 posset
1206 2165 1219 2189 ὃ
1239 2180 1300 2204 ex-

233 2220 375 2269 pectari
404 2233 427 2257 a
454 2222 561 2268 Deo,
590 2220 656 2269 qui
694 2233 773 2257 non
801 2229 856 2257 est
884 2221 986 2257 testis
1014 2220 1191 2257 falsitatis.

236 2326 352 2363 sacris
380 2326 642 2364 contineantur
669 2327 720 2364 ibi
758 2327 884 2376 aliqua
910 2339 1032 2363 vana:
1062 2334 1154 2374 puta
1187 2326 1302 2374 aliqui

236 2379 470 2426 characteres
498 2380 676 2429 inscripti,
703 2384 861 2429 praeter‘
878 2379 1026 2427 signum
1055 2379 1197 2416 Crucis.
1226 2381 1303 2415 Aut

242 2496 246 2500 ”
289 2494 316 2528 β)
334 2495 468 2528 reliquias.
479 2509 499 2514 -
517 2495 646 2528 reliquiae
662 2495 790 2528 BEFIpA.

274 2531 315 2564 ,γ)
334 2534 361 2556 et
377 2530 529 2556 auditun-
547 2534 577 2556 ut
593 2531 724 2556 audiatur
742 2531 772 2556 P.

259 2568 262 2572 ⁴
287 2566 314 2599 8)
328 2569 428 2598 posset.
440 2580 459 2585 -
472 2566 562 2598 possit
579 2565 804 2599 ABEFHIKLpG.

289 2601 311 2634 ε)
331 2601 444 2630 Deinde,
467 2602 593 2627 secundo.
610 2615 629 2620 -
648 2601 753 2626 Deinde
776 2602 815 2632 H,
841 2601 964 2626 Secundo
984 2601 1023 2632 G;
1043 2601 1159 2626 secundo
1184 2605 1243 2632 post
1261 2603 1301 2625 est

236 2642 339 2670 ponunt
356 2636 403 2662 Pa.
415 2650 433 2656 ·-
452 2637 488 2662 ibi
505 2645 560 2662 om.
579 2637 674 2662 PGLa.

267 2803 288 2824 N
304 2793 436 2824 articulo
456 2799 570 2833 quarto
590 2792 733 2822 eiusdem
747 2791 1077 2832 nonagesimaesextae
1096 2790 1301 2831 quaestionis,

241 2804 395 2867 Iadvene
417 2837 507 2877 quod
526 2836 626 2867 multa
642 2837 849 2867 observantur
871 2836 904 2866 in
927 2835 976 2865 his
1000 2845 1080 2875 quae
1105 2845 1164 2875 pro
1178 2835 1238 2864 Dei
1253 2844 1300 2864 re-

238 2873 376 2911 verentia
410 2887 546 2920 aguntur
575 2890 656 2920 quae
687 2879 903 2920 superstitiosa
937 2885 1104 2919 apparent,
1135 2885 1165 2908 et
1195 2885 1300 2908 tamen

238 2923 336 2960 finnt,
361 2931 392 2955 et
410 2924 520 2954 dicunt
538 2933 570 2954 se
586 2923 726 2954 excusari
745 2923 820 2964 quia
840 2923 956 2953 habent
975 2923 1071 2953 talem
1087 2922 1300 2952 devotionem.

238 2968 335 2999 Verbi
357 2968 469 3008 gratia,
494 2968 646 3008 patientes
671 2966 920 2998 contractionem
944 2976 1116 2997 nervorum
1144 2966 1303 3006 accipiunt

239 3013 381 3053 primum
403 3013 559 3043 earlinum
583 3012 727 3043 oblatum
747 3009 933 3042 Crucifixo
925 3020 958 3040 1n
974 3011 1142 3041 Parasceve
1160 3020 1235 3040 cum
1252 3011 1303 3040 ad-

240 3063 358 3093 oratur,
383 3063 413 3087 et
436 3066 474 3086 ex
491 3066 530 3086 eo
554 3055 589 3087 fit
611 3056 736 3092 anulus,
760 3055 815 3096 qui
839 3061 977 3094 gestatus
993 3055 1075 3085 valet
1091 3061 1200 3084 contra
1214 3054 1303 3084 illam

240 3101 438 3145 passionem:
469 3100 578 3131 dicunt
600 3100 689 3140 quod
711 3100 828 3130 habent
851 3098 1055 3129 devotionem
1079 3099 1118 3128 ad
1140 3098 1212 3135 hoc,
1229 3098 1304 3139 quia

241 3145 285 3177 sic
308 3137 486 3175 didicerunt
509 3150 539 3175 et
562 3144 774 3185 experiuntur.
805 3145 890 3184 Ego
899 3142 1005 3173 nescio
1033 3143 1092 3172 hos
1117 3152 1262 3172 excusare
1286 3153 1303 3172 a

239 3189 387 3220 vanitate.
410 3188 479 3219 Nisi
502 3195 592 3228 putet
619 3188 701 3229 quis,
719 3195 863 3228 expertus
887 3187 1032 3218 effectum
1056 3197 1093 3217 ex
1116 3186 1302 3223 devotione,

54 3271 59 3274 Ι
242 3233 332 3274 quod
354 3233 441 3263 Deus
465 3232 558 3263 alicui
572 3239 681 3263 sancto
697 3232 765 3263 viro
782 3233 843 3263 hoc
859 3231 1069 3271 inspiraverit:
1093 3230 1174 3261 sicut
1196 3230 1301 3267 hodie,

71 3300 89 3309 2
108 3279 216 3316 ,dib-IV,
242 3277 318 3318 quia
341 3277 513 3317 Gregorius
537 3277 663 3316 triginta
686 3276 796 3307 diebus
820 3275 902 3306 orari
921 3275 994 3307 fecit
1016 3285 1075 3316 pro
1100 3275 1251 3306 defuncto
1267 3275 1301 3311 *,

103 3321 111 3328 ”
243 3321 357 3352 missae
385 3331 519 3351 numero
550 3320 675 3360 triginta
706 3321 853 3351 dicuntur
877 3329 935 3360 pro
964 3319 1126 3350 defuncto.
1148 3318 1304 3350 Videntur

43 2371 50 2384 ἶ
70 2369 72 2372 ,

41 2397 45 2408 ,,

43 2443 81 2464 5·

43 2509 78 2526 .=

58 2686 64 2694 .

45 2782 51 2789 .

52 2974 55 2981 ,

53 3178 55 3196 1
74 3188 80 3200 t

46 3327 67 3341 ιι

33 3362 55 3379 „2

43 3382 57 3396 ,υ

46 3427 59 3441 2„

35 3440 45 3462 ἶ.

56 3479 61 3486 ,

0 3684 3 3692 2
25 3674 39 3693 ιμ’

27 3710 35 3727 3.

6 3916 41 3941 ,b

27 3960 30 3970 ι

15 4026 30 4034 s

51 4115 53 4122 s

905 242 1171 288 QUAESTIO
1201 242 1339 288 XCVI,
1368 241 1664 278 ARTICULUS
1695 241 1746 277 IV

232 1268 466 1318 Evangelii?
492 1269 529 1305 in
548 1269 694 1318 figuris
721 1269 942 1314 litterarum,
967 1280 1016 1305 an
1046 1269 1082 1305 in
1112 1269 1307 1305 intellectu.

288 2273 449 2320 Deinde,
466 2274 636 2311 secundo
651 2279 678 2321 ⁸,
699 2273 915 2311 cavendum
933 2281 989 2310 est
1003 2286 1051 2310 ne
1068 2286 1155 2310 cum
1171 2274 1301 2309 verbis
1327 2287 1329 2302 ἰ

2328 239 2400 276 335

1351 320 1380 357 si
1409 333 1495 369 spes
1523 321 1708 356 habeatur
1727 319 1764 356 in
1793 318 1911 356 modo
1945 318 2133 355 scribendi
2162 325 2226 354 aut
2254 316 2403 364 ligandi,

1350 381 1414 410 aut
1442 374 1478 409 in
1508 384 1747 421 quacumque
1783 371 2002 408 huiusmodi
2029 370 2196 408 vanitate
2230 382 2327 418 quae
2356 370 2404 406 ad

1352 426 1520 462 divinam
1550 425 1801 462 reverentiam
1830 437 1908 461 non
1937 424 2120 473 pertineat
2143 422 2166 459 ζ.
2197 422 2298 469 Quia
2329 423 2404 458 hoc

1349 478 1577 515 iudicaretur
1603 477 1916 526 superstitiosum.

1402 531 1505 566 Alias
1533 538 1660 571 autem
1681 537 1735 567 est
1754 530 1905 567 licitum.
1935 529 2045 567 Unde
2074 528 2111 565 in
2130 528 2299 564 Decretis
2320 527 2405 564 dici-

1350 591 1419 629 tur,
1440 583 1575 629 XXVI,
1597 595 1660 631 qu.
1680 595 1715 630 v,
1737 595 1818 631 cap.
1838 583 1929 619 Non
1949 583 2058 619 liceat
2078 581 2296 618 Christianis
2316 588 2403 617 etc.:

1348 636 1434 672 Nec
1461 636 1497 671 in
1527 635 1800 672 collectionibus
1822 637 2026 672 herbarum
2054 646 2150 682 quae
2169 633 2406 670 medicinales

1349 693 1435 725 sunt
1452 688 1597 735 aliquas
1620 689 1893 725 ohservationes
1921 694 1988 724 aut
2005 687 2271 724 incantationes
2300 686 2408 723 liceat

1350 741 1557 785 attendere,
1586 741 1658 776 nisi
1684 746 1826 777 tantum
1863 753 1948 778 cum
1975 739 2308 788 symboloffdivino
2341 744 2407 775 aut

1350 793 1520 830 oratione
1553 793 1772 830 Dominica:
1800 800 1839 829 ut
1870 799 2012 830 tantum
2045 794 2202 829 Creator
2238 792 2405 829 omnium

1349 852 1384 882 et
1410 847 1513 882 Deus
1540 846 1744 882 honoretur
1762 851 1792 882 η.

1402 900 1460 934 AD
1489 909 1626 935 Palmum
1645 909 1742 934 ERGO
1762 910 1946 935 DlCENDUM
1966 898 2071 946 quod
2100 897 2213 934 etiam
2239 897 2406 945 proferre

1351 950 1481 987 divina
1508 951 1649 996 verba,
1679 958 1742 986 aut
1769 950 1947 987 invocare
1986 950 2156 987 divinum
2186 961 2346 995 nomen,
2377 949 2407 986 si

1350 1011 1542 1052 respectus
1571 1003 1754 1040 habeatur
1781 1003 1829 1040 ad
1858 1004 1978 1039 solam
1998 1001 2010 1024 θ
2039 1003 2111 1039 Dei
2142 1002 2405 1048 reverentiam,

1350 1069 1372 1092 a
1402 1068 1476 1105 qua
1505 1063 1721 1105 expectatur
1749 1055 1924 1102 effeetus,
1954 1056 2092 1092 licitum
2128 1055 2215 1092 erit:
2253 1055 2283 1092 si
2310 1066 2403 1091 vero

1350 1110 1534 1146 habeatur
1569 1116 1761 1157 respectus
1787 1109 1835 1144 ad
1864 1108 2004 1157 aliquid
2023 1108 2124 1144 aliud
2152 1120 2250 1144 vane
2279 1108 2407 1144 obser-

1349 1170 1495 1209 vatum,
1517 1161 1584 1198 erit
1611 1161 1790 1198 illicitum.

1403 1217 1462 1251 Αι)
1496 1226 1686 1251 SECUNDUM
1714 1226 1898 1251 memnon
1926 1213 2031 1261 quod
2059 1212 2171 1249 etiam
2206 1212 2244 1248 in
2280 1212 2407 1248 incan-

1350 1268 1552 1304 tationibus
1581 1275 1799 1315 serpentum
1818 1267 1880 1303 vel
1909 1277 2242 1314 quorumcumque
2266 1265 2408 1302 anima-

1350 1320 1454 1367 lium,
1476 1320 1507 1357 si
1526 1328 1718 1368 respectus
1744 1320 1928 1356 habeatur
1946 1320 2070 1355 solum
2089 1318 2138 1355 ad
2155 1319 2274 1355 verba
2303 1331 2408 1355 sacra

1351 1381 1388 1410 et
1416 1374 1464 1411 ad
1491 1373 1670 1410 virtutem
1700 1373 1880 1419 divinam,
1909 1384 1988 1408 non
2018 1371 2085 1408 erit
2113 1371 2291 1408 illicitum.
2332 1371 2407 1408 Sed

1350 1427 1574 1475 plerumque
1602 1427 1695 1462 tales
1723 1425 2048 1474 praecantationes
2069 1424 2237 1460 ‘habent
2264 1424 2407 1460 illicitas

1351 1479 1631 1525 observantias,
1666 1486 1701 1514 et
1733 1491 1801 1526 per
1835 1478 2043 1515 daemones
2076 1476 2281 1513 sortiuntur
2318 1477 2407 1513 effe-

1352 1539 1478 1568 ctum:
1509 1539 1545 1568 et
1571 1531 1774 1579 praecipue
1794 1531 1832 1567 in
1860 1531 2115 1580 serpentibUS,
2137 1530 2226 1577 quia
2253 1542 2408 1578 serpens

1351 1584 1419 1620 fuit
1446 1584 1613 1632 primum
1652 1583 1848 1620 daemonis
1885 1584 2174 1620 instrumentum
2211 1582 2259 1619 ad
2286 1582 2408 1619 homi-

1352 1649 1442 1673 nem
1470 1636 1750 1685 decipiendum.
1779 1636 1890 1673 Unde
1920 1636 2005 1673 dicit
2033 1636 2169 1672 Glossa
2187 1635 2218 1681 ³¹⁶,
2247 1634 2406 1672 ibidem:

1350 1690 1571 1727 Notandum
1601 1690 1689 1737 quia
1717 1701 1792 1725 non
1821 1688 1997 1725 laudatur
2023 1700 2047 1724 a
2075 1689 2268 1735 Scriptura
2297 1689 2409 1724 unde-

1352 1754 1512 1790 cumque
1530 1743 1641 1778 datur
1661 1742 1697 1778 in
1718 1742 1911 1789 Scriptura
1938 1741 2159 1778 similitudo.-
2189 1746 2228 1776 ut
2243 1746 2347 1788 patet
2365 1741 2410 1777 de

1353 1796 1480 1844 iniquo
1509 1795 1629 1831 iudice
1655 1795 1721 1843 qui
1746 1800 1944 1844 rogantem
1976 1794 2129 1831 viduam
2162 1794 2229 1830 vix
2255 1794 2406 1830 audivit.

1405 1851 1464 1885 AD
1492 1860 1652 1885 TER‘rmM
1679 1859 1863 1884 mci-:NDUM
1891 1848 1995 1895 quod
2016 1847 2150 1883 eadem
2181 1846 2292 1883 etiam
2317 1847 2409 1882 ratio

1354 1909 1409 1938 est
1437 1901 1483 1938 de
1512 1901 1725 1949 portatione
1754 1900 2007 1948 reliquiarum.
2038 1899 2137 1945 Quia
2166 1899 2195 1935 si
2215 1906 2411 1947 portentur

1353 1967 1398 1991 ex
1425 1954 1566 1991 fiducia
1604 1953 1675 1990 Dei
1705 1961 1740 1990 et
1767 1961 1984 1990 sanctorum
2014 1964 2177 2001 quorum
2215 1959 2301 1988 sunt
2328 1952 2409 1988 reli-

1352 2008 1484 2056 quiae,
1515 2019 1593 2044 non
1622 2007 1688 2043 erit
1724 2006 1892 2043 illicitum
1911 2005 1950 2042 *z
1981 2005 2010 2042 si
2048 2013 2174 2041 autem
2208 2005 2305 2042 circa
2337 2006 2411 2041 hoc

1354 2061 1608 2097 attenderetur
1635 2059 1775 2108 aliquid
1795 2059 1895 2096 aliud
1922 2071 2079 2105 vanum,
2101 2065 2190 2106 puta
2210 2057 2314 2106 quod
2341 2070 2410 2094 vas

1355 2121 1452 2150 esset
1494 2113 1736 2160 triangulare,
1773 2120 1836 2148 aut
1870 2111 2012 2159 aliquid
2049 2111 2149 2148 aliud
2190 2110 2411 2147 huiusmodi

1355 2167 1459 2215 quod
1487 2179 1564 2202 non
1593 2165 1795 2214 pertineret
1823 2165 1870 2201 ad
1896 2164 2146 2201 reverentiam
2166 2163 2238 2200 Dei
2263 2171 2299 2199 et
2327 2176 2412 2200 san-

1355 2227 1515 2265 ctorum,
1546 2227 1643 2255 esset
1671 2218 1970 2267 superstitiosum
1999 2225 2034 2253 et
2063 2217 2239 2253 illicitum.

1408 2274 1466 2309 AD
1487 2283 1659 2316 QUARTUM
1675 2272 1695 2293 ‘¹‘
1715 2283 1898 2308 DICENDUM
1918 2270 2022 2319 quod
2043 2270 2340 2318 Chrysostomus
2358 2269 2450 2304 lo-’

1356 2326 1481 2374 quitur
1500 2326 1654 2373 quando
1676 2331 1867 2372 respectus
1887 2323 2047 2360 habetur
2066 2322 2186 2370 magis
2205 2322 2254 2358 ad
2273 2321 2412 2368 figuras

1357 2378 1512 2427 scriptas
1541 2390 1657 2426 quam
1686 2378 1733 2414 ad
1762 2377 1991 2413 intellectum
2020 2376 2239 2412 verborum.

1406 2493 1431 2525 ζ)
1449 2493 1593 2525 pertineat.
1604 2507 1624 2512 -
1636 2493 1794 2525 pertineant
1812 2492 1890 2522 PDH,
1904 2491 2043 2523 pertinent
2061 2491 2103 2515 ed.
2121 2497 2146 2515 a.

1406 2529 1433 2561 η)
1452 2532 1526 2554 aut...
1546 2529 1700 2553 honoretur.
1718 2542 1736 2546 —
1753 2530 1802 2552 aut
1820 2527 1963 2552 Dominica
1987 2526 2108 2551 oratione
2130 2529 2160 2550 ut
2177 2528 2280 2550 tantum
2303 2525 2415 2549 Creator

1354 2568 1380 2589 et
1400 2564 1473 2589 Deus
1492 2564 1609 2589 omnium
1629 2564 1774 2588 honoretur
1792 2562 1934 2594 (adoretur
1952 2565 1978 2587 et
1996 2561 2142 2586 honoretur
2160 2561 2191 2592 P)
2209 2561 2255 2585 Pa.

1407 2597 1432 2632 θ)
1451 2599 1488 2624 ad
1505 2600 1629 2624 solam.—
1646 2599 1730 2623 solum
1749 2598 1786 2622 ad
1804 2598 1851 2622 Pa.

1409 2635 1427 2667 ι)
1443 2635 1688 2667 praecantationes.
1702 2647 1722 2652 -
1739 2633 1934 2658 incantationes
1953 2631 2073 2657 PAEGL.

911 2713 1243 2746 Commentaria
1267 2711 1516 2744 Oardmalis
1539 2711 1738 2743 Caietam

1325 2790 1326 2796 ¹
1355 2800 1430 2829 ergo
1454 2789 1589 2829 simplici
1613 2790 1706 2819 corde
1730 2788 1843 2818 similia
1867 2788 2027 2818 credentes
2051 2795 2080 2818 et
2104 2788 2251 2818 facientes
2268 2798 2303 2818 ex
2319 2789 2415 2818 devo-

1354 2834 1452 2870 tione,
1477 2833 1662 2864 excusandi:
1687 2832 1762 2873 quia
1781 2842 1847 2862 non
1864 2839 2002 2872 peccant,
2027 2838 2081 2861 aut
2096 2831 2256 2861 venialiter
2279 2839 2413 2868 tantum,

1355 2888 1391 2908 ex
1415 2887 1480 2917 quo
1504 2877 1685 2917 principale,
1710 2884 1787 2916 puta
1812 2876 1899 2916 quod
1923 2876 2027 2905 divina
2043 2875 2164 2905 assistat
2178 2875 2286 2910 virtus,
2311 2883 2415 2915 potest

1355 2921 1516 2957 sustineri;
1541 2921 1614 2951 licet
1636 2920 1775 2951 nesciant
1799 2920 1893 2950 aliam
1915 2920 2044 2950 reddere
2071 2919 2224 2950 rationem
2244 2929 2340 2960 quare
2359 2920 2415 2949 has

1355 2965 1562 3001 conditiones,
1587 2974 1668 3004 quae
1692 2973 1790 2994 vanae
1814 2970 1897 2999 sunt,
1922 2964 2098 2999 observant,
2123 2963 2182 2993 nisi
2206 2963 2281 3004 quia
2305 2963 2347 2993 sic
2366 2973 2415 2994 ac—

1355 3015 1507 3049 ceperunt
1529 3019 1548 3039 a
1570 3008 1753 3038 maioribus.
1788 3007 1922 3038 Difficile
1945 3015 1991 3038 est
2014 3007 2099 3037 enim
2124 3007 2287 3038 confutare
2310 3008 2414 3048 quod,

1355 3053 1518 3084 seniorum
1541 3053 1708 3083 traditione
1736 3059 1766 3082 et
1789 3051 1973 3082 auctoritate
1997 3051 2175 3087 firmatum,
2199 3051 2343 3091 vulgares
2367 3061 2416 3081 ac-

1356 3104 1515 3137 ceperunt.
1540 3097 1614 3127 Non
1631 3103 1705 3126 sunt
1723 3103 1829 3126 tamen
1848 3096 1925 3126 haec
1940 3096 2144 3131 extendenda,
2168 3096 2223 3126 sed
2246 3096 2417 3135 prudenter

1357 3141 1560 3178 declaranda,
1586 3141 1639 3171 ubi
1667 3140 1786 3170 fructus
1820 3147 1980 3180 speratur,
2005 3149 2044 3170 ne
2077 3139 2230 3170 deteriora
2262 3139 2415 3169 eveniant.

1355 3186 1510 3217 Videntur
1542 3185 1628 3215 enirn
1650 3184 1744 3221 haec,
1769 3184 1812 3214 sic
1836 3183 1970 3223 simplici
1994 3184 2088 3214 corde
2116 3193 2152 3214 ex
2180 3183 2348 3213 devotione
2371 3182 2415 3212 fa-

1355 3237 1420 3266 cta,
1444 3230 1535 3259 valde
1557 3229 1740 3268 imperfecte
1771 3228 2029 3268 superstitionem
2061 3236 2186 3267 sapere:
2216 3227 2296 3257 sicut
2328 3237 2415 3256 men-

1357 3274 1483 3304 dacium
1499 3274 1645 3304 iocosum
1661 3272 1882 3313 imperfectum
1899 3279 1944 3302 est
1967 3272 1998 3302 in
2017 3281 2129 3312 genere
2153 3271 2269 3311 peccati
2286 3270 2317 3300 in
2343 3280 2415 3311 pro-

1356 3328 1490 3349 ximum.

774 3466 1887 3552 magum

2436 1645 2446 1655 ⁸
2460 1643 2517 1665 Ord.
2531 1644 2592 1671 Aug.

2439 2012 2449 2021 '⁸
2462 2011 2490 2032 D.
2507 2010 2557 2039 895.

2463 2270 2521 2297 Arg.
2534 2269 2583 2291 Sed
2596 2274 2650 2290 con-
