2860 4244
197 782 205 789 ⁸
218 781 282 801 Vers.
298 786 335 805 23,
346 786 382 806 24.
395 791 405 795 -

196 807 230 828 Cf.
248 805 324 828 Gloss'.
341 806 397 827 Ord.

195 1000 203 1009 ⁸
219 997 283 1018 Vers.
298 1003 330 1023 22,
342 1002 375 1024 23.

293 1055 310 1071 α

291 1155 305 1187 [a

192 1633 401 1661 XL

188 2056 264 2105 ὲῗῑῗῑίῑ
276 2062 378 2104 taff-...⁵
389 2067 399 2071 '

188 2251 198 2260 ⁸
206 2250 242 2271 De
251 2250 309 2271 Vera
315 2250 398 2278 Relig„

189 2283 238 2303 cap.
250 2283 294 2298 xiv.

189 2967 197 2976 ⁸
208 2966 243 2988 Cf.
258 2972 322 2988 num.
331 2972 399 2993 11,111.

1089 247 1354 293 QUAESTIO
1384 246 1522 294 LXIV,
1550 249 1846 286 ARTICULUS
1874 249 1959 286 VIII

1213 363 1530 405 ARTICULUS
1559 364 1832 407 OCTAVUS

619 459 773 489 UTRUM
797 458 966 494 AL1Qu1s
991 457 1266 488 CASUALITER
1289 456 1506 487 occmENs
1530 457 1736 488 HOMINEM
1759 459 1980 490 INCURRAT
2004 458 2220 490 HOMICIDH
2244 459 2426 490 REATUM

1158 535 1191 559 IV
1211 535 1299 563 Sent„
1319 534 1377 559 dist.
1400 542 1457 566 xxv,
1476 542 1520 567 qu.
1539 543 1566 566 11,
1586 540 1632 560 art.
1653 542 1678 566 2,
1697 536 1746 568 qu⁸
1767 543 1790 567 2,
1810 537 1842 561 ad
1862 537 1886 562 3.

645 631 667 655 D
683 627 854 655 ocrAvuM
876 626 929 651 sm
949 625 1190 651 nocam-rua,
1212 613 1372 650 Videtur
1391 615 1496 662 quod

501 642 527 659 ,ι
569 654 583 665 s

472 669 510 699 ‘⁴5³
553 646 624 726 υ
646 670 777 718 aliquis
807 667 1004 704 casualiter
1024 667 1202 704 occidens
1222 667 1418 704 hominem
1442 667 1496 704 in-

453 734 457 740 '
484 732 573 773 ‘2¹⁷2
584 714 770 769 ’(’ωιτειῐ
790 719 986 757 homicidii
1014 727 1170 757 reatum.
1212 720 1365 767 Legitur
1394 720 1493 757 enim

490 758 589 813 §.ab
605 769 637 815 K
651 777 741 814 Gen.
763 786 798 811 ιν
816 774 836 795 ’¹‘
865 773 969 821 quod
995 773 1177 820 Lamech,
1198 773 1355 810 credens
1384 773 1494 810 inter-

431 825 557 872 ficere*
575 830 746 874 bestiam,
777 826 961 864 interfecit
979 826 1188 873 hominem,
1219 834 1255 862 et
1282 833 1494 874 reputatum

433 895 486 923 est
506 885 540 921 ei
567 884 615 920 ad
634 880 894 932 homicidium.
931 880 1032 927 Ergo
1057 887 1206 917 reatum
1225 879 1420 916 homicidii
1439 880 1493 916 in·

432 938 544 976 currit
573 936 636 985 qui
665 933 863 971 casualiter
889 933 1088 970 hominem
1118 932 1266 969 occidit.

486 1003 520 1028 2.
543 991 776 1034 PRAETEREA,
796 986 920 1023 Exod.
945 997 1004 1023 xx1
1024 986 1044 1008 *
1069 985 1203 1023 dicitur
1231 985 1336 1034 quod
1354 985 1388 1022 si
1413 986 1495 1034 quis

424 1043 652 1093 percusserit
687 1040 882 1077 mulierem
905 1044 1184 1089 praegnantem
1218 1043 1253 1074 et
1278 1039 1456 1075 aborsum
1477 1043 1494 1059 α

419 1098 569 1145 fecerit,
598 1096 632 1133 si
657 1106 761 1131 mors
780 1093 858 1129 eius
870 1092 996 1140 suerit
1020 1093 1231 1138 subsecuta,
1262 1091 1388 1128 reddet
1413 1091 1493 1128 ani-

430 1162 533 1187 mam
555 1161 630 1197 pro
659 1147 800 1184 anima.
845 1145 923 1182 Sed
951 1145 1025 1181 hoc
1052 1151 1177 1194 potest
1203 1142 1321 1181 fierit
1349 1144 1493 1192 absque

430 1202 637 1240 intentione
667 1198 881 1236 occisionis.
927 1198 1029 1246 Ergo
1059 1197 1307 1234 homicidium
1344 1198 1493 1234 casuale

429 1256 544 1293 habet
571 1245 777 1291 homicidii‘
796 1258 953 1288 reatum.

484 1310 518 1346 3.
540 1309 780 1351 PRAETEREA,
811 1304 848 1340 in
874 1302 1063 1349 Decretis,
1093 1302 1176 1339 dist.
1198 1302 1241 1348 L,
1263 1302 1494 1339 inducuntur

427 1362 555 1409 plures
593 1370 760 1396 canones
794 1357 834 1394 in
862 1361 876 1383 Ὺ
914 1355 1051 1404 quibus
1088 1354 1252 1392 casualia
1286 1354 1494 1392 homicidia

427 1414 648 1461 puniuntur.
685 1410 762 1448 Sed
790 1420 917 1458 poena
937 1420 1015 1445 non
1036 1408 1195 1445 debetur
1214 1405 1227 1429 δ
1255 1407 1327 1444 nisi
1347 1407 1492 1455 culpae.

428 1467 529 1514 Ergo
550 1466 609 1502 ille
631 1464 694 1513 qui
722 1462 919 1499 casualiter
938 1460 1076 1498 occidit
1098 1460 1309 1507 hominem,
1338 1460 1493 1497 incurrit

427 1518 621 1556 homicidii
651 1517 803 1566 culpam
823 1520 847 1551 ².

482 1572 555 1608 SED
576 1582 722 1608 CONTRA
750 1580 816 1606 EST
835 1567 941 1616 quod
965 1566 1199 1614 Augustinus
1224 1565 1323 1613 dicit,
1352 1566 1404 1603 ad
1419 1567 1492 1603 Pu-

427 1624 602 1662 blicolam
621 1623 660 1660 *t
702 1622 810 1659 Absit
838 1626 879 1657 ut
904 1632 949 1657 ea
977 1631 1074 1668 quae
1096 1625 1252 1669 propter
1278 1620 1418 1656 bonum
1445 1631 1493 1656 ac
1518 1644 1520 1647 v

428 1678 567 1714 licitum
583 1677 776 1725 facimus,
804 1674 838 1711 si
864 1673 954 1722 quid
971 1671 984 1697 ζ
1006 1684 1078 1720 per
1104 1674 1213 1717 haec,
1244 1677 1398 1720 praeter
1426 1684 1490 1709 no-

426 1737 544 1767 stram
573 1730 814 1773 voluntatem,
844 1727 1020 1775 cuiquam
1049 1725 1142 1762 mali
1169 1725 1356 1770 acciderit,
1387 1726 1493 1762 nobis

428 1784 639 1832 imputetur.
679 1781 755 1818 Sed
786 1779 966 1827 contingit
994 1779 1225 1827 quandoque
1262 1785 1303 1814 ut
1336 1785 1493 1827 propter

428 1837 575 1874 bonum
601 1834 743 1884 aliquid
768 1832 991 1870 facientibus
1011 1831 1260 1868 homicidium
1282 1842 1491 1879 consequa-

427 1897 485 1926 tur
514 1888 723 1926 casualiter.
759 1887 861 1934 Ergo
890 1898 969 1923 non
989 1889 1006 1911 η
1031 1884 1237 1933 imputatur
1264 1883 1414 1920 facienti
1442 1883 1491 1921 ad
1516 1919 1518 1924 ,

428 1943 487 1979 cul
517 1954 590 1978 am.

480 1955 707 2032 {asponam
727 2003 913 2029 memnon
933 1991 1052 2038 quod,
1074 1989 1288 2026 secundum
1317 1989 1490 2026 Philoso-

425 2049 558 2096 phum,
579 2047 617 2083 in
638 2047 669 2082 II
689 2045 838 2093 Physic.
854 2044 885 2092 ²¹²,
909 2056 1017 2080 casus
1038 2050 1094 2080 est
1113 2055 1226 2080 causa
1245 2054 1360 2090 agens
1379 2054 1489 2091 prae-

425 2109 482 2138 ter
509 2100 771 2138 intentionem.
801 2098 850 2134 Et
877 2096 1036 2137 ideoea
1064 2108 1163 2145 quae
1191 2095 1354 2132 casualia
1382 2102 1487 2144 sunt,

426 2153 643 2202 simpliciter
662 2150 869 2200 loquendo,
897 2162 978 2187 non
997 2157 1083 2186 sunt
1110 2148 1252 2186 intenta
1278 2160 1403 2196 neque
1421 2161 1490 2186 vo—

425 2206 596 2244 luntaria.
647 2206 696 2241 Et
724 2204 812 2253 qula
841 2215 955 2240 omne
988 2209 1188 2251 peccatum
1225 2209 1281 2238 est
1316 2202 1491 2239 volunta-

426 2260 544 2307 rium,
582 2258 795 2295 secundum
824 2255 1080 2304 Augustinum
1100 2254 1136 2302 ³¹⁸,
1167 2266 1409 2302 consequens
1438 2262 1494 2291 est

479 2373 507 2406 α)
522 2373 655 2403 aborsum.
670 2386 687 2390 -
706 2371 829 2395 abortum
849 2370 880 2401 D,
899 2369 1050 2394 abortivum
1069 2369 1100 2393 L.

480 2407 505 2440 β)
520 2407 591 2442 fleri.
605 2422 623 2426 -
641 2414 697 2431 esse
714 2405 763 2431 Pa.

479 2443 507 2475 γ)
527 2443 562 2467 in.
574 2456 594 2461 -
612 2443 674 2467 Om.
693 2442 721 2466 Ρ.

479 2477 504 2510 δ)
518 2485 607 2510 poena
627 2485 678 2502 non
699 2477 817 2501 debetur.
831 2489 850 2494 —
864 2482 969 2507 poenae
987 2481 1039 2498 non
1060 2473 1188 2498 debentur
1207 2473 1253 2498 Pa.

481 2513 502 2544 ε)
521 2514 635 2545 culpam.
647 2526 666 2532 -
685 2515 788 2537 reatum
808 2511 856 2536 Pa.

479 2548 504 2580 ζ)
525 2548 599 2581 quid.
612 2561 630 2566 -
649 2547 754 2580 quidem
775 2546 876 2577 PGI-IL,
895 2545 953 2578 quis
972 2544 1020 2575 IK;
1040 2552 1088 2577 pro
1103 2551 1156 2576 per
1168 2543 1240 2574 haec,
1255 2546 1371 2575 propter
1383 2543 1432 2568 hoc
1451 2550 1493 2567 co-

427 2584 496 2609 dices
516 2587 541 2608 et
559 2583 611 2614 Pa;
632 2591 680 2616 pro
698 2582 830 2614 cuiquam,
850 2580 980 2613 quidquid
998 2579 1078 2610 ADG,
1097 2579 1243 2612 quidquam
1263 2578 1339 2603 ceteri
1359 2583 1385 2603 et
1403 2577 1449 2603 Pa.

1551 614 1655 662 quod
1684 615 1863 662 casualia,
1891 616 2116 665 inquantum
2150 616 2389 664 huiusmodi,
2418 629 2497 654 non
2525 626 2612 656 sunt

1549 674 1716 715 peccata.
1761 668 1952 716 Contingit
1979 677 2108 706 tamen
2137 669 2174 706 id
2203 670 2307 718 quod
2335 681 2413 706 non
2443 678 2498 707 est
2525 678 2611 708 actu

1551 727 1586 756 et
1621 732 1689 769 per
1717 731 1757 756 se
1784 721 1945 758 volitum
1973 722 2034 758 vel
2064 722 2271 769 intentum,
2303 734 2384 759 esse
2418 735 2488 772 per
2515 724 2611 760 acci-

1550 773 1643 810 dens
1662 772 1824 809 volitum
1846 781 1882 809 et
1900 774 2098 822 intentum,
2129 776 2341 812 secundum
2362 775 2467 824 quod
2497 788 2611 814 causa

1548 838 1617 874 per
1645 825 1819 863 accidens
1841 825 1974 863 dicitur
2001 839 2195 864 removens
2216 828 2420 876 prohibens
2438 828 2468 866 ¹⁸².
2498 829 2610 867 Unde

1550 879 1610 915 ille
1640 880 1703 928 qui
1733 891 1812 915 non
1841 887 2016 916 removet
2044 891 2088 916 ea
2117 892 2163 916 ex
2181 881 2319 928 quibus
2347 881 2516 930 sequitur
2541 883 2610 919 ho-

1549 932 1765 979 micidium,
1799 932 1830 968 si
1863 932 2000 968 debeat
2035 944 2256 980 removere,
2287 933 2355 970 erit
2382 932 2394 956 ⁰
2423 935 2611 983 quodam-

1548 985 1668 1021 modo
1696 984 1947 1022 homicidium
1975 985 2245 1022 voluntarium.

1602 1038 1688 1074 Hoc
1722 1045 1849 1074 autem
1887 1037 2066 1086 contingit
2102 1037 2318 1087 dupliciter:
2364 1051 2443 1076 uno
2478 1041 2609 1088 modo,

1548 1090 1703 1139 quando
1733 1091 1828 1128 dans
1858 1103 2016 1139 operam
2045 1091 2160 1137 rebus
2187 1091 2339 1139 illicitis,
2368 1103 2464 1140 quas
2491 1091 2610 1130 vitare

1548 1143 1723 1191 debebat,
1745 1143 1994 1181 homicidium
2013 1144 2181 1189 incurrit;
2207 1144 2281 1181 alio
2302 1145 2434 1192 modo,
2455 1145 2610 1193 quando

1547 1209 1626 1233 non
1654 1196 1809 1234 adhibet
1837 1197 2005 1234 debitam
2034 1197 2336 1234 sollicitudinem.
2367 1198 2416 1234 Et
2442 1197 2530 1234 ideo
2555 1210 2612 1235 se-

1548 1249 1716 1286 cundum
1746 1249 1827 1286 iura
1846 1249 1877 1298 ³⁸,
1901 1249 1931 1286 si
1959 1249 2093 1298 aliquis
2119 1251 2181 1287 det
2209 1262 2368 1299 operam
2397 1250 2450 1287 rei
2477 1250 2610 1300 licitae,

1547 1301 1715 1338 debitam
1747 1301 1975 1349 diligentiam
2014 1302 2219 1350 adhibens,
2250 1310 2286 1340 et
2315 1315 2360 1340 ex
2387 1304 2462 1341 hoc
2489 1303 2612 1342 horni-

1548 1354 1689 1391 cidium
1717 1361 1910 1403 sequatur,
1930 1367 2009 1391 non
2036 1355 2190 1392 incurrit
2216 1355 2413 1395 homicidii
2440 1364 2610 1395 reatum:

1547 1407 1578 1444 si
1605 1419 1700 1444 vero
1738 1408 1801 1444 det
1837 1419 1998 1456 operam
2027 1407 2082 1444 rei
2109 1408 2277 1454 illicitae,
2305 1409 2368 1446 vel
2405 1409 2518 1447 etiam
2547 1410 2613 1447 det

1519 1469 1521 1505 ξ
1547 1473 1706 1509 operam
1735 1460 1789 1497 rei
1818 1460 1938 1497 licitae
1967 1472 2045 1497 non
2074 1461 2259 1498 adhibens
2288 1460 2519 1510 diligentiam
2546 1462 2612 1500 de·

1547 1513 1682 1560 bitam,
1713 1525 1792 1550 non
1822 1513 1948 1551 evadit
1985 1513 2179 1550 homicidii
2216 1521 2363 1551 reatum
2398 1514 2429 1551 si
2457 1524 2503 1551 ex
2531 1515 2612 1553 eius

1547 1578 1665 1616 opere
1694 1578 1799 1604 mors
1825 1566 1994 1604 hominis
2023 1574 2290 1619 consequatur.

1598 1621 1657 1656 AD
1685 1631 1823 1657 PRIMUM
1850 1631 1949 1657 ERGO
1978 1631 2163 1658 chENDUM
2192 1620 2298 1668 quod
2334 1620 2503 1658 Lamech
2532 1633 2612 1661 non

1546 1672 1719 1710 adhibuit
1746 1673 2000 1710 sufficientem
2025 1672 2256 1721 diligentiam
2283 1672 2333 1710 ad
2359 1673 2612 1712 homicidium

1545 1725 1764 1772 vitandum,
1795 1733 1831 1762 et
1857 1726 1944 1763 ideo
1974 1733 2121 1762 reatum
2149 1724 2344 1763 homicidii
2372 1738 2451 1763 non
2479 1727 2610 1764 evasit.

1597 1780 1656 1815 AD
1685 1789 1876 1815 SECUNDUM
1908 1790 2094 1816 memnon
2126 1778 2232 1828 quod
2265 1778 2326 1815 ille
2355 1778 2420 1828 qui
2451 1781 2613 1828 percutit

1545 1830 1745 1868 mulierem
1777 1838 2051 1880 praegnantem
2081 1831 2145 1869 dat
2172 1843 2331 1880 operam
2366 1831 2420 1868 rei
2448 1830 2609 1872 illicitae.

1545 1884 1594 1921 Et
1615 1883 1703 1921 ideo
1734 1883 1764 1920 si
1789 1891 1969 1933 sequatur
1988 1895 2092 1922 mors
2110 1883 2174 1921 vel
2193 1889 2201 1905 ⁸
2227 1883 2396 1922 mulieris
2414 1885 2477 1922 vel
2497 1897 2611 1935 puet-

1543 1936 1639 1986 perii
1658 1936 1824 1984 animati,
1841 1949 1920 1974 non
1936 1936 2088 1985 effugiet
2105 1936 2302 1974 homicidii
2317 1937 2478 1975 crimen:
2502 1949 2611 1988 prae-

1544 1990 1654 2039 cipue
1688 2001 1777 2027 cum
1810 2002 1856 2026 ex
1887 1990 1950 2027 tali
1977 1989 2223 2039 percussione
2254 1989 2294 2026 in
2324 1997 2506 2039 promptu
2524 1997 2542 2012 ²
2566 1990 2614 2028 sit

1544 2043 1650 2092 quod
1679 2053 1784 2079 mors
1813 2050 2005 2092 sequatur.

1597 2097 1657 2132 An
1675 2106 1836 2133 'raa'rmM
1859 2107 2045 2133 mesanum
2069 2096 2175 2144 quod
2203 2095 2415 2133 secundum
2445 2107 2611 2144 canones

1543 2148 1752 2197 imponitur
1765 2161 1894 2197 poena
1912 2148 1970 2186 his
1986 2148 2052 2198 qui
2072 2147 2271 2185 casualiter
2285 2148 2464 2186 occidunt
2478 2143 2612 2188 dantes

1545 2213 1704 2250 operam
1723 2201 1777 2239 rei
1792 2201 1952 2250 illicitae,
1968 2201 2031 2239 vel
2046 2213 2125 2239 non
2140 2201 2365 2239 adhibentes
2380 2201 2611 2249 diligentiam

1547 2254 1728 2292 debitam.
2573 2256 2576 2258 ’

1597 2367 1625 2399 η)
1646 2375 1707 2393 non.
1721 2381 1740 2386 -
1759 2367 1821 2392 Om.
1840 2366 1998 2398 BEFpAKx.

1599 2401 1623 2434 θ)
1643 2403 1704 2427 erit.
1716 2417 1735 2420 -
1753 2402 1868 2427 incurrit
1886 2402 1988 2434 aliquae
2007 2401 2143 2426 editiones.

1601 2438 1620 2469 ι)
1640 2438 1688 2462 uel.
1701 2451 1719 2457 -
1738 2438 1801 2462 Om.
1820 2437 1892 2462 PGa.
1905 2449 1925 2456 -
1942 2435 1995 2462 Pro
2010 2436 2158 2469 puerperii,
2172 2436 2255 2468 pueri
2273 2435 2355 2461 PDsK
2375 2440 2401 2461 et
2417 2443 2444 2461 a.

1601 2473 1627 2504 κ)
1648 2473 1674 2497 in
1695 2475 1832 2504 promptu.
1844 2486 1862 2491 -·
1879 2474 1982 2497 certum
2001 2471 2103 2504 aliquae
2128 2471 2263 2496 editiones.
2275 2484 2295 2490 —
2312 2470 2363 2496 Pro
2381 2471 2454 2504 quod
2476 2478 2551 2497 mom
2571 2477 2613 2501 εο-

1547 2511 1656 2540 quatur,
1676 2514 1748 2533 mors
1766 2510 1856 2533 secuta
1875 2507 1918 2532 Gl.

1099 2657 1434 2690 Commentario.
1456 2655 1709 2689 Cardinalis
1730 2655 1932 2688 Caietam

457 2751 476 2771 N
496 2739 629 2771 articulo
653 2746 766 2770 octavo
796 2738 938 2768 eiusdem
963 2736 1303 2776 sexagesimaequartae
1334 2735 1492 2776 quaestio—

430 2753 515 2820 inis,
541 2784 620 2815 circa
634 2782 881 2823 imputationem
905 2782 1036 2812 casualis
1060 2780 1235 2816 homicidii,
1253 2780 1432 2811 notandum
1447 2786 1494 2811 est

426 2829 523 2870 quod,
536 2838 610 2859 cum
623 2827 790 2868 dupliciter
801 2826 962 2866 contingat
974 2824 1185 2856 homicidium
1198 2825 1321 2855 casuale
1331 2824 1492 2864 imputari,

426 2873 542 2903 scilicet
565 2872 670 2902 dando
694 2881 823 2911 operam
848 2871 892 2901 rei
915 2870 1016 2901 licitae
1039 2870 1090 2900 vel
1113 2869 1219 2899 dando
1243 2878 1374 2909 operam
1397 2868 1441 2899 rei
1457 2868 1492 2898 iI-

425 2917 537 2952 licitae,
563 2916 686 2957 aliquae
710 2915 907 2946 conditiones
931 2921 1005 2945 sunt
1028 2923 1216 2944 communes
1239 2913 1366 2953 utrique
1381 2913 1492 2949 modo,

427 2968 457 2991 et
471 2961 596 3001 aliquae
611 2960 757 3000 propriae
773 2959 904 2999 singulis
916 2959 943 2989 *.
968 2958 1168 2989 Communes
1181 2957 1312 2998 quidem
1331 2963 1405 2988 sunt
1421 2963 1492 2988 tres.

426 3005 531 3035 Prima
554 3011 600 3034 est
623 3005 711 3044 quod
734 3013 800 3034 non
825 3004 864 3034 sit
886 3003 1019 3034 intentio
1040 3002 1220 3033 occidendi:
1245 3002 1320 3042 quia
1343 3001 1407 3032 iam
1426 3011 1491 3032 non

428 3055 508 3079 esset
532 3048 655 3079 casuale
678 3047 897 3084 homicidium.
929 3065 948 3069 -
977 3047 1121 3077 Secunda
1144 3053 1191 3077 est
1222 3046 1312 3086 quod
1335 3056 1422 3076 mors
1445 3055 1493 3076 se-

428 3098 544 3133 quatur
562 3102 599 3122 ex
622 3101 718 3131 opere
741 3091 824 3121 illius
848 3091 898 3121 cui
917 3091 1109 3130 imputatur:
1134 3097 1170 3121 ut
1192 3090 1225 3120 in
1245 3090 1328 3120 calce
1352 3089 1493 3129 corporis

428 3136 549 3167 articuli
574 3145 716 3176 expresse
740 3135 880 3165 habetur.
912 3135 954 3164 Et
976 3134 1055 3165 ratio
1080 3141 1126 3164 est
1149 3134 1236 3174 quia,
1263 3144 1336 3164 cum
1359 3133 1494 3164 homici-

428 3180 518 3210 dium
541 3190 608 3210 non
631 3185 781 3220 sequatur
804 3189 840 3209 ex
863 3178 1039 3209 intentione
1061 3177 1162 3214 illius,
1188 3178 1213 3207 si
1236 3178 1329 3208 etiam
1353 3187 1420 3207 non
1444 3187 1493 3207 se-

429 3231 545 3265 quatur
567 3234 604 3254 ex
626 3223 711 3254 illius
734 3233 845 3263 opere,
870 3222 958 3253 nulla
981 3228 1076 3252 restat
1099 3221 1178 3252 ratio
1202 3231 1299 3262 quare
1321 3221 1366 3251 illi
1389 3221 1494 3261 impu-

428 3275 512 3299 tetur
534 3268 662 3299 occisio.
695 3268 736 3298 Et
766 3277 804 3299 ex
829 3267 891 3297 hoc
918 3266 1019 3306 capite
1046 3272 1211 3296 excusatur
1239 3275 1306 3295 non
1329 3265 1494 3295 intendens

430 3312 570 3343 occidere
601 3321 766 3352 percussor
796 3311 835 3342 ab
866 3310 1038 3341 homicidio
1051 3333 1058 3346 ,
1083 3310 1212 3350 quando
1236 3319 1323 3339 mors
1353 3318 1389 3339 ex
1412 3309 1495 3339 mala

430 3367 504 3387 cura
525 3356 575 3386 vel
598 3356 750 3396 regimine
773 3355 923 3396 sequitur.
948 3355 989 3385 Et
1011 3361 1178 3394 propterea
1200 3353 1233 3383 in
1256 3353 1494 3394 particularibus

431 3401 554 3431 casibus
577 3400 752 3430 iudicandis
777 3405 903 3440 oportet
926 3399 1089 3438 diligenter
1112 3398 1270 3429 advertere
1293 3407 1334 3428 an
1357 3407 1394 3427 ex
1411 3397 1495 3427 illius

432 3444 482 3475 cui
513 3444 687 3483 imputatur
718 3453 813 3484 opere
844 3453 929 3473 mors
954 3443 1120 3473 subsecuta
1143 3442 1246 3472 fuerit.
1270 3459 1290 3464 -
1314 3441 1420 3472 Tertia
1450 3448 1495 3472 est

431 3488 520 3529 quod
544 3488 684 3518 debuerit
708 3497 869 3518 removere
892 3487 924 3517 id
952 3497 989 3517 ex
1012 3497 1078 3527 quo
1102 3486 1244 3527 sequitur
1267 3485 1493 3516 homicidium:

431 3539 467 3563 ut
482 3532 514 3562 in
530 3532 635 3562 medio
653 3531 794 3571 corporis
809 3531 930 3562 articuli
946 3531 1087 3562 habetur.
1109 3531 1153 3561 Ita
1170 3530 1257 3571 quod
1273 3530 1312 3559 ad
1328 3529 1390 3560 hoc
1406 3530 1493 3570 quod

1543 2734 1636 2766 alicui
1658 2735 1835 2775 imputetur
1857 2734 2084 2770 homicidium,
2108 2733 2277 2774 requiritur
2305 2733 2395 2774 quod
2417 2743 2482 2764 non
2506 2733 2613 2764 solum

1543 2779 1683 2820 potuerit
1702 2788 1864 2809 removere
1879 2778 1959 2810 illud
1979 2788 2015 2810 ex
2033 2788 2100 2819 quo
2120 2788 2207 2809 mors
2225 2777 2378 2817 sequitur,
2397 2784 2476 2817 puta
2492 2777 2612 2809 iactum

1543 2823 1668 2863 lapidis,
1692 2822 1835 2863 gladium
1858 2822 2044 2859 accinctum.
2062 2828 2138 2853 etc.:
2162 2822 2218 2853 sed
2241 2821 2337 2852 etiam
2358 2821 2448 2862 quod
2471 2821 2615 2853 debuerit

1543 2867 1638 2899 illum
1661 2867 1792 2903 auferre,
1816 2867 1878 2898 hoc
1894 2873 1941 2898 est
1962 2866 2053 2907 quod
2075 2866 2234 2906 obligatus
2252 2865 2347 2896 fuerit
2369 2865 2478 2896 divino
2493 2866 2613 2897 velm-

1544 2911 1638 2943 turali
1658 2911 1710 2942 vel
1732 2911 1874 2942 humano
1890 2911 1958 2942 iure
1975 2911 2014 2941 ad
2029 2910 2262 2942 removendum
2276 2908 2372 2946 illud;
2395 2909 2447 2940 vel
2468 2909 2613 2949 positive,

1544 2963 1623 2996 puta
1646 2955 1819 2987 auferendo
1842 2955 2020 2987 accinctum
2041 2955 2194 2995 gladium,
2210 2954 2262 2985 vel
2279 2953 2432 2993 negative,
2451 2960 2530 2994 puta
2542 2953 2614 2984 ab·

1544 3000 1676 3031 tinendo
1699 3010 1717 3030 a
1739 2999 1821 3031 iactu
1843 2999 1968 3040 lapidis.
1992 2999 2035 3030 Et
2049 2999 2128 3030 ratio
2147 2998 2244 3030 huius
2260 2997 2454 3030 conditionis
2469 3003 2517 3029 est
2537 2996 2614 3039 quia

1546 3045 1586 3075 ad
1608 3045 1671 3076 hoc
1693 3044 1783 3085 quod
1805 3044 1982 3084 imputetur
2004 3043 2098 3074 alicui
2121 3042 2350 3079 homicidium,
2375 3047 2502 3083 oportet
2522 3040 2615 3082 quod

1545 3088 1763 3120 voluntarium
1786 3087 1825 3118 sit
1849 3087 1964 3118 directe
1986 3087 2037 3118 vel
2058 3086 2223 3118 indirecte:
2248 3093 2279 3117 et
2301 3096 2377 3117 cum
2400 3085 2526 3117 casuale
2545 3094 2613 3116 m

1546 3132 1586 3163 sit
1609 3132 1724 3164 directe
1746 3131 1980 3167 voluntarium,
2004 3137 2132 3172 oportet
2153 3130 2244 3171 quod
2265 3130 2307 3161 sit
2327 3129 2546 3161 voluntarium
2560 3127 2613 3160 in-

1546 3177 1671 3207 directe.
1693 3175 1828 3206 Constat
1843 3182 1950 3206 autem
1966 3184 2003 3205 ex
2019 3174 2109 3206 dictis
2124 3174 2159 3205 in
2173 3173 2372 3214 praecedenti
2383 3173 2481 3205 Libro
2490 3172 2511 3196 '¹⁸
2523 3172 2614 3214 quod

1546 3221 1587 3251 ad
1607 3219 1826 3251 voluntarium
1847 3219 1998 3250 indirecte
2016 3228 2083 3249 non
2101 3218 2217 3250 sufficit
2239 3219 2329 3260 quod
2342 3218 2492 3249 voluntat
2513 3216 2614 3257 ponit

1546 3263 1733 3304 prohibere,
1761 3263 1817 3294 sed
1843 3262 2013 3304 requiritur
2043 3262 2139 3293 etiam
2167 3263 2258 3304 quod
2287 3262 2398 3293 debeat
2426 3259 2612 3302 prohibere:

1546 3308 1691 3349 alioquin
1713 3317 1780 3338 non
1803 3307 1831 3337 ei
1854 3307 2039 3347 imputatur.
2064 3306 2200 3347 Oportet
2221 3306 2317 3347 igitur
2338 3306 2373 3336 in
2391 3304 2514 3337 cuibus
2531 3303 2614 3335 iudi-

1547 3352 1654 3383 candis
1677 3351 1875 3383 considerare
1903 3351 1929 3381 si
1950 3351 1977 3381 is
1999 3351 2051 3382 cui
2072 3351 2249 3391 imputatur
2270 3350 2435 3382 tenebatur
2455 3348 2497 3379 ad
2517 3347 2614 3380 abati-

1547 3396 1689 3426 nendum
1712 3406 1731 3426 a
1753 3396 1806 3426 tali
1823 3405 1928 3435 opere,
1949 3405 2004 3426 seu
2020 3396 2251 3426 removendum
2274 3395 2334 3425 tale
2358 3392 2445 3434 quid,
2465 3392 2550 3423 unde
2565 3401 2613 3423 se-

1548 3447 1620 3471 cuta
1643 3447 1689 3470 est
1712 3450 1808 3470 mors·
1834 3440 1880 3470 Ex
1902 3439 1964 3469 hoc
1987 3439 2073 3470 enim
2097 3439 2197 3479 capite
2221 3447 2352 3469 excusor
2375 3437 2414 3467 ab
2437 3435 2612 3467 homicidio

1548 3485 1573 3514 si
1596 3484 1714 3525 petenti
1738 3494 1755 3514 a
1774 3494 1825 3514 me
1849 3483 1945 3514 divite
1968 3489 2097 3514 centum
2115 3492 2238 3519 aureos,
2263 3481 2406 3521 alioquin
2421 3486 2552 3520 cogetur
2568 3479 2613 3510 ire

1548 3529 1587 3559 ad
1611 3528 1822 3559 occidendum
1845 3527 1985 3568 aliquem
2008 3527 2058 3558 vel
2087 3527 2212 3567 aliquos
2240 3533 2276 3556 ut
2302 3531 2427 3556 tantum
2457 3525 2611 3560 lucretur,

2638 838 2850 869 ''CfinsietonPhy-

2637 865 2792 892 sic.11b.vm‚
2798 871 2824 887 ea
2841 881 2848 888 .

2637 872 2848 940 {attha-⁸³⁸·

2639 1282 2850 1337 mxii&

2640 3176 2651 3188 ⁶
2666 3175 2714 3204 Qu.
2728 3181 2760 3203 vx,
2774 3179 2816 3198 art.
2830 3181 2852 3205 3.
