2860 4244
35 2656 49 2667 ⁷

76 2725 302 2775 ,maasia-

39 2774 50 2803 ἶ
79 2777 131 2806 'm
140 2778 204 2807 Opp.
217 2778 300 2806 s.'l'h.,

31 3139 41 3151 =,
24 3017 45 3107 eafba·
32 2939 34 2942 -

998 269 1265 316 QUAESTIO
1295 269 1435 315 LXlX,
1465 269 1761 306 ARTlCULUS
1791 270 1823 304 ll

288 350 290 352 ’
334 359 416 391 quae
439 349 511 380 illos
534 349 645 386 movit,
670 349 786 379 scilicet
809 349 884 389 quia
908 357 972 378 non
996 354 1126 387 propter
1149 347 1394 377 occultationem

2 1943 6 1947 ὁ
61 1944 69 1949 Λ
98 1956 165 1988 ,μθ
177 1958 273 1985 ὸπενιῳ

63 1988 77 2022 ,³
97 1987 183 2021 Usar>
209 1991 257 2007 sua
271 2018 274 2021 v
286 1997 293 2005 2

142 2805 227 2831 Parta„
242 2808 300 2827 tom.

133 2831 300 2881 vif'pni'e‘is'ff'

22 2872 56 2907 π’·
84 2885 155 2907 ,θεοῦ
167 2869 300 2911 Ser-raudo:

58 2931 59 2935 ,
89 2909 119 2933 ιδ
133 2914 221 2938 quaest.
236 2916 266 2932 vr.

94 3165 108 3180 ¹⁸
115 3165 174 3190 Gn.
181 3173 231 3196 esp.
238 3174 301 3196 xvm,

91 3195 154 3216 m
161 3199 199 3222 ao,
207 3196 248 3222 ηιξ,-

92 3249 104 3261 ⁸
115 3250 175 3274 md.
193 3257 245 3280 esp.
265 3257 300 3279 w,

92 3281 150 3300 m-
165 3284 198 3301 10.

301 1435 542 1482 '‘4³²⁷Secundo,
566 1445 656 1486 quod
678 1454 745 1476 non
768 1443 982 1485 singulariter,
1008 1445 1062 1475 sed
1085 1443 1248 1484 pluraliter
1270 1445 1391 1473 Auctor

335 393 468 434 peccati,
493 393 548 423 sed
578 400 707 433 propter
734 392 979 423 occultationem
1006 390 1178 431 peccatoris
1209 391 1394 431 prohibetur

333 438 433 468 homo
450 437 488 467 de
505 437 636 468 occultis
651 436 798 472 iudicare,
816 435 976 467 concludit
990 434 1147 465 intentum
1165 444 1287 465 eorum.
1305 434 1394 471 Quo-

334 481 420 511 niam
443 480 560 511 falsum
574 487 621 511 est
643 480 732 521 quod
754 480 909 511 iudicium
925 479 964 509 de
977 478 1110 509 occultis
1133 478 1172 508 sit
1195 478 1392 517 prohibitum

334 535 398 555 non
423 532 553 565 propter
575 524 822 555 occultationem
845 522 979 563 peccati:
1004 523 1105 552 immo
1129 522 1203 562 quia
1226 529 1391 561 peccatum

333 576 380 600 est
402 569 575 604 occultum,
598 568 672 599 ideo
694 575 879 607 exemptum
894 573 941 598 est
963 567 1002 597 ab
1025 566 1229 607 inquisitione
1252 566 1393 596 humana

333 619 364 644 et
385 610 505 644 iudicio
528 612 688 647 humano,
719 610 874 652 quoniam
903 610 1012 640 omnia
1041 609 1156 640 iudicia
1183 610 1323 640 humana
1353 609 1392 640 ad

332 655 494 696 publicam
509 661 699 697 potestatem
714 654 941 695 scientiamque
958 660 1110 694 spectant.
1126 671 1145 675 —
1162 653 1302 684 Caveant
1317 663 1391 694 ergo

332 709 408 731 suae
431 706 462 731 et
484 699 686 730 subditorum
709 707 842 729 suorum
866 697 1075 728 conscientiae
1105 697 1234 737 praelati
1262 697 1392 728 illorum

331 743 556 783 religiosorum
577 742 633 783 qui
657 741 819 773 diffamato
835 743 874 772 de
890 751 957 772 uno
981 741 1179 782 praecipiunt
1201 741 1391 782 inquirendo

332 787 372 817 de
391 787 470 823 aliis,
493 787 534 817 de
555 786 673 827 quibus
696 796 763 816 non
777 793 824 816 est
847 785 1044 816 diffamatus:
1069 793 1201 825 peccant
1222 785 1309 824 enim
1331 785 1392 825 ipsi

331 830 565 873 praecipiendo,
590 837 621 862 et
643 830 760 861 subditi
783 840 851 861 non
873 837 1019 860 tenentur
1042 829 1180 860 obedire.
1210 830 1277 860 Nec
1300 838 1391 860 excu-

331 881 440 905 santur
460 874 590 916 praelati
613 873 799 905 huiusmodi
815 884 852 905 ex
867 884 907 905 eo
928 874 1017 915 quod
1039 873 1204 916 inquirunt
1227 873 1266 903 de
1282 872 1391 914 aliquo

331 918 370 949 de
393 919 459 959 quo
482 917 543 949 fuit
566 917 672 959 aliqua
695 917 833 959 suspicio
857 917 1043 959 aliquando:
1069 923 1196 957 oportet
1212 916 1297 947 enim
1312 915 1391 946 infa-

330 961 440 998 miam,
462 970 519 992 seu
544 962 755 993 clamorosam
777 962 1026 992 insinuationem
1048 961 1247 1001 praecedere,
1272 965 1303 990 et
1324 969 1391 990 non

330 1005 509 1045 simplicem
533 1005 760 1046 suspicionem,
784 1012 820 1036 ut
842 1006 962 1036 dictum
987 1011 1042 1036 est.

360 1079 362 1081 ,
385 1049 424 1081 11.
448 1049 485 1082 In
507 1051 648 1084 secundo
672 1057 779 1082 autem
802 1059 887 1086 casu,
911 1059 986 1080 cum
1008 1048 1126 1081 scilicet
1147 1047 1314 1078 manifesta
1337 1056 1391 1086 ap-

330 1093 491 1134 paruerint
512 1094 638 1131 indicia,
660 1101 739 1126 nota
761 1094 828 1126 trin.
850 1093 974 1130 Primo,
998 1092 1088 1134 quod
1110 1091 1264 1122 indicium
1288 1090 1390 1131 dupli-

330 1134 405 1172 citer
427 1136 513 1168 sumi
535 1144 654 1179 potest:
686 1137 810 1178 primo,
835 1134 1063 1172 communiter,
1089 1142 1124 1166 ut
1150 1134 1307 1186 frequenti
1330 1144 1390 1165 usu

329 1180 419 1222 signa
441 1181 556 1213 indicia
578 1190 745 1218 vocamus;
769 1181 832 1211 alio
847 1180 957 1216 modo,
981 1179 1119 1221 proprie,
1144 1185 1180 1209 ut
1202 1178 1328 1209 iuristae
1344 1177 1390 1208 in-

329 1225 402 1256 dicii
425 1224 556 1256 nomine
575 1227 722 1256 utuntur.
745 1225 788 1255 Et
801 1224 846 1255 sic
861 1224 996 1255 sumitur
1015 1223 1048 1254 in
1065 1222 1241 1263 proposito.
1265 1222 1306 1253 Et
1329 1222 1391 1252 dis-

329 1268 484 1309 anguinat
499 1269 539 1300 in
553 1268 708 1300 indicium
729 1268 914 1309 perfectum,
938 1275 969 1299 et
991 1267 1227 1308 imperfectum:
1256 1267 1336 1297 adeo
1356 1273 1392 1297 ut

329 1312 422 1352 multi
445 1319 539 1349 testes
561 1312 749 1353 singulares,
774 1313 833 1344 nisi
857 1312 970 1353 aliquis
993 1321 1106 1343 eorum
1129 1311 1170 1342 sit
1192 1310 1282 1341 omni
1305 1320 1391 1342 exce-

328 1356 439 1397 ptione
461 1357 575 1395 maior,
597 1367 664 1388 non
687 1357 814 1393 faciant,
834 1357 919 1397 apud
937 1366 1003 1392 eos,
1027 1365 1130 1388 unum
1151 1354 1328 1395 perfectum
1343 1355 1390 1385 in-

329 1400 649 1441 didQ-voluiit
671 1400 710 1431 ad
733 1400 887 1431 indicium
911 1400 1028 1442 requiri
1051 1400 1133 1431 duos
1156 1405 1260 1430 testes.

329 1480 417 1525 dreit,
436 1488 564 1521 Indicia.
589 1488 674 1526 Quia
695 1488 879 1529 regulariter
901 1498 1003 1519 unum
1023 1487 1177 1518 indicium
1194 1496 1260 1517 non
1277 1485 1392 1517 sufficit

328 1532 650 1575 advpraedpiendnm
673 1539 704 1564 et
724 1533 888 1564 veritatem
911 1530 1162 1572 extorquendam
1184 1541 1202 1561 a
1221 1540 1285 1561 reo.
1308 1529 1390 1560 Dico

327 1583 447 1615 autam,
468 1578 688 1618 regulariter:
709 1577 785 1618 quia
807 1577 937 1608 materia
959 1576 1019 1607 ista
1042 1576 1082 1606 de
1103 1575 1227 1606 indiciis
1249 1574 1391 1605 multum

328 1629 368 1657 ex
387 1621 556 1663 prudentia
576 1621 693 1655 iudicis
712 1621 846 1662 pendet,
871 1619 1074 1652 consideratis
1097 1618 1334 1650 conditionibus
1361 1624 1391 1648 et

327 1659 568 1706 circumstantiis
590 1675 755 1706 personae,
778 1664 1037 1705 loci„temporis‚
1062 1662 1263 1698 conditionis,
1281 1668 1338 1693 etc.

340 1705 354 1712 ’“
380 1706 509 1746 Tertio,
534 1709 624 1750 quod
646 1711 768 1739 Auctor
791 1708 866 1740 dicit
894 1708 1010 1740 indicia
1037 1717 1103 1738 non
1127 1707 1389 1748 qualiacumque,

327 1753 383 1784 sed
405 1752 589 1794 manifesta.
623 1753 721 1790 Quod
743 1752 783 1783 ad
813 1753 872 1784 tria
894 1752 1000 1784 referri
1023 1751 1175 1792 intelligo.
1208 1750 1330 1786 Primo,
1350 1749 1390 1780 ad

326 1795 447 1829 foetum
472 1796 578 1828 cuius«.
591 1803 639 1828 ωε
656 1796 848 1828 ’ἰπιάὶιτὶιιιτιεΔ
867 1797 910 1828 ita
938 1797 1027 1838 quod
1057 1795 1222 1826 manifeste
1251 1794 1392 1825 indicent

326 1838 542 1883 min-factum.
565 1858 586 1865 -
610 1841 776 1878 Secundo,
800 1842 840 1872 ad
864 1849 1048 1882 personam:
1073 1841 1116 1871 ita
1139 1839 1228 1880 quod
1250 1838 1391 1869 indicent

327 1884 417 1927 qnod
436 1884 507 1925 ipsa
522 1885 745 1925 perpetraverit
758 1885 821 1916 tale
835 1885 968 1916 facinus.
991 1885 1075 1916 Nam
1097 1884 1178 1915 sicut
1201 1883 1390 1924 praecedens

325 1926 458 1971 infamia
486 1929 525 1959 de
549 1928 679 1960 crimine
701 1928 885 1970 intelligitur
912 1939 979 1960 non
1007 1929 1046 1959 de
1069 1928 1199 1959 crimine
1226 1927 1390 1963 absolute,

327 1968 382 2004 ded
406 1972 445 2003 de
469 1972 716 2003 crimine'huius
740 1983 908 2014 personae,
933 1973 975 2004 ita
998 1973 1087 2013 quod
1110 1982 1246 2013 persona
1269 1971 1309 2002 sit
1332 1970 1390 2001 dif-

327 2016 445 2047 famata
468 2017 508 2047 de
531 2017 678 2053 crimine;
707 2017 751 2048 ita
773 2017 806 2048 in
828 2017 952 2048 indiciis
975 2023 1103 2057 oportet
1124 2024 1161 2047 ut
1182 2015 1296 2046 indicia
1320 2024 1390 2056 per-

327 2070 425 2093 sonae
448 2060 636 2092 criminosae
657 2068 838 2101 appareant.
861 2079 882 2086 —
906 2061 1033 2097 Tertio,
1057 2061 1098 2091 ad
1121 2068 1322 2101 processum:
1346 2059 1390 2090 ita

327 2105 416 2146 quod
437 2104 555 2136 indicia
576 2105 763 2137 huiusmodi
785 2105 1026 2136 manifestentur
1041 2115 1106 2141 reo,
1124 2112 1159 2136 ut
1174 2105 1251 2135 sciat
1273 2114 1306 2135 se
1323 2114 1390 2134 esse

327 2148 360 2179 in
387 2148 441 2180 tali
464 2149 597 2180 articulo
628 2149 836 2181 constitutum
866 2150 955 2190 quod
985 2156 1109 2180 tenetur
1136 2149 1264 2180 obedire
1293 2147 1391 2179 iudici

327 2192 532 2233 praecipienti
555 2200 587 2224 et
609 2194 807 2234 extorquenti
829 2194 1001 2224 veritatem.
1030 2192 1202 2235 Alioquin,
1226 2203 1299 2224 curn
1322 2192 1390 2232 ipse

327 2242 452 2277 reputet
474 2247 507 2267 se
530 2246 596 2267 esse
619 2238 793 2274 occultum,
819 2244 849 2269 et
871 2238 929 2269 ista
944 2237 1060 2268 indicia
1075 2237 1138 2268 sint
1160 2247 1226 2267 non
1242 2236 1319 2267 iuris
1335 2246 1367 2266 se

328 2280 412 2317 facti,
435 2280 612 2321 ignorantia
634 2281 718 2318 facti,
742 2282 831 2323 quod
853 2282 928 2314 latet
950 2282 1058 2321 ipsum
1079 2281 1138 2312 nisi
1153 2281 1248 2312 iudex
1262 2280 1308 2311 illi
1324 2291 1390 2311 ma-

328 2324 462 2361 nifestet,
487 2325 646 2356 excusabit
668 2335 753 2357 eum.
785 2326 910 2357 Debent
931 2335 1063 2366 quoque
1087 2325 1114 2356 ei
1139 2325 1332 2356 manifestari
1355 2331 1391 2355 ut

327 2368 430 2410 possit
451 2378 484 2399 se
507 2370 546 2400 ab
561 2369 622 2400 iuis
646 2380 791 2410 purgare,
814 2370 864 2400 vel
886 2370 948 2400 illis
969 2379 1132 2410 opponere
1148 2369 1388 2400 rationabiliter:

327 2413 621 2455 quemadmodum,
653 2424 727 2444 cum
754 2414 921 2454 praecessit
947 2413 1096 2450 infamia,
1121 2413 1338 2444 manifestatur
1362 2413 1389 2443 ei

327 2457 417 2498 quod
440 2456 618 2487 diffamatus
638 2465 688 2488 est
710 2468 806 2498 super
828 2458 881 2488 tali
905 2457 1044 2488 crimine.

382 2498 435 2531 111.
459 2500 522 2532 Sed
537 2501 674 2532 occurrit
695 2501 746 2532 hic
767 2502 903 2532 dubium
926 2502 964 2532 ad
988 2501 1163 2537 hominem,
1179 2500 1254 2542 quia
1269 2502 1391 2531 Auctor

326 2544 402 2576 stibi
415 2545 491 2576 dicit
504 2545 593 2585 quod
608 2546 635 2575 si
649 2545 770 2576 facturn
785 2553 831 2577 est
847 2546 1009 2577 notorium
1028 2543 1128 2588 (verbi
1144 2545 1251 2585 gratia,
1268 2544 1390 2575 furtum

327 2588 448 2621 finctum
470 2588 542 2631 est),
565 2589 620 2619 sed
643 2591 782 2621 nescitur
803 2590 872 2621 eius
894 2597 1015 2625 auctor,
1031 2599 1090 2621 nec
1105 2590 1262 2620 habentur
1275 2588 1391 2620 indicia

328 2633 471 2670 Quina,
487 2633 628 2674 praelato
651 2634 854 2675 praecipienti
870 2641 906 2664 ut
921 2634 947 2664 si
969 2634 1040 2675 quis
1055 2633 1112 2665 scit
1135 2633 1248 2670 furem,
1264 2633 1390 2669 revelet,

327 2683 452 2714 tenetur
467 2676 522 2708 ille
537 2677 595 2717 qui
609 2677 731 2710 furatus
752 2685 799 2710 est
821 2678 961 2718 seipsum
976 2678 1123 2714 revelare,
1141 2685 1176 2709 ut
1191 2684 1277 2718 patet
1299 2677 1332 2708 in
1349 2677 1391 2707 al-

327 2721 430 2761 legata
445 2721 614 2752 collatione
633 2721 738 2753 habita
752 2722 876 2753 Parisiis
895 2722 976 2753 inter
990 2722 1158 2762 Magistros
1171 2722 1200 2752 *.
1219 2739 1240 2745 -—
1259 2721 1300 2752 Et
1314 2721 1390 2751 sirn-

328 2764 459 2805 pliciter,
483 2765 558 2806 quia
580 2766 619 2802 V,
637 2776 692 2806 qu.
707 2777 728 2803 1,
752 2777 820 2807 cap.
841 2765 990 2803 Quidam,
1015 2766 1124 2797 beatus
1144 2766 1315 2805 Gregorius
1340 2775 1389 2795 ex-

328 2809 575 2840 communicavit
598 2810 762 2841 occultum
784 2817 947 2840 auctorem
968 2810 1067 2840 libelli
1090 2810 1203 2840 famosi
1219 2809 1280 2840 nisi
1295 2819 1328 2840 se
1343 2819 1389 2839 re-

326 2853 485 2889 velaverit,
502 2859 570 2889 etc„
595 2861 632 2884 ut
653 2860 739 2895 patet
761 2854 814 2885 ibi.
843 2854 884 2884 Et
908 2854 1120 2885 communiter
1142 2854 1266 2884 videtur
1289 2854 1389 2894 excipi

327 2907 418 2928 casus
441 2897 572 2937 quando
600 2897 720 2928 factum
743 2904 789 2928 est
811 2897 976 2928 notorium
999 2904 1030 2928 et
1053 2904 1163 2928 auctor
1187 2898 1347 2934 occultus,
1371 2907 1389 2927 a

327 2940 452 2972 casibus
475 2940 508 2971 in
531 2941 648 2981 quibus
670 2941 834 2982 inquisitio
857 2941 924 2971 fieri
949 2941 1068 2982 nequit.

382 2985 432 3015 Ad
460 2984 522 3015 hoc
552 2985 666 3019 dicitur
695 2986 784 3026 quod
812 2994 991 3016 consonum
1019 2985 1197 3025 Scripturae
1225 2994 1329 3015 sacrae
1359 2991 1390 3015 et

326 3029 388 3060 iuri
411 3029 565 3060 canonico
589 3036 620 3060 et
641 3029 758 3061 rationi
774 3036 820 3060 est
842 3029 932 3070 quod
955 3029 1099 3060 occultus
1122 3035 1233 3060 auctor
1257 3039 1323 3059 non
1346 3035 1389 3059 te-

327 3079 439 3104 neatur
462 3083 495 3105 se
518 3073 661 3113 prodere.
693 3073 779 3105 Cum
807 3074 893 3104 enim
916 3080 1024 3104 contra
1049 3072 1129 3104 Cain
1155 3080 1186 3103 et
1211 3072 1389 3103 Sodomam

327 3117 564 3157 procederetur,
595 3118 762 3157 praecessit
793 3118 912 3148 clamor
935 3127 1001 3148 non
1025 3117 1132 3147 solum
1155 3116 1310 3153 criminis,
1335 3117 1390 3147 sed

327 3171 490 3208 personae.
522 3161 563 3191 Et
585 3162 624 3192 de
647 3162 790 3192 Sodoma
812 3168 919 3202 aperte
943 3161 1056 3192 dicitur
1071 3161 1102 3191 *z
1137 3161 1270 3191 Clamor·
1292 3161 1389 3192 Sodo-

327 3215 453 3235 morum
477 3205 621 3236 ascendit
643 3206 686 3237 ad
706 3216 765 3237 me.
789 3206 990 3237 Des-cendam
1008 3212 1065 3236 etc.
1090 3205 1138 3236 De
1154 3204 1234 3236 Cain
1250 3215 1325 3235 vero
1341 3205 1389 3235 in-

327 3249 471 3280 sinuatur
494 3259 569 3279 cum
593 3250 705 3280 dicitur
719 3250 750 3280 *:
778 3250 864 3287 Quid
876 3249 1018 3291 fecisti?
1047 3249 1114 3280 Vox
1129 3250 1301 3290 sanguinis
1310 3249 1389 3290 fra-

327 3294 387 3324 tris
402 3294 451 3324 'tui
473 3293 592 3324 clamat
613 3294 658 3324 ad
672 3304 731 3324 me.
751 3311 767 3316 -
784 3294 878 3324 Extra
902 3304 1043 3334 quoque,
1059 3294 1099 3324 de
1113 3293 1388 3331 Accusationibus,

328 3347 396 3377 cap.
420 3333 654 3378 Inquisitionis‚
681 3347 823 3378 expresse
846 3337 961 3368 dicitur
983 3338 1107 3370 nullum
1125 3338 1327 3378 puniendum
1350 3338 1390 3368 de

328 3382 461 3412 crimine
482 3391 580 3422 super
594 3391 657 3421 quo
678 3391 740 3412 non
765 3381 891 3412 laborat
907 3381 1053 3422 infamia.
1077 3382 1158 3413 Ecce
1175 3382 1263 3422 quod
1287 3388 1389 3412 textus

326 3424 406 3463 vult,
430 3426 519 3466 quod
542 3435 678 3466 persona
701 3425 740 3456 sit
763 3425 937 3461 diffamata,
954 3432 1011 3456 etc.
1035 3443 1055 3448 -
1078 3425 1236 3456 Naturalis
1259 3435 1390 3466 quoque

326 3469 406 3499 ratio
430 3469 526 3501 dictat
555 3470 645 3510 quod
668 3470 792 3500 occulta
823 3469 969 3500 scientiae
997 3469 1141 3510 publicae
1173 3480 1239 3500 non
1268 3469 1391 3500 subsint

326 3512 445 3544 iudicio
460 3513 601 3553 publico.
626 3513 760 3544 Constat
777 3520 883 3544 autem
900 3514 988 3553 quod
1011 3523 1147 3553 persona
1162 3524 1244 3554 quae
1268 3513 1389 3544 furtum

327 3555 400 3587 fecit
429 3564 484 3588 aut
512 3557 695 3588 incendium
726 3557 850 3597 posuit,
879 3557 1073 3598 quandoque
1097 3565 1143 3588 est
1166 3557 1390 3588 occultissima.

326 3599 401 3631 Non
417 3602 524 3632 subest
544 3601 639 3641 igitur
654 3602 796 3632 humano
813 3601 941 3636 iudicio,
967 3608 1002 3631 ut
1024 3608 1167 3632 teneatur
1190 3611 1223 3631 se
1246 3602 1390 3642 prodere.
1416 3620 1417 3639 ;

2437 278 2501 302 111

1502 347 1553 377 Ad
1576 347 1713 387 primam
1736 353 1843 377 autem
1867 345 2080 376 obiectionern
2105 344 2136 374 in
2161 344 2359 384 oppositum,
2385 353 2420 373 ex
2442 353 2507 383 quo

1448 392 1568 422 Auctor
1591 391 1624 421 in
1646 391 1727 421 libro
1742 390 1813 426 hoc,
1838 390 1891 420 ubi
1917 400 1952 420 ex
1975 389 2141 430 proposito
2166 388 2265 428 magis
2289 394 2407 423 tractat,
2423 387 2508 416 illam

1447 435 1635 465 sententiam
1651 445 1716 464 non
1733 434 1907 474 explicavit,
1922 434 2035 464 dicitur
2051 433 2139 473 quod
2158 442 2216 472 pro
2229 431 2354 462 infirma
2367 431 2507 461 babetur.

1500 479 1551 509 Ad
1575 479 1747 509 secundam
1770 477 1884 509 dicitur
1913 478 2002 518 quod
2029 477 2115 507 aliud
2138 483 2185 506 est
2202 476 2390 516 ‘praecipere
2421 475 2508 515 quod

1446 532 1478 552 se
1501 523 1630 558 revelet;
1662 529 1692 553 et
1714 522 1800 552 aliud
1828 529 1875 552 est
1903 521 2081 561 praecipere
2111 520 2350 555 disiunctivam,
2375 519 2508 549 scilicet:

1447 568 1512 596 Aut
1534 566 1647 606 probet
1669 567 1757 606 quod
1781 566 1960 606 proposuit,
1985 572 2040 596 aut
2062 564 2232 605 poeniteat,
2256 570 2312 594 aut
2327 563 2367 594 sit
2382 573 2507 593 excom-

1446 609 1636 645 municatus,
1654 616 1712 642 etc.
1736 609 1907 649 Gregorius
1931 619 1997 640 non
2020 608 2179 649 praecepit
2202 607 2357 648 primum,
2382 607 2438 637 sed
2461 616 2507 637 se-

1446 653 1598 683 cundum.
1629 653 1670 683 Et
1692 653 1771 684 scito
1795 653 1884 694 quod
1911 653 1991 684 sicut
2014 659 2086 683 ante
2109 652 2228 683 factum
2255 658 2360 692 potest
2383 660 2507 681 excom-

1446 696 1599 727 municari
1622 697 1818 737 quicumque
1842 697 1963 728 furtum
1983 698 2034 727 vel
2056 696 2240 727 incendium
2256 694 2461 730 commiserit,
2478 701 2508 725 et

1445 740 1631 770 huiusmodi
1637 749 1645 776 ;
1670 740 1712 771 ita
1731 748 1805 780 post
1819 740 1938 772 factum
1958 747 2063 781 potest
2078 739 2346 771 excommunicari
2362 738 2508 780 quicum-

1445 793 1508 824 que
1531 783 1613 815 fecit.
1638 784 1679 815 Et
1701 784 1776 824 quia
1799 791 1904 824 potest
1927 784 2193 815 excommunicari
2218 784 2377 819 absolute,
2402 783 2507 813 multo

1446 827 1545 867 magis
1575 834 1680 867 potest
1703 829 1968 859 excommunicari
1997 829 2056 859 sub
2080 827 2263 859 conditione
2286 837 2368 868 quae
2390 828 2508 867 pendet

1445 881 1482 902 ex
1503 871 1667 902 voluntate
1691 872 1744 907 rei,
1768 872 1884 902 scilicet
1908 872 1933 902 si
1957 882 2023 903 non
2046 882 2078 902 se
2102 871 2293 902 revelaverit.
2322 871 2509 911 Intelligitur

1445 915 1603 956 siquidem
1625 915 1687 946 lata
1710 922 1785 946 tunc
1809 916 2094 946 excommunicatio
2122 925 2187 946 nou
2212 925 2307 955 super
2331 915 2436 945 debito
2461 924 2506 944 re-

1444 958 1578 995 velandi,
1603 959 1658 989 sed
1681 969 1776 999 super
1799 960 1971 990 commisso
1988 959 2132 995 crimine;
2157 966 2188 990 et
2211 959 2249 989 de
2267 959 2365 999 gratia
2381 958 2508 998 speciali

1445 1003 1589 1042 apposita
1611 1002 1664 1032 illa
1688 1002 1828 1033 conditio
1852 1013 1916 1044 qua
1940 1003 2040 1044 possit
2063 1013 2145 1038 reus,
2170 1003 2195 1033 si
2210 1003 2287 1039 vult,
2305 1003 2435 1033 evadere
2455 1013 2507 1032 ex-

1445 1046 1780 1077 communicationem.
1817 1047 1858 1078 Et
1884 1047 1946 1078 hoc
1969 1047 2084 1078 directe
2110 1054 2202 1077 sonat
2225 1057 2327 1077 canon
2351 1046 2403 1077 ille
2429 1046 2505 1077 Gre-

1444 1090 1536 1130 gorii.
1564 1108 1584 1113 —
1611 1091 1768 1122 Absolute
1791 1097 1899 1121 autem
1925 1091 2104 1131 praecipere
2133 1091 2221 1131 quod
2244 1091 2360 1121 revelet
2383 1100 2431 1126 se,
2457 1100 2507 1120 ex-

1445 1133 1526 1164 cedit
1549 1134 1628 1164 vires
1651 1134 1785 1165 humani
1806 1134 1929 1165 iudicii:
1964 1141 1996 1165 et
2022 1141 2188 1175 propterea
2215 1145 2282 1165 non
2311 1141 2434 1166 tenetur
2456 1134 2507 1164 ille

1445 1177 1582 1208 obedire.
1606 1178 1647 1209 Et
1671 1178 1764 1209 nimis
1788 1178 1891 1209 timidi
1906 1178 2053 1209 videntur
2069 1178 2147 1208 mihi
2163 1177 2208 1208 illi
2225 1179 2370 1208 doctores
2393 1178 2425 1208 in
2444 1177 2507 1208 hoc

1444 1222 1540 1252 fuisse
1563 1222 1619 1262 qui
1643 1222 1830 1262 oppositum
1853 1223 1986 1253 sensisse
2008 1222 2163 1253 videntur.
2189 1221 2326 1262 Oportet
2347 1222 2442 1261 igitur
2458 1222 2507 1252 vel

1443 1266 1608 1296 infamiam
1631 1276 1686 1297 seu
1710 1267 1923 1297 clamorosam
1945 1266 2208 1302 insinuationem,
2231 1267 2282 1296 vel
2304 1266 2418 1296 indicia
2442 1276 2507 1296 ma-

1445 1310 1566 1347 nifesta,
1590 1320 1743 1351 personae
1767 1318 1798 1341 et
1816 1311 1954 1342 criminis
1978 1310 2022 1341 sic
2044 1310 2229 1351 praecedere
2253 1318 2288 1341 ut
2306 1310 2508 1341 vehementer

1445 1362 1624 1394 suspectam
1647 1355 1779 1386 reddant
1801 1365 1981 1395 personam,
1997 1355 2037 1385 ad
2051 1355 2114 1386 hoc
2137 1361 2173 1385 ut
2195 1360 2338 1386 teneatur
2357 1355 2395 1384 ad
2419 1364 2507 1394 prae-

1445 1405 1571 1438 ceptum
1596 1398 1768 1438 superioris
1791 1399 1934 1439 seipsum
1956 1408 2046 1429 reum
2070 1399 2212 1439 prodere.

1500 1442 1552 1473 IV.
1578 1443 1717 1479 Quando
1734 1450 1842 1473 autem
1857 1443 1889 1473 in
1906 1443 1998 1474 tertio
2020 1453 2132 1474 sumus
2149 1451 2222 1472 casu
2239 1441 2266 1478 *,
2284 1441 2401 1472 scilicet
2417 1441 2506 1482 quod

1444 1485 1602 1525 praecedit
1624 1486 1797 1526 semiplena
1821 1487 1976 1526 probatio,
2001 1494 2124 1517 constat
2139 1486 2233 1516 etiam
2257 1486 2346 1526 quod
2369 1492 2504 1516 tenetur.

1444 1529 1506 1560 Sed
1528 1530 1756 1560 advertendum
1779 1531 1878 1570 quod,
1895 1541 1969 1561 cum
1988 1531 2117 1570 plenam
2134 1530 2356 1570 probationem
2371 1529 2508 1560 efficiant

1444 1574 1509 1603 duo
1533 1580 1626 1604 testes
1649 1574 1842 1613 integrarum
1865 1574 2098 1611 conditionum,
2120 1575 2328 1614 semiplenam
2343 1574 2505 1614 probatio-

1444 1627 1518 1647 nem
1534 1617 1628 1648 efficit
1643 1628 1728 1648 unus
1743 1618 1830 1649 testis
1846 1618 1935 1648 omni
1951 1619 2134 1658 exceptione
2150 1618 2263 1648 maior.
2283 1618 2325 1649 Et
2340 1625 2387 1649 est
2401 1628 2506 1649 sermo

1444 1661 1482 1691 de
1505 1667 1582 1692 teste
1605 1662 1782 1692 secundum
1805 1662 1887 1692 iura:
1913 1661 1969 1703 qui
1987 1662 2104 1693 scilicet
2126 1672 2192 1692 non
2209 1669 2305 1698 actor,
2325 1672 2391 1692 non
2407 1672 2506 1692 secre-

1443 1711 1494 1735 tus
1522 1705 1701 1745 depositor,
1732 1705 1787 1735 sed
1809 1716 1881 1736 vere
1912 1705 1998 1736 testis
2022 1713 2068 1736 est
2094 1706 2230 1742 iuratus,
2256 1715 2321 1736 non
2349 1706 2504 1747 particeps

1444 1749 1593 1786 criminis,
1611 1755 1642 1780 et
1657 1749 1697 1779 ad
1711 1749 1867 1780 iudicium
1884 1759 2074 1780 concurrens
2092 1757 2126 1781 ut
2142 1750 2237 1780 testis.
2258 1750 2330 1780 Hoc
2346 1757 2402 1786 est,
2419 1750 2507 1791 quod

1444 1793 1525 1824 ultra
1548 1799 1781 1830 accusatorem,
1805 1794 1855 1824 vel
1878 1793 1911 1823 id
1940 1794 2029 1835 quod
2051 1801 2137 1825 tenet
2160 1794 2351 1825 accusatoris
2377 1795 2504 1830 locum,

1444 1844 1480 1868 ut
1501 1837 1632 1868 infamia
1647 1843 1716 1874 etc„
1740 1837 1797 1868 iste
1821 1837 1910 1869 omni
1930 1837 2114 1878 exceptione
2130 1838 2232 1868 maior
2247 1845 2378 1870 testetur
2391 1839 2506 1870 directe

1443 1882 1482 1912 de
1493 1882 1564 1912 visu
1581 1882 1815 1912 commissionis
1832 1882 1970 1913 criminis
1987 1883 2025 1913 ab
2039 1882 2111 1920 isto,
2125 1889 2202 1923 puta
2218 1882 2294 1923 quia
2305 1882 2384 1913 vidit
2399 1882 2506 1923 ipsum

1444 1925 1586 1956 occidere
1608 1926 1700 1956 illum
1723 1925 1773 1956 vel
1794 1925 1891 1957 furari
1914 1926 1993 1957 hoc:
2018 1926 2062 1957 sic
2081 1926 2166 1957 enim
2191 1933 2238 1957 est
2259 1936 2332 1957 vere
2355 1927 2442 1957 testis
2458 1937 2507 1957 se-

1443 1969 1582 2010 miplene
1605 1970 1754 2010 probans.

1498 2014 1537 2045 V.
1563 2014 1597 2044 In
1614 2013 1820 2054 responsione
1836 2014 1876 2044 ad
1899 2014 2028 2045 tertium
2051 2014 2146 2054 primi
2168 2015 2299 2051 articuli,
2315 2014 2371 2045 ubi
2394 2015 2508 2045 dicitur

1444 2065 1474 2088 et
1497 2059 1649 2098 probatur
1672 2058 1875 2088 mendacium
1897 2057 1930 2088 in
1945 2058 2064 2089 iudicio
2088 2068 2154 2089 esse
2177 2065 2343 2100 peccatum
2359 2059 2504 2095 mortale,

1443 2102 1519 2142 quia
1541 2109 1587 2133 est
1617 2109 1726 2133 contra
1755 2101 1956 2133 dilectionem
1983 2102 2060 2139 Dei,
2085 2103 2175 2134 cuius
2203 2110 2250 2134 est
2276 2102 2445 2139 iudicium,
2475 2110 2506 2134 et

1443 2153 1552 2177 contra
1575 2146 1777 2177 dilectionem
1803 2146 1956 2187 proximi,
1980 2146 2093 2177 iudicis
2122 2147 2256 2183 scilicet,
2282 2147 2332 2177 cui
2363 2147 2505 2178 debitum

1444 2198 1551 2231 negat:
1577 2190 1712 2221 dubium
1736 2190 1880 2227 occurrit,
1904 2201 1944 2221 an
1967 2197 2098 2231 propter
2119 2190 2392 2232 imperfectionem
2416 2198 2504 2222 actus

1444 2244 1480 2265 ex
1503 2241 1590 2275 parte
1614 2234 1777 2270 materiae,
1802 2241 1967 2265 excusetur
1994 2245 2011 2265 a
2034 2242 2164 2275 peccato
2194 2235 2320 2266 mortali
2350 2235 2506 2266 mentiens

1443 2278 1475 2308 in
1498 2278 1627 2309 iudicio.
1651 2278 1747 2309 Verbi
1770 2278 1876 2318 gratia,
1894 2279 1927 2309 in
1945 2279 2062 2310 iudicio
2087 2280 2272 2310 sacramenti
2295 2279 2506 2319 poenitentiae

1443 2333 1515 2353 reus
1540 2323 1750 2362 interrogatur
1772 2333 1790 2352 a
1813 2323 1935 2359 iudice,
1961 2323 2142 2354 confessore
2168 2323 2301 2359 scilicet,
2325 2333 2365 2353 an
2396 2323 2508 2353 dixerit

1443 2367 1493 2397 vel
1516 2366 1623 2397 feeerit
1645 2367 1706 2397 tale
1729 2367 1816 2407 quid,
1841 2368 1930 2407 quod
1954 2375 2000 2398 est
2024 2374 2190 2407 peccatum
2206 2368 2328 2398 veniale
2336 2376 2343 2403 ;
2369 2374 2399 2398 et
2422 2377 2506 2406 reus,

1445 2411 1599 2450 negando,
1617 2411 1782 2442 mentitur:
1806 2421 1847 2441 an
1870 2411 2073 2442 mendacium
2092 2412 2153 2442 tale
2176 2412 2216 2442 sit
2239 2418 2404 2452 peccatum
2420 2421 2504 2441 mor-

1445 2455 1514 2486 tale.
1548 2455 1590 2485 Et
1618 2461 1663 2485 est
1693 2455 1773 2485 ratio
1805 2455 1892 2485 dubii
1921 2455 2119 2496 imperfectio
2149 2463 2244 2486 actus.
2266 2455 2439 2486 mentiendi
2470 2466 2506 2486 ex

1444 2506 1530 2539 parte
1553 2499 1717 2530 materiae:
1742 2499 1818 2540 quia
1841 2499 1958 2530 scilicet
1979 2500 2132 2530 mentitur
2153 2500 2186 2530 in
2210 2500 2339 2531 materia
2363 2510 2429 2530 non
2453 2509 2506 2529 ne-

1444 2542 1576 2573 cessaria
1599 2543 1639 2573 ad
1660 2543 1825 2574 iudicium.
1850 2543 1897 2574 Ex
1915 2543 1976 2574 hoc
1993 2543 2078 2574 enim
2093 2544 2217 2575 videtur
2232 2544 2371 2575 excusari
2395 2554 2412 2574 a
2433 2553 2506 2583 pec—

1445 2594 1514 2618 cato
1538 2587 1679 2618 mortali:
1703 2597 1779 2618 nam
1802 2597 1839 2617 ex
1858 2588 1920 2618 hoc
1943 2589 2032 2628 quod
2055 2598 2121 2618 non
2137 2595 2262 2619 tenetur
2284 2588 2372 2619 fateri
2396 2588 2506 2618 hocin

1443 2631 1578 2668 iudicio,
1602 2631 1744 2672 sequitur
1767 2632 1857 2672 quod
1879 2642 1946 2663 non
1970 2639 2017 2663 est
2039 2633 2242 2663 mendacium
2265 2632 2345 2663 circa
2367 2632 2506 2662 debitam

1444 2675 1540 2706 iudici
1563 2676 1744 2712 veritatem,
1767 2686 1804 2706 ac
1827 2686 1883 2716 per
1905 2676 1968 2707 hoc
1991 2677 2081 2717 quod
2104 2687 2169 2707 non
2193 2677 2232 2707 sit
2256 2676 2399 2707 mortale.
2422 2694 2443 2699 -
2470 2677 2505 2706 In

1445 2719 1631 2760 oppositum
1655 2727 1762 2750 autem
1786 2726 1832 2750 est
1855 2721 1943 2761 quod
1966 2720 2169 2752 mendacium
2191 2721 2224 2751 in
2248 2720 2377 2756 iudicio,
2402 2730 2503 2760 quan-

1444 2771 1513 2794 tum
1534 2764 1567 2794 in
1591 2774 1624 2794 se
1648 2770 1703 2800 est,
1727 2763 1856 2794 incurrit
1878 2764 1986 2795 iudicii
2009 2765 2084 2801 vim,
2102 2771 2159 2795 etc.

1499 2809 1550 2838 Ad
1577 2808 1639 2838 hoc
1668 2808 1781 2838 dicitur
1810 2808 1899 2848 quod
1928 2808 2113 2839 huiusmodi
2140 2808 2303 2838 mendacia
2330 2808 2362 2837 in
2386 2807 2504 2838 iudicio

1444 2859 1518 2882 sunt
1541 2859 1668 2892 peccata
1686 2852 1842 2888 mortalia,
1867 2862 1904 2882 ex
1925 2852 1987 2882 hoc
2009 2853 2080 2893 ipso
2104 2852 2194 2892 quod
2210 2853 2249 2882 ad
2263 2852 2419 2882 iudicium
2435 2861 2504 2891 spe-

1444 2902 1543 2932 ctant,
1568 2903 1600 2926 et
1628 2903 1735 2926 contra
1759 2895 1920 2926 veritatem
1950 2895 2058 2927 iudicii
2088 2903 2178 2933 sunt,
2210 2903 2245 2926 ut
2274 2902 2359 2935 patet
2383 2906 2419 2926 ex
2441 2895 2504 2925 hoc

1444 2940 1532 2980 quod
1554 2940 1707 2970 iudicium
1729 2939 1819 2980 quod
1834 2949 1929 2980 super
1942 2940 2004 2970 hoc
2027 2940 2193 2970 mendacio
2212 2939 2372 2975 fundatur,
2389 2939 2503 2970 falsum

1445 2990 1570 3023 oportet
1589 2993 1667 3014 esse.
1691 2983 1732 3014 Et
1753 2983 1786 3013 in
1810 2982 1881 3014 foro
1904 2983 2116 3023 poenitentiae
2139 2983 2254 3014 iniuria
2276 2983 2446 3023 praecipue
2469 2982 2505 3014 fit

1444 3028 1523 3063 Deo,
1553 3027 1642 3058 cuius
1666 3034 1712 3058 est
1736 3027 1933 3067 peculiariter
1959 3027 2113 3058 iudicium
2140 3027 2229 3064 illud,
2254 3034 2291 3058 ut
2313 3034 2407 3068 patet.
2444 3028 2504 3057 Im—

1444 3071 1594 3111 perfectio
1611 3078 1718 3102 autem
1734 3071 1883 3102 materiae
1905 3071 1998 3102 habet
2021 3072 2130 3102 locum
2149 3078 2293 3111 respectu
2310 3078 2398 3102 actus
2417 3081 2504 3102 men-

1445 3115 1541 3146 tiendi
1565 3116 1742 3146 secundum
1761 3125 1803 3151 se,
1828 3116 1883 3146 sed
1906 3126 1972 3146 non
1988 3122 2024 3146 ut
2039 3116 2160 3147 substat
2175 3115 2309 3146 iudicio:
2334 3116 2415 3146 sicut
2438 3126 2504 3146 non

1445 3160 1538 3190 habet
1556 3160 1666 3190 locum
1683 3166 1718 3190 ut
1737 3160 1857 3190 substat
1872 3159 2061 3190 iuramento.
2087 3160 2131 3191 Ita
2147 3161 2236 3201 quod
2253 3160 2333 3190 sicut
2349 3160 2504 3191 mentiens

1444 3204 1477 3234 in
1500 3213 1706 3245 quocumque
1730 3203 1802 3239 levi,
1826 3203 1852 3234 si
1868 3203 1994 3235 adhibet
2009 3204 2234 3241 iuramentum,
2257 3210 2365 3244 peccat
2388 3211 2503 3234 morta-

1444 3248 1528 3284 liter,
1556 3248 1599 3279 ita
1622 3248 1777 3278 mentiens
1801 3248 1834 3278 in
1857 3258 2064 3289 quocumque
2087 3248 2163 3284 levi,
2189 3248 2213 3278 si
2237 3248 2394 3278 submittit
2416 3258 2503 3277 men-

1443 3292 1571 3323 dacium
1593 3292 1674 3323 illud
1696 3291 1824 3328 iudicio,
1849 3299 1956 3332 peccat
1979 3292 2166 3323 mortaliter:
2191 3292 2259 3332 ipsa
2281 3292 2366 3322 enirn
2387 3291 2433 3321 vis
2456 3292 2503 3322 iu-

1445 3336 1516 3367 dicii
1547 3337 1641 3376 exigit
1667 3336 1830 3366 veritatem
1860 3336 2125 3374 iudicandorum,
2153 3336 2233 3366 sicut
2262 3336 2308 3366 vis
2336 3335 2505 3366 iuramenti

1444 3380 1538 3420 exigit
1559 3381 1748 3411 iuratorum.
1769 3397 1787 3402 -
1811 3381 1876 3411 Nec
1900 3381 1998 3411 variat
2021 3380 2082 3410 hoc
2105 3379 2180 3420 quia
2203 3389 2268 3410 non
2292 3386 2415 3410 tenetur
2433 3390 2504 3410 reus

2532 1443 2543 1453 ⁸
2563 1442 2599 1465 Cf.
2626 1449 2690 1465 num.
2717 1451 2743 1470 ι,

2531 1469 2631 1502 princip.

1444 3425 1504 3455 hoc
1529 3424 1631 3455 fateri:
1657 3424 1732 3465 quia
1753 3431 1887 3460 tenetur,
1911 3425 1937 3454 si
1961 3424 2084 3460 fatetur,
2110 3423 2198 3454 fateri
2222 3424 2400 3459 veritatem;
2425 3424 2505 3454 sicut
2537 3459 2539 3461 ,

1444 3469 1469 3498 si
1493 3469 1591 3505 iurat,
1622 3475 1746 3499 tenetur
1775 3468 1877 3498 iurare
1907 3468 2079 3498 veritatem.
2114 3468 2154 3498 Et
2177 3467 2221 3498 sic
2250 3468 2319 3498 talis
2349 3467 2504 3498 mentiens

1443 3513 1594 3543 mentitur
1622 3520 1731 3543 contra
1753 3513 1915 3542 veritatem
1945 3512 2083 3542 debitam
2106 3511 2201 3542 iudici
2230 3522 2295 3542 non
2323 3512 2505 3551 simpliciter

1443 3564 1474 3587 et
1496 3557 1658 3593 absolute,
1683 3557 1738 3586 sed
1769 3556 1906 3586 debitam
1936 3556 2031 3586 iudici
2062 3566 2099 3586 ex
2127 3556 2363 3596 suppositione,
2388 3556 2505 3586 scilicet

1443 3600 1467 3630 si
1491 3601 1553 3631 hoc
1576 3601 1769 3640 supponitur
1792 3600 1876 3630 illius
1900 3599 2027 3630 iudicio.
