2860 4244
209 454 218 462 ⁸
229 452 253 473 S.
262 451 306 473 Th.
317 452 370 473 lect.
381 458 419 473 v.—

208 478 261 500 Did.
276 478 314 499 lib.
325 477 353 505 X,
369 484 419 506 cap.

209 511 232 531 v,
247 511 272 526 n.
286 511 310 531 4.

201 2066 211 2075 ⁶
225 2065 276 2086 Art.
294 2063 398 2092 praeced.

202 2213 212 2223 ⁸
226 2213 249 2235 S.
262 2212 306 2234 Th.
322 2212 374 2234 lect.
388 2218 411 2233 x.

203 2530 308 2552 ’Guntia
311 2535 362 2558 cap.
365 2535 412 2557 vm,

202 2563 260 2578 vers.
276 2557 299 2578 6.

203 2587 256 2609 Pa.
265 2593 322 2614 un,
325 2592 385 2609 vers.
389 2586 412 2608 6.

203 2749 213 2758 ’
226 2747 273 2774 Qu.
283 2752 362 2773 Lxxxr,
370 2750 412 2768 art.

202 2951 211 2960 '¹
226 2950 300 2972 Serm.
315 2949 369 2971 Vm
384 2949 413 2971 de

202 2976 269 2998 Pas-r.
284 2976 352 2998 Dom-

203 3170 213 3179 ¹
232 3170 283 3191 Art.
306 3169 412 3197 praeced.

454 240 524 276 188

503 319 539 349 11.
566 318 599 348 In
624 318 736 348 eodem
757 317 887 347 articulo
912 316 1045 346 dubium
1070 315 1205 345 occurrit
1228 325 1286 354 pro
1304 315 1507 345 conclusione

447 369 477 393 et
499 362 634 397 ratione,
660 372 717 401 pro
742 368 862 402 quanto
888 360 1002 390 dicitur
1025 359 1114 399 quod
1139 359 1266 388 devotio
1292 365 1338 389 est
1364 358 1508 398 specialis

428 414 533 440 actus
556 406 738 441 voluntatis,
764 412 793 435 et
812 405 900 445 quod
917 410 1065 443 prompta
1080 403 1228 432 voluntas
1248 409 1306 432 etc.
1331 403 1414 432 Nam
1433 412 1507 433 cum
1533 414 1535 422 ¹

444 461 539 481 omne
557 460 675 480 nornen
692 459 795 480 unum
811 447 974 488 significet,
988 454 1022 477 ut
1040 446 1178 477 dicitur'
1170 457 1203 476 1n
1219 446 1262 477 XI
1278 447 1462 487 Metaphys.
1479 446 1505 483 *,

442 502 496 525 aut
520 494 648 524 devotio
673 492 825 533 significat
848 492 955 531 ipsum
980 498 1085 521 actum
1109 490 1298 521 voluntatis:
1330 497 1385 521 aut
1407 491 1507 532 quali-

443 546 538 569 tatem
555 538 631 574 eius,
656 544 732 577 puta
756 536 1051 576 promptitudinem
1078 534 1110 565 Si
1126 534 1279 575 significat
1298 542 1414 572 actum,
1433 545 1505 566 cum

444 583 550 612 nullus
574 588 660 612 actus
684 580 855 610 voluntatis
879 578 953 621 (nisi
978 579 1058 609 forte
1080 579 1240 615 naturalis,
1265 589 1360 620 quem
1385 586 1509 610 constat

443 637 509 657 non
526 636 592 656 esse
607 622 823 664 devotionem)
842 624 880 654 sit
896 630 1075 663 promthS,
1093 623 1148 653 sed
1168 623 1207 654 sit
1222 633 1258 653 ex
1273 623 1382 654 habitu
1399 623 1506 654 infuso
1532 639 1534 655 τ

443 671 492 701 vel
516 670 669 710 acquisito
692 669 742 699 vel
765 668 969 698 inclinatione
989 667 1095 707 aliqua
1118 667 1298 707 particulari
1321 675 1506 708 promptu·s;
1531 689 1533 701 ⁴

1532 718 1533 730 ¹
1560 713 1645 743 Libri
1668 719 1767 752 patet3
1792 720 1823 743 et
1846 714 1984 751 devotio,
2006 721 2041 745 ut
2062 715 2114 745 hic
2139 715 2262 751 dicitur,
2279 715 2431 755 importet
2445 721 2552 745 actum
2566 725 2624 745 vo-

443 715 584 755 sequitur
613 714 701 754 quod
726 712 853 742 devotio
882 722 948 742 non
971 710 1125 751 significat
1153 719 1338 752 promptam
1360 713 1506 743 volunta-

442 766 516 789 tem.
533 776 553 781 ·-
570 758 602 788 Si
618 767 692 787 vero
709 756 862 796 significat
879 756 1176 796 promptitudinem,
1194 766 1268 787 curn
1283 756 1505 797 promptitudo

443 813 507 832 non
523 802 562 832 sit
583 809 680 838 actus,
701 802 756 831 sed
779 801 914 842 qualitas
929 810 984 831 seu
1002 801 1119 831 modus
1139 808 1236 837 actus,
1261 801 1403 842 sequitur
1419 801 1506 842 quod

442 847 569 877 devotio
593 856 658 876 non
683 846 722 876 sit
745 845 888 885 specialis
911 851 1000 875 actus
1022 845 1205 876 voluntatis.

498 891 547 920 Ad
571 890 632 921 hoc
649 890 762 920 dicitur
784 890 874 931 quod
897 889 978 920 sicut
999 890 1124 920 simitas
1147 889 1301 929 significat
1320 889 1505 920 curvitatem
1530 903 1532 934 3

1530 937 1532 941 '
1559 941 1589 965 et
1611 944 1670 974 pro
1695 945 1733 965 eo
1757 934 1847 975 quod
1862 941 1910 964 est
1933 934 1973 964 ad
1991 933 2088 965 finem
2104 945 2140 965 ac
2156 944 2188 965 re
2204 935 2303 966 volita
2318 945 2351 965 se
2367 943 2398 966 et
2413 946 2471 966 sua
2485 936 2519 966 in
2534 936 2623 966 cultu

442 945 506 965 non
531 935 688 971 absolute,
714 935 770 965 sed
791 934 824 964 in
849 940 931 965 certa
954 934 1093 971 materia,
1120 934 1237 964 scilicet
1260 943 1356 970 naso;
1386 934 1430 964 ita
1453 934 1506 963 de-

440 980 528 1010 votio
558 979 731 1010 formaliter
760 978 913 1018 significat
936 978 1234 1019 promptitudinem,
1259 989 1324 1009 non
1350 978 1504 1014 absolute,

442 1035 498 1054 nec
514 1025 547 1054 in
563 1034 770 1064 quocumque
786 1030 857 1054 actu
876 1022 1107 1063 cuiuscumque
1123 1023 1291 1063 potentiae,
1315 1023 1369 1052 sed
1385 1022 1418 1052 in
1433 1029 1504 1052 actu

441 1069 614 1108 voluntatis
637 1078 703 1099 non
727 1077 945 1109 quocumque,
970 1067 1025 1098 sed
1047 1067 1104 1098 illo
1128 1077 1195 1108 quo
1211 1067 1359 1098 voluntas
1383 1076 1416 1096 se
1435 1077 1505 1097 sua-

441 1123 504 1154 que
520 1113 629 1144 omnia
645 1123 741 1153 opera
763 1112 796 1142 in
811 1112 919 1142 divino
936 1112 1023 1142 cultu
1049 1111 1139 1142 offert
1161 1112 1241 1142 Deo.
1265 1111 1306 1142 Et
1322 1111 1366 1141 sic
1382 1118 1504 1141 utrum-

440 1168 503 1199 que
525 1168 636 1188 verum
660 1164 715 1194 est,
741 1164 771 1187 et
794 1163 944 1187 neutrum
968 1155 1054 1186 alteri
1079 1156 1270 1194 adversatur,
1296 1155 1505 1186 diversimode

439 1202 652 1233 intellectum.
677 1202 765 1243 quod
782 1201 898 1231 scilicet
917 1207 948 1231 et
970 1200 1156 1240 qualitatem
1173 1207 1203 1230 et
1219 1206 1326 1230 actum
1341 1199 1503 1238 importat,

441 1247 519 1277 dum
542 1246 696 1286 significat
718 1246 904 1286 qualitatem
923 1244 956 1274 in
972 1244 1025 1274 tali
1043 1250 1113 1274 actu
1130 1244 1267 1284 speciali,
1288 1243 1369 1274 sicut
1384 1242 1504 1273 simitas

441 1291 627 1322 curvitatem
650 1291 682 1320 in
706 1290 760 1320 tali
784 1288 911 1329 speciali
934 1288 1074 1319 materia.
1099 1288 1192 1318 Ratio
1217 1294 1324 1318 autem
1348 1296 1430 1327 quae
1453 1296 1506 1316 me

440 1342 549 1366 movet
572 1336 611 1365 ad
634 1335 696 1365 hoc
720 1341 766 1364 est
789 1334 864 1373 quia
887 1332 1033 1368 devotio,
1058 1339 1093 1363 ut
1116 1331 1148 1361 in
1173 1331 1316 1372 sequenti
1346 1336 1432 1371 patet
1456 1340 1504 1360 ar-

439 1380 548 1415 ticulo,
573 1386 619 1410 est
641 1386 728 1410 actus
751 1377 922 1417 religionis.
953 1376 1089 1407 Constat
1112 1382 1218 1406 autem
1243 1375 1332 1416 quod
1355 1375 1437 1406 sicut
1458 1383 1506 1404 re—

438 1424 514 1464 ligio
539 1431 585 1454 est
614 1423 748 1463 qualitas
778 1421 954 1462 potentiae,
980 1421 1023 1451 ita
1050 1426 1138 1451 actus
1166 1420 1314 1460 proprius
1344 1418 1505 1460 religionis

440 1476 486 1499 est
516 1467 650 1508 qualitas
673 1474 761 1498 actus
788 1465 958 1506 potentiae.
992 1465 1042 1496 Sic
1070 1464 1156 1495 enim
1183 1464 1216 1495 in
1245 1464 1312 1495 aliis
1335 1463 1505 1495 virtutibus

437 1513 599 1542 videmus:
625 1518 661 1542 ut
683 1517 769 1552 patet
793 1511 831 1540 de
847 1510 925 1540 scire
939 1509 971 1539 in
986 1509 1147 1540 intellectu
1163 1507 1357 1549 speculativo
1377 1515 1408 1539 et
1431 1517 1504 1549 pro-

438 1556 542 1587 videre
566 1557 598 1586 in
621 1556 781 1586 intellectu
806 1554 954 1594 practico,
979 1553 1202 1584 iustificatione
1225 1553 1256 1583 in
1275 1553 1449 1589 voluntate,
1475 1559 1506 1583 et

440 1601 509 1631 aliis
533 1601 719 1631 huiusmodi
743 1599 879 1640 propriis
903 1598 1023 1630 actibus
1046 1598 1212 1634 virtutum,
1237 1597 1354 1638 quibus
1373 1597 1505 1628 nomina

1101 238 1367 283 QUAESTIO
1398 238 1592 284 LXXXII,
1622 239 1917 276 ARTICULUS
1947 240 1978 275 ΙΙ

1562 325 1629 346 non
1653 323 1727 347 sunt
1749 317 1900 358 imposita
1923 317 2061 357 propria,
2086 317 2141 348 sed
2166 318 2449 359 circumloquimur
2472 329 2527 350 eos
2552 329 2625 350 cum

1562 359 1693 390 nomine
1707 361 1757 391 vel
1773 361 1921 391 adverbio
1938 360 2085 392 bonitatis
2100 368 2155 392 aut
2170 362 2374 399 rectitudinis,
2395 370 2431 394 ut
2451 364 2533 394 bona
2552 373 2625 394 con-

1561 404 1691 442 siliatio,
1708 411 1793 436 recte
1805 406 2007 446 praecipere,
2026 406 2188 436 moderate
2204 411 2363 446 appetere,
2382 413 2439 438 etc.
2463 407 2520 438 Est
2539 407 2626 438 enim

1533 468 1534 491 1
1560 447 1666 478 videre
1690 455 1777 480 actus
1793 449 1940 490 proprios
1956 449 2110 480 virtutum
2127 450 2311 490 qualitatem
2328 460 2383 481 seu
2400 451 2536 482 modum
2552 452 2625 482 sub-

1561 492 1691 522 stantiae
1712 499 1799 524 actus
1823 493 1983 533 potentiae
2006 493 2190 534 significare.
2215 494 2256 525 Et
2278 501 2444 535 propterea
2467 494 2512 526 sic
2527 502 2574 526 est
2591 495 2624 525 in

1532 560 1534 574 ἶ
1560 537 1727 576 proposito
1751 537 1923 568 dicendum
1946 538 1985 568 de
2009 538 2189 569 devotione.

1617 581 1669 611 111.
1694 581 1729 611 In
1749 582 1956 621 responsione
1975 582 2015 612 ad
2034 582 2175 622 primum
2194 582 2336 613 eiusdem
2356 582 2487 619 articuli,
2500 583 2625 613 adverte

1560 625 1658 664 quod,
1676 634 1751 655 cum
1767 632 1855 656 actus
1870 626 2043 657 voluntatis
2067 633 2210 668 respectu
2234 625 2305 656 finis
2329 626 2391 657 sint
2413 633 2484 662 tres,
2508 626 2626 658 scilicet

1559 668 1648 705 velle,
1673 668 1735 699 frui
1759 676 1789 700 et
1809 669 1980 707 intendere,
1998 677 2034 701 ut
2052 670 2084 700 in
2101 670 2256 711 principio
2273 681 2328 711 qu.
2341 681 2395 701 vm
2410 670 2624 711 praecedentis

1558 757 1688 787 luntatis
1711 764 1853 797 respectu
1877 757 1966 795 finis,
1991 765 2022 789 et
2044 758 2084 790 sit
2106 765 2194 790 actus
2221 759 2361 790 hominis
2391 758 2548 790 offerentis
2576 768 2624 790 se-

1558 801 1666 841 ipsum
1689 801 1758 832 Deo
1783 801 1823 831 ad
1845 801 1912 832 eius
1936 802 2074 832 cultum:
2100 813 2298 844 consequens
2313 810 2360 834 est
2382 803 2471 843 quod
2495 803 2622 834 devotio

1559 845 1713 885 significat
1735 845 1827 875 illum
1850 845 2023 877 voluntatis
2046 853 2153 877 actum
2176 847 2232 888 qui
2255 853 2301 878 est
2322 847 2412 884 velle,
2433 857 2499 877 non
2522 846 2623 888 quali-

1558 897 1754 931 tercumque,
1771 890 1826 920 sed
1849 896 1885 920 ut
1903 890 1998 921 habet
2021 900 2080 930 pro
2095 889 2159 921 fine
2175 901 2211 922 ac
2226 891 2347 922 ratione
2361 891 2491 922 volendi
2506 892 2622 932 Deum,

1558 979 1678 1009 divino.
1704 979 1738 1009 In
1755 978 1911 1018 superiori
1927 988 2066 1019 namque
2082 978 2178 1009 Libro
2194 978 2212 998 *
2234 979 2357 1010 dictum
2371 986 2418 1010 est
2440 980 2530 1021 quod
2543 979 2623 1011 velle

1558 1030 1605 1054 est
1627 1030 1715 1054 actus
1738 1029 1882 1063 respectu
1906 1022 1977 1053 finis
2000 1032 2067 1053 non
2083 1023 2190 1054 solum
2211 1023 2365 1060 absolute,
2388 1023 2444 1054 sed
2466 1024 2561 1054 etiam
2577 1034 2622 1055 re-

1558 1075 1667 1108 spectu
1690 1066 1762 1097 finis
1785 1066 1882 1107 positi
1904 1067 1937 1097 in
1961 1067 2010 1097 his
2040 1077 2123 1108 quae
2147 1073 2222 1098 sunt
2244 1067 2284 1097 ad
2306 1066 2413 1099 finem.
2446 1069 2545 1098 Actus
2568 1078 2624 1099 au—

1556 1119 1622 1143 tem
1637 1111 1810 1142 voluntatis
1834 1111 1974 1142 hominis
1990 1111 2149 1142 offerentis
2165 1111 2306 1151 seipsum
2322 1111 2392 1142 Deo
2415 1111 2455 1141 ad
2474 1111 2541 1142 eius
2558 1111 2624 1142 cul-

1556 1163 1636 1193 tum,
1657 1156 1808 1196 importat
1827 1155 2014 1186 huiusmodi
2032 1156 2127 1186 velle:
2151 1166 2226 1186 narn
2249 1155 2318 1186 talis
2342 1162 2440 1192 actus,
2464 1162 2500 1186 ut
2522 1155 2555 1186 in
2574 1155 2623 1187 lit-

1555 1207 1622 1231 tera
1645 1199 1778 1238 dicitur,
1803 1206 1850 1230 est
1872 1207 2016 1240 respectu
2040 1199 2129 1236 finis,
2155 1206 2185 1231 et
2209 1199 2326 1231 claudit
2355 1199 2450 1230 etiam
2478 1210 2515 1230 ea
2541 1209 2623 1240 quae

1557 1250 1632 1274 sunt
1654 1244 1694 1274 ad
1716 1243 1831 1280 finem,
1856 1243 1973 1275 scilicet
2002 1244 2160 1284 seipsum,
2189 1254 2286 1285 quem
2311 1243 2418 1281 offert,
2442 1250 2473 1275 et
2501 1243 2624 1275 cultum

1557 1288 1712 1324 divinum,
1736 1288 1770 1318 in
1793 1297 1859 1328 quo
1883 1297 1916 1318 se
1939 1287 2038 1319 offert.
2063 1288 2115 1319 Sic
2137 1298 2211 1328 ergo
2236 1288 2375 1325 devotio,
2399 1298 2481 1329 quae
2503 1288 2623 1328 praeci-

1556 1342 1640 1372 puus
1669 1338 1716 1362 est
1738 1331 1899 1371 religionis
1923 1338 2030 1368 actus,
2054 1331 2207 1372 importat
2235 1332 2340 1372 primo
2371 1339 2520 1373 prompte
2542 1332 2623 1364 velle

1557 1376 1702 1406 divinum
1717 1375 1876 1406 honorem
1891 1375 1925 1406 in
1940 1382 2048 1407 nostra
2065 1376 2284 1407 exercitatione
2299 1376 2348 1407 sui
2364 1376 2481 1408 cultus:
2501 1383 2533 1407 et
2549 1376 2623 1408 inde

1557 1420 1705 1460 provenit
1720 1426 1870 1460 prompta
1885 1419 1997 1450 electio
2013 1420 2329 1461 opportunorumad
2343 1420 2415 1457 hoc,
2428 1428 2460 1453 et
2473 1426 2624 1461 prompta

1556 1464 1698 1495 executio
1723 1463 1992 1495 convenientium.
2018 1463 2120 1495 Cuius
2140 1464 2268 1504 signum
2287 1471 2334 1496 est
2356 1465 2446 1505 quod
2469 1474 2624 1505 personae

1555 1518 1628 1539 vere
1653 1509 1794 1545 devotae,
1820 1518 1894 1538 cum
1910 1508 2090 1549 percipiunt
2105 1508 2227 1550 aliquid
2243 1518 2310 1539 esse
2333 1518 2392 1550 pro
2408 1508 2518 1540 divino
2534 1508 2623 1540 cultu

1529 1553 1530 1557 ’
1557 1553 1727 1593 agendum,
1747 1559 1915 1593 promptae
1931 1553 2011 1583 adeo
2028 1559 2102 1584 sunt
2125 1559 2161 1584 ut
2183 1553 2342 1593 gaudeant
2365 1563 2398 1584 se
2420 1552 2542 1594 aliquid
2564 1552 2623 1584 hu-

1556 1597 1698 1628 iusmodi
1721 1603 1904 1638 operaturus
1929 1604 1959 1628 et
1982 1597 2116 1638 operari.

1206 1759 1524 1802 ARTICULUS
1555 1758 1855 1801 SECUNDUS

1080 1853 1238 1883 UTRUM
1260 1852 1459 1884 DEVOTIO
1483 1852 1549 1884 SIT
1572 1852 1716 1883 ACTus
1739 1850 1984 1883 RELIGIONIS

525 1962 533 1975 ι
589 1970 598 1978 2
651 1955 673 1979 D
690 1953 880 1979 SECUNDUM
895 1952 949 1978 su:
965 1952 1208 1978 PaocEmTUR.
1225 1940 1385 1979 Videtur
1399 1942 1503 1990 quod
1529 1965 1531 1974 ·

473 1976 500 1993 V·
558 1978 573 1991 *ff
591 1987 601 1994 ⁴

566 1994 632 2045 ”1²³
652 1995 806 2032 devotio
827 2006 906 2031 non
935 1993 979 2030 sit
1007 2001 1112 2031 actus
1142 1994 1344 2042 religionis.
1374 1996 1504 2032 Devo-

635 2046 703 2084 tio
734 2048 848 2094 enim,
869 2054 910 2084 ut
938 2047 1081 2084 dictum
1111 2056 1167 2084 est
1187 2047 1218 2095 ²¹²,
1239 2047 1288 2085 ad
1315 2048 1391 2086 hoc
1418 2061 1503 2097 per-

444 2137 447 2139 .
513 2051 742 2139 munet
770 2101 874 2150 quod
903 2100 1039 2148 aliquis
1067 2101 1153 2138 Deo
1183 2113 1224 2138 se
1253 2101 1387 2139 tradat.
1427 2102 1503 2139 Sed

438 2154 514 2190 hoc
539 2139 713 2191 maxime
742 2155 785 2191 fit
812 2167 880 2203 per
909 2153 1124 2191 caritatem:
1154 2154 1259 2203 quia,
1289 2162 1331 2192 ut
1358 2154 1503 2203 Diony-

439 2207 515 2244 sius
544 2207 642 2253 dicit,
668 2220 703 2244 iv
723 2220 815 2256 cap.
845 2208 890 2244 de
917 2207 1005 2244 Div.
1025 2207 1143 2244 Nom.
1166 2209 1197 2254 ²¹⁸,
1219 2208 1366 2245 divinus
1393 2220 1505 2245 amor

439 2261 598 2297 extasim
625 2261 743 2309 facit,
775 2273 849 2298 non
885 2261 1009 2298 sinens
1037 2266 1207 2298 amantes
1242 2262 1301 2298 sui
1335 2262 1503 2310 ipsorum

439 2326 528 2360 esse,
547 2314 613 2350 sed
639 2326 771 2351 eorum
799 2326 897 2363 quae
924 2319 1066 2351 amant.
1103 2314 1206 2362 Ergo
1237 2314 1392 2352 devotio
1422 2327 1502 2352 ma—

439 2366 494 2416 gis
524 2375 579 2403 est
606 2375 711 2404 actus
740 2367 902 2405 caritatis
929 2379 1048 2415 quam
1077 2367 1278 2415 religionis.

494 2431 528 2456 2.
550 2421 783 2467 ΡΚΑΕΤΕΒΕΑ,
806 2421 938 2457 caritas
957 2420 1151 2469 praecedit
1171 2420 1404 2468 religionem.
1427 2422 1504 2458 De-

438 2472 545 2510 votio
575 2481 704 2510 autem
732 2473 884 2510 videtur
905 2473 1136 2522 praecedere
1167 2474 1384 2511 caritatem:
1413 2474 1504 2522 quia

440 2526 574 2562 caritas
593 2526 632 2563 in
661 2526 862 2575 Scripturis
882 2526 1114 2574 significatur
1142 2539 1210 2575 per
1237 2526 1363 2574 ignem
1382 2526 1413 2574 ³¹⁸,
1440 2527 1504 2564 de-

438 2579 546 2616 votio
564 2591 659 2616 vero
679 2592 748 2629 per
765 2579 1038 2628 pinguedinem
1058 2580 1089 2627 ³¹²,
1111 2591 1210 2627 quae
1230 2588 1286 2616 est
1308 2579 1403 2627 ignis
1423 2591 1502 2616 ma·
1530 2601 1531 2628 }

1529 2629 1531 2644 ³
1558 2632 1635 2670 Sed
1664 2632 1768 2681 quod
1796 2633 1917 2669 homo
1945 2631 2068 2669 tradat
2095 2630 2265 2680 seipsum
2302 2631 2387 2668 Deo
2417 2630 2466 2668 ad
2495 2629 2621 2681 aliqua

439 2632 542 2669 teria.
573 2633 675 2681 Ergo
706 2633 860 2669 devotio
889 2645 967 2670 non
998 2640 1053 2669 est
1081 2640 1187 2669 actus
1216 2632 1417 2680 religionis.

495 2687 529 2723 3.
551 2686 784 2732 Proxumum,
805 2698 875 2735 per
902 2686 1124 2734 religionem
1158 2687 1278 2723 homo
1308 2685 1504 2724 ordinatur

1557 1953 1678 1990 usque
1708 1948 1813 1978 actus
1851 1947 1907 1977 est
1933 1939 2037 1978 idem
2075 1939 2282 1976 obiectum.
2324 1940 2485 1988 Propter
2517 1938 2623 1988 quod

1557 1994 1814 2043 Philosophus
1834 1999 1852 2015 α
1881 1993 1980 2041 dicit,
2001 1993 2040 2030 in
2058 1993 2093 2030 V
2106 1992 2227 2030 Ethic.
2247 1991 2288 2029 *ι
2307 1992 2454 2030 Iustitia
2472 1997 2527 2029 est
2547 2003 2623 2043 qua

1557 2048 1687 2086 volunt
1722 2047 1892 2085 homines
1921 2052 1958 2084 et
1990 2052 2196 2095 operantur
2229 2046 2337 2083 iusta.
2376 2044 2624 2085 Manifestum

1558 2109 1614 2138 est
1649 2108 1777 2138 autem
1807 2100 1913 2150 quod
1952 2100 2103 2149 operari
2136 2112 2180 2137 ea
2215 2111 2314 2149 quae
2349 2098 2540 2148 pertinent
2574 2098 2625 2138 ad

1559 2154 1732 2192 divinum
1763 2155 1905 2191 cultum
1935 2165 2003 2190 seu
2031 2153 2257 2190 famulatum
2282 2151 2445 2202 pertinet
2471 2151 2624 2202 proprie

1558 2208 1607 2246 ad
1645 2207 1889 2255 religionem,
1923 2213 1965 2244 ut
2000 2218 2045 2243 ex
2079 2205 2282 2256 praedictis

1558 2261 1674 2298 etiam
1702 2261 1750 2298 ad
1781 2273 1867 2298 eam
1887 2258 1902 2289 β
1930 2259 2093 2309 pertinet
2126 2259 2270 2297 habere
2304 2266 2527 2309 promptam
2554 2270 2624 2297 vo-

1556 2315 1741 2351 luntatem
1761 2314 1810 2351 ad
1829 2312 2053 2351 huiusmodi
2073 2312 2311 2362 exequenda,
2331 2312 2437 2361 quod
2457 2319 2514 2350 est
2539 2323 2623 2351 esse

1559 2368 1758 2405 devotum.
1797 2368 1847 2404 Et
1874 2366 1928 2404 sic
1960 2373 2064 2416 patet
2092 2367 2198 2416 quod
2233 2365 2389 2404 devotio
2425 2373 2483 2403 est
2517 2372 2623 2403 acuis

1559 2420 1763 2468 religionis.

1609 2476 1668 2510 AD
1698 2485 1835 2510 PRIMUM
1864 2484 1962 2510 ERGO
1991 2483 2176 2509 DlCENDUM
2211 2471 2317 2519 quod
2345 2470 2394 2508 ad
2428 2469 2622 2509 caritatem

1555 2526 1719 2575 pertinet
1731 2526 1950 2562 immediate
1966 2527 2070 2575 quod
2085 2525 2205 2562 homo
2221 2524 2343 2562 tradat
2356 2523 2525 2573 seipsum
2535 2525 2621 2562 Deo

1557 2579 1802 2617 adhaerendo
1833 2578 1867 2615 ei
1899 2591 1968 2628 per
2002 2578 2198 2627 quandam
2234 2577 2385 2627 spiritus
2421 2577 2620 2615 unionem.

1530 2681 1531 2693 ¹
1558 2697 1675 2734 opera
1705 2684 1822 2722 divini
1852 2685 1995 2731 cultus,
2025 2685 2101 2721 hoc
2128 2683 2349 2721 immediate
2383 2683 2546 2732 pertinet
2571 2683 2622 2722 ad

440 2739 566 2775 solum
604 2739 653 2776 ad
681 2740 826 2785 Deum,
857 2747 897 2776 ut
926 2739 1071 2777 dictum
1101 2746 1155 2776 est
1173 2739 1204 2775 ³¹⁵.
1235 2739 1313 2776 Sed
1347 2739 1503 2776 devotio
1530 2779 1531 2794 ἶ

1558 2799 1614 2828 est
1642 2791 1831 2840 religionis
1858 2790 2099 2840 principium.

441 2791 554 2829 etiam
590 2793 753 2829 habetur
781 2794 828 2830 ad
863 2793 1058 2830 homines:
1090 2792 1266 2830 dicuntur
1303 2792 1404 2829 enim
1439 2791 1504 2828 ali-

440 2845 502 2894 qui
532 2857 615 2882 esse
645 2845 773 2882 devoti
802 2845 991 2895 aliquibus
1020 2846 1158 2883 sanctis
1186 2845 1295 2892 viris;
1326 2853 1362 2882 et
1389 2845 1503 2882 etiam
1530 2843 1531 2880 ἶ

440 2898 579 2935 subditi
609 2898 783 2935 dicuntur
811 2911 893 2936 esse
923 2899 1053 2937 devoti
1087 2898 1254 2936 dominis
1283 2898 1378 2946 suis,
1409 2898 1531 2935 sicut
1530 2898 1643 2935 ralis
1672 2905 1708 2934 et
1735 2905 1937 2946 generatur
1971 2909 2040 2946 per
2068 2898 2235 2934 calorem
2269 2897 2482 2935 naturalem
2519 2895 2621 2950 dige-

441 2952 521 2987 Leo
550 2952 657 2999 Papa
685 2952 773 2989 dicit
791 2952 811 2974 ’¹‘
839 2953 943 3001 quod
974 2952 1116 2999 Iudaei,
1143 2952 1253 3001 quasi
1278 2928 1402 2989 devo⁷ti
1426 2953 1503 2989 Ro·
1529 2964 1531 2981 ¹
1558 2959 1723 2997 rentem;
1754 2959 1790 2988 et
1808 2951 1934 3010 ipsum
1955 2951 2166 2988 naturalem
2197 2950 2363 2987 calorem
2385 2955 2586 2987 conservat
2603 2953 2620 2977 Υ

440 3004 562 3040 manis
581 3004 736 3054 legihu5‚
759 3005 943 3051 dixerunt,
963 3006 1054 3043 Non
1074 3006 1255 3042 habemus
1274 3017 1404 3055 regem
1433 3005 1506 3042 nisi
1529 2997 1665 3053 quasi
1694 3005 1773 3041 eius
1809 3003 2097 3041 nutrimentum.
2141 3004 2190 3040 Et
2226 3002 2395 3040 similiter
2422 3001 2556 3040 caritas
2583 3008 2621 3039 et

445 3057 659 3094 Caesarem.
690 3058 791 3105 Ergo
813 3034 967 3095 devotio
988 3071 1067 3095 non
1096 3066 1151 3095 est
1175 3065 1280 3095 actus
1301 3057 1531 3106 religionis.

496 3110 569 3146 SED
599 3121 745 3146 CONTRA
768 3122 834 3147 Esr
860 3111 967 3160 quod
996 3111 1150 3148 devotio
1182 3111 1315 3149 dicitur
1342 3124 1364 3148 a
1392 3111 1501 3148 devo-

1529 3140 1532 3170 Ι

1557 2738 1800 2786 religionem:
1835 2738 2000 2775 mediate
2031 2746 2161 2775 autem
2190 2737 2239 2775 ad
2276 2737 2492 2786 caritatem,
2521 2748 2621 2786 quae

1610 2846 1668 2882 AD
1697 2856 1887 2882 SECUNDUM
1916 2856 2101 2882 memnon
2130 2843 2236 2892 quod
2259 2843 2453 2892 pinguedo
2484 2854 2620 2894 corpo-

1558 3057 1806 3094 devotionem
1836 3064 1975 3104 causat,
1996 3057 2221 3106 inquantum
2252 3067 2297 3092 ex
2325 3067 2458 3093 amore
2486 3054 2620 3104 aliquis

1530 3110 1727 3147 {redditur
1767 3117 1969 3159 promptus
2011 3110 2060 3147 ad
2103 3108 2349 3146 serviendum
2393 3107 2540 3155 amico;
2583 3114 2620 3145 et

439 3163 572 3209 vendo,
592 3170 633 3199 ut
662 3162 804 3200 dictum
828 3171 883 3200 est
901 3163 932 3200 ²¹⁶.
964 3165 1039 3201 Sed
1067 3171 1203 3200 votum
1234 3171 1290 3200 est
1317 3170 1422 3200 actus
1447 3176 1503 3200 re-
1530 3174 1531 3206 }
1555 3163 1671 3212 etiam
1698 3175 1768 3211 per
1796 3162 2044 3200 devotionem
2081 3162 2214 3199 caritas
2249 3162 2431 3209 nutritur,
2460 3161 2556 3198 sicut
2583 3167 2620 3198 et

1530 3212 1749 3264 lquaelibet
1788 3215 1954 3252 amicitia
1997 3221 2244 3252 conservatur
2281 3222 2318 3253 et
2352 3221 2511 3263 augetur
2549 3225 2618 3263 per

494 3269 720 3306 RESPONDEO
750 3281 934 3307 DICENDUM
971 3269 1077 3318 quod
1112 3269 1161 3306 ad
1197 3269 1359 3306 eandem
1387 3268 1504 3305 virtu-
1530 3289 1532 3326 ι
1558 3268 1816 3305 amicabilium
1837 3279 1998 3317 operum
2020 3267 2239 3305 exercitium
2259 3275 2296 3305 et
2318 3266 2616 3305 meditationem.

440 3329 518 3359 tem
546 3322 708 3371 pertinet
735 3323 835 3359 velle
870 3323 994 3360 facere
1023 3321 1184 3370 aliquid,
1214 3330 1250 3359 et
1283 3328 1503 3370 promptam
1530 3332 1532 3359 ἱ

440 3376 678 3413 voluntatem
696 3376 839 3413 habere
859 3375 909 3414 ad
927 3375 1024 3413 illud·
1039 3375 1278 3413 faciendum:
1308 3374 1398 3422 quia
1416 3374 1505 3411 utri·
1529 3373 1532 3417 ξ

440 3215 599 3263 ligionis.
629 3217 731 3264 Ergo
763 3223 799 3252 et
827 3216 994 3253 devotio.

495 3512 521 3543 α)
542 3511 722 3543 Philosophus.
734 3525 753 3531 -
772 3515 801 3536 ut
820 3511 994 3544 Philosophus
1012 3510 1120 3535 PDLaa

495 3545 520 3579 β)
539 3554 607 3572 eam.
619 3562 637 3566 -
655 3555 713 3572 eum
733 3544 932 3576 ABCFGHIKK.
954 3547 1040 3572 Deum
1061 3546 1112 3575 EL.
1132 3553 1164 3571 ea
1183 3546 1223 3570 ed.
1242 3553 1268 3571 a.

1611 3323 1670 3358 An
1698 3332 1858 3358 TERTmM
1887 3332 2070 3358 DICENDUM
2099 3321 2204 3369 quod
2243 3320 2397 3358 devotio
2426 3331 2524 3370 quae
2552 3319 2618 3356 ha—

1559 3375 1668 3411 betur
1696 3374 1745 3413 ad
1782 3381 1932 3411 sanctos
1961 3373 2053 3421 Dei,
2083 3381 2255 3412 mortuos
2288 3373 2351 3412 vel
2378 3372 2508 3420 vivos,
2538 3383 2617 3410 non

1609 3510 1635 3544 γ)
1656 3510 1770 3542 nasum...
1783 3512 1932 3535 conservat.
1942 3523 1960 3528 -
1978 3509 2032 3542 ipse
2045 3509 2178 3535 naturalis
2190 3509 2265 3534 calor
2278 3508 2357 3534 habet
2363 3508 2556 3542 pinguedinem
2571 3507 2618 3534 Pa.

2307 2205 2328 2227 ’¹‘
2354 2212 2469 2254 patet.
2511 2203 2624 2243 Unde
2650 2211 2662 2223 ⁸

2648 984 2778 1013 'Qfla'ffin
2825 1011 2831 1014 ,

2649 1993 2766 2084 s.Q3
