2860 4244
154 876 162 896 1
174 850 192 896 (ἱ
186 849 260 896 ᾗὲῑι
274 853 362 874 Ι-ΧΧΧΙΙ,

166 881 178 896 n
191 881 216 896 ro

153 1008 163 1018 ¹·
179 1005 225 1031 Qu.
241 1010 324 1026 Lxxxv.

153 1110 163 1120 ⁸
178 1109 225 1136 Qu.
242 1114 335 1130 xxxxix.

155 1633 163 1641 ·
179 1630 245 1652 Vers.
259 1636 279 1652 2.

155 1686 164 1694 ·
179 1684 245 1705 Vers.
260 1689 292 1712 23.

156 2004 166 2013 '⁹
181 2002 237 2029 Cap.
253 2007 285 2023 111.

159 2109 168 2119 ⁸
175 2109 211 2129 Ps.
218 2113 271 2134 xcv,
279 2113 366 2134 vers-9.

158 2158 167 2166 '¹
179 2156 261 2178 Lomb.
272 2161 299 2177 ex
309 2155 364 2176 Cas·

159 2183 219 2204 siod.

161 2481 170 2490 ⁴
185 2480 235 2501 Fer.
250 2485 273 2500 v1
287 2479 312 2500 in
325 2478 371 2500 Pa-

162 2505 373 2532 rasceve,inAdor.

162 2533 230 2554 Cruc.

164 2588 171 2595 “
184 2586 251 2607 Vers.
267 2591 299 2606 10.
310 2596 320 2601 -
336 2584 375 2606 Cf.

163 2613 231 2633 Deut.
261 2617 312 2639 cap.
334 2617 357 2632 v¹
367 2627 373 2638 ‚

164 2645 222 2660 vers.
238 2644 267 2667 ¹3·

168 3324 177 3333 ⁸
195 3323 243 3350 Qu.
258 3327 307 3343 cm.

395 245 467 270 212

1037 225 1302 273 QUAESTIO
1334 225 1546 271 LXXXIV,
1575 224 1869 269 ARTICULUS
1900 225 1912 259 I

826 411 1252 520 QUAESTIO'
1279 438 2139 515 ocTerSMAQUARTA

1167 570 1257 609 DE
1306 567 1781 609 ADORATIONE

1227 692 1262 717 IN
1281 692 1372 717 TRES
1389 691 1592 717 ARTICULOS
1611 691 1728 716 DIVISA

475 801 580 826 ElNDE
605 787 923 824 considerandum
947 793 1002 822 est
1022 786 1070 823 de
1093 786 1338 823 exterioribus
1362 785 1450 822 acti·
1475 788 1478 827 l
1506 785 1616 822 Circa
1644 785 1811 833 primum
1840 793 2073 832 quaeruntur
2100 785 2182 822 tria.

393 801 545 882 Dbus
573 839 750 877 latriae*.
791 841 839 876 Et
867 839 1005 888 prim0,
1037 839 1084 876 de
1113 839 1354 886 adoratione,
1383 851 1452 887 per

391 907 507 944 quam
546 893 680 942 aliquis
709 905 822 930 suum
860 904 1000 941 corpus
1028 892 1078 929 ad
1106 893 1232 929 Deum
1266 869 1452 929 veneran-

391 951 483 986 dum
522 947 691 992 exhibet3
722 945 910 992 secundo,
941 947 989 982 de
1023 945 1092 981 illis
1130 945 1274 982 actibus
1315 946 1452 994 quibus

391 999 531 1049 aliquid
570 1000 617 1037 de
659 1000 773 1036 rebus
815 998 1062 1035 exterioribus
1109 999 1194 1035 Deo
1237 998 1433 1035 offertur*
1442 1011 1450 1043 ;

390 1054 509 1100 tertio,
541 1053 588 1089 de
617 1053 762 1089 actibus
790 1051 929 1100 quibus
968 1063 1012 1088 ea
1040 1063 1139 1099 quae
1174 1051 1246 1087 Dei
1282 1059 1368 1088 sunt
1396 1064 1453 1088 as-

390 1113 592 1144 sumuntur
610 1105 639 1142 ²¹⁶.

1556 849 1707 886 Primo:
1738 857 1864 886 utrum
1893 849 2064 886 adoratio
2094 849 2140 886 sit
2167 857 2272 886 actus
2300 850 2438 887 latriae.

1559 913 1758 950 Secundo:
1794 921 1922 950 utrum
1951 913 2123 950 adoratio
2151 913 2329 962 importet
2356 922 2480 951 actum
2509 915 2565 952 in-

1611 977 1804 1024 teriorem,
1834 977 1895 1014 vel
1925 976 2161 1014 exteriorem.

1560 1040 1709 1076 Tertio:
1738 1047 1866 1076 utrum
1895 1040 2066 1077 adoratio
2095 1039 2259 1088 requirat
2287 1040 2567 1078 determinatio-

1616 1116 1706 1141 nem
1735 1103 1820 1140 loci.
2552 1097 2555 1100 ’

1204 1221 1524 1262 ARTICULUS
1556 1221 1759 1263 PRIMUS

851 1322 1006 1353 UTRUM
1030 1321 1258 1353 ADORATIO
1284 1321 1350 1352 SIT
1374 1321 1518 1352 ACTUS
1541 1322 1730 1352 LATRIAE
1755 1322 1847 1353 SIVE
1872 1303 2115 1354 RELI'GIONIS

476 1438 484 1452 ι
601 1431 623 1456 D
650 1431 785 1456 PRIMUM
814 1431 867 1456 sm
897 1430 1137 1456 PROCEDrrUR.
1158 1418 1319 1455 Videtur
1347 1419 1451 1468 quod

459 1471 466 1478 '
602 1472 773 1509 adoratio
803 1485 881 1509 non
911 1472 956 1508 sit
983 1479 1089 1509 actus
1118 1471 1246 1508 latriae
1284 1472 1365 1509 sive
1394 1484 1451 1508 re-

454 1566 456 1571 ,
520 1574 523 1576 Β
562 1523 759 1575 ligionis.
791 1526 924 1562 Cultus
945 1525 1046 1562 enim
1068 1524 1257 1572 religionis
1278 1525 1347 1562 soli
1366 1526 1452 1562 Deo

448 1594 459 1606 ⁸
481 1571 773 1616 1⁰57·X,‚debemr
805 1579 882 1616 Sed
907 1578 1079 1615 adoratio
1106 1590 1185 1615 non
1204 1579 1364 1616 debetur
1383 1578 1454 1615 soli

390 1615 495 1669 Deo:
534 1632 668 1679 legitur
701 1631 802 1668 enim
844 1632 937 1669 Gen.
958 1643 1043 1669 xvu1
1067 1631 1087 1653 ²¹⁵
1115 1631 1220 1679 quod
1258 1632 1454 1668 Abraham

393 1684 565 1721 adoravit
584 1685 754 1732 angelos3
779 1692 814 1721 et
834 1686 883 1721 III
904 1686 1002 1734 Reg.
1022 1697 1031 1722 1
1051 1684 1071 1706 ²¹⁶
1091 1684 1226 1721 dicitur
1251 1685 1356 1733 quod
1375 1686 1454 1721 Na-

393 1738 482 1774 than
511 1739 714 1787 Propheta,
744 1737 934 1785 ingressus
964 1739 1012 1775 ad
1041 1750 1171 1785 regem
1200 1738 1338 1785 David,
1366 1739 1454 1775 ado-

393 1791 493 1827 ravit
518 1803 602 1827 eum
625 1803 771 1839 pronus
799 1791 836 1827 in
865 1797 1017 1828 terram.
1048 1792 1150 1838 Ergo
1176 1790 1347 1828 adoratio
1375 1803 1453 1828 non

394 1851 449 1880 est
477 1851 582 1880 actus
611 1843 809 1892 religionis.

448 1908 483 1932 2.
513 1897 755 1944 PRAETEREA,
794 1896 981 1944 religionis
1018 1897 1140 1933 cultus
1177 1897 1336 1934 debetur
1368 1898 1453 1933 Deo

393 1957 507 1998 prout
533 1949 571 1986 in
600 1950 682 1998 ipso
710 1950 991 1986 beatificamur:
1025 1957 1067 1986 ut
1102 1957 1206 1998 patet
1229 1962 1298 1999 per
1325 1952 1454 1997 Augu-

395 2002 553 2050 stinum,
584 2003 620 2039 in
655 2004 690 2039 X
718 2003 763 2039 de
795 2003 873 2040 Civ.
903 2003 978 2039 Dei
1002 2002 1034 2039 ²¹⁶.
1079 2003 1154 2040 Sed
1193 2003 1363 2040 adoratio
1392 2003 1455 2040 de—

394 2056 504 2091 betur
545 2055 578 2091 ei
620 2056 764 2093 ratione
806 2055 1030 2093 maiestatis:
1079 2056 1168 2104 quia
1210 2068 1324 2105 super
1364 2055 1455 2093 illud

395 2108 535 2145 Psalm.
551 2108 582 2156 ⁷¹⁶,
612 2110 778 2146 Adorate
803 2110 1010 2146 Dominum
1040 2109 1076 2145 in
1101 2109 1198 2146 atrio
1216 2115 1344 2146 sancto
1365 2109 1454 2156 eius,

396 2161 483 2198 dicit
518 2161 654 2199 Glossa
678 2162 714 2198 *ε
751 2163 811 2199 De
841 2162 898 2199 his
925 2162 1029 2199 atriis
1066 2163 1213 2199 venitur
1245 2163 1281 2199 in
1315 2163 1454 2199 atrium

397 2215 462 2251 ubi
491 2215 665 2252 maiestas
704 2216 896 2252 adoratur.
936 2216 1038 2263 Ergo
1076 2215 1246 2252 adoratio
1285 2227 1364 2252 non
1403 2223 1458 2252 est

398 2276 502 2304 actus
530 2268 669 2304 latriae.

454 2322 487 2357 3.
505 2321 737 2371 PRAETEREA,
752 2321 865 2357 unius
886 2320 1074 2368 religionis
1095 2321 1216 2357 cultus
1235 2321 1353 2358 tribus
1369 2322 1458 2357 Per-

399 2373 501 2410 sonis
532 2375 700 2410 debetur.
736 2375 826 2410 Non
855 2382 982 2410 autem
1011 2386 1087 2410 una
1116 2374 1338 2411 adoratione
1368 2375 1459 2411 ado-

400 2439 528 2463 ramus
547 2435 620 2463 tres
646 2428 845 2473 Personas,
866 2427 933 2463 sed
961 2426 1010 2463 ad
1034 2426 1318 2463 invocationem
1346 2427 1459 2463 trium

399 2481 655 2516 Personarum
685 2479 917 2527 singulariter
945 2492 1044 2526 genu
1079 2480 1266 2516 flectimus
1285 2479 1316 2516 ²¹⁶.
1357 2481 1458 2527 Ergo

401 2533 569 2569 adoratio
599 2545 677 2569 non
706 2540 761 2569 est
789 2540 893 2569 actus
922 2532 1061 2568 latriae.

455 2587 529 2622 SED
545 2597 691 2622 CONTRA
709 2597 775 2622 EST
790 2586 893 2633 quod
915 2585 1048 2621 Matth.
1066 2597 1101 2621 1v
1115 2586 1134 2606 ’²‘
1153 2585 1356 2622 inducitur:
1382 2586 1460 2627 Do-

401 2639 544 2675 minum
573 2640 697 2675 Deum
726 2645 829 2675 tuum
858 2638 1045 2684 adorabis,
1076 2644 1111 2674 et
1137 2638 1192 2674 illi
1217 2638 1288 2674 soli
1310 2640 1459 2674 servies.

456 2693 680 2728 RESPONm-:o
715 2703 897 2728 DlCENDUM
926 2691 1031 2739 quod
1066 2691 1237 2727 adoratio
1267 2690 1462 2727 ordinatur

402 2745 438 2781 in
461 2745 714 2781 reverentiam
735 2744 815 2781 eius
834 2744 898 2792 qui
919 2744 1109 2780 adoratur.
1140 2744 1386 2780 Manifestum
1409 2751 1463 2780 est

245 2807 258 2821 ι
316 2816 321 2827 r
368 2815 373 2820 ·
402 2805 529 2834 autem
551 2810 595 2833 ex
617 2797 722 2834 dictis
736 2797 756 2818 ²¹⁶
776 2797 880 2845 quod
901 2797 1088 2844 religionis
1110 2797 1311 2845 proprium
1333 2804 1388 2833 est
1407 2810 1463 2834 re-

405 2850 610 2887 verentiam
630 2851 714 2887 Deo
732 2850 918 2886 exhibere.
940 2850 1051 2887 Unde
1072 2850 1244 2887 adoratio
1263 2862 1338 2899 qua
1358 2851 1463 2887 Deus

404 2905 581 2941 adoratur
610 2911 664 2940 est
693 2903 882 2950 religionis
911 2911 1027 2939 actus.

456 2959 514 2992 An
530 2968 666 2993 PRIMUM
685 2967 783 2992 ERGO
803 2968 988 2993 DICENDUM
1004 2955 1110 3003 quod
1131 2956 1215 2992 Deo
1232 2956 1392 2992 debetur
1409 2967 1465 2991 re-

404 3009 573 3046 verentia
592 3017 747 3057 propter
767 3008 846 3045 eius
867 3008 1139 3053 excellentiam,
1161 3021 1259 3056 quae
1279 3008 1465 3056 aliquibus
1491 3013 1493 3026 ¹

407 3062 583 3098 creaturis
612 3061 912 3098 communicatur
940 3074 1019 3098 non
1055 3062 1266 3098 secundum
1300 3061 1465 3109 aequali-

405 3123 532 3161 tatem,
562 3114 630 3151 sed
658 3114 870 3151 seeundum
900 3115 1093 3162 quandam
1125 3114 1464 3162 participationem.

406 3169 454 3204 Et
469 3167 554 3204 ideo
576 3167 646 3203 alia
661 3166 906 3204 veneratione
923 3172 940 3188 α
957 3179 1188 3203 veneramur
1205 3168 1343 3214 Deum,
1361 3166 1467 3214 quod

406 3221 566 3269 pertinet
586 3220 635 3257 ad
663 3220 830 3257 latriam:
862 3227 897 3256 et
921 3219 993 3256 alia
1012 3220 1260 3257 veneratione
1280 3219 1466 3268 quasdam

408 3274 630 3310 excellentes
659 3281 869 3319 creaturas,
901 3272 1004 3321 quod
1034 3272 1196 3321 pertinet
1233 3273 1281 3309 ad
1311 3272 1465 3319 duliam,

409 3327 454 3364 de
476 3339 551 3375 qua
578 3334 665 3374 post
683 3326 703 3348 '¹‘
732 3326 886 3363 dicetur.
918 3326 966 3362 Et
995 3325 1084 3374 quia
1114 3338 1159 3362 ea
1179 3337 1277 3374 quae
1307 3325 1467 3362 exterius

462 3442 488 3473 α)
509 3441 684 3466 veneratione.
696 3454 715 3459 -
733 3441 838 3465 ratione
857 3441 913 3471 BD;
933 3441 1014 3464 altero
1033 3440 1090 3464 loco
1113 3440 1221 3465 ratione
1237 3439 1472 3469 ABCDEFILKxa,

409 3477 529 3502 oratione
548 3477 580 3505 Η,
599 3484 651 3500 om.
672 3476 704 3501 G.

462 3511 486 3544 β)
507 3512 711 3544 deferrentur.—
729 3511 881 3542 deferentur
900 3510 1053 3543 BEFpCDK
1073 3515 1099 3535 et
1123 3517 1149 3541 x,
1169 3510 1326 3543 deseruntur
1342 3510 1472 3534 PGHLsD

1509 1426 1670 1466 aguntur
1684 1418 1790 1466 signa
1805 1427 1892 1455 sunt
1906 1418 2092 1456 interioris
2113 1419 2359 1468 reverentiae,
2375 1422 2567 1469 quaedam

1509 1472 1693 1509 exteriora
1728 1472 1778 1509 ad
1806 1472 2059 1509 reverentiam
2092 1472 2318 1521 pertinentia
2345 1473 2569 1512 exhibentur

1509 1524 1776 1562 excellentibus
1805 1526 1995 1572 creaturis,
2025 1525 2121 1562 inter
2148 1538 2245 1575 quae
2274 1527 2486 1564 maximum
2514 1534 2570 1565 est

1508 1578 1694 1615 adoratio:
1716 1578 1784 1615 sed
1803 1578 1944 1627 aliquid
1964 1586 2020 1615 est
2039 1579 2143 1626 quod
2163 1579 2233 1616 soli
2254 1580 2339 1617 Deo
2361 1580 2568 1628 exhibetur,

1508 1631 1647 1668 scilicet
1675 1631 1914 1668 sacrificium.
1944 1631 2056 1669 Unde
2083 1632 2317 1679 Augustinus
2341 1632 2439 1680 dicit,
2469 1633 2508 1670 in
2532 1634 2569 1671 X

1508 1685 1554 1721 de
1578 1685 1656 1721 Ciu.
1677 1684 1753 1721 Dei
1769 1684 1808 1721 *ε
1846 1685 1974 1724 Multa
2011 1685 2056 1722 de
2092 1685 2192 1721 cultu
2225 1685 2351 1723 divino
2390 1692 2571 1736 usurpata
2597 1698 2606 1708 ·

1506 1743 1594 1774 sunt
1605 1749 1702 1786 quae
1714 1738 1919 1774 honoribus
1932 1738 2168 1786 deferrentur
2179 1736 2198 1767 9
2210 1739 2395 1784 humanis,
2411 1740 2490 1777 sive
2502 1741 2571 1777 hu-

1508 1791 1662 1827 militate
1681 1790 1797 1827 nimia
1820 1791 1898 1828 sive
1920 1791 2135 1828 adulatione
2146 1792 2346 1840 pestifera:
2375 1793 2425 1830 ita
2445 1798 2570 1831 tamen

1509 1849 1548 1880 ut
1572 1843 1705 1891 quibus
1730 1855 1775 1880 ea
1795 1844 2042 1892 deferrentur,
2061 1844 2229 1881 homines
2250 1846 2488 1892 haberentur,
2507 1847 2573 1895 qui

1507 1897 1683 1933 dicuntur
1697 1896 1843 1933 colendi
1854 1902 1889 1933 et
1901 1898 2125 1942 venerandi;
2143 1897 2178 1934 si
2193 1904 2318 1934 autem
2333 1898 2492 1935 multum
2519 1900 2572 1937 eis

1508 1950 1659 1986 additur
1672 1954 1700 1995 Υ,
1728 1955 1762 1986 et
1793 1950 1990 1986 adorandi.
2031 1950 2121 1992 Quis
2153 1961 2244 1987 vero
2281 1951 2571 1998 sacrificandum

1509 2003 1652 2039 censuit
1678 2002 1751 2039 nisi
1775 2003 1812 2039 ei
1828 2014 1938 2051 quem
1957 2003 2082 2040 Deum
2108 2009 2175 2040 aut
2191 2003 2307 2050 scivit,
2327 2009 2396 2041 aut
2411 2005 2571 2052 putavit,

1509 2061 1576 2093 aut
1591 2054 1741 2103 finxit?

1564 2108 1786 2145 Secundum
1822 2108 2075 2146 reverentiam
2110 2108 2222 2157 igitur
2250 2121 2348 2158 quae
2377 2117 2572 2148 creaturae

1511 2162 1706 2199 excellenti
1732 2161 1912 2210 debetur,
1943 2163 2097 2199 Nathan
2130 2162 2302 2199 adoravit
2328 2162 2466 2200 David.
2505 2164 2578 2200 see

1512 2215 1680 2252 cundum
1715 2222 1842 2251 autem
1877 2215 2129 2252 reverentiam
2159 2228 2257 2265 quae
2285 2216 2370 2252 Deo
2401 2216 2571 2264 debetur,

1513 2268 1795 2305 Mardochaeus
1829 2268 1949 2305 noluit
1985 2269 2145 2306 adorare
2182 2269 2331 2316 Aman,
2364 2269 2496 2306 timens
2527 2280 2575 2306 ne

1511 2323 1693 2358 honorem
1722 2321 1798 2395 Diei
1822 2323 2045 2370 transferret
2068 2322 2120 2358 ad
2144 2322 2345 2367 hominem,
2375 2329 2416 2358 ut
2441 2321 2575 2359 dicitur

1512 2375 1648 2411 Esther
1674 2385 1735 2410 xm
1777 2402 1784 2410 .

1567 2428 1615 2463 Et
1653 2426 1821 2463 similiter
1857 2427 2069 2463 secundum
2110 2426 2362 2463 reverentiam
2405 2426 2574 2464 debitam

1515 2487 1708 2516 creaturae
1739 2479 1944 2525 excellenti,
1974 2479 2171 2516 Abraham
2201 2479 2372 2517 adoravit
2400 2481 2573 2527 angelos3

1515 2540 1551 2568 et
1588 2533 1701 2569 etiam
1740 2533 1872 2578 Iosue,
1901 2541 1942 2569 ut
1979 2532 2112 2580 legitur
2138 2533 2291 2569 Iosuev
2310 2533 2341 2569 *.
2387 2532 2575 2579 Quamvis

1514 2586 1633 2634 possit
1652 2584 1804 2632 intelligi
1820 2586 1925 2632 quod
1945 2585 2187 2622 adoraverint
2206 2585 2428 2622 adoratione
2447 2586 2575 2622 latriae

1515 2639 1655 2686 Deum,
1686 2637 1750 2686 qui
1770 2638 1808 2674 in
1827 2650 1992 2686 persona
2012 2638 2135 2686 angeli
2163 2639 2371 2687 apparebat
2390 2645 2426 2675 et
2444 2639 2576 2688 loque-

1516 2692 1636 2728 batur.
1658 2711 1682 2718 -
1712 2691 1934 2727 Secundum
1962 2698 2090 2728 autem
2120 2691 2372 2728 reverentiam
2392 2703 2492 2739 quae
2512 2692 2576 2729 de-

1516 2745 1625 2781 betur
1644 2745 1741 2790 Deo,
1770 2744 1981 2792 prohibitus
2011 2752 2065 2781 est
2093 2745 2255 2781 Ioannes
2283 2745 2461 2792 angelum
2486 2744 2578 2782 ado-

1517 2809 1613 2844 rare,
1650 2798 1768 2845 Apoc.
1789 2798 1853 2834 ult.
1875 2797 1895 2818 ’¹‘
1923 2798 2026 2833 Tum
2063 2797 2112 2834 ad
2149 2797 2430 2835 ostendendum
2460 2797 2578 2846 digni-

1517 2857 1634 2887 tatem
1662 2849 1841 2896 hominis,
1871 2862 1986 2898 quam
2016 2850 2176 2898 adeptus
2201 2858 2256 2887 est
2283 2863 2353 2899 per
2371 2849 2578 2898 Christum,

1517 2911 1559 2939 ut
1587 2902 1729 2950 angelis
1757 2911 1958 2952 aequetur:
1988 2903 2090 2940 unde
2120 2903 2170 2940 ibi
2195 2903 2387 2941 subditur:
2422 2904 2580 2941 Conser-

1519 2967 1587 2993 vus
1606 2961 1690 2992 tuus
1717 2968 1800 2992 sum
1829 2962 1865 2992 et
1877 2957 2053 3004 fratrum
2082 2962 2243 2993 tuorum.
2274 2957 2377 2993 Tum
2399 2956 2511 2994 etiam
2531 2955 2580 2995 ad

1521 3009 1800 3046 excludendum
1820 3009 2054 3046 idololatriae
2074 3009 2338 3046 occasionem:
2367 3009 2470 3046 unde
2494 3010 2581 3047 sub-

1522 3062 1642 3099 ditur:
1671 3062 1794 3098 Deum
1823 3062 1955 3098 adora.

1573 3116 1632 3151 An
1657 3126 1847 3151 SECUNDUM
1875 3125 2059 3151 DICENDUM
2079 3114 2183 3163 quod
2211 3115 2282 3151 sub
2311 3114 2507 3152 maiestate
2526 3113 2581 3152 di-

1520 3167 1609 3203 vina
1636 3166 1850 3214 intelligitur
1878 3167 2002 3204 omnis
2031 3167 2103 3203 Dei
2132 3167 2361 3215 excellentia,
2391 3168 2438 3204 ad
2463 3179 2580 3217 quam

1522 3219 1684 3268 pertinet
1721 3219 1826 3267 quod
1864 3219 1903 3256 in
1939 3220 2041 3268 ipso,
2081 3220 2176 3257 sicut
2210 3220 2247 3257 in
2275 3232 2427 3257 summo
2463 3220 2580 3267 bono,

1522 3272 1796 3309 beatificamur.

1575 3327 1635 3362 AD
1663 3337 1822 3362 TERTlUM
1858 3337 2042 3362 DICENDUM
2072 3326 2177 3374 quod
2213 3326 2302 3374 quia
2329 3337 2405 3362 una
2438 3333 2492 3362 est
2521 3337 2581 3362 ex-

1525 3439 1548 3463 K
1567 3444 1592 3464 et
1610 3447 1641 3469 a;
1660 3440 1742 3464 altero
1765 3440 1823 3464 loco
1843 3439 1996 3473 deferentur
2019 3438 2196 3472 BEFHLpCK
2214 3443 2240 3463 et
2263 3446 2290 3470 x,
2311 3438 2469 3472 deferuntur
2487 3438 2581 3470 PDGa,

1525 3475 1703 3507 deferentibus
1722 3474 1767 3500 sK.

1578 3510 1604 3543 γ)
1624 3510 1744 3534 additur.
1757 3525 1777 3529 —
1796 3512 1822 3534 et
1840 3510 1952 3535 additur
1969 3509 2130 3540 ABCEFKx,
2154 3509 2234 3534 etiam
2253 3509 2365 3534 additur
2383 3509 2406 3540 1;
2431 3516 2478 3541 pro
2499 3509 2582 3534 sacri-

1497 3550 1499 3571 ὲ
1518 3545 1668 3578 ficandum‚
1687 3545 1905 3578 sanctificandum
1926 3545 1976 3575 Pa;
1990 3553 2037 3577 pro
2056 3545 2088 3574 ei,
2107 3551 2165 3570 eum
2185 3543 2440 3576 PBEFGHIKLpAC
2459 3549 2485 3569 et
2502 3552 2528 3569 x.

2604 2378 2615 2389 ⁸
2627 2376 2696 2399 Vere.
2711 2382 2744 2404 14.

2602 2541 2613 2552 ·
2628 2539 2696 2562 Vei-⁸.
2712 2544 2742 2567 15.

2605 2805 2774 2834 ''Vm-&9-
