2670 4186
321 331 440 360 Laeuo
464 330 545 360 ABF

181 467 308 500 ceptum
319 461 357 491 de
367 461 496 492 decimis
505 460 684 500 persolven-

181 505 228 534 dis
239 505 291 535 hic
301 504 454 545 significat
465 505 584 544 aliquid
590 503 623 533 in
635 503 688 533 fus

180 555 304 579 turum:
334 549 390 589 qui
413 548 499 579 enirn
527 548 683 578 decimam

181 593 244 631 dat,
260 602 342 633 quae
358 599 404 623 est
420 591 622 633 perfectionis
642 590 682 620 si-

180 646 280 677 gnum
296 635 350 678 (eo
365 636 454 677 quod
470 635 616 666 denarius
637 641 683 665 est

180 680 421 721 quodammodo
441 689 594 710 numerus
613 688 682 718 per-

180 724 298 760 fectus,
322 724 412 764 quasi
439 723 561 764 primus
590 724 682 761 limes

180 777 398 804 numerorum,
412 768 493 798 ultra
509 778 606 809 quem
623 777 682 797 nu-

180 821 304 842 merum
329 821 396 842 non
420 813 607 852 procedunt,
627 812 682 841 sed

178 861 415 886 ”revertantur
443 857 482 886 ab
506 855 602 898 uno),
624 865 682 885 no-

179 909 252 930 vem
268 899 326 930 sibi
344 899 485 940 partibus
509 899 680 935 reservatis,

178 950 370 984 protestatur
385 945 475 985 quasi
490 945 523 974 in
539 946 682 985 quodam

179 987 269 1027 signo
286 988 326 1018 ad
341 998 374 1018 se
390 989 544 1028 pertinere
566 989 682 1029 imper-

178 1031 359 1068 fectionem,
367 1032 623 1073 ²¹pe72feetionem
631 1042 682 1062 ve-

178 1085 214 1106 ro
227 1086 310 1117 quae
321 1083 387 1106 erat
406 1076 512 1107 futura
523 1086 579 1116 per
591 1076 682 1107 Chri-

179 1128 274 1156 stum,
295 1130 362 1150 esse
383 1120 644 1160 ²²expeetandam
664 1130 682 1150 a

177 1164 258 1195 Deo.
267 1165 332 1194 Nec
343 1171 449 1194 tamen
457 1170 586 1203 propter
595 1162 683 1194 231ιοε

178 1213 225 1239 est
231 1207 457 1238 caeremoniale
467 1214 680 1248 praeceptum,

178 1253 233 1282 sed
255 1251 410 1287 iudiciale,
434 1259 470 1282 ut
488 1251 608 1282 dictum
625 1258 681 1283 est.

177 1296 235 1327 Est
264 1303 372 1326 autem
401 1296 478 1326 haec
510 1295 682 1326 differentia

177 1339 258 1371 inter
280 1339 520 1371 caeremonialia
544 1347 574 1370 et
601 1340 682 1370 iudi-

178 1384 268 1415 cialia
278 1384 356 1424 legis
365 1392 542 1425 praecepta,
554 1391 590 1414 ut
600 1390 682 1415 usu·

170 1427 404 1470 μτδίᾱῐὶηὶιε,
421 1428 511 1468 quod
523 1438 682 1458 caeremo-

164 1503 165 1507 ,
178 1471 272 1504 afilia
293 1472 440 1503 illicitum
456 1478 502 1502 est
517 1473 682 1502 observare

167 1514 323 1557 ''tempore
353 1516 429 1555 legis
458 1524 572 1546 novae:
601 1515 682 1549 iudi-

155 1590 156 1597 ,
177 1560 268 1592 cialia
285 1570 372 1596 vero,
389 1559 445 1590 etsi
461 1569 527 1590 non
541 1559 682 1599 obligent

177 1611 323 1645 ternpore
343 1604 470 1644 gratiae,
486 1610 591 1634 tamen
608 1613 680 1643 pos-

132 1642 252 1680 *ssuut
275 1647 432 1679 observari
461 1647 580 1688 absque
610 1657 681 1687 pec-

177 1699 263 1729 cato,
286 1698 318 1723 et
340 1691 412 1723 ²⁵ad
439 1701 552 1722 eorum
576 1692 682 1722 obser-

176 1737 316 1768 veetiam
338 1736 436 1776 aliqui
459 1735 638 1776 obligantur
656 1736 682 1766 si

177 1786 332 1812 statuatur
354 1780 538 1811 auctoritate
569 1790 682 1810 eorum

177 1834 318 1867 quorum
336 1831 383 1855 est
407 1825 542 1855 condere
567 1825 681 1864 legem.

177 1869 266 1906 Sicut
298 1876 503 1910 praeceptum
535 1868 687 1899 iudiciale

176 1910 289 1945 veteris
322 1913 400 1952 legis
431 1919 477 1944 est
505 1913 594 1953 quod
626 1912 682 1953 qui

177 1957 299 1990 inantus
309 1956 403 1988 fuerit
417 1966 521 1993 ovem,
538 1956 683 1988 ²⁶reddat

176 2009 316 2044 qitatuor
321 2011 407 2037 oves,
416 2008 452 2033 ut
458 2000 573 2041 legitur
579 2001 680 2032 Exod.

176 2049 266 2078 xm:
281 2045 381 2086 quod,
397 2045 422 2075 si
435 2045 474 2076 ab
486 2045 594 2086 aliquo
610 2055 682 2085 rege

176 2096 340 2125 statuatur,
363 2096 510 2120 tenentur
525 2089 593 2120 eius
609 2090 682 2120 sub-

177 2133 235 2166 diti
257 2133 432 2164 observare.
455 2134 500 2164 lta
519 2134 614 2164 etiam
630 2134 682 2164 de-

176 2177 357 2210 terminatio
403 2177 543 2208 decimae
584 2177 682 2218 partis

177 2221 346 2254 solvendae
363 2228 409 2252 est
424 2221 608 2252 auctoritate
621 2222 682 2252 Ec—

177 2265 286 2298 clesiae
302 2270 473 2305 ”tempore
488 2275 590 2296 novae
604 2265 682 2305 legis

175 2309 318 2343 instituta
330 2310 506 2340 secundum
519 2310 681 2350 quandam

176 2354 419 2387 humanitatem:
438 2361 474 2384 ut
483 2353 600 2384 scilicet
614 2364 681 2384 non

176 2398 284 2431 minus
306 2397 448 2438 populus
471 2407 574 2428 novae
602 2397 681 2437 legis

176 2441 361 2475 ’wnistris
389 2443 463 2473 novi
490 2442 682 2472 Testamenti

176 2487 338 2519 exhiberet
359 2496 454 2527 quam
472 2486 613 2526 populus
630 2495 680 2517 ve-

176 2532 253 2563 teris
283 2531 366 2571 legis
392 2530 542 2561 ministris
569 2530 680 2560 veteris

175 2574 372 2608 Testamenti
402 2574 580 2610 exhibebam
606 2584 680 2604 cum

175 2626 282 2653 umen
305 2619 446 2659 populus
473 2628 574 2649 novae
602 2618 680 2658 legis

176 2663 216 2697 nd
233 2663 356 2694 maiora
379 2662 545 2702 obligetur,
570 2672 679 2693 secun-

176 2708 255 2739 dum
289 2706 368 2738 illud
397 2706 509 2739 Matth.
543 2715 578 2736 v:
611 2706 680 2737 Nisi

176 2750 383 2785 abundaverit
423 2750 542 2782 iustitia
578 2757 680 2781 vestra

176 2796 249 2836 plus
275 2804 374 2836 quam
405 2794 621 2826 ²⁹Scribarum
649 2802 682 2825 et

174 2839 428 2874 Pharisaeorum,
443 2848 510 2869 non
526 2838 680 2869 intrabitis

174 2884 210 2917 in
221 2892 355 2924 regnum
367 2882 542 2918 caelorum;
561 2889 591 2912 et
606 2892 680 2913 cum

176 2927 311 2959 ministri
358 2926 434 2957 novi
485 2926 681 2956 Testamenti

176 2970 679 3011 ³⁰sintmaiorisdignitatisquam

177 3015 314 3047 ministri
337 3015 452 3047 veteris
475 3015 679 3051 Testamenti,

176 3067 212 3091 ut
240 3059 353 3100 probat
381 3059 557 3099 Apostolus
589 3058 615 3088 Il
640 3058 680 3088 ad

176 3103 252 3135 Cor.
265 3114 308 3134 111.
325 3102 376 3135 Sic
395 3111 469 3143 ergo
484 3109 570 3143 patet
592 3102 680 3143 quod

176 3147 217 3181 ad
253 3146 448 3178 solutionem
485 3147 679 3178 decimarum

175 3188 323 3222 hoinines
360 3198 506 3222 tenentur
519 3214 526 3227 ,
565 3191 679 3231 partim

176 3235 308 3277 quidem
319 3245 356 3265 ex
367 3235 435 3265 iure
447 3235 590 3271 naturali,
610 3245 679 3275 par-

176 3279 236 3311 tim
251 3279 346 3310 etiam
363 3289 399 3309 ex
413 3278 609 3310 institutione
622 3279 680 3310 Ec-

177 3323 301 3354 clesiae:
332 3333 414 3364 quae
436 3329 552 3358 tamen,
576 3321 680 3362 ³¹pen-

175 3366 679 3407 satisopportunitatibustempo-

176 3421 250 3442 rum
263 3410 324 3443 ³²et
338 3420 556 3451 personarum,
573 3416 680 3450 posset

176 3462 298 3495 partem
338 3455 432 3487 aliam
474 3454 679 3486 determinare

177 3499 371 3530 solvendam.

871 331 989 361 Laeuo
1029 334 1105 362 Ara.

890 385 983 404 Parma
1005 385 1089 405 MANU

737 467 865 500 ceptum
875 463 912 492 de
922 463 1049 493 decimis
1063 465 1240 503 persolven-

737 505 784 534 dis
796 504 846 535 hic
859 506 1011 546 significat
1023 507 1142 548 aliquid
1151 508 1182 538 in
1191 508 1240 538 fu-

737 555 860 579 turum:
886 551 941 590 qui
970 552 1053 581 enim
1085 553 1240 582 decimam

737 593 798 628 dat,
820 603 901 633 quae
917 602 963 625 est
978 596 1177 635 perfectionis
1201 597 1239 626 si-

735 646 835 676 gnum
856 636 909 680 (eo
929 641 1016 680 quod
1033 640 1178 670 denarius
1195 647 1241 670 est

736 682 978 721 quodammodo
1003 694 1154 714 numerus
1174 693 1240 723 per-

735 724 850 762 fectus,
882 728 972 767 quasi
1000 728 1121 767 primus
1149 727 1239 757 limes

736 779 954 807 numerorum,
975 772 1056 802 ultra
1072 781 1169 811 quem
1185 780 1241 801 nu-

735 823 860 844 merum
883 825 949 846 non
976 815 1161 855 procedunt,
1185 815 1240 844 sed

735 859 960 889 ²⁰resistuntur
983 859 1022 888 ab
1053 857 1150 900 uno),
1182 868 1239 888 no-

734 911 808 931 vem
830 902 888 932 sibi
912 902 1052 942 partibus
1067 902 1238 938 reservatis,

735 951 926 984 protestatur
940 946 1030 985 quasi
1045 946 1077 976 in
1098 947 1240 987 quodam

735 989 826 1028 signo
846 990 886 1019 ad
902 999 935 1020 se
951 990 1104 1029 pertinere
1124 991 1238 1030 imper-

735 1031 915 1069 fectionem,
939 1034 1121 1074 ²¹perfectio
1187 1045 1239 1064 ve-

735 1085 770 1105 ro
782 1085 864 1116 quae
880 1084 944 1108 erat
960 1077 1064 1108 futura
1082 1088 1136 1118 per
1152 1078 1241 1108 Chri-

735 1127 831 1157 stum,
862 1131 928 1151 esse
955 1123 1196 1162 ²²reputandam
1222 1133 1239 1152 a

735 1164 815 1194 Deo.
840 1165 905 1195 Nec
929 1172 1033 1196 tamen
1054 1173 1183 1206 propter

780 1209 1006 1240 caeremoniale
1026 1217 1239 1250 praeceptum,

735 1253 790 1282 sed
813 1253 967 1290 iudiciale,
992 1261 1028 1285 ut
1047 1255 1166 1285 dictum
1183 1261 1239 1285 est.

735 1296 791 1326 Est
821 1304 927 1328 autem
960 1298 1036 1328 haec
1068 1298 1240 1329 differentia

734 1340 815 1370 inter
838 1343 1076 1372 caeremonialia
1100 1350 1131 1373 et
1159 1342 1240 1373 iudi-

735 1384 824 1415 cialia
838 1386 916 1425 legis
932 1393 1106 1426 praecepta,
1120 1394 1156 1417 ut
1167 1387 1241 1417 2’κάκ’-

735 1433 819 1458 etum
855 1435 918 1466 est,
954 1430 1042 1470 quod
1079 1440 1236 1460 caeremo-

734 1471 828 1502 nialia
850 1473 996 1503 illicitum
1013 1480 1059 1503 est
1075 1474 1239 1504 observare

734 1522 879 1556 tempore
907 1517 985 1557 legis
1015 1526 1131 1548 novae:
1162 1518 1241 1548 iudi-

735 1559 825 1590 cialia
839 1571 926 1597 vero,
946 1561 1003 1592 etsi
1018 1571 1083 1591 non
1099 1562 1241 1601 obligent

734 1610 878 1644 tempore
901 1605 1026 1644 gratiae,
1043 1612 1147 1635 tamen
1167 1615 1240 1646 pos-

735 1655 809 1679 sunt
831 1649 989 1679 observari
1018 1651 1137 1690 absque
1168 1660 1239 1690 pec—

735 1696 816 1728 cato,
841 1700 871 1723 et
1001 1703 1113 1724 eorum
1137 1695 1241 1724 obser-

733 1736 872 1767 vantiam
896 1737 994 1777 aliqui
1017 1738 1197 1778 obligantur
1214 1738 1240 1769 si

734 1787 888 1812 statuatur
915 1782 1099 1812 auctoritate
1128 1792 1239 1813 eorum

734 1835 875 1865 quorum
898 1833 944 1856 est
967 1827 1102 1856 condere
1124 1827 1238 1866 legem.

734 1869 822 1900 Sicut
855 1877 1058 1910 praeceptum
1093 1870 1240 1901 iudiciale

734 1914 846 1944 veteris
880 1914 958 1954 legis
987 1921 1034 1945 est
1065 1915 1155 1955 quod
1184 1915 1240 1955 qui

734 1957 855 1989 furatus
871 1958 965 1989 fuerit
980 1968 1084 1994 ovem,
1100 1958 1242 1990 ²⁶reddet

734 2009 873 2042 quatuor
879 2012 965 2038 oves,
974 2010 1011 2033 ut
1017 2002 1131 2042 legitur
1137 2003 1238 2034 Exod.

733 2055 820 2076 xxm:
834 2048 933 2086 quod,
950 2047 975 2077 si
990 2047 1029 2077 ab
1044 2047 1152 2087 aliquo
1168 2057 1240 2087 rege

735 2097 898 2126 statuatur,
921 2097 1068 2122 tenentur
1083 2091 1150 2122 eius
1166 2092 1239 2122 sub-

734 2134 791 2165 diti
815 2136 989 2166 observare.
1006 2135 1051 2166 Ita
1069 2135 1164 2166 etiam
1188 2136 1240 2167 de-

733 2179 915 2210 terminatio
961 2179 1100 2210 decimae
1143 2180 1239 2219 partis

734 2223 904 2254 solvendae
920 2230 967 2253 est
981 2223 1167 2254 auctoritate
1182 2224 1240 2254 Ec·

734 2266 845 2297 clesiae
1038 2277 1140 2297 novae
1163 2267 1240 2307 legis

733 2311 875 2342 instituta
891 2312 1066 2342 secundum
1079 2312 1239 2352 quandam

734 2355 980 2385 humanitatem:
993 2363 1028 2386 ut
1040 2355 1157 2386 scilicet
1173 2366 1240 2386 non

735 2398 841 2429 minus
864 2399 1005 2438 populus
1033 2409 1134 2429 novae
1163 2399 1240 2439 legis

777 2458 795 2479 ¹»

956 2530 1106 2561 ministris
1129 2531 1240 2561 veteris

734 2574 930 2606 Testamenti
960 2575 1140 2611 exhibebam
1165 2585 1240 2605 cum

734 2626 840 2650 tamen
865 2620 1006 2659 populus
1031 2628 1132 2649 novae
1161 2619 1239 2658 legis

734 2663 774 2693 ad
798 2663 917 2693 maiora
941 2663 1106 2703 obligetur,
1129 2673 1238 2693 secun-

734 2707 813 2738 dum
847 2707 926 2737 illud
959 2707 1070 2738 Matth.
1104 2715 1138 2736 v:
1171 2707 1239 2737 Nisi

733 2751 940 2782 abundaverit
979 2751 1106 2782 iustitia
1138 2758 1239 2782 vestra

734 2796 806 2836 plus
841 2805 940 2836 quam
973 2795 1173 2836 ²9hystarum
1209 2802 1239 2825 et

733 2839 984 2875 Pharisaeorum,
1001 2849 1067 2869 non
1086 2839 1239 2869 intrabitis

733 2883 766 2914 in
778 2893 911 2922 regnum
926 2883 1102 2918 caelorum;
1120 2889 1150 2912 et
1165 2892 1239 2913 cum

734 2926 870 2957 ministri
919 2927 995 2957 novi
1043 2926 1239 2956 Testamenti

1436 334 1553 364 Lacrio
1578 336 1654 365 Ara.

1338 387 1473 408 nisenus
1493 388 1754 409 conanenomaus

1295 471 1421 504 ceptum
1431 465 1469 494 de
1480 465 1608 495 decimis
1617 466 1797 505 persolven-

1295 509 1341 538 dis
1352 508 1402 538 hic
1415 508 1567 548 significat
1580 510 1699 550 aliquid
1711 510 1743 539 in
1752 510 1798 540 fu—

1294 559 1420 582 turum:
1450 552 1504 592 qui
1531 553 1616 582 enim
1643 554 1797 584 decimam

1294 597 1357 633 dat,
1374 605 1454 636 quae
1472 604 1517 626 est
1541 597 1741 636 perfectionis
1758 598 1797 627 si-

1293 649 1394 680 gnum
1413 637 1466 681 (eo
1482 641 1568 679 quod
1591 641 1736 671 denarius
1753 648 1798 672 est

1293 683 1536 723 quodammodo
1561 694 1712 715 numerus
1729 695 1797 724 per-

1293 727 1407 763 fectus,
1439 727 1529 767 quasi
1557 728 1679 767 primus
1706 729 1797 759 limes

1294 780 1513 806 numerorum,
1531 772 1611 801 ultra
1627 782 1723 811 quem
1739 783 1797 802 nu—

1293 824 1418 845 merum
1442 825 1509 845 non
1533 817 1719 855 procedunt,
1743 817 1798 846 sed

1293 863 1532 890 ²⁰revertuntur
1555 860 1593 889 ab
1618 858 1712 901 uno),
1738 870 1797 890 no-

1292 912 1366 932 vem
1384 903 1442 933 sibi
1459 903 1601 942 partibus
1625 904 1796 940 reservatis,

1293 953 1484 986 protestatur
1497 947 1587 987 quasi
1608 947 1639 977 in
1656 948 1798 988 quodam

1293 991 1383 1030 signo
1408 992 1446 1021 ad
1462 1001 1493 1021 se
1510 991 1663 1030 pertinere
1682 991 1798 1031 imper-

1293 1034 1480 1071 sectionem,
1509 1034 1691 1075 ²¹perfectio
1721 1046 1796 1066 vero

1293 1089 1374 1119 quae
1405 1086 1470 1109 erat
1494 1079 1599 1108 futura
1626 1089 1682 1119 per
1705 1079 1796 1110 Chri-

1294 1130 1395 1159 stum,
1421 1133 1487 1153 esse
1514 1123 1755 1162 ²²reputandam
1781 1133 1797 1153 a

1292 1167 1373 1197 Deo.
1385 1168 1450 1197 Nec
1458 1174 1563 1197 tamen
1572 1174 1701 1206 propter
1710 1166 1798 1198 ²³}10c

1293 1216 1339 1241 est
1348 1211 1574 1242 caeremoniale
1582 1217 1796 1250 praeceptum,

1293 1256 1347 1285 sed
1370 1255 1524 1290 iudiciale,
1542 1262 1578 1285 ut
1601 1255 1721 1285 dictum
1740 1263 1795 1286 est.

1292 1299 1349 1329 Est
1379 1306 1486 1330 autem
1520 1299 1596 1328 haec
1624 1299 1797 1330 differentia

1293 1343 1373 1374 inter
1401 1343 1638 1373 caeremonialia
1661 1350 1692 1373 et
1717 1343 1797 1373 iudi-

1293 1387 1381 1417 cialia
1393 1387 1470 1427 legis
1482 1394 1656 1426 praecepta,
1674 1395 1709 1418 ut
1722 1388 1796 1418 udi-

1292 1436 1376 1461 ctum
1397 1436 1454 1467 est,
1475 1431 1563 1470 quod
1587 1431 1797 1461 caeremonia-

1292 1474 1333 1503 lia
1367 1474 1512 1504 illicitum
1551 1480 1596 1503 est
1634 1475 1798 1505 observare

1293 1525 1438 1558 tempore
1463 1517 1540 1557 legis
1563 1527 1683 1547 novae:
1717 1518 1798 1548 iudi-

1294 1562 1382 1592 cialia
1397 1571 1482 1597 vero,
1500 1561 1556 1591 etsi
1572 1571 1638 1591 non
1659 1562 1799 1601 obligent

1292 1613 1436 1646 tempore
1452 1605 1577 1645 gratiae,
1594 1611 1701 1635 tamen
1725 1616 1798 1645 pos-

1294 1657 1368 1680 sunt
1391 1649 1549 1680 observari
1578 1650 1696 1689 absque
1727 1660 1798 1689 pec-

1294 1702 1381 1730 cato,
1407 1700 1437 1724 et
1459 1693 1532 1724 ²⁵ad
1553 1703 1664 1723 eorum
1693 1695 1798 1724 obser-

1293 1738 1432 1769 vantiam
1452 1737 1549 1777 aliqui
1569 1737 1750 1777 obligantur
1773 1738 1798 1768 si

1294 1789 1448 1813 statuatur
1470 1781 1654 1812 auctoritate
1686 1792 1799 1812 eorum

1293 1836 1434 1867 quorum
1457 1832 1502 1856 est
1526 1826 1662 1856 condere
1683 1826 1797 1865 legem.

1294 1871 1380 1902 Sicut
1414 1876 1617 1910 praeceptum
1654 1870 1798 1900 iudiciale

1293 1914 1404 1945 veteris
1434 1914 1510 1954 legis
1541 1921 1586 1944 est
1621 1915 1709 1953 quod
1742 1914 1797 1955 qui

1293 1959 1415 1990 furatus
1431 1957 1525 1988 fuerit
1543 1967 1647 1993 ovem,
1659 1957 1800 1989 ²⁶reddet

1294 2010 1432 2044 quatuor
1439 2012 1525 2038 oves,
1534 2009 1569 2032 ut
1575 2002 1796 2042 legiturExod.

1293 2056 1380 2078 xxm:
1397 2047 1495 2087 quod,
1509 2046 1535 2076 si
1547 2047 1586 2076 ab
1603 2046 1711 2086 aliquo
1726 2056 1798 2086 rege

1293 2098 1456 2126 statuatur,
1477 2097 1622 2120 tenentur
1638 2090 1706 2120 eius
1725 2091 1798 2120 sub-

1293 2135 1348 2166 diti
1365 2136 1539 2165 observare.
1566 2134 1608 2164 lta
1626 2134 1720 2164 etiam
1745 2135 1797 2164 de-

1292 2179 1472 2210 terminatio
1517 2178 1656 2208 decimae
1701 2178 1797 2218 partis

1293 2223 1462 2254 solvendae
1479 2228 1525 2252 est
1539 2221 1724 2253 auctoritate
1739 2222 1798 2253 Ec-

1293 2267 1403 2298 clesiae
1596 2275 1698 2296 novae
1720 2266 1797 2305 legis

1292 2311 1435 2342 instituta
1447 2309 1625 2340 secundum
1637 2311 1798 2349 quandam

1293 2354 1538 2388 humanitatem:
1555 2360 1591 2383 ut
1603 2353 1719 2384 scilicet
1732 2364 1798 2384 non

1293 2399 1400 2430 minus
1430 2397 1574 2438 populus
1598 2407 1699 2427 novae
1721 2398 1799 2437 legis

1294 2442 1479 2473 ²8ministris
1506 2443 1580 2472 novi
1607 2442 1800 2472 Testamenti

1294 2488 1455 2518 exhiberet
1477 2495 1572 2526 quam
1591 2486 1733 2525 populus
1748 2496 1798 2516 ve-

1293 2533 1371 2562 teris
1399 2531 1482 2571 legis
1511 2529 1660 2559 ministris
1686 2530 1798 2560 veteris

1293 2574 1489 2606 Testamenti
1513 2573 1690 2610 exhibebat;
1724 2584 1799 2604 cum

1293 2627 1399 2651 tamen
1423 2618 1563 2658 populus
1589 2627 1688 2648 novae
1720 2618 1797 2658 legis

1293 2664 1331 2694 ad
1356 2663 1475 2693 maiora
1499 2662 1665 2701 obligetur,
1687 2672 1797 2692 secun-

1293 2708 1370 2738 dum
1402 2707 1481 2737 illud
1515 2706 1626 2736 Matth.
1661 2714 1693 2735 v:
1729 2706 1797 2736 Nisi

1293 2751 1498 2782 abundaverit
1537 2749 1655 2781 iustitia
1697 2757 1798 2780 vestra

1293 2796 1366 2836 plus
1381 2805 1481 2835 quam
1497 2794 1750 2834 ²)hyscribarum
1767 2802 1797 2825 et

1292 2839 1544 2875 Pharisaeorum,
1562 2847 1626 2867 non
1643 2837 1796 2867 intrabitis

1292 2883 1324 2914 in
1339 2892 1472 2922 regnum
1485 2881 1658 2916 caelorum;
1675 2887 1706 2911 et
1722 2891 1795 2911 cum

1292 2926 1426 2957 ministri
1477 2925 1552 2955 novi
1601 2924 1796 2955 Testamenti

1292 2969 1385 3001 3⁰sint
1392 2970 1524 3000 maioris
1529 2968 1695 3009 dignitatis
1699 2978 1794 3008 quam

1237 3010 1242 3016 ¹
1293 3015 1431 3045 ministri
1456 3014 1570 3044 veteris
1592 3013 1793 3049 Testamenti,

735 3065 771 3089 ut
804 3058 918 3098 probat
949 3057 1126 3098 Apostolus
1158 3057 1169 3087 I
1200 3057 1239 3087 ad

735 3102 811 3134 Cor.
830 3112 874 3132 111.
890 3102 940 3133 Sic
956 3111 1030 3141 ergo
1050 3108 1135 3141 patet
1150 3101 1239 3142 quod

735 3147 775 3177 ad
812 3146 1006 3178 solutionem
1045 3145 1239 3176 decimarum

734 3190 880 3221 homines
918 3196 1082 3225 tenentur,
1125 3189 1239 3230 partim

735 3234 864 3275 quidem
879 3244 916 3264 ex
929 3234 997 3265 iure
1012 3233 1156 3270 naturali,
1169 3243 1238 3273 par-

734 3278 792 3310 tim
805 3278 900 3309 etiam
914 3288 951 3309 ex
965 3277 1161 3308 institutione
1177 3278 1238 3308 Ec-

735 3322 863 3353 clesiae:
888 3332 970 3363 quae
993 3329 1108 3357 tamen,
1129 3319 1238 3362 ³¹p5¹¹⁶⁸

735 3366 1026 3406 opportunitatibus
1055 3372 1239 3406 temporum

734 3409 860 3440 3²etiam
886 3419 1104 3451 personarum,
1130 3416 1239 3449 posset

735 3460 856 3494 partem
895 3454 988 3485 aliam
1030 3454 1236 3485 determinare

735 3498 929 3529 solvendam.

1293 3065 1328 3089 ut
1357 3058 1470 3098 probat
1507 3057 1682 3096 Apostolus
1713 3056 1724 3086 1
1756 3056 1796 3086 ad

1293 3101 1368 3133 Cor.
1385 3112 1428 3132 m.
1448 3101 1498 3132 Sic
1514 3110 1589 3140 ergo
1609 3106 1694 3140 patet
1706 3101 1795 3140 quod

1292 3146 1332 3176 ad
1370 3145 1571 3176 solutionem·
1599 3144 1795 3175 decimarum

1291 3189 1437 3220 homines
1476 3194 1641 3224 tenentur,
1680 3188 1795 3228 partim

1292 3233 1421 3275 quidem
1438 3243 1474 3264 ex
1489 3234 1557 3264 iure
1570 3232 1713 3268 naturali,
1725 3242 1794 3273 par-

1291 3278 1350 3309 tim
1363 3278 1458 3309 etiam
1472 3287 1509 3308 ex
1523 3276 1720 3307 institutione
1736 3277 1794 3307 Ec-

1292 3322 1418 3353 clesiae:
1446 3331 1528 3362 quae
1551 3328 1666 3356 tamen,
1691 3319 1794 3360 ³¹pen-

1290 3367 1370 3396 satis
1375 3364 1665 3406 opportunitatibus
1675 3370 1794 3404 tempo—

1291 3420 1362 3440 rum
1379 3408 1439 3440 ³²et
1453 3418 1670 3449 personarum,
1687 3414 1795 3448 posset

1291 3461 1412 3494 partem
1454 3453 1547 3483 aliam
1590 3452 1794 3483 determinare

1291 3497 1486 3528 solvendam.

2306 218 2354 244 VII

2043 336 2160 366 Lacrto

1970 389 2099 409 ‘ramma
2123 390 2238 410 ctassts

1853 472 1981 506 ceptum
1993 467 2031 496 de
2042 467 2170 497 decimis
2179 468 2356 507 persolven-

1853 510 1899 539 dis
1911 510 1961 540 hic
1974 510 2126 549 significat
2137 511 2255 552 aliquid
2268 511 2299 541 in
2310 511 2355 541 fu-

1852 561 1976 584 turum:
2008 555 2063 594 qui
2087 555 2172 584 enirn
2198 555 2354 585 decimam

1852 598 1914 634 dat,
1931 608 2011 638 quae
2029 606 2075 628 est
2093 599 2292 638 perfectionis
2315 599 2354 629 si-

1851 652 1951 682 gnum
1968 640 2022 684 (eo
2038 643 2126 683 quod
2146 643 2292 673 denarius
2309 650 2355 673 est

1852 687 2095 726 quodammodo
2118 696 2269 716 numerus
2285 697 2354 726 per-

1851 729 1968 766 fectus,
1993 730 2083 770 quasi
2114 731 2234 770 primus
2263 731 2354 761 limes

1852 783 2068 810 numerorum,
2087 775 2167 804 ultra
2183 780 2280 814 quem
2293 785 2352 805 nu-

1853 826 1976 847 merum
2000 828 2065 847 non
2088 819 2274 857 procedunt,
2299 819 2354 848 sed

1852 862 2075 891 ²⁰resistuntur
2098 863 2136 891 ab
2168 860 2264 903 uno),
2297 872 2354 892 no-

1851 914 1923 934 vem
1947 905 2004 934 sibi
2028 905 2167 944 partibus
2183 906 2352 941 reservatis,

1852 955 2042 988 protestatur
2066 949 2154 989 quasi
2167 949 2199 979 in
2212 950 2354 989 quodam

1853 992 1942 1031 signo
1967 993 2005 1022 ad
2029 1003 2061 1022 se
2074 993 2352 1032 pertinereimper-

1853 1035 2032 1072 fecfionem,
2053 1037 2236 1077 ²¹perfectio
2303 1047 2354 1067 ve-

1852 1090 1888 1110 ro
1904 1090 1984 1120 quae
1997 1087 2061 1110 erat
2076 1081 2181 1111 futura
2197 1091 2251 1120 per
2264 1081 2354 1111 Chri-

1853 1131 1954 1159 stum,
1982 1134 2047 1154 esse
2073 1125 2311 1164 ”reputandam
2336 1135 2355 1154 a

1852 1168 1932 1203 Deo.
1942 1169 2007 1198 Nec
2018 1175 2123 1198 tamen
2134 1175 2261 1208 propter
2268 1167 2355 1199 ²³hoc

1897 1212 2120 1242 caeremoniale
2141 1219 2353 1252 praeceptum,

1853 1256 1907 1285 sed
1930 1256 2084 1291 iudiciale,
2102 1263 2136 1286 ut
2156 1256 2275 1287 dictum
2297 1263 2353 1286 est.

1852 1300 1908 1330 Est
1940 1307 2046 1330 autem
2075 1300 2151 1330 haec
2184 1300 2355 1330 differentia

1851 1343 1932 1374 inter
1959 1344 2197 1374 caeremonialia
2221 1351 2251 1374 et
2274 1344 2354 1373 iudi-

1852 1388 1941 1418 cialia
1954 1388 2030 1427 legis
2043 1395 2217 1428 praecepta,
2232 1395 2266 1418 ut
2278 1388 2355 1418 ²⁴uli-

1852 1437 1935 1462 ctum
1959 1438 2017 1469 est,
2034 1433 2122 1472 quod
2145 1432 2354 1462 caeremonia-

1851 1475 1893 1504 lia
1929 1476 2072 1506 illicitum
2107 1482 2153 1506 est
2191 1477 2354 1505 observare

1852 1526 1995 1558 tempore
2018 1519 2095 1557 legis
2119 1528 2237 1549 novae:
2273 1519 2354 1549 iudi-

1853 1562 1941 1592 cialia
1957 1573 2042 1598 vero,
2059 1563 2115 1592 etsi
2134 1573 2199 1592 non
2216 1563 2356 1602 obligent

1852 1613 1995 1646 tempore
2011 1607 2135 1646 gratiae,
2153 1613 2258 1636 tamen
2282 1617 2355 1646 pos-

1853 1657 1927 1680 sunt
1952 1650 2109 1680 observari
2141 1651 2260 1690 absque
2283 1660 2354 1689 pec-

1853 1702 1942 1730 cato,
1967 1701 1998 1724 et
2020 1694 2092 1724 ²⁵ad
2116 1704 2226 1724 eorum
2251 1695 2355 1724 obser-

1851 1738 1990 1768 vantiam
2015 1738 2111 1778 aliqui
2136 1738 2314 1777 obligantur
2329 1738 2354 1768 si

1853 1789 2006 1812 statuatur
2030 1789 2212 1812 auctoritate
2242 1792 2355 1812 eorum

1852 1836 1992 1866 quorum
2016 1833 2062 1856 est
2085 1826 2220 1856 condere
2241 1826 2354 1865 legem.

1852 1870 1939 1901 Sicut
1974 1877 2175 1911 praeceptum
2209 1870 2355 1900 iudiciale

1851 1914 1963 1945 veteris
1996 1914 2070 1954 legis
2104 1921 2150 1944 est
2179 1914 2266 1954 quod
2299 1913 2355 1953 qui

1852 1958 1973 1988 furatus
1989 1958 2082 1988 fuerit
2095 1968 2198 1993 ovem,
2211 1957 2355 1988 ²⁶reddat

1852 2009 1990 2043 quatuor
1998 2012 2083 2038 oves,
2091 2010 2126 2032 ut
2133 2002 2246 2041 legitur
2252 2002 2354 2032 Exod.

1850 2055 1940 2076 xxm:
1957 2047 2055 2086 quod,
2069 2046 2094 2076 si
2109 2046 2148 2076 ab
2161 2045 2270 2086 aliquo
2283 2055 2354 2084 rege

1851 2097 2015 2126 statuatur,
2035 2096 2181 2120 tenentur
2193 2090 2260 2120 eius
2279 2090 2353 2119 sub—

1851 2134 1906 2164 diti
1924 2135 2098 2164 observare.
2123 2134 2168 2164 Ita
2188 2134 2282 2164 etiam
2302 2134 2354 2163 de-

1850 2178 2028 2209 terminatio
2075 2178 2213 2208 decimae
2258 2177 2354 2217 partis

1851 2222 2019 2252 solvendae
2035 2228 2082 2252 est
2095 2221 2278 2252 auctoritate
2295 2222 2352 2251 Ec-

1852 2266 1963 2296 clesiae
2154 2275 2254 2295 novae
2277 2265 2354 2304 legis

1851 2310 1993 2341 instituta
2005 2310 2180 2339 secundum
2194 2310 2355 2349 quandam

1851 2353 2096 2384 humanitatem:
2113 2360 2149 2383 ut
2161 2353 2276 2383 scilicet
2288 2363 2354 2383 non

1853 2398 1959 2428 minus
1983 2398 2123 2437 populus
2146 2407 2247 2427 novae
2277 2397 2355 2436 legis

2068 2529 2218 2559 ministris
2241 2528 2354 2559 veteris

1851 2573 2046 2604 Testamenti
2070 2573 2248 2609 exhibebat;
2280 2583 2354 2603 cum

1850 2625 1956 2648 tamen
1980 2618 2121 2657 populus
2144 2627 2245 2647 novae
2277 2617 2354 2656 legis

1851 2663 1890 2692 ad
1913 2662 2034 2692 maiora
2057 2661 2222 2700 obligetur,
2244 2671 2353 2691 secun-

1851 2707 1929 2736 dum
1960 2706 2039 2736 illud
2073 2705 2184 2735 Matth.
2218 2713 2255 2734 v:
2285 2704 2353 2734 Nisi

1850 2749 2054 2780 abundaverit
2094 2748 2213 2779 iustitia
2251 2755 2353 2778 vestra

1850 2795 1922 2834 plus
1956 2803 2053 2833 quam
2080 2793 2297 2823 29scristarum
2323 2799 2353 2822 et

1849 2837 2099 2871 Pharisaeorum,
2118 2845 2183 2865 non
2199 2835 2352 2866 intrabitis

1848 2881 1880 2911 in
1893 2890 2026 2920 regnum
2039 2879 2215 2915 caelorum;
2229 2886 2260 2909 et
2277 2889 2351 2910 cum

1847 2924 1981 2954 ministri
2036 2924 2111 2954 novi
2155 2923 2352 2954 Testamenti

1849 2967 2350 3007 ³⁰sintmaiorisdignitatisquam

1848 3013 1986 3043 ministri
2007 3012 2122 3042 veteris
2147 3012 2349 3048 Testamenti,

1849 3063 1884 3087 ut
1913 3056 2025 3096 probat
2060 3055 2235 3095 Apostolus
2268 3055 2279 3084 I
2310 3055 2380 3087 dam

1849 3100 1923 3131 Cor.
1937 3110 1980 3130 m.
2002 3099 2052 3130 Sic
2068 3109 2141 3138 ergo
2161 3105 2246 3138 patet
2261 3099 2349 3138 quod

1848 3145 1887 3174 ad
1924 3143 2117 3174 solutionem
2156 3143 2350 3173 decimarum

1848 3187 1992 3218 homines
2030 3194 2196 3222 tenentur,
2235 3186 2348 3226 partim

1847 3231 1977 3272 quidem
1990 3241 2026 3261 ex
2038 3231 2105 3261 iure
2120 3230 2264 3267 naturali,
2281 3240 2349 3270 par-

1848 3276 1905 3306 tim
1918 3275 2011 3305 etiam
2024 3285 2060 3305 ex
2073 3274 2270 3305 institutione
2288 3274 2348 3304 Ec—

1848 3319 1974 3350 clesiae:
2003 3329 2084 3359 quae
2108 3325 2224 3354 tamen,
2248 3317 2348 3358 3¹pen-

1846 3364 1925 3394 satis
1932 3362 2221 3403 opportunitatibus
2226 3369 2288 3392 tem
2292 3372 2348 3402 po-

1847 3417 1919 3438 rum
1935 3405 1996 3437 ³²et
2010 3416 2228 3447 personarum,
2241 3414 2348 3446 posset

1846 3458 1968 3491 partem
2009 3451 2102 3481 aliam
2142 3450 2347 3481 determinare

1846 3495 2041 3526 solvendam.
