2860 4244
170 1134 177 1141 ·
192 1132 245 1153 Vid.
264 1131 325 1152 Fest.
348 1131 378 1151 de

173 1158 269 1179 Verb.St'
285 1157 377 1183 nifilib.

168 1184 256 1208 XV11,a
281 1183 378 1205 voc.So-

167 1210 251 1232 lemm‘a
262 1227 270 1236 1
293 1209 359 1231 Sollo
370 1217 378 1234 ‚-

167 1238 204 1258 Au
222 1240 280 1261 ust.‚
301 1236 376 1258 Serm.

167 1263 205 1285 CL
228 1262 304 1284 XXVI
349 1262 378 1283 de

265 1289 294 1310 al.
302 1289 378 1310 Serm.

169 1290 246 1338 35:¹35<
250 1306 300 1337 Vn.

170 1571 178 1579 ¹¹
190 1569 232 1590 Hic
249 1572 269 1590 et
288 1574 351 1590 num.
363 1574 378 1588 ι.

403 309 476 345 256

403 473 519 504 scilicet
533 473 717 504 solemnitas
741 472 910 511 unicuique
933 471 980 500 rei
995 469 1162 499 adhibetur
1183 467 1357 498 secundum
1374 468 1462 498 illius

403 519 450 547 rei
466 517 686 553 conditionem,
703 514 866 545 efficaciter
884 513 977 544 infert
992 513 1080 553 quod
1104 512 1287 542 solemnitas
1304 521 1461 542 caeremo-
1487 509 1488 555 J

405 561 492 590 nialis
521 561 553 590 in
583 566 660 590 voto
684 560 775 588 debet
797 557 862 588 fieri
896 557 1072 587 secundum
1102 556 1222 596 aliquid
1254 564 1397 595 spectans
1422 555 1461 586 ad
1487 567 1489 596 3

404 605 517 640 Deum,
535 611 612 643 puta
635 603 811 633 secundum
834 601 1002 642 puritatem
1026 600 1150 636 mentis,
1174 599 1408 630 confessionem
1433 606 1462 630 et

404 692 497 722 etiam
521 691 627 730 ipsum
650 696 762 720 votum
786 689 824 719 ad
848 689 906 719 Dei
931 689 1053 719 cultum
1071 688 1216 728 pertinet,
1233 697 1307 718 cum
1331 687 1370 718 sit
1394 688 1462 718 reli-

403 735 504 774 gionis
528 741 630 765 actus:
655 734 716 763 hoc
740 733 825 763 enim
848 732 970 772 optime
993 732 1125 763 infertur
1148 742 1184 762 ex
1207 732 1344 768 ratione,
1369 739 1400 762 et
1423 732 1462 762 si-
1488 746 1490 764 i

404 778 580 808 militudine
604 777 731 807 militiae
755 784 786 807 et
814 776 1008 817 nuptiarum.
1033 776 1104 814 Sed,
1122 782 1191 806 toto
1214 775 1276 806 hoc
1300 785 1461 812 concesso,

405 832 468 852 non
491 822 622 852 habetur
645 821 734 861 quod
757 821 940 851 solemnitas
963 830 1027 861 qua
1049 827 1162 851 votum
1186 820 1279 850 habet
1301 820 1366 850 vim
1390 820 1463 850 diri-

404 866 509 896 mendi
533 865 783 901 matrimonium,
801 865 949 896 consistat
971 865 1004 894 in
1026 864 1075 894 his
1099 863 1315 900 caeremoniis,
1339 871 1394 894 aut
1417 865 1463 894 di-

406 910 478 939 vino
503 909 612 939 effectu
636 919 691 949 per
715 919 775 939 eas.
801 908 932 940 Videtur
956 908 1113 950 siquidem
1131 908 1210 938 mihi
1234 908 1322 949 quod
1346 908 1408 938 hoc
1430 908 1463 938 in

404 954 476 984 loco
500 953 657 984 distinctio
680 953 733 983 illa
756 953 864 983 locum
888 953 1011 989 habeat,
1035 952 1151 983 scilicet
1173 953 1213 982 de
1236 952 1338 992 prima
1360 952 1464 993 impo-

405 997 517 1028 sitione
540 997 688 1034 nominis‚
706 1005 736 1028 et
752 997 790 1027 de
813 997 1016 1027 translatione
1036 997 1103 1027 eius
1121 997 1161 1027 ad
1184 995 1269 1026 aliud
1289 995 1464 1036 significan-

404 1042 492 1071 dum.
516 1041 705 1072 Solemnitas
729 1051 881 1082 namque,
906 1041 932 1071 si
955 1041 1131 1071 secundum
1161 1040 1325 1080 propriam
1348 1040 1465 1080 signifi-

405 1085 562 1116 cationem
577 1085 722 1122 sumitur,
739 1085 988 1121 caeremonialia,
1005 1091 1036 1115 et
1058 1084 1226 1125 praecipue
1246 1094 1331 1115 sacra
1347 1085 1465 1125 impor-

403 1136 467 1159 tare
482 1129 615 1166 videtur,
628 1139 710 1170 quae
725 1129 874 1169 singulari
890 1130 1031 1170 quodam
1047 1135 1190 1169 ternpore
1205 1127 1286 1159 fiunt
1297 1128 1315 1147 *
1324 1138 1329 1158 :
1348 1135 1378 1159 et
1393 1129 1466 1159 inde

404 1173 591 1203 translatum
607 1180 653 1204 est
668 1174 708 1203 ad
731 1173 801 1204 alia.
826 1174 866 1204 Et
890 1183 907 1203 a
924 1173 1153 1204 consuetudine
1169 1172 1327 1203 Ecclesiae
1346 1172 1466 1203 factum

405 1223 451 1247 est
474 1224 518 1253 ut,
536 1227 610 1248 cum
641 1218 679 1247 de
708 1225 786 1248 voto
810 1218 925 1257 agitur,
957 1216 1109 1256 significet
1131 1217 1163 1246 in
1193 1223 1270 1246 voto
1293 1216 1359 1246 vim
1393 1217 1464 1246 diri-
1492 1233 1493 1236 =

406 1261 512 1291 mendi
529 1261 778 1298 matrimonium,
797 1271 851 1291 seu
875 1261 907 1291 id
926 1262 1011 1291 unde
1026 1267 1139 1290 votum
1163 1260 1255 1290 habet
1270 1259 1336 1289 vim
1359 1260 1464 1291 talem.

407 1305 498 1336 Unde
521 1307 651 1342 Auctor,
669 1305 708 1335 ad
731 1305 893 1345 propriam
915 1304 1061 1334 vocabuli
1089 1303 1352 1343 significationem
1376 1313 1466 1334 more

407 1358 465 1379 suo
489 1349 680 1388 adspiciens,
704 1355 734 1379 et
757 1349 789 1378 in
814 1348 1095 1379 caeremonialibus
1126 1346 1304 1387 significatis
1336 1347 1465 1377 nomine

407 1393 612 1423 solemnitatis
636 1393 779 1422 divinum
811 1402 893 1432 opus
917 1392 1166 1431 contemplatus,
1190 1391 1229 1420 ad
1252 1391 1360 1430 ipsum
1390 1391 1466 1421 divi-

407 1446 484 1467 num
509 1447 601 1476 opus,
619 1436 735 1466 scilicet
758 1436 952 1476 spiritualem
976 1435 1238 1471 benedictionem,
1259 1434 1466 1466 solemnitatis

406 1490 523 1510 nomen
547 1480 723 1520 applicavit,
739 1480 849 1510 volens
866 1480 954 1520 quod
977 1490 1014 1509 ex
1029 1479 1083 1510 tali
1108 1479 1215 1509 divino
1240 1488 1334 1519 opere
1353 1486 1466 1510 votum

406 1524 516 1554 habeat
538 1524 603 1554 vim
627 1524 792 1554 dirimendi
816 1524 1065 1559 matrimonium,
1087 1530 1144 1554 etc.
1169 1523 1212 1554 Ut
1231 1530 1337 1553 autem
1362 1533 1398 1553 ex
1421 1523 1466 1553 di-

406 1568 462 1598 ctis
477 1567 494 1587 *
517 1575 611 1608 patet,
635 1568 711 1598 haec
735 1568 911 1598 benedictio
940 1577 1006 1598 non
1029 1567 1188 1598 invenitur
1217 1567 1249 1597 in
1274 1567 1363 1597 omni
1390 1578 1466 1598 vero

407 1618 482 1642 voto
507 1612 652 1642 solemni.
677 1612 718 1642 Et
740 1612 795 1643 ubi
818 1612 985 1648 invenitur,
1007 1622 1062 1652 per
1086 1611 1229 1642 accidens
1253 1621 1285 1641 se
1308 1611 1402 1642 habet
1426 1612 1467 1642 ad

406 1656 637 1687 solemnitatem
660 1656 736 1692 voti,
754 1666 820 1686 non
845 1655 1116 1691 caeremonialem,
1137 1656 1191 1686 sed
1214 1655 1403 1695 legitimam,
1428 1656 1467 1686 de

406 1710 469 1740 qua
501 1707 546 1731 est
570 1699 723 1741 quaestio.
755 1701 845 1737 Quae
874 1700 941 1731 voti
972 1699 1154 1730 solemnitas
1182 1699 1254 1729 ideo
1280 1700 1385 1730 vocari
1409 1710 1467 1740 po-
1493 1715 1495 1724 ›

406 1750 465 1774 test
487 1744 635 1784 legitima,
653 1743 739 1784 quia,
756 1745 823 1784 lege
843 1744 960 1775 sancita
984 1750 1014 1775 et
1037 1744 1099 1774 hoc
1118 1743 1248 1774 nomine
1273 1751 1465 1784 nuncupata,

407 1788 482 1827 legis
498 1788 563 1818 vim
587 1789 689 1818 habet.
721 1789 807 1819 Haec
831 1795 937 1819 autem
960 1788 1032 1818 ideo
1054 1788 1136 1818 dicta
1160 1787 1221 1818 sint
1246 1794 1280 1818 ut
1304 1797 1393 1818 mens
1417 1788 1467 1818 lit-

407 1839 488 1862 terae
511 1832 715 1873 percipiatur:
742 1839 772 1863 et
795 1839 830 1863 ut
853 1832 930 1862 scias
954 1832 1187 1862 solemnitatem
1217 1832 1377 1871 duplicem
1401 1842 1468 1862 esse

408 1877 439 1905 in
463 1883 550 1912 voto,
567 1876 683 1907 scilicet
698 1876 968 1912 caeremonialem,
986 1883 1016 1906 et
1039 1875 1223 1915 legitimam,
1240 1885 1322 1916 quae
1345 1876 1466 1907 ratione

408 1921 675 1951 caeremoniarum
699 1921 917 1951 adiunctarum
949 1919 1058 1950 sortita
1090 1919 1214 1950 videtur
1242 1930 1363 1950 nomen
1386 1921 1466 1951 sole·
1493 1933 1494 1936 ¹

409 1963 555 1994 mnitatis.
581 1964 641 1995 Sed
665 1964 703 1994 de
727 1965 856 1994 nomine
875 1974 941 1994 non
965 1970 1011 1994 est
1034 1964 1188 2004 quaestio,
1205 1964 1260 1994 sed
1284 1965 1322 1994 de
1345 1974 1388 1995 re.

462 2008 528 2038 VII.
546 2008 580 2038 In
604 2009 714 2038 eadem
731 2008 935 2048 responsione
959 2009 998 2038 ad
1015 2008 1156 2048 primum
1176 2008 1319 2038 eiusdem
1342 2008 1467 2048 septimi

408 2051 527 2082 articuli
551 2052 685 2082 dubium
702 2052 846 2090 occurrit,
863 2062 902 2082 an
922 2052 1081 2083 distinctio
1097 2052 1163 2083 voti
1187 2052 1339 2093 simplicis
1362 2059 1393 2083 et
1417 2063 1467 2083 so-

407 2096 518 2126 lemnis
543 2096 582 2126 sit
604 2095 756 2136 specifica,
777 2097 820 2127 sic
843 2097 931 2137 quod
954 2102 1164 2136 transgressor
1183 2097 1349 2137 utriusque
1373 2097 1468 2128 simul

408 2140 543 2170 incurrat
567 2140 778 2171 deformitates
801 2141 937 2171 duarum
961 2140 1155 2180 specierum:
1180 2141 1267 2171 verbi
1290 2141 1397 2181 gratia,
1415 2141 1470 2172 ha-

408 2185 483 2214 bens
506 2191 617 2215 votum
633 2185 775 2215 solemne
799 2191 829 2215 et
852 2185 986 2225 simplex
1000 2185 1220 2222 continentiae,
1238 2185 1264 2215 si
1284 2185 1467 2222 fornicatur,

409 2235 513 2267 peccet
537 2235 645 2259 contra
676 2229 921 2265 continentiam,
945 2229 1067 2259 latriam
1090 2229 1156 2260 voti
1180 2228 1346 2270 simplicis,
1371 2236 1401 2260 et
1423 2230 1468 2260 la—

408 2272 498 2302 triam
520 2273 587 2303 voti
611 2273 770 2304 solemnis.
795 2275 935 2314 Apparet
965 2273 1050 2304 enim
1081 2283 1117 2303 ex
1145 2273 1234 2304 dictis
1265 2274 1412 2304 Auctoris
1434 2274 1468 2304 in

993 303 1259 351 QUAESTIO
1290 303 1537 348 LXXXVIII,
1570 303 1862 340 ARTICULUS
1892 302 1977 338 VIII

402 386 533 416 litudine
554 385 791 415 solemnitatum
814 384 846 414 in
870 383 936 413 aliis
961 382 1080 413 actibus
1104 391 1158 411 seu
1183 381 1324 416 statibus,
1345 379 1461 410 scilicet
1486 379 1488 408 ἐ

403 430 530 460 militiae
547 435 578 460 et
592 428 784 468 nuptiarum,
803 427 932 457 fundata
949 436 1043 466 super
1058 425 1179 455 ratione
1195 423 1369 459 communi,
1386 424 1461 464 quia
1486 449 1488 455 ⁴

1516 381 1568 416 IV,
1583 380 1653 411 dist.
1664 390 1778 410 xxxvnr
1789 381 1816 417 *,
1833 381 1922 421 quod
1939 379 2171 418 distinguantur
2186 379 2263 409 haec
2275 385 2352 410 vota
2368 380 2482 419 specie,
2499 380 2580 411 sicut

1515 424 1727 464 vegetativum
1751 431 1781 454 et
1805 424 2005 455 sensitivum:
2031 430 2061 454 et
2084 429 2314 463 consequenter
2331 424 2421 465 quod
2444 424 2580 456 duarum

1515 468 1691 508 specierum
1721 468 1803 498 mala
1827 468 1965 498 incurrat
1993 475 2201 507 transgressor
2231 466 2407 507 utriusque.
2424 484 2444 490 -
2468 468 2503 498 In
2523 478 2580 509 op—

1516 512 1658 552 positum
1681 511 1805 542 videtur
1829 522 1896 542 esse
1919 511 1994 552 quia
2021 510 2100 541 nihil
2130 517 2177 541 est
2198 510 2331 547 vinculi,
2355 509 2437 542 nihil
2456 511 2580 543 virtutis

1515 556 1548 586 in
1571 563 1648 586 voto
1678 556 1812 596 simplici
1843 556 1931 596 quod
1964 564 2029 585 non
2059 555 2099 585 sit
2127 555 2160 585 in
2188 555 2334 585 solemni.
2367 555 2410 585 Et
2438 555 2582 587 similiter

409 647 614 678 -aerernonias
638 646 857 676 ecclesiasticas
877 646 915 675 ad
939 645 998 675 Dei
1018 645 1141 675 cultum
1164 643 1354 684 pertinentes
1382 643 1463 674 sicut
1487 625 1489 659 ἶ
1516 599 1672 640 qniquid
1702 599 1956 639 transgreSSionis
1986 607 2032 630 θεῖ
2054 599 2088 629 in
2117 599 2184 629 veti
2212 598 2366 639 Simpucis
2386 599 2580 639 Viennam,

404 662 419 678 C.
1357 666 1364 680 2

1517 643 1674 674 clauditur
1695 643 1727 674 in
1756 643 1929 674 violatione
1959 643 2121 674 solemnis.
2145 643 2240 673 Nulla
2269 652 2345 683 ergo
2369 643 2430 673 alia
2457 643 2582 675 additur

1517 688 1700 718 deformitas
1724 697 1761 718 ex
1783 688 1955 718 violatione
1978 687 2130 728 simplicis
2153 687 2220 718 voti
2244 687 2283 718 de
2306 687 2430 718 eodem.

1571 732 1620 762 Ad
1645 732 1707 762 hoc
1730 731 1844 762 dicitur
1867 731 1955 772 quod
1983 731 2259 772 quemadmodum
2293 731 2407 762 oculus
2440 731 2580 763 hominis

1518 783 1548 806 et
1571 776 1683 806 oculus
1702 775 1804 805 leonis
1821 782 1895 806 sunt
1909 775 2052 806 eiusdem
2076 774 2189 815 speciei
2210 775 2403 816 inquantum
2425 783 2500 806 sunt
2523 786 2581 817 po—

1517 820 1631 851 tentiae
1654 819 1780 855 visivae,
1804 826 1933 859 propter
1955 819 2152 850 identitatem
2175 819 2343 850 formalem
2367 820 2481 851 obiecti
2505 821 2582 851 utri-

1518 874 1629 905 usque,
1647 870 1724 904 puta
1747 863 1862 894 coloris
1879 862 2109 906 (potentiarum
2129 863 2214 894 enim
2237 863 2398 895 diversitas
2420 865 2472 895 vel
2484 864 2581 895 -iden-

1518 909 1589 940 titas
1613 907 1754 938 formalis
1777 917 1874 948 penes
1898 907 2013 938 obiecti
2029 907 2171 938 formalis
2194 907 2406 938 diversitatem
2420 908 2472 939 vel
2493 909 2584 939 iden-

1518 953 1639 984 titatem
1663 950 1862 993 attenditur);
1888 958 1918 981 et
1941 958 2016 982 sunt
2030 951 2225 982 diversarum
2248 952 2426 991 specierum
2448 952 2583 994 inquan-

1519 1003 1588 1028 tum
1612 1003 1686 1027 sunt
1708 996 1862 1026 naturalia
1886 996 2027 1025 membra
2050 995 2190 1025 hominis
2213 1002 2243 1026 et
2266 995 2378 1032 leonis,
2394 996 2481 1028 iuxta
2503 996 2583 1028 illud

1519 1041 1684 1076 Averrois,
1708 1040 1741 1069 in
1766 1040 1834 1070 Ide
1862 1040 1980 1070 Anima
1995 1039 2026 1076 *,
2051 1039 2199 1070 Membra
2229 1039 2366 1071 hominis
2389 1045 2420 1071 et
2442 1042 2584 1072 membra

1520 1087 1620 1116 leonis
1642 1084 1808 1125 differunt,
1825 1085 1902 1124 quia
1918 1085 2027 1114 anima
2046 1084 2184 1114 hominis
2205 1082 2316 1123 differt
2333 1084 2374 1114 ab
2386 1085 2498 1115 anima
2521 1085 2585 1116 leo-

1521 1131 1570 1160 nis
1593 1128 1683 1171 (haec
1706 1128 1864 1169 siquidem
1888 1128 2047 1159 distinctio
2071 1137 2108 1158 ex
2131 1134 2218 1167 parte
2234 1127 2366 1158 subiecti
2388 1137 2444 1159 seu
2467 1129 2584 1160 haben⁴

1519 1174 1558 1204 tis
1582 1183 1615 1203 se
1638 1171 1752 1214 tenet):
1777 1173 1820 1203 ita
1842 1178 1955 1202 votum
1979 1172 2122 1202 solemne
2145 1178 2176 1202 et
2198 1178 2312 1202 votum
2335 1172 2479 1213 simplex,
2496 1173 2522 1204 si
2543 1174 2588 1204 ad·

1520 1223 1608 1248 actus
1623 1216 1806 1253 referantur,
1824 1216 2067 1256 praesupposita
2081 1216 2242 1246 identitate
2265 1216 2424 1256 materiae,
2441 1217 2589 1248 eiusdem

1520 1267 1594 1291 sunt
1617 1260 1748 1300 speciei,
1772 1260 1927 1301 quoniam
1950 1267 2122 1301 utrumque
2154 1260 2277 1290 cultum
2300 1260 2370 1291 Deo
2402 1255 2490 1292 affert
2510 1268 2588 1302 pro·-

1520 1304 1675 1334 mittendo
1699 1303 1800 1339 idem;
1825 1304 1851 1333 si
1867 1310 1974 1334 autem
1998 1303 2171 1334 referantur
2185 1305 2225 1334 ad
2241 1311 2420 1342 voventem,
2438 1306 2482 1336 sic
2501 1306 2586 1337 clau-

1521 1349 1600 1378 dunt
1622 1347 1655 1377 in
1679 1357 1712 1376 se
1735 1347 1947 1378 diversitatem
1970 1347 2158 1387 specificam,
2176 1348 2288 1378 saltem
2310 1355 2442 1389 propter
2463 1349 2586 1381 inhabi-

1492 1405 1494 1412 ·
1519 1392 1641 1422 litatem
1670 1391 1814 1421 voventis
1843 1391 1882 1420 ad
1905 1391 2067 1431 opposita,
2091 1398 2169 1431 puta
2192 1392 2232 1422 ad
2262 1393 2519 1429 matrimonium,
2543 1395 2590 1425 ad

1519 1436 1702 1466 habendum
1725 1435 1909 1475 proprium,
1933 1441 1991 1465 etc.
2022 1436 2155 1476 Propter
2177 1436 2280 1476 quod,
2305 1442 2419 1468 votum
2442 1438 2590 1469 solemne

1521 1479 1634 1510 dicitur
1657 1479 1770 1509 habere
1793 1479 1886 1519 plene
1901 1479 1966 1509 vim
1983 1479 2202 1519 obligativam:
2228 1479 2362 1520 simplex
2377 1487 2485 1512 autem
2508 1487 2589 1514 non*

1522 1523 1685 1561 Quoniam
1709 1523 1842 1564 simplex
1863 1530 1976 1553 votum
2000 1523 2212 1554 continentiae
2235 1523 2279 1554 sic
2303 1525 2423 1566 obligat
2444 1526 2487 1556 ad
2508 1532 2590 1558 eon-*²

1520 1567 1685 1599 tinentiam
1714 1567 1803 1608 quod
1833 1567 1982 1608 relinquit
2011 1568 2188 1608 potentiam
2219 1568 2259 1598 ad
2290 1569 2532 1601 matrimonium
2556 1577 2587 1602 et

1521 1612 1588 1642 eius
1612 1620 1710 1652 opus:
1735 1611 1878 1642 solemne
1894 1619 2002 1643 autem
2026 1611 2069 1642 sic
2086 1612 2206 1652 obligat
2227 1613 2317 1652 quod
2339 1622 2459 1644 vovens
2481 1614 2591 1646 estium

1520 1655 1632 1687 habilis
1653 1656 1693 1686 ad
1711 1655 1952 1686 matrimonium
1975 1662 2005 1686 et
2028 1655 2095 1687 eius
2118 1665 2211 1697 opus,
2227 1656 2271 1686 ita
2282 1658 2388 1697 quod,
2408 1658 2439 1688 -si
2460 1662 2590 1690 eom-i

1521 1701 1575 1731 hat
1589 1700 1841 1736 matrimonium,
1859 1706 1905 1731 est
1923 1700 2060 1736 nullum,
2077 1707 2108 1731 et
2123 1700 2149 1730 si
2167 1707 2275 1731 utatur
2289 1701 2357 1738 illo,
2374 1708 2484 1742 peccat
2499 1710 2590 1735 moror

1521 1745 1631 1780 taliter,
1650 1744 1744 1775 etiam
1760 1744 1921 1774 reddendo
1937 1744 2090 1775 debitum.
2115 1744 2156 1775 Et
2170 1745 2326 1785 'quoniam
2344 1745 2503 1778 distinctio
2519 1754 2590 1788 speu

1522 1787 1609 1819 cifica
1632 1788 1783 1819 vitiorum
1807 1798 1844 1818 ex
1867 1794 1954 1829 parte
1985 1788 2099 1819 obiecti
2123 1788 2309 1826 attenditur,
2334 1790 2420 1821 unde
2450 1800 2517 1822 non
2540 1794 2589 1823 est

1521 1833 1571 1863 hic
1595 1832 1771 1869 diversitas;
1796 1832 1868 1862 ideo
1899 1832 2043 1863 eiusdem
2073 1832 2188 1874 speciei
2211 1839 2258 1863 est
2285 1834 2490 1874 transgressio
2506 1835 2590 1867 <von

1522 1876 1673 1907 solemnis
1696 1877 1821 1913 solum,
1844 1883 1874 1907 et
1897 1875 2059 1907 coniuncti
2092 1886 2166 1907 cum
2188 1884 2267 1908 voto
2295 1878 2432 1919 simplici
2461 1884 2586 1920 praeee-

1522 1922 1614 1952 dente
1637 1921 1686 1951 vel
1702 1927 1862 1961 sequente.
1888 1920 1992 1950 Immo
2016 1920 2158 1951 eiusdem
2182 1927 2228 1951 est
2243 1921 2358 1961 speciei
2382 1923 2590 1964 transgressio

1493 1966 1495 1978 ¹
1522 1964 1672 1996 solemnis
1696 1971 1726 1995 et
1749 1964 1909 2006 simplicis,
1928 1971 1959 1995 et
1982 1964 2129 1995 differunt
2152 1965 2259 1995 solum
2282 1967 2459 1997 secundum
2487 1967 2589 2008 magia

1522 2016 1553 2040 et
1575 2009 1682 2040 minus
1705 2019 1807 2049 grave.
1833 2009 1925 2039 Unde
1945 2009 1978 2038 in
2001 2009 2102 2039 littera
2126 2008 2240 2039 dicitur
2254 2010 2344 2050 quod
2367 2011 2492 2051 gravius
2514 2021 2536 2052 p

1523 2059 1571 2084 cat
1594 2053 1649 2094 qui
1673 2053 1815 2084 solemne
1837 2052 2072 2092 transgreditur.
2573 2056 2591 2078 -t

1578 2098 1629 2128 Ad
1653 2097 1865 2127 obiectionem
1881 2103 1988 2127 autem
2011 2107 2049 2127 ex
2072 2096 2115 2127 IV
2130 2096 2217 2128 Sem.
2235 2097 2349 2129 dicitur
2370 2099 2460 2139 quod
2479 2099 2589 2131 distin-

1523 2142 1585 2172 ctio
1602 2140 1747 2181 specifica
1766 2151 1829 2182 qua
1851 2141 2036 2171 sensitivum
2051 2140 2084 2171 in
2100 2141 2231 2172 homine
2247 2141 2350 2173 differt
2363 2142 2468 2183 speeie
2482 2153 2501 2174 a
2516 2151 2589 2176 κω·

1523 2186 1615 2216 sitivo
1631 2195 1724 2226 puro,
1741 2192 1818 2226 puta
1833 2184 1866 2215 in
1882 2185 1984 2222 leone,
2001 2194 2068 2216 non
2083 2191 2131 2216 est
2145 2195 2183 2216 ex
2205 2192 2294 2226 parte
2309 2187 2434 2224 obiecti,
2451 2194 2488 2219 ut
2501 2195 2588 2228 patet

1522 2230 1561 2260 de
1584 2229 1685 2260 oculis
1709 2236 1739 2260 et
1762 2229 1871 2260 ceteris
1894 2229 2047 2266 sensibus,
2071 2229 2126 2260 sed
2149 2239 2186 2261 ex
2205 2237 2292 2270 parte
2315 2230 2470 2264 habentis.
2494 2231 2589 2263 Unde

1523 2283 1560 2304 ex
1574 2274 1636 2304 hoc
1653 2283 1719 2304 non
1737 2273 1871 2304 habetur
1885 2273 2005 2314 aliquid
2022 2280 2130 2304 contra
2151 2273 2445 2306 determinationem
2461 2275 2587 2308 factam*

1185 2409 1502 2452 ARTICULUS
1533 2409 1807 2452 OCTAVUS

579 2500 732 2531 UTRUM
755 2500 837 2531 1LL1
862 2501 936 2538 QU1
961 2501 1073 2532 SUNT
1098 2502 1310 2533 ALTERms
1334 2502 1578 2534 POTESTATI
1604 2503 1799 2549 SUBIECT1
1823 2503 2123 2535 lMPEDIANTUR
2147 2506 2175 2534 A
2199 2504 2411 2536 vovssNno

815 2579 889 2608 Infra.
909 2587 954 2612 qu.
973 2587 1087 2611 cuum,
1106 2586 1153 2606 art.
1174 2581 1203 2612 53
1222 2581 1256 2605 IV
1276 2565 1358 2610 Sents,
1379 2582 1438 2607 dist.
1456 2589 1532 2611 xxxix,
1552 2587 1600 2607 art.
1617 2589 1636 2613 4
1643 2589 1651 2612 ;
1671 2582 1730 2607 dist.
1748 2589 1850 2612 xxxvui,
1869 2590 1913 2615 qu.
1933 2589 1950 2613 1,
1970 2587 2016 2607 art.
2041 2590 2062 2613 ι,
2081 2582 2130 2615 qu*
2151 2582 2180 2613 3;

1099 2616 1199 2641 Contra
1218 2617 1365 2642 retrahent.
1384 2617 1454 2642 hom.
1473 2617 1506 2642 ab
1525 2617 1639 2650 ingr-ess.
1659 2617 1755 2650 Relig„
1776 2625 1831 2650 cap.
1850 2625 1893 2642 xn.

443 2698 454 2716 i

498 2702 503 2714 ν
530 2706 598 2749 μᾷ(
621 2697 643 2721 D
664 2696 835 2722 OCTAvuM
853 2696 906 2721 sm
931 2696 1170 2723 pRocamrua.
1185 2686 1344 2724 Videtur
1362 2687 1469 2736 quod

444 2706 487 2733 ase*

437 2720 497 2796 ⁷51?
537 2727 593 2798 ’ᾗῇ
621 2737 670 2774 illi
699 2737 763 2787 qui
800 2746 887 2774 sunt
914 2738 1063 2775 alterius
1099 2740 1274 2787 potestati
1312 2740 1470 2777 subiecti

428 2789 477 2846 ff
527 2836 537 2845 χ
564 2787 699 2832 ‘spon
740 2790 995 2839 impediantur
1035 2804 1057 2828 a
1098 2793 1292 2829 vovendo.
1342 2793 1470 2831 Minus

470 2860 479 2869 =
502 2820 565 2875 '²232
581 2835 723 2880 Xenim
743 2843 939 2880 vinculum
959 2852 1157 2892 superatur
1176 2858 1197 2882 a
1217 2845 1362 2883 maiori.
1394 2846 1471 2883 Sed

414 2893 589 2941 obligatio
626 2908 701 2944 qua
736 2896 819 2944 quis
854 2896 1047 2934 subiicitur
1074 2898 1219 2935 homini
1257 2907 1311 2935 est
1346 2899 1471 2936 minus

413 2946 606 2983 vinculum
636 2961 750 2997 quam
769 2956 917 2996 votum,
937 2962 1007 2998 per
1034 2951 1139 2998 quod
1167 2951 1302 2999 aliquis
1331 2952 1472 3000 obliga—

414 3007 472 3035 tur
491 3000 588 3036 Deo.
618 3002 719 3048 Ergo
739 3001 790 3038 illi
818 3002 883 3049 qui
912 3010 997 3039 sunt
1016 3003 1160 3041 alienae
1188 3005 1364 3053 potestati
1384 3006 1471 3042 sub-

417 3051 500 3088 iecti
529 3064 606 3088 non
634 3054 891 3102 impediuntur
917 3067 939 3091 a
966 3057 1160 3093 vovendo.

470 3115 504 3140 2.
527 3105 759 3153 PRAETEREA‚
779 3106 845 3142 filii
864 3114 950 3144 sunt
977 3108 1015 3144 in
1034 3116 1219 3157 potestate
1238 3110 1364 3159 patriS.
1396 3111 1473 3147 Sed

416 3156 481 3194 filii
517 3166 676 3206 possunt
707 3159 877 3208 profiteri
910 3159 949 3196 in
977 3160 1101 3208 aliqua
1142 3161 1322 3209 religione
1359 3163 1473 3200 etiarn

416 3209 495 3247 sine
533 3211 727 3248 voluntate
762 3218 977 3260 parentum.
1021 3214 1123 3260 Ergo
1157 3226 1236 3250 non
1272 3214 1475 3263 impeditur

416 3262 548 3310 aliquis
576 3276 598 3300 a
625 3264 807 3301 vovendo
845 3276 913 3312 per
950 3265 1025 3301 hoc
1052 3266 1157 3313 quod
1194 3273 1249 3303 est
1285 3267 1475 3305 subiectus

417 3316 590 3363 potestati
618 3316 779 3353 alterius.

472 3370 505 3405 3.
526 3370 759 3417 PRAETEREA,
790 3369 912 3407 maius
941 3377 996 3407 est
1023 3371 1147 3407 facere
1176 3382 1292 3419 quarn
1320 3371 1477 3420 promit-

418 3428 506 3458 tere.
544 3422 621 3459 Sed
650 3422 811 3470 religiosi
843 3422 908 3471 qui
942 3430 1029 3460 sunt
1056 3423 1126 3460 sub
1154 3430 1340 3472 potestate
1368 3436 1476 3473 prae-

418 3474 579 3511 latorum
608 3483 766 3523 possunt
793 3475 918 3524 aliqua
950 3476 1072 3513 facere
1101 3476 1181 3513 sine
1213 3476 1361 3514 licentia
1389 3489 1476 3514 suo-

420 3539 504 3563 rum
532 3528 807 3575 praelatorum:
835 3536 927 3577 puta
955 3528 1080 3566 dicere
1109 3529 1257 3577 aliquos
1288 3530 1477 3578 psalmos,

418 3580 479 3616 vel
499 3580 620 3617 facere
641 3581 784 3630 aliquas
803 3581 1056 3619 abstinentias.
1082 3582 1184 3630 Ergo
1203 3581 1354 3620 videtur
1373 3583 1475 3631 quod

1524 2687 1644 2724 multo
1683 2687 1804 2735 magis
1838 2694 1998 2736 possunt
2034 2687 2256 2727 huiusmodi
2283 2691 2466 2728 vovendo
2502 2690 2589 2739 Deo

1524 2740 1756 2790 promittere.
2564 2779 2566 2782 ,

1577 2806 1614 2840 4.
1636 2794 1876 2841 PRAETEREA,
1907 2792 2143 2841 quicumque
2171 2793 2260 2831 facit
2286 2795 2393 2843 quod
2427 2795 2475 2832 de
2507 2796 2590 2834 iure

1525 2847 1648 2883 facere
1677 2859 1756 2884 non
1783 2853 1919 2896 potest,
1948 2854 2092 2896 peccat.
2124 2846 2201 2884 Sed
2228 2847 2368 2885 subditi
2396 2859 2475 2886 non
2502 2853 2591 2898 pee-

1526 2907 1612 2936 cant
1630 2899 1832 2937 vovendo:
1861 2899 1951 2948 quia
1970 2900 2046 2936 hoc
2064 2912 2263 2950 nunquam
2292 2900 2482 2938 invenitur
2503 2910 2591 2953 prod

1524 2952 1698 2990 hibitum.
1729 2953 1832 3001 Ergo
1850 2953 2000 2991 videtur
2019 2953 2125 3002 quod
2154 2953 2202 2990 de
2225 2953 2306 2991 iure
2333 2950 2495 3003 possunt
2520 2957 2590 2993 vo-

1525 3018 1628 3043 vere.
2585 3040 2587 3046 Α

1581 3059 1655 3095 SED
1693 3069 1840 3096 coum
1876 3070 1942 3096 Esr
1969 3059 2075 3108 quod
2101 3059 2221 3097 Num.
2248 3071 2321 3097 xxx
2340 3058 2361 3082 *
2387 3060 2592 3099 mandatur

1527 3111 1644 3158 quod,
1673 3111 1707 3148 si
1732 3112 1868 3149 mulier
1894 3112 1932 3148 in
1960 3112 2072 3149 domo
2094 3113 2217 3160 patris
2242 3113 2312 3159 sui,
2342 3118 2378 3150 et
2402 3114 2526 3151 adhuc
2550 3114 2590 3164 ’ἰῇ

1521 3164 1688 3211 puellari
1713 3170 1849 3211 aetate,
1878 3164 2022 3214 aliquid
2046 3165 2208 3212 voverit,
2238 3177 2317 3203 non
2345 3172 2494 3203 tenetur
2525 3176 2591 3204 rea

1527 3216 1606 3253 voti
1635 3216 1705 3253 nisi
1733 3225 1840 3266 pater
1868 3217 1948 3255 eius
1981 3218 2223 3256 consenserit.
2257 3218 2308 3256 Et
2333 3218 2436 3257 idem
2466 3218 2558 3267 dicit
2570 3218 2592 3266 ⁸?

1530 3268 1576 3305 de
1605 3269 1762 3306 muliere
1796 3270 1961 3308 habente
1987 3271 2128 3309 virum.
2166 3271 2290 3319 Ergo,
2319 3271 2402 3321 pari
2430 3271 2590 3320 ratione,

1528 3333 1600 3357 nec
1635 3321 1730 3358 aliae
1767 3334 1956 3370 personae
1996 3324 2146 3361 alterius
2182 3324 2358 3374 potestati
2399 3325 2592 3374 subiectae

1528 3381 1688 3422 possunt
1716 3386 1755 3410 se
1783 3382 1876 3412 voto
1905 3376 2085 3424 obligare.

1583 3426 1808 3464 Responnno
1845 3439 2030 3466 mCENDUM
2063 3429 2189 3479 quod,
2219 3429 2315 3467 sicut
2348 3440 2462 3479 supra
2488 3428 2511 3451 ¹⁸⁸
2538 3428 2591 3467 dia
2619 3439 2630 3449 ·

1531 3485 1634 3515 ctum
1672 3486 1746 3525 est,
1775 3487 1911 3517 votum
1950 3489 2005 3518 est
2041 3481 2244 3531 promissio
2279 3481 2469 3532 quaedam
2506 3482 2591 3520 Deo

1529 3531 1637 3568 facta.
1667 3532 1804 3569 Nullus
1833 3540 1959 3570 autern
1987 3541 2112 3583 potest
2139 3546 2209 3583 per
2234 3533 2530 3583 promissionem
2550 3547 2590 3573 se

1529 3583 1688 3620 firmiter
1708 3584 1872 3632 obligare
1901 3586 1950 3623 ad
1978 3586 2017 3623 id
2045 3587 2150 3636 quod
2178 3593 2234 3624 est
2259 3586 2298 3624 in
2326 3594 2510 3636 potestate
2539 3589 2591 3626 al-

2607 385 2616 394 *
2633 384 2681 424 (Ξυ-
2705 391 2720 411 1,
2739 388 2781 407 art.
2797 391 2817 413 2,

2607 417 2638 438 qu
2666 416 2686 432 2.

2609 1045 2620 1057 ⁸
2629 1044 2761 1066 Commeat.
2772 1049 2820 1066 un.

2618 3075 2628 3085 ⁴
2644 3073 2710 3096 Vere.
2723 3081 2740 3101 4
2754 3079 2807 3102 sqq.
2850 3095 2852 3097 .

2619 3227 2629 3237 ⁸
2644 3226 2710 3249 Vm.
2724 3232 2738 3254 7
2752 3232 2804 3255 sqq.
