2860 4244
874 301 1140 347 QUAESTIO
1170 301 1416 349 LXXXVIII,
1445 303 1740 340 ARTICULUS
1769 303 1836 339 VII

268 378 462 419 poenitentia
477 379 560 410 voti:
585 386 616 410 et
637 379 723 410 aliud
746 380 785 410 de
802 378 994 420 poenitentia
1013 378 1079 409 eius
1103 380 1191 420 quod
1215 386 1262 410 est
1283 379 1326 410 fe-

268 422 345 453 cisse
366 429 490 454 votum.
517 423 600 453 Nam
624 423 818 463 poenitentia
839 423 906 454 voti
928 429 975 454 est
997 423 1103 453 dolere
1130 424 1168 453 de
1192 424 1326 463 promis-

267 466 366 497 sione.
391 467 456 504 Qui
472 473 579 498 autem
602 467 689 498 dolet
710 467 749 498 de
765 466 975 508 promissione
997 467 1244 507 promissionem
1260 477 1326 498 non

267 517 383 541 servat:
407 517 445 541 ut
466 517 552 552 patet
573 511 606 541 in
628 511 678 541 his
701 511 756 552 qui
779 512 818 541 de
841 510 932 541 malis
954 511 1228 551 promissionibus,
1253 521 1327 551 pro-

266 554 378 594 positis
408 560 439 585 et
465 554 742 586 deliberationibus
765 555 926 592 dolentes,
950 555 1152 595 propositum
1176 555 1326 586 delibera—

266 597 451 639 tionemque
473 605 598 630 mutant
621 605 652 630 et
673 599 919 640 promissionem
943 608 1008 629 non
1032 606 1164 630 servant.
1195 600 1327 640 Propter

265 642 354 682 quod
377 642 570 683 poenitentia
582 643 649 674 voti
671 650 836 683 peccatum
851 643 985 674 mortale
1001 649 1048 674 est
1066 643 1241 674 manifeste.
1264 644 1325 674 Sed

265 685 304 716 de
327 686 382 716 tali
403 686 598 727 poenitentia
620 696 686 717 non
709 693 755 718 est
778 697 924 727 praesens
947 687 1100 728 quaestio,

319 729 516 762 Paenitentia
530 736 638 761 autem
653 731 720 761 eius
739 731 827 772 quod
847 738 893 762 est
915 731 1025 761 fecisse
1039 738 1152 762 votum
1167 738 1214 762 est
1233 731 1326 761 dolor

266 773 304 803 de
327 774 490 813 praeterita
505 773 716 814 applicatione
732 775 782 805 sui
802 775 841 805 ad
856 775 1049 812 vovendum,
1067 782 1097 807 et
1113 785 1178 806 non
1195 775 1233 806 de
1248 781 1325 805 voto

264 817 345 858 ipso.
370 817 467 848 Dolet
484 818 568 851 enim
593 818 662 849 talis
685 819 851 859 poenitens
874 820 962 860 quod
982 830 1015 850 se
1030 820 1162 850 subiecit
1176 826 1270 850 voto:
1295 825 1326 849 et

264 868 332 893 non
354 868 456 893 mutat
484 863 688 902 propositum
710 863 903 914 adimplendi
926 864 1092 904 promissa,
1109 863 1272 904 proposita
1295 870 1326 894 et

264 905 443 944 deliberata.
475 906 516 937 Et
544 907 583 937 de
609 907 669 938 hac
695 908 890 947 poenitentia
912 915 958 939 est
989 918 1135 948 praesens
1161 907 1324 947 quaestio,

235 971 237 973 .
264 958 346 999 qnae
368 957 500 983 vocatur
530 951 659 982 abusive
689 952 728 982 de
749 958 847 990 voto,
870 952 945 993 quia
973 959 1020 982 est
1049 953 1087 982 de
1110 957 1188 982 voto
1216 951 1324 992 quoad

127 976 132 986 x
182 983 183 986 ,

132 1003 134 1010 ’
263 992 331 1023 eius
350 993 563 1025 emissionem.
587 995 635 1026 De
658 994 754 1026 huius
777 996 872 1036 igitur
894 995 1087 1036 poenitentia
1110 995 1253 1025 absolute
1276 995 1323 1025 lo-

262 1037 404 1077 quendo,
428 1037 597 1069 dicendum
617 1046 664 1070 est
685 1040 775 1081 quod
797 1047 844 1071 est
866 1039 904 1070 de
917 1049 1030 1079 genere
1047 1046 1176 1070 actuum
1200 1039 1255 1079 qui
1272 1039 1324 1069 ab

263 1080 367 1111 solute
390 1082 510 1123 sumpti
533 1083 615 1114 male
637 1091 768 1120 sonant,
793 1083 848 1124 qui
875 1090 982 1114 tamen
1009 1083 1164 1114 adiunctis
1193 1083 1323 1124 quibus-

263 1125 337 1157 dam
360 1126 596 1158 conditionibus
623 1127 848 1158 honestantur:
877 1127 959 1158 sicut
987 1127 1130 1158 occidere
1158 1127 1323 1158 hominem

262 1169 344 1200 male
360 1177 469 1208 sonat,
493 1171 548 1202 sed
570 1171 596 1201 si
611 1171 823 1212 adiungantur
845 1171 968 1202 debitae
982 1171 1191 1207 conditiones,
1208 1171 1325 1203 scilicet

262 1220 393 1262 propter
402 1214 567 1251 iustitiam,
581 1221 650 1252 etc„
663 1221 710 1246 est
731 1222 819 1246 actus
834 1215 997 1246 honestus.
1022 1216 1096 1246 Non
1112 1216 1218 1246 solum
1233 1226 1322 1246 nam-

261 1266 326 1332 {gg
346 1264 470 1298 votum,
494 1258 548 1289 sed
571 1259 665 1290 etiam
685 1259 842 1300 applicare
857 1270 890 1290 se
909 1259 948 1289 ad
963 1260 1147 1290 vovendum
1167 1267 1213 1291 est
1235 1267 1323 1291 actus

328 1308 389 1332 nst*
406 1308 456 1333 ac*
464 1310 521 1343 per
543 1302 605 1333 hoc
619 1303 702 1333 male
716 1309 810 1334 sonat
831 1304 920 1344 quod
944 1304 984 1334 sit
1005 1304 1136 1334 materia
1158 1300 1322 1344 poeniten-

261 1342 332 1381 tiae,
355 1346 511 1386 quoniam
534 1346 728 1387 poenitentia
751 1348 911 1378 malorum
934 1354 990 1379 est.
1013 1348 1075 1379 Sed
1098 1348 1124 1378 si
1139 1358 1250 1379 causae
1270 1349 1323 1379 ali-

260 1388 343 1429 quae
358 1390 794 1440 rationabilesmtiiungantur,
818 1392 934 1432 poterit
956 1399 1044 1422 actus
1067 1392 1235 1423 honestari.
1260 1394 1322 1424 Ne-

258 1431 433 1473 qweiiim
455 1434 583 1465 emissio
606 1435 673 1466 voti
697 1442 743 1467 est
764 1436 809 1467 ita
830 1437 869 1466 de
883 1446 997 1476 genere
1013 1437 1174 1468 bonorum
1198 1444 1233 1468 ut
1256 1447 1321 1468 non

260 1477 360 1517 possit
381 1477 466 1509 licite
489 1488 556 1510 esse
578 1479 708 1510 materia
731 1487 818 1511 actus
842 1480 1020 1511 nolitionis:
1053 1487 1088 1511 ut
1116 1487 1203 1521 patet
1225 1481 1257 1511 in
1282 1492 1320 1512 eo

259 1520 321 1572 qui
338 1522 408 1553 vult
429 1532 495 1554 non
511 1533 635 1561 vovere,
660 1533 715 1554 seu
733 1524 847 1555 refutat
868 1534 993 1555 vovere.
1018 1524 1083 1555 Nec
1106 1525 1210 1556 obstat
1232 1525 1321 1566 quod

260 1564 401 1603 emisisse
422 1573 535 1597 votum
559 1574 605 1598 est
627 1567 848 1608 praeteritum:
872 1567 947 1609 quia
970 1568 1112 1599 eiusdem
1127 1569 1256 1599 rationis
1276 1577 1322 1601 est

258 1612 349 1640 amus
369 1610 554 1650 praeteritus
573 1618 608 1642 et
629 1611 769 1648 futurus:
793 1611 935 1643 eiusdem
951 1612 1107 1653 siquidem
1125 1613 1256 1644 rationis
1276 1620 1322 1644 est

259 1653 348 1687 'sse
357 1655 505 1686 occidere
531 1655 712 1692 hominem,
737 1663 768 1687 et
789 1656 870 1687 velle
893 1656 1045 1687 occidisse
1066 1657 1243 1688 hominem.
1273 1657 1320 1688 Si-

259 1697 375 1739 militet
389 1707 456 1731 non
472 1699 578 1731 obstat
598 1700 688 1740 quod
711 1706 799 1731 actus
822 1701 1006 1740 praeteritus
1030 1707 1076 1732 est
1098 1701 1163 1732 iam
1181 1708 1321 1742 accepta·

259 1747 337 1790 ‘W'
343 1742 505 1793 quoniam
527 1743 596 1783 ipsa
610 1744 783 1784 acceptatio
806 1745 972 1785 praeterita
995 1751 1026 1775 et
1049 1745 1155 1776 futura
1178 1746 1319 1777 eiusdem

259 1783 306 1817 e's‘t
318 1785 473 1830 rationis,
498 1793 529 1817 et
550 1787 636 1818 idem
660 1794 706 1818 est
728 1788 766 1818 de
790 1788 858 1829 ipsa
880 1788 1035 1820 iudicium
1058 1796 1089 1820 et
1111 1789 1321 1830 applicatione

259 1829 315 1861 οὐ
321 1822 514 1862 vovendum.
545 1831 639 1862 Ratio
663 1837 771 1863 autem
794 1842 892 1873 quare
915 1833 1046 1874 aliquod
1069 1834 1192 1865 bonum
1215 1841 1321 1874 potest

235 1873 342 1904 ‘licite
364 1883 431 1905 esse
454 1875 584 1906 materia
607 1876 779 1912 nolitionis,
804 1887 839 1907 ac
862 1887 919 1917 per
941 1877 1002 1908 hoc
1025 1878 1251 1918 poenitentiae,
1276 1885 1323 1910 est

258 1917 335 1959 quia
363 1919 425 1950 tale
453 1920 577 1950 bonum
600 1930 665 1951 non
690 1927 736 1951 est
759 1921 970 1952 necessarium
993 1922 1033 1951 ad
1056 1922 1207 1953 salutem:
1239 1933 1321 1964 quae

259 1962 345 1992 enim
368 1970 443 1994 sunt
465 1964 637 1995 necessaria
660 1965 700 1995 ad
724 1965 859 1995 salutem
882 1975 947 1996 non
972 1973 1108 2007 possunt
1130 1966 1213 1997 licite
1236 1967 1320 1998 refu-

257 2006 333 2043 tari;
363 2013 394 2038 et
421 2007 564 2038 similiter
590 2018 657 2038 non
680 2015 785 2049 potest
808 2019 921 2040 eorum
946 2019 1012 2040 esse
1038 2010 1232 2051 poenitentia
1255 2012 1321 2042 sine

219 2057 388 2113 peceato
410 2051 548 2088 mortali,
572 2059 608 2083 ut
631 2059 725 2093 patet.

284 2092 367 2131 111.
370 2095 507 2134 Quoad
531 2096 742 2128 secundum*
743 2085 947 2133 ,differentia
971 2105 1017 2130 est
1038 2098 1119 2130 inter
1134 2106 1209 2130 vota
1224 2100 1321 2130 maxi-

257 2130 387 2191 morum
409 2146 442 2171 et
463 2139 688 2172 diuturnorum
711 2141 882 2179 bonorum,
907 2149 938 2173 et
952 2142 1013 2173 alia
1029 2150 1112 2174 vota.
1137 2144 1220 2174 Nam
1243 2154 1321 2184 poe-

226 2220 233 2223 „
257 2181 391 2226 nitentia
404 2191 556 2216 votorum
568 2185 782 2216 maximorum
798 2196 834 2216 ac
853 2186 1089 2226 diuturnorum,
1109 2188 1231 2219 ratione
1247 2198 1322 2219 suae

257 2228 406 2263 materiae
439 2227 534 2261 infert
566 2229 780 2260 remissiorem
808 2230 1007 2261 voluntatem
1039 2231 1072 2262 in
1102 2232 1191 2262 bono
1224 2243 1321 2273 quam

258 2264 370 2313 faciit:
400 2281 482 2313 quae
511 2272 579 2303 sine
606 2272 796 2304 detrimento
823 2274 948 2305 virtutis
977 2276 1226 2325 perseverantiae
1255 2287 1321 2307 non

258 2322 314 2350 est.
345 2315 430 2347 Nam
452 2316 505 2347 ubi
529 2315 617 2358 prius
639 2317 697 2348 iste
721 2327 818 2358 quem
842 2319 942 2348 modo
965 2319 1107 2359 poenitet
1136 2319 1246 2351 fecisse
1269 2331 1322 2352 vo-

2364 306 2436 341 253

1382 388 1449 412 turn
1466 380 1624 421 religionis
1647 389 1702 412 aut
1725 381 1945 418 continentiae,
1962 382 2179 422 perseverabat
2193 381 2225 411 in
2242 382 2439 421 complacen-

1382 425 1423 455 tia
1445 424 1593 456 inchoata
1616 426 1800 466 utriusque,
1824 425 1940 456 scilicet
1970 425 2037 456 eius
2061 426 2150 466 quod
2177 432 2223 456 est
2251 425 2351 456 facere
2380 425 2440 456 tale

1381 475 1492 499 votum
1516 476 1547 500 et
1569 470 1668 510 ipsius
1690 470 1773 506 voti,
1799 470 1915 505 modu,
1940 475 2060 500 mutata
2083 469 2246 500 voluntate
2274 469 2354 499 circa
2378 469 2439 509 pri-

1382 524 1486 550 mum,
1512 524 1577 543 non
1600 521 1774 554 perseverat
1802 514 1834 544 in
1857 513 1929 549 illo,
1954 514 2042 554 quod
2066 520 2112 544 est
2139 513 2230 554 quasi
2251 513 2338 543 radix
2363 513 2440 543 tanti

1381 558 1470 588 boni:
1503 564 1534 588 et
1561 565 1791 598 consequenter
1819 557 1919 597 magis
1942 567 1979 587 ex
2002 557 2183 588 necessitate
2210 567 2309 598 quam
2331 566 2440 587 amore

1381 608 1556 641 perseverat
1570 602 1602 632 in
1616 602 1832 632 conservando
1846 601 2072 632 continentiam
2085 608 2116 633 et
2130 601 2325 641 religionem.
2342 601 2440 638 Quod

1380 645 1447 676 sine
1469 652 1599 685 peccato
1622 646 1736 677 veniali
1759 656 1825 676 non
1845 652 1900 682 est,
1917 655 1983 676 non
2007 645 2094 686 parvi
2118 645 2249 685 periculi
2273 646 2312 675 ad
2335 645 2440 685 dispo-

1380 691 1521 720 nendum
1544 690 1583 720 ad
1607 691 1757 720 mortale:
1787 689 1838 720 cui
1861 689 1947 720 enim
1970 690 2075 720 minus
2100 688 2293 720 continentia
2315 696 2370 719 aut
2392 698 2439 719 re-

1379 734 1454 773 ligio
1478 734 1595 774 placet,
1620 743 1686 764 non
1713 733 1802 765 facile
1831 740 1879 763 tot
1906 733 2046 773 pericula
2069 734 2196 770 evadet,
2221 739 2275 764 aut
2302 732 2440 763 remedia

1380 784 1562 819 opportuna
1585 777 1743 818 suscipiet,
1768 777 1949 816 castigando
1973 787 2098 818 corpuS,
2116 785 2173 808 etc.

1433 821 1630 852 Poenitentia
1645 828 1750 851 autem
1774 821 1911 851 aliorum
1926 828 2086 857 votorum,
2110 828 2146 852 ut
2169 821 2438 861 peregrinationis,

1380 865 1507 903 ieiunii,
1531 872 1562 896 et
1584 865 1786 901 huiusmodi,
1810 865 1930 895 ratione
1958 865 2106 896 materiae
2137 875 2203 895 non
2231 864 2439 895 inferunt-re-

1380 909 1555 940 missiorem
1578 909 1775 939 voluntatem
1798 909 1831 939 in
1854 910 1955 939 bono:
1972 909 2128 950 quoniam
2149 916 2223 939 sunt
2242 908 2440 949 particularia

1379 953 1535 994 quaedam
1558 963 1653 993 parva
1676 953 1770 989 bona,
1795 959 1825 983 et
1848 959 1971 983 constat
2002 953 2091 983 facile
2113 953 2252 993 aliquem
2274 953 2333 983 ista
2356 952 2439 983 bona

1380 997 1512 1029 refutare
1535 1003 1664 1037 propter
1687 996 1828 1027 meliora.
1860 996 1953 1026 Unde
1976 994 2163 1027 huiusmodi
2186 1004 2336 1027 votorum
2360 1006 2439 1036 poe-

1379 1041 1508 1072 nitentia
1531 1051 1588 1071 nec
1612 1040 1732 1071 ratione
1756 1039 1877 1070 formae
1900 1049 1957 1070 nec
1981 1040 2102 1071 ratione
2126 1041 2274 1071 materiae
2297 1047 2344 1071 est
2366 1050 2438 1080 pec-

1379 1092 1494 1121 catum,
1519 1085 1544 1115 si
1570 1095 1605 1115 ex
1629 1084 1806 1115 rationabili
1838 1093 1931 1114 causa
1954 1084 2003 1114 sit.
2031 1084 2203 1125 Alioquin,
2227 1084 2347 1115 veniale
2371 1094 2440 1124 pec-

1379 1137 1484 1161 catum
1507 1136 1564 1160 est.

1433 1175 1485 1206 IV.
1511 1173 1628 1211 Quoad
1647 1173 1775 1204 tertium
1789 1172 1816 1208 *,
1834 1172 2094 1212 distinguendum
2108 1179 2164 1208 est,
2180 1172 2270 1212 quod
2286 1178 2340 1202 aut
2362 1181 2438 1212 poe-

1378 1219 1507 1249 nitentia
1531 1224 1577 1248 est
1599 1217 1638 1247 de
1653 1217 1801 1256 operibus
1825 1216 1917 1247 bonis
1939 1215 2029 1246 factis
2045 1225 2081 1246 ex
2095 1223 2172 1246 voto
2196 1215 2439 1256 praesupposito

1378 1269 1472 1293 voto:
1504 1269 1535 1292 et
1561 1261 1604 1292 sic
1628 1267 1674 1291 est
1701 1260 1866 1291 manifeste
1894 1267 2060 1300 peccatum
2082 1259 2225 1290 mortale.
2257 1260 2329 1290 Hoc
2354 1259 2438 1290 enim

1377 1307 1454 1337 nihil
1469 1306 1555 1337 aliud
1571 1312 1617 1335 est
1640 1315 1738 1346 quam
1761 1305 1868 1335 dolere
1888 1304 1927 1334 de
1945 1303 2110 1344 praeterita
2127 1303 2346 1334 observatione
2361 1303 2439 1340 voti,

1376 1361 1472 1402 quam
1489 1356 1611 1381 constat
1634 1349 1730 1380 fuisse
1749 1348 1788 1379 de
1804 1348 1987 1379 necessitate
2002 1348 2119 1379 salutis.
2143 1365 2162 1371 -
2185 1350 2251 1378 Aut
2273 1347 2440 1398 poeniten—

1376 1396 1418 1426 tia
1439 1401 1486 1426 est
1509 1395 1547 1424 de
1571 1393 1647 1434 ipsis
1670 1394 1790 1424 eisdem
1812 1393 1962 1433 operibus
1985 1402 2051 1423 non
2074 1391 2318 1442 praesupposito
2341 1399 2437 1428 voto,

1375 1440 1430 1470 sed
1453 1439 1553 1478 magis
1582 1448 1656 1468 cum
1680 1437 1890 1468 eradicatione
1912 1436 1989 1467 voti.
2022 1436 2117 1467 Verbi
2145 1436 2262 1476 gratia,
2287 1436 2440 1476 plantavit

1375 1484 1446 1525 quis
1475 1484 1622 1514 arborem
1652 1481 1845 1512 fructiferam
1874 1481 1908 1511 in
1935 1481 2029 1512 horto
2058 1490 2134 1516 suo,
2169 1480 2272 1511 multo
2295 1486 2438 1520 tempore

1375 1528 1494 1559 fructus
1518 1525 1665 1567 protulit:
1690 1525 1832 1566 poenitet
1854 1531 1927 1565 post
1945 1525 2083 1555 multum
2101 1524 2252 1564 temporis
2269 1524 2439 1554 dominum

1376 1572 1530 1612 plantasse
1560 1570 1593 1600 in
1621 1579 1680 1600 suo
1708 1569 1802 1600 horto
1826 1570 1971 1599 arborem
1994 1569 2098 1604 illam,
2122 1569 2279 1609 velletque
2303 1568 2438 1599 caruisse

1376 1625 1500 1656 semper
1515 1614 1569 1644 illa
1588 1614 1699 1644 arbore
1722 1620 1753 1643 et
1776 1612 1929 1643 fructibus
1952 1612 2106 1653 perceptis
2130 1613 2238 1652 potius
2260 1622 2359 1653 quam
2381 1613 2436 1642 ha-

1375 1661 1446 1690 bere
1461 1659 1548 1690 illam
1564 1668 1639 1688 cum
1654 1657 1818 1688 fructibus.
1841 1657 1892 1687 Sic
1907 1657 1940 1687 in
1956 1657 2122 1697 proposito
2142 1656 2284 1696 poenitet
2300 1656 2439 1697 aliquem

1376 1714 1408 1735 se
1439 1703 1620 1744 professum
1652 1711 1737 1738 esse,
1761 1701 1919 1741 velletque
1949 1710 2115 1741 nunquam
2138 1700 2320 1741 professum
2351 1711 2436 1737 esse,

1377 1758 1442 1779 non
1466 1750 1578 1778 curans
1606 1746 1695 1786 quod
1723 1745 1819 1776 etiam
1842 1755 1908 1775 non
1931 1745 2055 1776 fecisset
2082 1751 2130 1775 tot
2152 1745 2238 1774 bona
2261 1754 2342 1785 quae
2366 1744 2439 1775 fecit

1377 1792 1530 1823 servando
1563 1789 1794 1830 professionem
1825 1799 1931 1825 suam,
1952 1796 2025 1820 etc.:
2057 1788 2251 1829 poenitentia
2282 1788 2438 1829 siquidem

1375 1838 1432 1867 ista
1455 1845 1522 1866 non
1545 1841 1592 1865 est
1613 1835 1652 1864 de
1677 1834 1896 1864 observatione
1911 1833 1986 1870 voti,
2012 1833 2066 1863 sed
2090 1833 2129 1863 de
2143 1832 2212 1873 ipsa
2227 1832 2439 1873 applicatione

1376 1881 1415 1911 ad
1438 1887 1552 1910 votum
1569 1888 1643 1909 cum
1667 1878 1842 1908 subsecutis
1865 1877 1955 1908 nullo
1974 1877 2219 1918 praesupposito
2235 1877 2375 1908 vinculo.
2399 1877 2440 1907 Et

1376 1925 1445 1956 talis
1468 1922 1663 1964 poenitentia
1686 1922 1829 1953 eiusdem
1846 1928 1892 1952 est
1914 1921 2044 1952 rationis
2068 1931 2143 1951 cum
2161 1921 2355 1961 poenitentia
2369 1921 2439 1952 talis

1376 1969 1451 2005 voti,
1467 1968 1607 1998 secundo
1622 1967 1696 1997 loco
1708 1966 1725 1985 *
1739 1966 1906 1997 discussae.
1931 1968 1978 1996 Ac
1990 1975 2045 2006 per
2059 1965 2131 2002 hoc,
2145 1965 2170 1995 si
2185 1965 2280 1995 habet
2298 1975 2356 2006 pro
2373 1976 2439 1996 ma-

1375 2013 1451 2044 teria
1470 2012 1607 2042 maxima
1631 2011 1844 2051 diuturnaque
1866 2011 1961 2046 bona,
1986 2017 2022 2040 ut
2045 2009 2219 2040 castitatem
2242 2009 2293 2039 vel
2315 2009 2438 2050 religio-

1376 2067 1459 2093 nem,
1477 2063 1642 2096 peccatum
1665 2061 1754 2086 tanto
1770 2054 1895 2095 gravius
1911 2061 1957 2085 est
1979 2060 2100 2095 quanto
2117 2053 2297 2084 remotioris
2313 2063 2331 2084 a
2350 2054 2438 2084 bono

1376 2100 1547 2133 voluntatis
1563 2106 1617 2136 est,
1633 2100 1712 2130 dum
1729 2098 1837 2130 omnia
1852 2098 2002 2130 refutaret
2020 2098 2105 2128 bona
2124 2105 2249 2138 peracta
2264 2097 2290 2128 si
2314 2105 2436 2138 posset:

1375 2146 1454 2176 infra
1467 2144 1667 2176 latitudinem
1683 2150 1789 2174 tamen
1804 2142 1977 2174 venialium
2000 2142 2091 2172 valde
2115 2142 2335 2182 proximorum
2352 2142 2438 2173 casui

1376 2191 1414 2220 ad
1439 2189 1581 2220 mortale.
1615 2187 1647 2219 Si
1670 2197 1745 2218 vero
1769 2187 1863 2218 habet
1884 2197 1944 2227 pro
1967 2186 2097 2217 materia
2121 2186 2320 2227 particularia
2342 2196 2438 2227 parva

1376 2235 1473 2270 bona,
1498 2239 1606 2274 posset
1629 2242 1695 2262 esse
1719 2231 1786 2262 sine
1809 2238 1954 2271 peccato,
1979 2231 2005 2261 si
2028 2230 2223 2262 rationabilis
2247 2240 2342 2261 causa
2365 2231 2438 2261 sub-

1376 2278 1504 2309 sisteret.

1432 2322 1473 2352 Et
1497 2331 1534 2352 ex
1555 2320 1604 2351 his
1627 2326 1713 2360 patet
1736 2320 1901 2360 responsio
1925 2319 1965 2349 ad
1989 2319 2112 2350 obiecta
2127 2319 2154 2349 *.

1543 2364 1556 2375 6

1039 2499 1357 2542 ARTICULUS
1387 2499 1654 2542 SEPTIMUS

591 2589 745 2620 UTRUM
770 2589 927 2621 VOTUM
951 2590 1286 2622 SOLEMNIZETUR
1309 2592 1390 2622 PER
1414 2591 1744 2622 SUSCEPTIONEM
1768 2590 1891 2622 SACRI
1916 2591 2105 2622 ORDINIS.

829 2634 886 2664 ET
909 2635 992 2665 PER
1015 2634 1341 2667 PROFESSIONEM
1366 2636 1424 2666 AD
1449 2635 1631 2667 CERTAM
1654 2635 1865 2666 REGULAM

806 2712 839 2736 IV
859 2713 941 2742 Sene„
962 2713 1021 2738 dist.
1038 2721 1139 2742 xxxvur,
1159 2721 1203 2746 qu.
1222 2721 1239 2743 ι,
1258 2719 1305 2739 art.
1327 2721 1350 2743 2.
1370 2714 1420 2746 qu⁸
1440 2714 1470 2745 3;
1492 2714 1589 2744 Quodl.
1610 2714 1650 2745 111,
1669 2722 1714 2746 qu.
1733 2721 1777 2744 vn,
1797 2719 1844 2739 art.
1866 2720 1888 2739 1.

291 2801 353 2843 7:225?
380 2812 446 2849 ''ff-i
469 2802 493 2828 n
513 2802 693 2828 saprnwm
711 2802 766 2828 810
780 2802 1020 2829 moeson-ua.
1040 2792 1199 2830 Videtur
1216 2792 1321 2842 quod

283 2833 442 2900 iij-d
469 2850 606 2881 votum
626 2855 704 2880 non
732 2844 999 2882 solemnizetur
1017 2857 1086 2893 per
1113 2846 1322 2894 susceptio-

278 2896 397 2947 ’,βῆς
410 2879 441 2933 f
471 2907 562 2933 nem
591 2895 687 2933 sacri
715 2896 868 2934 ordinis.
890 2905 926 2934 et
952 2909 1021 2946 per
1043 2898 1321 2946 professionem

318 2921 377 2971 ζ’
411 2938 461 2980 Ἃ
471 2948 520 2986 ad
558 2954 699 2985 certam
728 2950 908 2997 regulam.
945 2950 1088 2987 Votum
1127 2950 1250 2998 enirn,
1279 2958 1323 2988 ut

260 3001 402 3040 dictum
432 3008 488 3038 est
505 3000 526 3023 ¹⁸¹
528 3001 760 3050 ‚promissio
798 3003 884 3039 Deo
912 3002 1009 3040 facta
1039 3010 1104 3040 est.
1142 3004 1200 3040 Ea
1226 3015 1320 3041 vero

260 3067 358 3104 quae
379 3054 538 3092 exterius
556 3062 718 3103 aguntur
735 3055 785 3092 ad
808 3054 1084 3093 solemnitatem
1098 3056 1322 3105 pertinentia

259 3120 338 3145 non
356 3107 535 3151 videntur
553 3107 719 3146 ordinari
738 3108 789 3146 ad
811 3109 951 3156 Deum,
972 3109 1040 3147 sed
1055 3108 1103 3146 ad
1129 3109 1319 3147 homines.

259 3161 362 3209 Ergo
399 3172 468 3209 per
503 3160 678 3198 accidens
710 3173 751 3198 se
779 3161 921 3198 habent
957 3162 1006 3199 ad
1041 3168 1190 3199 votum.
1229 3163 1320 3199 Non

260 3224 349 3262 ergo
387 3212 606 3250 solemnitas
642 3213 726 3251 talis
753 3221 810 3251 est
836 3215 990 3264 propria
1027 3215 1193 3252 conditio
1228 3215 1319 3253 voti.

313 3277 349 3304 2.
378 3267 619 3315 Pal-emm,
649 3267 740 3304 illud
777 3267 883 3316 quod
910 3268 1072 3317 pertinet
1105 3268 1154 3306 ad
1192 3268 1321 3306 condi—

258 3319 403 3358 tionem
445 3319 602 3357 alicuius
642 3319 716 3368 rei,
749 3319 900 3358 videtur
939 3333 1053 3371 posse
1101 3329 1319 3370 competere

260 3372 438 3411 omnibus
474 3372 545 3410 illis
581 3372 619 3410 in
647 3372 785 3422 quibus
819 3385 879 3410 res
905 3373 967 3412 illa
997 3374 1198 3412 invenitur.
1241 3375 1319 3413 Sed

258 3426 378 3475 multa
403 3433 564 3475 possunt
601 3425 671 3463 sub
699 3433 792 3462 voto
822 3426 957 3464 cadere
993 3439 1093 3476 quae
1121 3439 1200 3464 non
1235 3439 1320 3477 per-

259 3478 379 3521 tinent
411 3490 538 3529 neque
572 3479 620 3516 ad
650 3490 800 3515 sacrum
829 3479 1020 3527 ordinem,
1049 3492 1175 3529 neque
1209 3480 1320 3529 perti-

312 3607 341 3640 κ)
354 3609 502 3641 pertnent.
514 3622 533 3629 —
551 3609 613 3635 Om.
631 3608 798 3634 ADGHLsC.

1376 2800 1466 2830 nent
1486 2799 1503 2815 ²
1531 2793 1580 2830 ad
1617 2793 1783 2842 aliquam
1820 2801 1962 2830 certam
1997 2794 2184 2840 regulam:
2216 2793 2310 2830 sicut
2348 2806 2435 2830 cum

1375 2846 1459 2894 quis
1486 2853 1605 2883 vovet
1622 2867 1624 2870 ·
1641 2845 2006 2894 peregrinationem,
2036 2853 2100 2882 aut
2133 2845 2275 2894 aliquid
2308 2846 2437 2883 huius·

1375 2898 1493 2935 modi.
1532 2899 1633 2946 Ergo
1671 2898 1890 2935 solemnitas
1927 2910 2027 2946 quae
2061 2899 2104 2935 fit
2131 2898 2170 2935 in
2198 2899 2437 2947 susceptione

1375 2951 1470 2988 sacri
1498 2950 1640 2988 ordinis
1667 2951 1729 2988 vel
1748 2951 1786 2988 in
1804 2951 2058 3000 promissione
2078 2949 2094 2980 β
2122 2959 2244 2988 certae
2274 2953 2435 3000 regulae,

1375 3016 1454 3041 non
1481 3003 1643 3052 pertinet
1670 3004 1719 3041 ad
1748 3003 2006 3041 conditionem
2033 3003 2126 3041 voti.

1430 3058 1464 3094 3.
1494 3057 1736 3105 PRAETEREA,
1765 3064 1903 3094 votum
1939 3057 2111 3094 solemne
2146 3056 2249 3094 idern
2285 3057 2438 3094 videtur

1376 3121 1458 3146 esse
1486 3110 1591 3158 quod
1610 3117 1747 3147 votum
1771 3110 1981 3159 publicum.
2012 3110 2088 3147 Sed
2107 3110 2228 3147 multa
2256 3110 2329 3147 alia
2347 3118 2438 3148 vota

1374 3172 1533 3211 possunt
1559 3163 1643 3200 fieri
1671 3162 1709 3200 in
1736 3163 1890 3212 publico
1909 3175 2026 3212 quam
2045 3170 2181 3200 votum
2205 3163 2311 3211 quod
2331 3163 2437 3201 emit-

1374 3215 1462 3252 titur
1489 3215 1527 3252 in
1556 3215 1797 3265 susceptione
1826 3216 1921 3253 sacri
1942 3215 2083 3253 ordinis
2110 3216 2172 3253 vel
2199 3216 2436 3264 professione

1375 3276 1498 3306 certae
1519 3269 1688 3317 regulae:
1720 3276 1755 3306 et
1774 3269 1994 3307 huiusmodi
2019 3269 2139 3306 etiarri
2162 3275 2254 3305 vota
2275 3277 2437 3317 possunt

1373 3322 1455 3359 fieri
1473 3321 1512 3359 in
1532 3322 1692 3359 occulto.
1724 3323 1826 3370 Ergo
1855 3335 1933 3359 non
1953 3322 2079 3359 solum
2106 3320 2327 3359 huiusmodi
2345 3329 2436 3359 vota

1375 3382 1462 3413 sunt
1488 3374 1686 3412 solemnia.
1771 3407 1774 3409 ,

1430 3428 1505 3465 SED
1533 3439 1680 3465 coum
1706 3439 1773 3465 EST
1799 3427 1907 3476 quod
1943 3427 2069 3464 solum
2096 3426 2318 3464 huiusmodi
2344 3434 2436 3464 vota

1376 3480 1589 3531 impediunt
1625 3480 1909 3518 matrimonium
1947 3479 2251 3517 contrahendum
2280 3486 2316 3517 et
2348 3479 2434 3517 diri-

1427 3608 1455 3643 β)
1468 3610 1656 3643 promissione.
1668 3624 1687 3629 -
1700 3610 1867 3643 professione
1885 3609 2048 3635 PDGHsCK.

2467 1177 2477 1187 ⁸
2491 1176 2527 1197 Cf.
2543 1182 2606 1198 num.
2622 1183 2645 1198 ιι.

2469 1967 2475 1974 ·
2498 1965 2574 1992 Ibid.,
2594 1966 2680 1987 Poeni-

2467 1993 2540 2013 tentia
2557 1994 2642 2014 autem.

2466 2318 2475 2327 ⁸
2491 2316 2561 2338 Num.
2580 2323 2595 2338 ι.
