2860 4238
69 477 79 487 ⁸
94 476 161 503 Resp.
176 475 204 497 ad
218 482 238 504 3.

69 562 144 584 ⁸·ru11.
151 562 278 590 deRepubl.

68 589 108 611 lib.
123 588 163 610 1V.

65 957 136 1013 ’ἰὺἓέ
157 955 276 1006 fflml'mae

214 1014 217 1017 ,
255 1000 272 1020 4ι

32 1015 33 1018 “
63 1012 274 1094 &aff-¹2²3&

52 1070 106 1094 tib.
145 1077 274 1100 ,esp-xxiv.

245 1133 275 1156 de

159 1133 222 1156 Tun.

169 1160 202 1183 ib.
223 1160 256 1183 m

58 3303 124 3331 Ὧν.
134 3302 267 3332 Qud&

983 224 1250 270 QUAESTIO
1280 224 1420 272 CXIII,
1449 225 1746 263 ARTICULUS
1776 227 1807 263 11

306 300 381 331 Non
400 306 451 331 ‘est
477 310 552 340 ergo
575 299 652 331 fides
676 300 762 332 idem
784 301 873 342 quod
896 301 1018 332 veritas.
1047 319 1067 323 -
1097 302 1139 332 Et
1166 301 1370 333 confirmatur
1394 306 1396 321 ³

306 343 370 375 hoc
391 353 428 374 ex
451 344 623 384 oppositis:
660 345 735 385 quia
762 344 880 376 scilicet
901 345 1022 376 veritati
1049 345 1226 385 opponitur
1254 346 1369 377 directe
1394 382 1395 385 Ἰ

307 387 526 423 mendacium;
549 387 624 419 fidei
646 395 754 420 autem
777 389 891 420 directe
915 388 1090 429 opponitur
1113 389 1289 420 infidelitas.

361 431 396 462 In
418 432 606 494 oppositum
629 439 736 464 autem
760 438 806 464 est
833 432 1001 464 auctoritas
1023 433 1143 464 litterae
1167 434 1311 474 superius
1335 434 1367 464 in

307 485 362 515 qu.
378 485 458 507 cxxx
491 499 500 506 .

360 519 500 551 Secundi
521 530 596 551 vero
621 519 708 551 dubii
731 519 810 551 ratio
840 527 887 551 est
911 521 987 561 quia
1015 521 1092 552 fides
1116 528 1162 552 est
1193 531 1257 562 qua
1275 522 1369 562 fiunt
1393 532 1395 537 ·

304 562 388 595 dicta
403 563 430 595 ³¹⁸.
455 563 521 598 Sed
540 564 650 595 omnia
671 570 808 604 possunt
822 563 895 595 dici.
917 565 1003 604 Ergo
1019 564 1128 596 omnia
1150 572 1286 605 possunt
1300 576 1367 597 esse
1392 591 1394 606 Ξ

304 607 434 639 materia
456 606 538 639 fidei.
563 622 585 631 -
605 608 778 644 Praeterea,
802 617 1024 649 quaecumque
1047 616 1183 650 possunt
1206 610 1366 649 promitti,
1392 618 1393 648 j

1391 654 1393 661 ’
1418 652 1544 695 stulta);
1569 654 1602 684 in
1625 654 1838 685 verificatione
1861 661 1969 685 autem
1990 654 2069 686 fides
2090 655 2160 695 ipsa
2183 655 2336 686 consistit.

303 658 440 690 possunt
460 657 528 682 esse
551 651 680 682 materia
702 651 785 683 fidei.
811 651 872 682 Sed
886 662 983 683 omne
1006 653 1157 693 possibile
1175 652 1240 683 fieri
1257 654 1296 683 ab
1311 654 1367 684 ali-

303 704 380 735 quo,
404 701 511 734 potest·
529 695 683 735 promitti.
706 695 781 727 Non
797 704 872 735 ergo
896 702 943 727 est
965 697 1097 737 aliquod
1121 704 1242 728 certum
1265 707 1366 737 genus

304 748 417 770 eorum
438 748 523 778 quse
545 746 620 770 sunt
639 739 773 770 materis
794 739 878 770 fidei.

358 782 393 812 In
416 782 604 822 oppositum
623 790 731 814 autem
746 790 794 814 est
816 783 890 824 quia
906 784 1048 824 specialis
1064 785 1163 816 virtus
1178 785 1272 816 habet
1295 794 1364 825 spe·
1388 803 1390 827 2

1388 838 1390 846 ¹
1413 829 1568 868 gratuitae
1584 839 1640 859 seu
1656 830 1851 860 voluntariae
1867 830 2082 870 promissioni,
2098 830 2182 861 tollit
2200 830 2320 861 morale
2336 830 2479 861 debitum

1388 881 1389 892 ¹
1414 872 1497 903 fidei.
1522 873 1564 903 Et
1582 880 1749 913 propterea
1765 874 1790 904 si
1805 874 1877 914 quis
1893 874 1934 910 vi,
1950 881 2037 905 metu
2054 881 2110 905 aut
2128 875 2205 905 dolo
2222 874 2383 914 promisit;
2404 884 2479 906 cum

301 911 424 945 fideles:
447 913 534 945 iuxta
555 914 637 946 illud
658 914 744 946 Atrei
766 915 800 946 in
821 918 920 948 Accio
945 923 1055 957 poeta:
1079 917 1191 958 Neque
1208 917 1292 953 dedi,
1309 926 1362 947 ne·
1387 947 1389 954 ,

301 957 424 998 924840
447 958 569 999 nfideli
585 959 690 999 fidem
705 959 732 990 *.
749 976 770 991 -.·
788 960 966 997 Praeterea,
991 960 1078 991 fides*
1096 971 1162 991 non
1187 967 1233 990 est
1255 961 1294 990 ad
1317 960 1362 991 la·
1386 987 1388 1000 ,

1386 1002 1388 1028 3
1413 1011 1501 1035 ctum
1524 1015 1631 1036 suum.
1654 1005 1728 1036 Non
1745 1005 1830 1035 enim
1847 1015 1975 1036 morum
1998 1006 2147 1037 honestas
2170 1006 2264 1046 exigit
2287 1013 2323 1037 ut
2344 1006 2479 1045 gratuita

1386 1056 1387 1059 ’
1412 1048 1489 1079 fiant
1512 1056 1629 1080 coacte.
1661 1049 1726 1080 Nec
1750 1049 1906 1079 honestati
1932 1050 2079 1080 convenit
2108 1057 2144 1080 ut
2175 1060 2211 1080 ex
2239 1050 2406 1091 iniquitate
2430 1059 2478 1080 re-

302 824 414 857 cialem
428 826 609 857 materiam.
641 826 734 858 Fides
757 834 863 859 autem
890 835 937 859 est
961 828 1104 868 specialis
1126 829 1234 860 virtus.
1268 829 1362 868 Ergo.

312 884 313 887 ¹
354 869 461 901 Tertii
481 876 589 901 autem
612 871 700 902 dubii
723 871 802 902 ratio
825 879 872 903 est
894 872 969 912 quia
992 872 1069 903 fides
1093 883 1159 904 non
1183 879 1230 904 est
1252 873 1292 903 ad
1314 873 1361 902 in-

300 1007 417 1038 trones,
436 1008 473 1033 ‚et
494 1002 711 1035 universaliter
733 1004 773 1034 ad
796 1010 1017 1047 extorquentes
1040 1004 1080 1040 vi,
1097 1011 1185 1035 metu
1207 1011 1262 1035 aut
1283 1004 1361 1034 dolo

301 1045 544 1086 promissiones:
569 1053 605 1077 ut
626 1054 713 1087 patet
735 1057 772 1078 ex
795 1048 915 1084 Tullio,
939 1048 971 1079 in
995 1048 1008 1079 1
1031 1048 1070 1079 de
1089 1047 1185 1088 Offic.
1204 1047 1222 1068 *

311 1111 313 1114 .
358 1089 395 1120 In
422 1090 617 1122 contrarium
649 1097 755 1122 autem
789 1099 835 1123 est
855 1094 931 1133 quia

299 1221 475 1253 convivere.
492 1222 561 1253 *Sed
583 1231 659 1265 cum
674 1222 824 1254 omnibus
840 1223 993 1264 contingit
1015 1224 1192 1255 convivere.
1215 1224 1300 1264 Ergo
1320 1224 1360 1255 ad

299 1265 591 1309 omnam-fides.

275 1311 289 1313 ⁴
308 1310 331 1341 ’ᾖ
356 1309 475 1348 Quarti
491 1310 635 1341 :demum
658 1310 746 1342 dubii
768 1311 848 1342 ratio
872 1319 919 1343 est
947 1311 1023 1353 quia
1045 1322 1166 1343 servare
1193 1311 1290 1342 fidem
1314 1318 1361 1343 est

297 1353 338 1385 de
357 1360 535 1394 praecepto
562 1353 641 1385 iuris
669 1361 808 1386 naturae.
840 1357 938 1394 Quod
963 1363 1072 1387 autem
1103 1362 1150 1387 est
1175 1355 1362 1387 huiusmodi

297 1397 417 1438 obligat
439 1398 478 1430 de
500 1398 691 1436 necessitate.
715 1401 763 1430 Ac
786 1410 843 1440 per
863 1401 935 1436 hoc,
960 1400 986 1430 si
1009 1410 1074 1431 non
1099 1399 1166 1436 fiat,
1190 1399 1360 1431 incurritur
1384 1434 1385 1437 Ἰ

296 1447 473 1482 mentum«
486 1442 630 1473 mortale.
652 1459 674 1466 -
696 1443 867 1481 Praeterea,
890 1443 1057 1475 infidelitas
1076 1444 1159 1475 tollit
1177 1444 1359 1475 convictum
1383 1441 1385 1474 f

296 1484 454 1519 societatis
474 1485 651 1517 humanae:
674 1487 829 1527 quoniam
851 1488 911 1519 nisi
933 1487 1030 1518 fidem
1053 1488 1112 1519 sibi
1135 1487 1269 1518 invicem
1295 1498 1357 1519 ser·
1383 1487 1385 1528 ξ

1383 1531 1384 1540 ’
1410 1533 1577 1573 dupliciter
1600 1533 1714 1573 aliquis
1737 1533 1776 1563 ab
1798 1532 1981 1564 infidelitate
2005 1541 2179 1570 excusatur,
2204 1541 2240 1564 ut
2261 1534 2305 1564 ibi
2328 1541 2424 1574 patet.

295 1535 415 1566 ment,
438 1529 676 1562 hominesnon
698 1539 828 1571 possent
850 1532 1026 1563 convivere.
1050 1532 1135 1572 Ergo
1152 1532 1359 1563 contrariatur

297 1573 431 1609 mxima,
453 1584 519 1615 qua
539 1574 657 1611 homo,
681 1575 800 1607 animal
822 1576 954 1612 sociale,
978 1576 1071 1606 debet
1093 1586 1167 1606 cum
1189 1575 1258 1606 aliis
1282 1585 1357 1607 con-

295 1617 418 1652 vivere:
446 1628 484 1650 ac
511 1628 568 1659 per
589 1618 668 1653 hoc,
693 1619 868 1660 opponitur
892 1619 1011 1651 caritati
1033 1627 1190 1660 quantum
1218 1620 1257 1650 ad
1281 1619 1357 1650 dile-

297 1661 435 1695 monem
454 1662 602 1702 proximi.
619 1662 704 1702 Ergo
719 1670 766 1694 est
781 1669 947 1704 peccatum
963 1664 1095 1694 mortale
1110 1673 1148 1694 ex
1163 1673 1222 1695 suo
1234 1673 1359 1703 genere.

352 1705 388 1736 In
411 1706 599 1747 oppositum
622 1713 670 1737 est
694 1707 769 1747 quia
797 1708 932 1748 simplex
956 1708 1126 1748 promissio
1150 1718 1216 1738 non
1239 1708 1359 1748 obligat
1382 1722 1384 1726 ·

296 1751 548 1786 mluecoesitnoe,
570 1751 627 1781 sed
650 1751 689 1781 de
711 1751 885 1783 honestate.
909 1753 983 1783 Non
1004 1758 1050 1783 est
1073 1762 1147 1791 ergo
1171 1752 1357 1783 huiusmodi
1382 1762 1384 1790 ζ

1382 1801 1384 1831 ἒ
1410 1798 1512 1828 multa
1527 1797 1602 1828 vitia
1621 1797 1754 1837 opponi,
1771 1798 1948 1828 secundum
1965 1797 2105 1829 diversos
2120 1798 2235 1828 modos
2251 1798 2476 1837 corrumpendi

294 1793 462 1826 infidelitas
484 1795 627 1831 mortale,
651 1796 706 1825 sed
728 1796 849 1827 veniale
871 1802 1048 1837 peccatum.

351 1838 403 1870 IV.
427 1839 479 1870 Ad
496 1838 614 1869 horum
629 1839 827 1877 evidentiam,
845 1840 1008 1872 sciendum
1025 1846 1071 1871 est
1089 1840 1179 1880 quod
1197 1839 1274 1870 fides
1293 1850 1356 1881 qua

283 1882 377 1924 fiunt
398 1882 495 1920 dicta,
519 1882 558 1913 de
582 1893 646 1924 qua
669 1890 715 1914 est
737 1894 852 1921 sermo,
876 1884 1013 1915 sumitur
1035 1883 1214 1924 tripliciter:
1240 1884 1355 1924 primo,

294 1933 332 1958 ut
353 1936 390 1957 ex
413 1926 519 1957 debito
543 1927 635 1967 legali
656 1937 711 1958 seu
738 1928 819 1959 civili
843 1928 954 1969 implet
977 1927 1141 1968 promissa,
1158 1927 1244 1958 iuxta
1259 1928 1359 1958 Tullii
1383 1942 1384 1951 π

295 1969 523 2007 definitionem,
542 1971 576 2001 in
599 1971 666 2002 Ide
684 1971 778 2013 Osfic.
793 1972 820 2009 *,
843 1973 939 2004 Fides
954 1978 1001 2003 est
1019 1972 1175 2003 dictorum
1191 1978 1357 2003 convento·

295 2024 431 2056 rumque
449 2016 628 2046 constantia
651 2021 682 2046 et
705 2018 823 2048 veritas
830 2025 843 2054 ,·
866 2017 1016 2052 secundo,
1042 2023 1077 2047 ut
1100 2026 1136 2046 ex
1160 2016 1266 2047 debito
1290 2026 1358 2047 mo-

293 2059 351 2090 rali
373 2059 486 2100 implet
507 2059 676 2100 promissa;
699 2060 802 2097 tertio,
827 2067 863 2091 ut
885 2071 921 2092 ex
937 2060 1044 2091 debito
1067 2060 1179 2100 implet
1202 2061 1357 2101 promissa
1382 2092 1383 2099 ἵ

293 2113 360 2134 non
384 2103 624 2134 determinando
647 2104 740 2144 quale
764 2104 804 2135 sit
826 2104 905 2135 illud
928 2104 1085 2140 debitum,
1110 2114 1150 2134 an
1174 2105 1293 2135 morale
1318 2115 1357 2135 an
1382 2135 1383 2138 ,

294 2147 394 2178 civile.
418 2147 460 2178 Et
482 2147 507 2177 si
532 2147 635 2188 primo
659 2148 759 2178 modo
783 2149 919 2180 sumitur
941 2147 1032 2184 fides,
1056 2158 1122 2178 non
1146 2155 1192 2178 est
1215 2149 1356 2188 specialis

292 2190 402 2228 virtus,
417 2191 472 2222 sed
489 2191 638 2222 coincidit
654 2202 727 2222 cum
744 2192 872 2223 diversis
886 2192 1071 2223 virtutibus:
1096 2192 1250 2222 servando
1266 2203 1355 2223 nam-

293 2245 356 2277 que
367 2236 572 2276 promissum,
586 2235 642 2276 qui
657 2236 758 2267 reddit
773 2237 916 2268 debiturn
932 2236 1088 2272 creditori,
1102 2236 1237 2266 iustitiae
1250 2243 1356 2267 actum
1381 2255 1383 2261 ‹

293 2287 429 2315 exercet:
454 2280 510 2320 qui
533 2279 644 2319 implet
666 2280 898 2317 iusiurandum,
923 2281 1083 2320 religionis
1098 2291 1181 2320 opus
1205 2281 1356 2321 complet.

292 2324 442 2355 Similiter
464 2324 490 2354 si
512 2324 603 2354 tertio
627 2325 726 2355 modo
750 2325 902 2361 sumitur,
927 2335 993 2355 non
1016 2332 1061 2354 est
1092 2325 1186 2355 unius
1214 2325 1356 2364 specialis
1381 2337 1383 2356 s

290 2368 414 2400 virtutis
431 2378 559 2404 nomen,
577 2368 632 2398 sed
656 2379 828 2399 commune
845 2379 963 2399 nomen
980 2375 1026 2399 est
1050 2368 1088 2398 ad
1105 2378 1235 2399 omnem
1259 2368 1355 2399 fidem

291 2422 356 2454 qua
379 2412 459 2443 fiunt
483 2412 573 2442 dicta.
599 2412 746 2443 Secundo
762 2420 870 2444 autem
886 2413 985 2443 modo
1003 2413 1028 2442 si
1046 2419 1199 2449 sumatur,
1218 2420 1264 2443 est
1287 2423 1356 2453 spe-

292 2456 377 2488 cialis
392 2456 515 2486 virtutis
530 2456 658 2486 moralis
675 2466 810 2487 nomen:
834 2456 987 2497 significat
1004 2456 1087 2486 enim
1104 2456 1253 2487 virtutem
1268 2457 1356 2487 illam

291 2511 356 2542 qua
378 2501 478 2531 homo
502 2501 581 2530 bene
605 2510 637 2530 se
653 2501 747 2531 habet
762 2502 801 2531 ad
817 2502 951 2532 alterum
975 2501 1006 2531 in
1031 2501 1092 2531 hoc
1116 2501 1205 2541 quod
1228 2501 1302 2532 facit
1322 2508 1357 2532 ut

291 2545 378 2580 dixit,
396 2545 428 2575 in
447 2544 496 2575 his
519 2545 560 2575 ad
583 2554 664 2585 quae
689 2555 754 2575 non
770 2553 895 2577 tenetur
918 2555 954 2576 ex
970 2545 1077 2576 debito
1096 2545 1200 2585 legali,
1217 2546 1271 2576 sed
1286 2555 1356 2576 mo-

292 2589 348 2620 rali
372 2595 506 2619 tantum.
531 2591 630 2619 Actus
653 2599 791 2630 namque
814 2589 872 2620 iste
896 2590 1055 2620 humanus
1075 2589 1180 2619 bonus
1195 2589 1358 2621 moraliter

291 2639 348 2669 est,
365 2632 533 2673 specialem
552 2632 670 2663 habens
685 2633 824 2670 laudem,
842 2644 878 2664 ex
894 2634 956 2664 hoc
971 2634 1042 2674 ipso
1066 2633 1156 2674 quod
1174 2632 1249 2664 facit
1267 2635 1357 2674 quod

291 2677 377 2712 dixit,
393 2683 513 2707 servata
528 2677 631 2707 debita
647 2677 777 2707 materia
795 2684 826 2708 et
841 2676 1094 2714 circumstantiis;
1115 2683 1146 2708 et
1164 2677 1204 2708 ad
1222 2677 1358 2708 alterum

292 2727 354 2757 est;
379 2730 437 2751 nec
460 2730 497 2750 ex
512 2720 617 2763 debito
639 2727 687 2751 est
701 2721 783 2751 civili
806 2720 906 2764 (unde
926 2732 991 2752 non
1011 2727 1118 2761 potest
1132 2721 1203 2761 cogi
1219 2732 1238 2751 a
1252 2721 1357 2753 iudice

292 2765 318 2796 si
334 2774 399 2795 non
419 2764 493 2795 facit
511 2764 599 2805 quod
618 2763 718 2806 dixit),
736 2765 791 2795 sed
812 2775 848 2796 ex
868 2766 974 2796 debito
995 2765 1108 2796 morali
1127 2765 1271 2804 procedit
1290 2765 1357 2796 sine

291 2818 358 2850 quo
382 2808 479 2839 moris
502 2808 650 2839 honestas
678 2818 743 2839 non
767 2809 919 2845 salvatur;
952 2819 1044 2845 nam,
1067 2809 1218 2839 violando
1241 2809 1356 2846 fidem,

293 2863 359 2884 non
382 2859 476 2883 restat
505 2852 603 2882 moris
626 2852 793 2890 honestas,
818 2860 853 2883 ut
876 2860 971 2893 patet.
1004 2853 1044 2883 Et
1066 2861 1232 2892 propterea
1263 2854 1358 2894 exigit

292 2897 460 2938 specialem
483 2896 642 2932 virtutem,
668 2896 849 2927 adiunctam
872 2896 1020 2927 iustitiae.

347 2940 480 2972 Videtur
504 2947 611 2971 autem
633 2939 732 2970 virtus
755 2940 812 2970 ista
837 2941 947 2971 eadem
979 2950 1045 2970 esse
1068 2940 1176 2970 virtuti
1198 2941 1355 2978 veritatis,
1381 2965 1383 2968 .

292 2995 329 3016 ea
351 2985 472 3015 ratione
497 2984 573 3025 quia
597 2983 739 3014 eiusdem
763 2985 861 3014 moris
885 2994 952 3014 esse
974 2984 1099 3014 videtur
1123 2990 1158 3014 ut
1180 2984 1281 3014 homo
1305 2995 1357 3015 ve-
1381 3003 1383 3010 x

292 3039 365 3070 rutn
388 3029 480 3064 dicat,
505 3035 536 3059 et
558 3035 594 3058 ut
616 3028 698 3059 dicta
711 3027 858 3059 verificet.
882 3028 1028 3059 Veritatis
1044 3027 1163 3068 quippe
1181 3034 1228 3058 est
1245 3038 1357 3059 verum

293 3073 411 3104 dicere:
435 3072 508 3102 fidei
524 3082 599 3103 vero
615 3072 737 3103 dictum
752 3072 920 3103 verificare.
946 3072 1038 3103 Unde
1058 3079 1088 3102 et
1110 3071 1238 3102 Tullius
1260 3071 1357 3103 fidem

293 3127 349 3158 per
370 3116 534 3148 veritatem
561 3115 686 3153 definit,
711 3117 845 3147 dicendo
865 3117 955 3157 quod
978 3123 1024 3146 est
1046 3116 1202 3146 dictorum
1227 3117 1354 3147 veritas.

294 3161 395 3192 Cuius
419 3160 547 3201 signum
570 3167 616 3190 est
638 3161 727 3201 quod
750 3170 880 3191 veraces
902 3160 974 3191 illos
997 3159 1195 3200 appellamus
1218 3160 1274 3200 qui
1297 3161 1356 3191 im-

292 3205 382 3246 plent
405 3205 493 3245 quod
517 3204 635 3235 dicunt.
658 3204 800 3235 Vocatur
823 3214 897 3244 ergo
913 3204 1011 3235 virtus
1030 3203 1166 3234 veritatis
1185 3203 1272 3241 fides,
1297 3215 1355 3245 pro

292 3255 414 3291 quanto
438 3256 484 3280 est
507 3248 700 3288 principium
722 3247 902 3279 verificandi
926 3249 1018 3279 dicta.
1049 3248 1090 3278 Et
1119 3255 1287 3288 propterea
1311 3249 1356 3278 di-
1381 3265 1382 3291 ;

1381 3294 1382 3298 ’
1409 3293 1498 3333 patet'
1510 3302 1546 3323 ex
1569 3291 1657 3322 dictis
1672 3291 1707 3328 *;
1731 3291 1774 3322 ita
1798 3301 1834 3322 ex
1857 3298 1944 3331 parte
1959 3291 2043 3321 illius
2070 3291 2120 3321 cui
2143 3291 2294 3320 servanda
2318 3298 2364 3321 est
2379 3290 2467 3322 fides.

293 3300 381 3325 ctum
395 3293 413 3312 '⁴‘
436 3299 482 3323 cst
504 3293 592 3333 quod
615 3292 692 3323 fides
712 3292 871 3324 reducitur
893 3292 932 3322 ad
954 3292 1128 3323 veritatem.
1144 3309 1162 3315 —
1185 3295 1284 3323 Actus
1300 3303 1355 3323 au-

293 3345 358 3369 tem
374 3337 521 3378 proprius
542 3337 620 3372 eius,
637 3343 672 3367 ut
696 3336 749 3372 sic,
766 3347 832 3367 non
853 3343 899 3367 est
914 3346 986 3367 vere
1002 3336 1185 3376 significare,
1202 3337 1253 3367 hic
1269 3337 1355 3367 enim

295 3388 341 3412 est
368 3388 455 3412 actus
484 3380 633 3421 proprius
662 3380 816 3411 veritatis:
851 3381 906 3411 sed
934 3387 979 3411 est
1009 3379 1166 3410 verificare
1193 3381 1282 3420 quod
1308 3381 1354 3411 di-
1380 3402 1381 3414 ¹

1380 3419 1381 3430 ¹
1407 3425 1447 3454 ad
1474 3425 1500 3454 3.
1534 3424 1575 3454 Et
1598 3424 1659 3454 hoc
1682 3423 1750 3454 vult
1773 3423 1909 3453 Tullius.
1939 3440 1960 3446 --
1989 3423 2030 3453 Et
2052 3422 2193 3453 similiter
2216 3423 2242 3452 si
2264 3422 2398 3452 infidelis
2422 3430 2468 3453 est

295 3432 382 3456 ctum
410 3432 466 3455 est.

352 3469 445 3500 Unde
459 3474 546 3509 patet
569 3469 658 3508 quod
681 3468 810 3499 materia
834 3467 901 3498 eius
925 3467 1052 3508 propria
1069 3474 1114 3498 est
1129 3467 1258 3498 materia
1282 3478 1354 3508 pro·

295 3513 472 3543 missionis:
502 3513 545 3543 ita
560 3513 648 3553 quod
671 3512 827 3552 quidquid
843 3522 908 3542 non
925 3518 1030 3551 potest
1046 3521 1112 3542 esse
1134 3511 1264 3542 materia
1279 3521 1352 3551 pro·
1379 3539 1380 3544 ,

1378 3553 1381 3584 ἰ
1407 3565 1504 3596 quam
1529 3555 1660 3586 dolosus
1684 3561 1820 3585 meretur
1844 3564 1909 3584 non
1932 3554 1990 3584 sibi
2014 3555 2126 3585 servari
2150 3554 2261 3585 fidem:
2286 3562 2330 3591 ut,
2348 3555 2373 3585 si
2397 3565 2466 3584 mu-

295 3556 465 3595 missionis,
489 3556 584 3596 longe
603 3557 690 3587 abest
709 3567 726 3586 a
742 3555 871 3587 materia
889 3555 971 3586 fidei.
997 3556 1072 3592 Quo
1088 3555 1123 3586 fit
1146 3562 1181 3586 ut
1196 3555 1353 3596 quidquid

949 1092 1038 1133 fides
1060 1093 1154 1122 etiam
1183 1092 1265 1123 hosti
1294 1101 1361 1122 ser·
1386 1125 1387 1129 Ἰ

301 1133 407 1164 vanda
428 1139 497 1173 est,
521 1140 557 1165 ut
578 1134 692 1169 dicitur
713 1135 831 1172 XXIII,
855 1146 909 1177 qu.
933 1145 962 1172 1,
987 1145 1054 1175 cap.
1077 1136 1156 1167 Noli
1173 1136 1200 1166 *.
1224 1152 1246 1159 -
1268 1136 1360 1166 Prae·
1385 1135 1387 1157 ἕ

266 1177 273 1188 ’
300 1184 394 1214 terea,
410 1177 471 1209 nisi
494 1185 575 1209 esset
592 1177 671 1209 fides
693 1185 805 1210 mutua
827 1180 909 1211 inter
931 1179 1088 1216 homines,
1104 1190 1171 1210 non
1193 1189 1360 1220 possemus
1385 1200 1386 1216 3

2403 229 2481 275 439

1423 310 1477 334 aut
1507 303 1628 334 malum
1652 310 1707 334 aut
1736 303 1864 334 maioris
1888 303 1964 334 boni
1994 303 2217 344 impeditivum
2245 311 2307 340 est,
2332 305 2391 335 sub
2421 304 2482 335 fide

1423 347 1532 377 cadere
1555 357 1621 378 non
1645 347 1754 387 possit.
1786 348 1918 387 Propter
1940 348 2029 388 quod
2052 347 2149 383 XXII,
2165 357 2220 388 qu.
2245 358 2276 378 rv
2294 348 2326 384 *,
2351 348 2480 379 dicitur:

1394 401 1395 404 ¹
1421 390 1461 420 In
1486 392 1580 422 malis
1597 392 1767 431 promissis
1785 392 1930 423 rescinde
1941 392 2057 432 fidem.
2082 391 2133 429 Et,
2157 392 2184 422 si
2213 391 2377 431 diligenter
2407 402 2481 422 con-

1421 434 1676 471 sideraverimus,
1702 436 1831 466 eosdem
1856 435 1948 475 exigit
1972 435 2103 466 comites
2117 434 2195 466 fides
2218 445 2300 476 quos
2323 436 2480 466 iuramen-

1393 474 1395 522 ξ
1419 485 1490 508 tum
1513 479 1777 519 promissorium:
1801 479 1946 510 videlicet
1968 479 2131 515 iustitiam,
2148 479 2303 510 iudicium
2327 486 2358 510 et
2370 479 2480 510 verita-

1418 529 1483 552 tem
1497 522 1524 553 *.
1549 523 1685 562 Oportet
1708 533 1846 564 namque
1869 524 1959 564 quod
1981 523 2161 554 faciendum
2177 530 2224 554 est
2245 533 2306 564 pro
2327 522 2390 554 fide
2419 533 2481 554 ser-

1418 567 1521 596 vanda
1545 577 1612 597 esse
1634 567 1772 603 iustum,
1796 567 1858 598 hoc
1884 574 1931 598 est
1958 577 2023 597 non
2047 567 2184 603 malum;
2209 577 2276 598 esse
2299 567 2480 604 discretum,

1419 610 1480 640 hoc
1504 617 1551 640 est
1581 610 1767 641 rationabile
1789 611 1845 653 (et
1873 610 1947 642 hinc
1976 611 2186 642 excluduntur
2214 611 2423 642 indifferentia
2439 618 2482 642 *et

1473 697 1515 728 Et
1541 699 1696 738 quoniam
1726 705 1792 729 tam
1822 699 1992 738 promissio
2016 709 2115 739 quam
2138 699 2206 730 eius
2230 697 2402 730 verificatio
2426 705 2480 730 vo*-

1389 747 1391 776 j
1416 741 1574 772 luntarius
1604 749 1692 773 actus
1720 750 1781 778 est;
1813 750 1843 774 et
1869 743 1991 783 primus
2015 743 2146 783 quidem
2172 743 2344 782 gratuitus,
2369 752 2480 773 secun-

1417 785 1476 815 dus
1500 795 1537 816 ex
1561 786 1674 816 morali
1697 787 1871 825 procedens
1895 787 2018 818 debito:
2047 787 2120 817 ideo
2143 786 2301 827 quidquid
2324 793 2480 826 repugnat

1413 917 1585 956 promissio
1615 917 1750 956 gratuita
1777 927 1843 948 non
1871 918 1982 955 fuerit,
2012 918 2158 959 quamvis
2184 918 2279 949 fuerit
2300 918 2479 948 voluntaria

1413 959 1592 1003 (loquendo
1615 962 1656 991 de
1677 961 1857 992 voluntario
1880 961 2008 1004 mixto);
2033 972 2098 992 non
2121 969 2246 994 tenetur
2260 961 2418 993 verificare
2434 962 2480 992 di-

1412 1098 1518 1133 portet
1540 1093 1613 1133 quis
1637 1093 1847 1124 commodum
1871 1093 1929 1124 sibi
1953 1094 2003 1124 vel
2027 1093 2107 1124 suis:
2132 1100 2305 1133 reportaret
2327 1101 2436 1125 autem
2451 1094 2477 1124 si

1411 1143 1570 1168 teneretur
1594 1143 1722 1167 coactus
1744 1137 1789 1173 vi,
1814 1144 1902 1168 metu
1926 1144 1980 1168 aut
2003 1137 2090 1173 dolo,
2114 1137 2246 1177 implere
2269 1138 2475 1177 promissum.

1468 1181 1507 1212 V.
1533 1181 1659 1218 Quibus
1678 1180 1762 1217 visis,
1786 1180 1967 1221 singillatim
1991 1181 2031 1212 ad
2053 1182 2256 1222 quaestiones
2271 1189 2375 1213 motas
2391 1182 2408 1201 *
2431 1182 2477 1212 di-

1412 1226 1550 1256 cendum
1565 1232 1621 1255 est.
1645 1225 1687 1256 Et
1709 1225 1749 1256 ad
1772 1225 1908 1265 primam
1932 1225 2062 1266 quidem
2082 1225 2196 1256 dicitur
2218 1226 2307 1266 quod
2330 1225 2407 1256 fides
2425 1236 2477 1256 co-

1384 1298 1386 1306 ,
1411 1269 1520 1300 incidit
1542 1269 1576 1299 in
1600 1269 1686 1299 idem
1709 1269 1811 1309 specie
1834 1275 1865 1300 et
1887 1278 2023 1301 numero
2039 1280 2114 1300 cum
2129 1269 2267 1306 veritate,
2293 1276 2324 1300 et
2346 1270 2415 1300 sola
2430 1280 2477 1299 ra-

1411 1313 1499 1344 tione
1525 1314 1564 1344 ab
1588 1323 1624 1343 ea
1653 1312 1771 1344 differt:
1801 1313 1957 1354 quoniam
1979 1313 2091 1344 veritas
2121 1313 2236 1345 dicitur
2267 1324 2326 1354 pro
2355 1320 2476 1354 quanto

1411 1357 1591 1388 conformat
1610 1357 1700 1396 signa
1715 1357 1844 1396 signatis
1867 1358 1953 1398 apud
1976 1367 2019 1394 se,
2044 1357 2122 1389 fides
2144 1365 2251 1389 autem
2275 1368 2334 1397 pro
2353 1364 2476 1398 quanto

1412 1401 1592 1432 conformat
1618 1400 1698 1432 facta
1728 1401 1828 1432 dictis.
1858 1401 1908 1432 Ab
1937 1404 2076 1433 Auctore
2107 1409 2214 1432 autem
2245 1412 2312 1432 non
2339 1402 2475 1432 omnino

1410 1445 1630 1486 praetermissa
1653 1452 1708 1476 oet.
1739 1445 1904 1482 Quoniam
1933 1453 1965 1476 et
1990 1445 2136 1485 superius
2154 1444 2170 1460 *¹
2197 1447 2236 1477 de
2263 1446 2475 1486 promissione

1411 1489 1646 1520 determinavit:
1675 1496 1707 1519 et
1727 1489 1761 1519 in
1785 1499 1840 1529 qu.
1861 1499 1914 1525 cx,
1939 1496 1995 1520 art.
2015 1491 2048 1526 3,
2073 1491 2114 1520 ad
2140 1491 2172 1526 5,
2196 1490 2364 1521 declaravit
2385 1490 2475 1530 quod

1465 1577 1516 1608 Ad
1544 1577 1681 1616 primam
1711 1584 1819 1608 autem
1848 1577 2060 1608 obiectionem
2090 1578 2124 1608 in
2147 1578 2334 1618 oppositum
2362 1578 2475 1609 dicitur

1382 1622 1515 1662 gquod,
1539 1621 1612 1651 licet
1635 1620 1840 1652 conformitas
1863 1621 1944 1661 signi
1966 1622 2007 1652 ad
2029 1621 2189 1662 signatum
2217 1629 2248 1653 et
2269 1621 2343 1652 facti
2366 1622 2406 1652 ad
2430 1622 2475 1652 di-

1410 1672 1497 1696 ctum
1526 1665 1590 1695 sint
1619 1664 1812 1696 diversarum
1842 1665 2002 1696 rationum
2030 1666 2062 1696 in
2090 1675 2204 1705 genere
2231 1673 2376 1702 naturae,
2401 1673 2476 1696 sunt

1408 1717 1515 1740 tamen
1539 1709 1682 1739 eiusdem
1705 1709 1834 1740 rationis
1857 1709 1891 1739 in
1913 1719 2026 1749 genere
2050 1710 2158 1740 moris.

1466 1753 1517 1784 Ad
1538 1754 1711 1784 secundam
1726 1762 1802 1784 vero
1818 1753 1932 1784 dicitur
1955 1754 2053 1794 quod,
2070 1764 2144 1784 cum
2161 1760 2283 1784 constet
2298 1754 2352 1784 uni
2367 1754 2474 1784 virtuti

1409 1850 1497 1873 actus
1527 1841 1612 1872 illius
1636 1841 1773 1877 virtutis,
1800 1848 1835 1872 ut
1864 1848 1950 1881 patet
1978 1842 2015 1872 de
2044 1842 2178 1873 caritatis
2206 1841 2363 1882 oppositis
2394 1843 2475 1872 ultra

1411 1886 1522 1917 odium
1547 1885 1649 1927 (quod
1674 1885 1788 1916 directe
1810 1884 1855 1915 illi
1880 1884 2084 1928 opponitur);
2109 1886 2234 1916 nullum
2250 1886 2474 1916 inconveniens

1410 1937 1456 1960 est
1486 1930 1574 1971 quod
1597 1929 1718 1960 veritati
1741 1929 1931 1969 inquantum
1955 1930 2067 1960 veritas
2091 1936 2156 1966 est,
2181 1929 2294 1960 directe
2323 1936 2354 1960 et
2381 1931 2474 1960 adae-

1409 1981 1504 2015 quate
1528 1973 1952 2014 opponatur·mendacium;
1984 1981 2015 2004 et
2042 1974 2145 2004 eidem
2175 1974 2367 2015 inquantum
2397 1973 2473 2004 fides

1411 2025 1466 2054 est,
1491 2025 1675 2058 opponatur
1697 2017 1872 2048 infidelitas.
1898 2018 1988 2055 Quae
2013 2019 2069 2048 etsi
2092 2028 2158 2048 non
2178 2018 2219 2048 sit
2241 2018 2367 2058 proprie
2383 2028 2472 2048 men-

1409 2062 1488 2093 dacii
1504 2061 1632 2102 species,
1651 2063 1732 2102 sapit
1750 2068 1856 2091 tamen
1876 2062 2022 2092 nonnihil
2042 2061 2215 2092 mendacii:
2241 2063 2319 2092 dum
2338 2061 2472 2093 infidelis

1409 2107 1495 2137 aliud
1519 2106 1612 2136 habet
1636 2115 1673 2136 ex
1696 2105 1801 2136 debito
1825 2105 1858 2135 in
1881 2113 1987 2136 mente
2011 2105 2096 2147 (licet
2120 2116 2185 2136 non
2209 2106 2248 2136 de
2272 2106 2373 2145 facto,
2397 2107 2472 2146 quia

1408 2150 1542 2181 mutavit
1567 2148 1788 2191 voluntatem),
1813 2156 1844 2180 et
1866 2150 1951 2180 aliud
1974 2150 2005 2180 in
2031 2160 2135 2190 opere,
2161 2160 2195 2180 ac
2220 2160 2275 2191 per
2297 2150 2359 2180 hoc
2383 2160 2471 2181 men-

1409 2195 1485 2226 titur
1508 2194 1660 2224 debitum.

1463 2239 1517 2269 VI.
1542 2230 1592 2268 A⁴d
1613 2238 1785 2268 secundam
1801 2247 1877 2267 vero
1901 2237 2121 2278 quaestionem
2145 2237 2259 2268 dicitur
2281 2238 2370 2278 quod
2393 2237 2471 2268 fides

1408 2284 1502 2313 habet
1524 2282 1685 2322 propriam
1709 2281 1890 2311 materiam:
1917 2281 2033 2312 scilicet
2056 2292 2138 2322 opus
2162 2283 2285 2312 bonum
2305 2282 2380 2312 alias
2406 2292 2472 2313 non

1410 2327 1566 2362 debitum,
1591 2325 1740 2366 possibile
1770 2325 1835 2355 fieri
1859 2336 1876 2355 a
1899 2325 2111 2365 promittente.
2147 2326 2262 2356 Nullus
2287 2326 2372 2356 enim
2397 2336 2472 2366 pro-

1408 2371 1503 2402 mittit
1524 2370 1581 2400 nisi
1598 2370 1630 2400 id
1654 2370 1742 2410 quod
1765 2369 1797 2399 in
1814 2380 1870 2400 sua
1887 2376 1932 2400 est
1956 2377 2128 2409 potestate:
2154 2380 2211 2400 nec
2230 2370 2313 2400 valet
2336 2370 2471 2410 promis-

1408 2416 1455 2445 sio
1474 2414 1533 2444 nisi
1550 2414 1589 2444 sit
1604 2413 1736 2444 alicuius
1752 2413 1838 2444 boni.
1862 2414 1902 2444 Et
1918 2413 1992 2454 quia
2008 2413 2174 2444 affirmatio
2191 2421 2221 2443 et
2237 2414 2361 2453 negatio
2379 2414 2473 2444 unius

1409 2466 1483 2489 sunt
1509 2458 1648 2498 generis,
1673 2458 1884 2497 appellatione
1913 2457 2016 2497 operis
2045 2458 2121 2488 boni
2144 2457 2281 2497 intellige
2306 2458 2400 2488 etiam
2423 2458 2474 2488 vel

1410 2503 1617 2534 omissionem
1632 2502 1763 2532 bonam:
1779 2509 1815 2531 ut
1831 2511 1904 2532 cum
1920 2502 1990 2541 quis
2008 2501 2164 2541 promittit
2179 2512 2244 2532 non
2261 2502 2305 2532 ire
2321 2509 2471 2532 venatum

1407 2547 1464 2578 tali
1487 2547 1547 2582 die,
1564 2556 1603 2576 ne
1620 2546 1772 2586 impediat
1794 2545 1879 2575 illius
1896 2545 2108 2576 venationem.
2133 2546 2172 2576 Et
2191 2546 2217 2575 si
2239 2546 2314 2576 alias
2338 2546 2398 2576 tale
2415 2547 2472 2576 bo-

1409 2601 1489 2622 num
1513 2597 1593 2621 esset
1615 2590 1762 2630 proximo
1786 2589 1928 2620 debitum
1951 2590 1990 2620 ab
2013 2589 2085 2626 hoc,
2105 2590 2169 2620 iam
2189 2600 2253 2619 non
2270 2600 2306 2620 ex
2323 2590 2390 2620 sola
2410 2589 2471 2621 fide

1410 2635 1584 2667 deberetur.

1465 2679 1515 2709 Ad
1544 2677 1681 2718 primam
1711 2684 1817 2707 autem
1849 2676 2061 2707 obiectionem
2088 2677 2120 2706 in
2145 2677 2330 2717 oppositum
2359 2678 2472 2708 dicitur

1408 2723 1498 2764 quod
1521 2732 1588 2752 non
1611 2728 1659 2752 est
1681 2721 1791 2751 eadem
1814 2720 1893 2751 ratio
1918 2720 1956 2750 de
1973 2720 2101 2751 materia
2115 2721 2210 2757 verbi,
2235 2728 2265 2751 et
2289 2722 2326 2751 de
2343 2722 2471 2752 materia

1407 2766 1492 2797 fidei.
1521 2765 1606 2804 Quia
1628 2765 1723 2795 etiam
1747 2765 1829 2794 mala
1852 2771 1883 2794 et
1905 2764 2008 2804 turpia
2037 2771 2171 2805 possunt
2193 2765 2273 2795 bene
2296 2765 2374 2794 dici:
2404 2775 2469 2795 non

1409 2818 1516 2842 tamen
1546 2816 1680 2849 possunt
1707 2809 1786 2839 bene
1814 2808 1968 2848 promitti.
1998 2809 2039 2838 Et
2067 2808 2139 2838 ideo
2163 2819 2230 2839 non
2253 2809 2360 2838 omnia
2388 2819 2470 2849 quae

1407 2860 1545 2895 possunt
1567 2853 1638 2889 dici,
1663 2853 1780 2883 cadunt
1803 2853 1861 2882 sub
1884 2851 1955 2882 fide.

1464 2898 1609 2928 Secunda
1631 2907 1706 2926 vero
1738 2895 1874 2926 obiectio
1902 2906 1965 2925 una
1992 2895 2180 2926 limitatione
2211 2895 2401 2926 excluditur:
2435 2903 2470 2927 ut

1409 2941 1525 2972 scilicet
1547 2941 1624 2971 fides
1640 2946 1792 2980 aequetur
1810 2940 1842 2969 in
1859 2939 1987 2970 materia
2004 2949 2068 2969 non
2089 2939 2302 2979 promissioni,
2319 2940 2373 2970 sed
2397 2950 2470 2981 pro-

1409 2985 1552 3015 missioni
1568 2991 1760 3025 spontaneae
1776 2990 1806 3014 et
1825 2983 2000 3014 secundum
2016 2990 2131 3013 rectam
2148 2983 2313 3014 rationem.
2337 2984 2470 3015 Constat

1409 3029 1494 3059 enim
1517 3029 1606 3069 quod
1621 3035 1703 3058 recta
1719 3027 1797 3058 ratio
1817 3037 1882 3057 non
1905 3027 2049 3057 concedit
2071 3027 2253 3067 promittere
2268 3028 2327 3058 nisi
2347 3029 2469 3058 bonurn

1409 3072 1558 3113 possibile
1581 3071 1647 3102 fieri
1671 3081 1727 3112 per
1749 3071 1997 3111 promittentem,
2013 3078 2070 3102 etc.

1465 3117 1531 3147 VII.
1555 3117 1606 3146 Ad
1629 3116 1752 3146 tertiam
1767 3122 1874 3146 autem
1890 3115 2109 3156 quaestionem
2133 3115 2246 3146 dicitur
2269 3116 2357 3156 quod
2381 3115 2468 3152 fides,

1381 3167 1382 3170 ’
1409 3160 1552 3191 absolute
1568 3160 1741 3200 loquendo,
1764 3167 1810 3190 est
1825 3159 1864 3189 ad
1888 3169 1998 3189 omnes
2023 3159 2186 3189 homines:
2210 3159 2363 3200 quoniam
2380 3160 2468 3189 omni

1408 3204 1531 3235 homini
1554 3203 1697 3244 promitti
1719 3203 1839 3243 aliquid
1868 3210 1973 3243 potest
1995 3204 2084 3244 quod
2107 3204 2295 3233 servandum
2319 3210 2374 3233 est.
2407 3204 2468 3234 Ve-

1408 3259 1480 3279 rum
1508 3248 1588 3279 sicut
1611 3258 1648 3278 ex
1671 3254 1756 3287 parte
1780 3247 1927 3278 materiae
1951 3247 2139 3286 contingunt
2167 3247 2408 3287 impedimenta,
2433 3254 2469 3277 ut

1407 3337 1490 3367 Nam
1514 3336 1539 3366 si
1563 3335 1719 3376 compulit
1748 3342 1803 3366 aut
1832 3335 1972 3375 decepit,
1997 3345 2061 3364 non
2086 3342 2224 3365 meretur
2247 3342 2282 3365 ut
2309 3335 2365 3364 sibi
2391 3334 2468 3365 fides

1408 3387 1564 3411 servetur:
1596 3386 1631 3410 ut
1660 3379 1804 3419 superius
1833 3379 1907 3409 dixit
1930 3381 2050 3409 Auctor
2078 3379 2110 3408 in
2134 3389 2187 3419 qu.
2209 3389 2335 3415 Lxxm,
2360 3386 2414 3409 art.
2436 3390 2466 3420 7,

1406 3468 1438 3498 in
1455 3468 1569 3498 eodem
1585 3467 1724 3507 negotio.
1745 3467 1785 3497 Et
1804 3467 1846 3497 sic
1862 3465 2036 3497 verificatur
2051 3467 2169 3497 dictum
2187 3466 2283 3503 Accii,
2303 3467 2466 3507 loquendo

1406 3511 1550 3542 videlicet
1573 3512 1611 3542 de
1630 3511 1746 3541 infideli
1769 3518 1803 3541 ut
1823 3511 1875 3541 sic.
1898 3511 1981 3540 Nam
1997 3509 2139 3547 infidelis,
2157 3517 2192 3541 ut
2207 3510 2261 3547 sic,
2278 3521 2344 3541 non
2361 3511 2466 3540 minus

2510 354 2519 363 ⁸
2534 353 2590 375 Can.
2601 354 2626 375 ln
2641 354 2718 375 malis.

2508 527 2519 536 ¹⁵
2529 526 2564 548 ef.
2574 532 2613 554 qu.
2623 533 2717 550 uxxix.

2508 557 2550 575 art.
2564 559 2585 581 3.

2505 1188 2514 1197 ·
2527 1185 2598 1208 Num.
2611 1192 2645 1208 nt.

2501 1490 2513 1500 ⁸
2527 1489 2575 1515 Qu.
2590 1496 2698 1511 uxxvm.

2495 3296 2504 3305 ⁸
2515 3296 2585 3318 Num.
2597 3302 2628 3318 iv.
2643 3297 2705 3318 Unde

2491 3324 2566 3349 patet.
