2860 4244
940 254 1206 301 QUAESTIO
1236 255 1373 303 LXVI,
1402 254 1698 294 ARTICULUS
1726 256 1777 293 v1
2392 270 2436 305 91

943 366 1276 401 Commentaria
1298 367 1550 402 Oardjnalis
1572 369 1773 404 Caietam

299 455 321 477 n
342 445 477 476 arficulo
499 445 614 487 quinto
638 445 782 476 eiusdem
799 445 994 486 quaestionis
1010 447 1336 486 sexagesimaesextae‚

274 459 335 521 lin
356 489 565 530 responsione
587 490 630 521 ad
650 489 807 529 primum,
831 489 957 528 adverte
985 490 1040 520 illa
1061 492 1172 522 verba:
1195 502 1259 532 per
1280 492 1340 523 hoc

270 534 355 575 quod
376 534 611 567 sententialiter
633 538 680 576 est
700 534 761 564 sibi
781 533 1010 565 adiudicatum.
1040 535 1216 575 Dupliciter
1243 535 1341 577 siqui-

271 578 345 608 dem
364 576 519 618 contingit
533 576 672 608 iudicem
686 576 929 619 'vel'principem
944 577 1094 609 mandare
1110 579 1229 620 aliquid
1251 578 1341 620 quod

270 620 418 663 proximo
442 627 546 658 nocet,
569 621 692 652 seu'ab·
708 629 747 651 eo
771 619 891 662 aliquid
914 621 1046 653 auferre.
1070 622 1187 660 Primo,
1212 623 1342 654 iudicia-

271 666 355 696 liter:
380 673 413 696 et
434 665 488 702 sie,
511 665 599 696 iuxta
621 664 758 695 modum
781 665 953 696 sententiae
977 667 1128 706 parendo,
1149 667 1277 698 nullum
1295 673 1344 698 est

271 715 450 750 peccatum.
473 709 566 748 Unde
583 708 668 740 finite
685 709 759 749 quis
777 709 902 740 occulte
922 709 1088 741 hominem
1108 712 1211 746 rebus,
1232 718 1263 742 et
1279 711 1343 742 vita

272 753 369 786 etiam
386 752 498 793 privat,
513 752 661 792 parendo.
671 752 773 788 iustae
787 753 970 786 sententiae.
993 771 1015 777 -
1037 755 1112 786 Alio
1129 756 1240 792 modo,
1255 765 1343 786 com-

272 796 422 832 muniter,
438 796 520 827 sicut
538 796 661 827 domini
674 797 828 828 mandant
845 796 913 828 fieri
929 798 990 829 alia
1004 799 1138 831 servitia.
1161 800 1203 831 Et
1217 799 1262 830 sic
1277 809 1343 830 non

273 847 320 881 est
335 840 364 871 ei
379 840 596 871 obediendum
611 840 646 871 in
661 840 795 872 occultis
811 841 1050 874 executionibus
1069 844 1109 875 ad
1124 842 1346 884 accipiendum

273 879 395 923 res'vau't
408 883 508 915 vitam
523 883 661 922 alterius,
678 891 734 915 aut
749 885 870 926 aliquid
883 886 1085 918 huiusmodi:
1108 886 1263 928 quoniam
1279 895 1346 917 non

273 932 389 970 potest*
401 928 550 969 princeps
573 928 650 959 haec
668 929 849 970 praecipere
868 929 927 960 nisi
943 936 980 961 ut
993 930 1098 966 iudex.
1121 931 1158 962 ln
1173 930 1347 961 manifestis

274 979 384 1004 autem
413 973 566 1003 servanda
589 980 636 1004 est
658 974 768 1014 regula
791 984 906 1005 eorum
935 975 991 1015 qui
1014 984 1052 1005 ex
1074 974 1255 1005 obedientia
1276 984 1348 1014 per·

273 1023 356 1057 gunt
377 1017 418 1047 ad
440 1017 579 1048 bellum:
604 1018 694 1058 quod
709 1018 827 1049 scilicet
841 1018 960 1050 subditi
978 1019 1139 1055 credentes
1155 1018 1348 1049 rationabili-

274 1067 322 1093 ter
343 1071 377 1092 se
393 1062 474 1093 bene
489 1061 601 1097 facere,
618 1068 807 1096 excusantur
823 1072 861 1092 ex
875 1061 1071 1098 obedientia3
1097 1069 1132 1093 ut
1147 1062 1349 1103 Augustinus

275 1104 352 1137 dicit
367 1105 395 1142 *,
420 1112 451 1136 et
472 1105 607 1136 habetur
628 1105 742 1142 xxm,
766 1116 822 1147 qu.
838 1116 859 1142 1,
883 1116 951 1137 can.
971 1105 1057 1144 Quid
1079 1107 1240 1147 culpatur.

330 1148 370 1180 11.
390 1149 427 1180 In
442 1149 651 1190 responsione
665 1150 707 1180 ad
721 1149 901 1180 secundum
919 1149 1063 1180 eiusdem
1079 1149 1212 1187 articuli,
1234 1150 1348 1190 collige

275 1193 392 1235 ptimo,
406 1193 873 1225 disnnctionem'inveatorrum.
898 1193 1066 1230 Quaedam
1081 1193 1168 1225 enim
1182 1204 1351 1236 nunquam

275 1235 408 1269 finarum
420 1237 712 1269 alicuiusdomini:
730 1244 769 1268 ut
789 1246 944 1278 gemmae,
961 1245 1020 1270 etc.
1045 1239 1087 1270 Et
1101 1239 1179 1270 haec
1198 1246 1274 1270 sunt
1297 1248 1350 1270 oc-

276 1281 432 1323 cupantis.
459 1298 483 1305 —
505 1281 674 1320 Quaedam
697 1281 870 1322 aliquando
893 1282 1038 1314 alicuius.
1069 1283 1111 1314 Et
1132 1283 1210 1314 haec
1231 1290 1288 1314 aut
1311 1284 1349 1314 ab

275 1325 421 1367 antiquo,
443 1332 481 1357 ut
495 1325 652 1367 thesauri.
675 1325 718 1357 Et
739 1326 827 1362 haec,
842 1326 876 1357 in
899 1326 1036 1367 propriis
1051 1327 1190 1364 inventa,
1210 1335 1285 1359 sunt
1302 1327 1350 1358 in-

275 1366 624 1407 mfifi'afieno,
640 1369 826 1401 dividuntur
840 1370 928 1401 inter
943 1381 976 1401 se
998 1378 1030 1402 et
1052 1371 1232 1403 dominum.
1253 1389 1268 1395 -
1283 1373 1351 1403 Aut

276 1413 318 1445 de
339 1413 536 1455 propinquo.
561 1414 602 1445 Et
623 1413 701 1445 haec
724 1421 780 1445 aut
801 1414 958 1446 habentur
979 1425 1038 1455 pro
1054 1415 1218 1452 derelictis,
1236 1422 1268 1446 et
1289 1416 1352 1447 hoc

276 1464 405 1499 reputat
418 1458 581 1489 inventor:
605 1465 636 1489 et
650 1459 825 1490 inventoris
840 1466 924 1490 sunt.
949 1462 1016 1490 Aut
1030 1469 1097 1490 non
1112 1460 1270 1491 habentur
1291 1470 1351 1500 pro

277 1501 444 1535 derelictis.
477 1503 520 1534 Et
548 1502 609 1539 sic,
633 1502 660 1533 si
686 1510 860 1534 sumuntur
886 1504 926 1534 ab
948 1503 1115 1535 inventore
1141 1505 1250 1535 animo
1279 1504 1351 1534 reti-

277 1546 386 1584 nendi,
410 1547 533 1578 furtum
555 1547 728 1578 inducunt:
753 1547 780 1577 si
802 1547 910 1578 animo
934 1547 1030 1578 dandi
1053 1548 1199 1584 domino,
1223 1548 1351 1579 nullum

278 1597 327 1623 est
347 1598 527 1632 peccatum.

334 1635 473 1667 Adverte
496 1634 648 1672 secundo,
671 1635 762 1675 quod
785 1634 860 1675 quia
878 1635 952 1666 'iura
975 1634 1088 1672 civilia,
1112 1643 1149 1666 ut
1169 1636 1203 1666 in
1226 1645 1352 1677 praece—

312 1713 314 1715 ,
344 1678 371 1715 ti
391 1679 489 1721 Libro
502 1680 521 1699 *
544 1680 666 1711 dictum
689 1685 746 1715 est,
763 1678 906 1719 obligant
928 1679 1024 1710 etiam
1046 1679 1079 1710 in
1095 1680 1167 1711 foro
1191 1681 1354 1712 conscien—

298 1756 302 1760 .
322 1727 369 1762 ,es
387 1727 420 1763 et
443 1724 496 1756 lex'
523 1723 563 1754 de
584 1721 721 1759 inventis
747 1723 903 1754 thesauris
925 1723 959 1754 in
982 1723 1086 1755 alieno
1109 1735 1185 1766 agro
1215 1735 1282 1756 non
1306 1731 1353 1756 est

278 1758 434 1819 ἱδέῲὶῖς,
454 1775 491 1800 ut
513 1765 656 1809 expectet
670 1767 860 1799 sententiam
873 1767 998 1804 iudicis,
1022 1769 1077 1800 sed
1100 1769 1139 1800 de
1161 1769 1354 1811 proprietate

247 1829 255 1837 ·
279 1808 388 1854 τᾳῄιω
404 1814 556 1858 statuens,
575 1819 607 1844 et
623 1811 690 1844 iam
701 1812 721 1831 *
736 1812 859 1844 dictum
874 1819 920 1844 est
943 1813 1034 1854 quod
1055 1813 1232 1855 proprietas
1245 1823 1354 1845 retum

280 1855 330 1896 eij:
351 1855 461 1898 §iure
478 1856 638 1899 positivo:
662 1857 736 1887 ideo
756 1856 811 1888 ubi
834 1857 885 1888 lex
897 1856 951 1888 illa
964 1856 1137 1897 imperialis
1155 1859 1255 1890 robur
1275 1857 1354 1898 legis

281 1895 422 1952 widun,
443 1900 592 1932 inventor
622 1901 762 1932 thesauri
784 1900 818 1932 in
845 1901 950 1932 alieno
977 1901 1048 1932 solo
1077 1909 1203 1934 tenetur
1223 1902 1258 1933 in
1281 1901 1353 1933 foro

281 1941 494 1983 &ascientiae
517 1955 639 1976 servare
661 1945 761 1976 illam.

331 1987 422 2022 Nota
443 1989 548 2027 tertio,
571 1990 662 2031 quod
680 1990 756 2032 quia
769 1990 856 2020 bona
872 1989 1102 2030 naufragorum
1118 2000 1185 2022 non
1199 1990 1357 2022 habentur

281 2034 322 2070 ab
343 2033 407 2070 illis
429 2043 488 2075 pro
513 2032 684 2071 derelictis,
709 2034 839 2076 quando
863 2044 958 2065 naves
981 2035 1197 2075 periclitantur
1219 2041 1250 2078 qt
1272 2035 1355 2066 fran-

280 2076 417 2123 guntur,
440 2078 638 2112 invenientes
659 2078 713 2109 illa
736 2084 884 2110 tenentur
907 2078 951 2110 eis
975 2079 1086 2110 eadem
1108 2079 1282 2111 restituere.
1314 2079 1356 2111 Et

246 2132 256 2144 ³
280 2122 358 2166 quia
379 2133 445 2154 non
467 2128 515 2154 est
536 2122 685 2154 addenda
707 2122 845 2164 afflictio
863 2122 989 2164 afflicto
1004 2123 1033 2161 *,
1057 2130 1173 2155 statuta
1190 2124 1355 2155 civitatum

278 2167 409 2199 illarum
437 2167 555 2208 quibus
578 2167 778 2208 applicantur
801 2177 957 2207 occupare
980 2168 1163 2199 volentibus
1191 2168 1269 2199 tales
1292 2178 1355 2205 res,

1393 450 1523 489 quando
1543 449 1788 480 dominii-erum
1812 454 1948 491 possunt
1971 460 2027 490 per
2042 459 2074 482 se
2093 451 2143 482 vel
2166 461 2223 492 per
2238 452 2316 482 alios
2335 453 2461 483 easdem

1393 503 1442 523 res
1465 494 1594 530 salvare,
1617 493 1792 534 iniquitatis
1815 495 1911 535 plena
1933 502 2016 527 aunt.

1451 537 1502 568 111.
1528 538 1563 567 In
1594 537 1817 578 responsione
1833 539 1874 569 ad
1903 538 2033 570 tertium
2060 539 2094 569 in
2118 540 2232 570 eodem
2256 541 2406 578 articulo,
2429 541 2462 571 in

1395 580 1479 612 calce
1502 581 1728 621 responsionis,
1753 583 1870 622 duplex
1893 583 2030 614 occurrit
2051 575 2249 623 praetactum*
2271 585 2407 617 dubium
2429 585 2463 615 in

1395 623 1528 655 articulo
1545 624 1638 655 tertio
1652 625 1684 655 *:
1709 637 1749 656 an
1765 626 1882 657 scilicet
1899 626 2060 668 impotens
2079 637 2262 668 recuperare
2277 639 2344 660 rem
2361 639 2463 668 suam,
2491 633 2501 642 ⁸
2524 631 2704 679 Cgffffierfflmn·

1395 674 1450 698 aut
1473 668 1594 709 aliquid
1621 669 1680 699 sibi
1704 670 1857 706 debitum,
1880 669 1931 701 via
1954 671 2046 707 iuris,
2070 671 2254 712 accipiendo
2276 673 2367 704 illam
2397 673 2464 704 sine
2491 664 2524 685 '¹’
2684 672 2691 678 '

1396 712 1556 748 scandalo,
1581 720 1689 752 peccet
1713 724 1819 744 coram
1843 715 1924 745 Deo.
1948 715 1990 745 Et
2011 721 2058 746 est
2080 716 2160 747 ratio
2183 716 2273 748 dubii
2296 717 2372 758 quia
2394 717 2465 748 talis

1397 756 1460 796 agit
1483 763 1592 787 contra
1616 767 1823 788 communem
1845 758 2008 795 iustitiam,
2033 759 2140 791 dicens
2159 760 2219 792 sibi
2233 761 2296 801 ipsi
2310 761 2344 792 in
2359 770 2393 792 re
2409 771 2466 793 sua

1397 799 1456 831 ius.
1481 817 1502 823 -
1526 800 1574 830 Ex
1592 801 1743 840 opposito
1767 809 1874 832 autem
1896 802 2020 834 videtur
2037 804 2138 844 quod,
2153 804 2187 836 in
2203 805 2328 836 defectu
2342 805 2466 842 iudicis,

1397 843 1521 875 licitum
1545 843 1585 874 sit
1608 844 1682 875 huic
1706 845 1809 876 dicere
1832 845 1890 877 sibi
1913 847 1975 886 ipsi
1997 847 2057 878 ius.

1455 887 1504 918 Ad
1523 887 1586 918 hoc
1610 888 1728 926 diciturv
1743 890 1832 929 quod
1849 890 1936 921 aliud
1952 898 1999 921 est
2016 891 2107 932 loqui
2122 887 2314 932 regulariter,
2332 900 2362 924 et
2380 894 2468 924 aliud

1398 931 1431 961 in
1455 941 1540 962 casu.
1565 931 1702 963 Constat
1717 943 1856 974 namque
1873 935 1962 974 quod
1978 935 2160 974 regulariter
2175 946 2241 966 non
2255 937 2329 968 licet
2344 938 2468 970 occulte

1399 975 1539 1015 accipere
1568 976 1736 1016 proprium
1766 978 1852 1017 apud
1880 978 1983 1008 furem
2013 986 2068 1009 aut
2096 986 2257 1019 raptorem
2284 981 2468 1018 detentum,

1399 1026 1530 1059 propter
1553 1020 1710 1050 rationem
1739 1021 1772 1050 in
1799 1021 1901 1052 littera
1925 1022 2129 1062 assignatam,
2159 1025 2234 1064 quia
2262 1025 2380 1056 scilicet
2407 1026 2470 1065 agit

1401 1070 1511 1094 contra
1533 1063 1611 1094 iuris
1636 1064 1791 1095 ordinem.
1823 1065 1858 1095 In
1883 1075 1956 1096 casu
1981 1073 2089 1097 autem
2117 1067 2150 1097 in
2173 1078 2239 1108 quo
2263 1069 2396 1110 aliquis,
2420 1070 2470 1100 vel

1399 1114 1530 1148 propter
1546 1106 1714 1139 detinentis
1728 1109 1779 1140 vel
1797 1109 1911 1140 iudicis
1926 1110 2124 1147 iniustitiam,
2140 1119 2195 1142 aut
2216 1112 2375 1144 defectum
2397 1124 2471 1154 pro-

1399 1150 1579 1187 bationum,
1604 1159 1659 1182 aut
1681 1159 1812 1193 propter
1835 1153 1938 1184 maius
1962 1154 2117 1185 damnum
2131 1156 2296 1193 amicitiae,
2321 1157 2407 1197 pacis
2422 1158 2472 1187 vel

1400 1205 1518 1232 rerum,
1535 1203 1590 1226 aut
1607 1196 1807 1234 huiusmodi,
1823 1207 1890 1227 non
1909 1205 2016 1238 potest
2029 1198 2080 1229 via
2098 1199 2209 1230 iudicis
2226 1210 2321 1231 suum
2341 1208 2396 1232 aut
2414 1201 2473 1232 sibi

1401 1239 1546 1270 debiturn
1561 1250 1761 1281 recuperare;
1782 1248 1816 1272 ¹et
1835 1242 1955 1282 absque
1971 1243 2130 1280 scandalo,
2146 1244 2288 1283 periculo
2304 1251 2335 1275 et
2353 1245 2474 1276 offensa

1402 1284 1645 1325 cuiuscumque,
1669 1292 1776 1325 potest
1798 1285 1923 1318 occulte
1945 1286 2085 1327 accipere
2109 1297 2126 1318 a
2150 1288 2290 1319 debitore
2313 1290 2399 1320 unde
2415 1289 2473 1320 sibi

1402 1328 1587 1360 satisfaciat:
1616 1329 1712 1360 multi
1736 1329 1846 1361 dicunt
1873 1331 1963 1372 quod
1985 1330 2068 1362 licite
2091 1331 2154 1363 hoc
2177 1339 2293 1372 potest.
2326 1334 2367 1364 Et
2393 1334 2473 1364 ratio

1402 1379 1449 1404 est
1471 1372 1548 1414 quia
1570 1379 1647 1405 tunc
1670 1383 1737 1406 non
1761 1374 1865 1413 agitur
1888 1381 1999 1406 contra
2021 1375 2098 1406 iuris
2121 1376 2278 1407 ordinem.
2310 1378 2474 1415 Quoniam

1401 1416 1479 1447 iuris
1502 1417 1583 1447 ordo
1607 1417 1647 1447 ad
1669 1418 1868 1449 reddendum
1891 1419 2065 1460 unicuique
2081 1429 2178 1450 suum
2201 1427 2232 1451 et
2253 1431 2364 1461 pacem
2387 1432 2473 1453 com-

1402 1470 1536 1491 munem
1560 1461 1736 1492 ordinatur.
1767 1462 1829 1493 Hic
1852 1470 1960 1494 autem
1990 1473 2050 1503 pax
2073 1474 2140 1494 non
2162 1464 2317 1502 violatur,
2342 1473 2378 1497 ut
2399 1476 2474 1507 sup-

1402 1505 1552 1545 ponitur;
1583 1512 1614 1536 et
1638 1506 1817 1536 observatio
1841 1507 1960 1537 ordinis
1983 1507 2060 1538 iuris
2091 1515 2146 1539 aut
2173 1508 2342 1548 impediret
2370 1511 2475 1541 domi-

1403 1559 1483 1579 num
1502 1550 1541 1579 ab
1560 1549 1708 1580 habendo
1725 1551 1832 1586 suum,
1848 1558 1903 1581 aut
1923 1550 2043 1582 efficere
2059 1561 2124 1582 non
2141 1560 2250 1592 posset
2269 1561 2304 1584 ut
2323 1555 2475 1585 dominus

1402 1593 1533 1625 haberet
1555 1603 1668 1630 suurn,
1693 1594 1754 1624 nisi
1781 1594 1863 1625 forte
1886 1605 1961 1625 cum
1983 1596 2105 1626 maiore
2128 1597 2247 1627 damno
2275 1598 2415 1635 domini,
2440 1606 2475 1630 ut

1403 1643 1490 1678 patet
1512 1637 1719 1668 discurrendo
1742 1638 1775 1668 in
1799 1639 1901 1669 causis
1925 1639 2037 1670 allatis.
2061 1641 2118 1670 Est
2139 1640 2235 1680 igitur
2251 1652 2341 1672 casus
2360 1643 2393 1672 in
2409 1653 2475 1683 quo

1402 1682 1476 1712 licet
1498 1691 1516 1711 a
1538 1681 1607 1722 lege
1631 1682 1802 1718 discedere,
1830 1683 1942 1714 saltem
1965 1683 2009 1714 sic
2032 1685 2121 1724 quod
2144 1695 2211 1715 non
2234 1685 2274 1716 sit
2297 1693 2407 1717 contra
2427 1686 2476 1717 iu-

1403 1725 1536 1770 stitiam:
1559 1725 1706 1767 quamvis
1724 1725 1791 1756 fieri
1806 1727 1950 1759 videatur
1969 1734 2091 1768 praeter
2105 1728 2268 1766 iustitiam,
2285 1730 2476 1762 discedendo

1404 1781 1423 1802 a
1446 1770 1565 1801 directo
1587 1770 1674 1801 illius
1703 1771 1814 1802 modo.
1847 1771 1889 1802 Et
1917 1779 2085 1813 propterea
2111 1773 2230 1814 absque
2254 1775 2382 1806 mortali
2404 1786 2476 1816 pec-

1405 1821 1475 1846 cato
1491 1821 1598 1854 potest
1612 1814 1646 1844 in
1661 1814 1848 1846 huiusmodi
1862 1815 1987 1847 casibus
2000 1817 2124 1848 occulte
2139 1818 2276 1858 quisque
2292 1828 2477 1860 recuperare

1403 1866 1470 1890 tam
1493 1869 1591 1889 suum
1614 1869 1713 1900 quam
1737 1859 1796 1890 sibi
1821 1860 1974 1897 debitum,
2000 1861 2180 1892 adhibendo
2204 1863 2361 1893 cautelam
2384 1874 2477 1904 supe-

1404 1903 1471 1934 rius
1485 1903 1503 1923 *
1526 1902 1652 1939 dictam,
1671 1910 1705 1934 ut
1720 1903 1838 1934 scilicet
1858 1903 1912 1935 ille
1931 1904 1987 1946 qui
2003 1906 2180 1946 occupabat
2203 1906 2280 1938 sciat
2295 1917 2328 1938 se
2343 1918 2408 1938 non
2433 1915 2477 1939 te·
2504 1914 2513 1923 ⁸
2527 1914 2578 1934 An.
2593 1919 2620 1941 3,
2642 1913 2714 1934 Com-

1406 1947 1473 1978 neri
1496 1947 1634 1987 amplius
1657 1948 1698 1978 ad
1720 1947 1971 1986 restitutionem,
1996 1959 2036 1980 ne
2066 1949 2120 1980 tali
2146 1950 2324 1991 ignorantia
2353 1962 2390 1982 ex
2415 1953 2478 1984 hoc
2503 1939 2716 1988 ἓῖἲζαῖἦιιῖἒξᾱ

1406 1991 1490 2023 facto
1514 1998 1724 2032 consurgente
1751 1999 1914 2032 gravetur,
1939 1993 1966 2023 si
1989 1993 2157 2035 poenitens
2179 1994 2274 2026 fuerit
2296 1996 2329 2026 in
2352 1996 2477 2034 futuro,

1406 2036 1446 2067 ad
1467 2035 1702 2067 restitutionem
1725 2037 1814 2077 quod
1837 2047 1903 2068 non
1918 2044 2042 2068 tenetur
2056 2038 2230 2070 restituere.
2253 2058 2273 2062 -
2296 2040 2361 2071 Nec
2376 2041 2409 2071 in
2429 2041 2478 2072 his

1407 2080 1530 2111 casibus
1554 2080 1710 2121 accipiens
1733 2081 1860 2122 proprie
1884 2081 1958 2114 dicit
1981 2082 2040 2113 sibi
2054 2082 2115 2123 ipsi
2130 2083 2190 2120 ius,
2207 2084 2262 2114 sed
2284 2085 2393 2124 potius
2409 2096 2477 2117 exe-

1406 2124 1516 2165 quitur
1537 2125 1587 2156 ius
1611 2134 1723 2156 suurn:
1749 2135 1824 2156 curn
1847 2135 1914 2156 non
1938 2126 2123 2158 auctoritate
2146 2127 2252 2168 aliqua
2274 2135 2396 2167 utatur,
2422 2131 2476 2161 sed

1406 2169 1476 2199 sola
1499 2169 1625 2200 occulta
1649 2169 1843 2209 acceptione.

1100 2329 1418 2373 Anncums
1448 2309 1659 2373 sextus

898 2421 1056 2453 UTRUM
1078 2422 1262 2454 FURTUM
1285 2422 1353 2454 SIT
1374 2422 1616 2454 PECCATUM
1638 2423 1852 2454 MORTALE

426 2501 447 2526 ll
467 2501 552 2532 Sent„
570 2500 632 2526 dist.
650 2508 712 2532 nn,
730 2508 775 2534 qu.
794 2508 812 2532 1,
836 2505 883 2526 art.
901 2508 934 2533 43
954 2501 996 2526 De
1013 2501 1098 2532 Malo,
1118 2510 1164 2535 qu.
1181 2509 1205 2532 x,
1225 2507 1272 2527 art.
1293 2509 1323 2533 2;
1342 2510 1389 2535 qu.
1407 2510 1448 2534 xv,
1467 2508 1515 2528 art.
1535 2510 1565 2533 2;
1584 2503 1627 2527 De
1645 2503 1734 2528 Duob.
1746 2503 1885 2535 Praecept.
1903 2509 1960 2534 etc..
1974 2511 2032 2537 cap.
2050 2504 2084 2529 de
2103 2504 2178 2537 Sept.
2197 2505 2336 2538 Praecept-

378 2601 380 2604 ·
499 2592 684 2619 1282wa
712 2593 766 2619 stc
794 2593 1038 2621 Paocnmrun.
1065 2582 1228 2620 Videtur
1246 2582 1352 2632 quod

322 2619 405 2677 §.3
420 2622 475 2695 ’ἶὲ
500 2635 643 2672 furtum
670 2646 751 2671 non
779 2634 826 2671 sit
849 2642 1052 2684 peccatum
1079 2636 1254 2673 mortale.
1288 2636 1355 2672 Di-

292 2690 428 2732 ’,ἴς-ν,
452 2694 471 2729 ,ἢ
487 2686 598 2725 citur
624 2687 727 2725 enim
745 2688 860 2726 Prov.
879 2687 971 2726 vste
998 2688 1091 2727 Non
1117 2689 1279 2739 grandis
1302 2695 1357 2726 est

309 2733 445 2779 *1⁴⁶²*
462 2734 635 2790 culpae
670 2753 758 2781 cum
794 2741 877 2790 quis
899 2742 1063 2790 furatus
1086 2742 1222 2790 fuerit.
1275 2742 1354 2779 Sed

287 2804 406 2835 amne
423 2801 626 2842 peccatum
645 2794 808 2832 mortale
828 2801 885 2832 est
902 2794 1056 2842 grandis
1077 2795 1224 2844 culpae.
1250 2796 1354 2843 Ergo

287 2847 430 2883 furtum
458 2858 538 2883 non
566 2854 623 2883 est
649 2854 852 2895 peccatum
879 2848 1052 2885 mortale.

332 2910 380 2940 ,2.
395 2899 806 2948 Pmmm„peccato
825 2900 976 2938 mortali
995 2900 1130 2938 mortis
1147 2912 1276 2948 poena
1290 2900 1355 2937 de-

289 2954 412 2991 betur.
440 2952 521 2992 Sed
539 2965 610 3001 pro
632 2953 735 2991 furto
753 2965 833 2991 non
851 2952 1035 3000 infligitur
1056 2952 1096 2990 in
1119 2953 1202 3000 lege
1226 2964 1355 3001 poena

289 3005 436 3052 mortis,
455 3006 524 3044 sed
546 3006 674 3045 solum
696 3017 825 3054 poena
843 3005 995 3044 damni:
1023 3006 1238 3044 secundum
1261 3005 1355 3042 illud

289 3058 416 3097 Exod.
443 3070 518 3096 xxn
541 3057 580 3095 *z
623 3059 666 3096 Si
689 3059 774 3107 quis
789 3060 949 3107 furatus
970 3059 1097 3107 fuerit
1129 3059 1263 3096 bovem
1290 3063 1359 3095 aut

291 3123 422 3157 orm,
451 3111 616 3160 quinque
641 3112 755 3150 hoves
775 3123 851 3160 pro
881 3123 956 3149 uno
975 3112 1084 3149 *bove
1110 3112 1292 3158 restituet,
1321 3117 1358 3148 et

291 3170 455 3214 quatuor
472 3176 561 3203 oves
581 3177 657 3213 pro
686 3177 763 3203 una
787 3176 868 3203 ove.
899 3165 1002 3213 Ergo
1030 3165 1174 3202 furtum
1201 3177 1282 3202 non
1300 3171 1356 3202 est

291 3225 494 3268 peccatum
522 3218 694 3256 mortale.

348 3272 383 3309 3.
401 3272 635 3318 PRAETERBA,
655 3271 796 3308 furtum
820 3277 946 3319 potest
965 3271 1149 3308 committi
1169 3270 1208 3308 in
1227 3271 1355 3320 parvis

293 3325 420 3371 rebus,
449 3323 546 3361 sicut
573 3332 610 3361 et
635 3323 675 3361 in
702 3323 862 3372 magnis.
900 3324 979 3362 Sed
1005 3323 1281 3362 inconveniens
1298 3324 1356 3362 vi·

294 3377 405 3417 detur
431 3377 538 3426 quod
569 3388 640 3426 pro
668 3376 769 3413 furto
795 3376 953 3415 alicuius
983 3389 1127 3426 parvae
1159 3376 1234 3423 rei,
1262 3383 1355 3426 puta

294 3429 408 3468 unius
444 3442 536 3468 acus
563 3430 626 3467 vel
661 3429 774 3466 unius
807 3441 975 3478 pennae,
1007 3430 1141 3479 aliquis
1177 3429 1356 3479 puniatur

1406 2590 1532 2620 morte
1564 2589 1730 2620 aeterna.
1774 2584 1876 2631 Ergo
1905 2584 2049 2622 furtum
2083 2597 2162 2622 non
2193 2593 2248 2622 est
2274 2593 2476 2635 peccatum

1407 2636 1584 2673 mortale.

1462 2690 1537 2726 SED
1557 2700 1706 2730 coum
1728 2701 1796 2726 EST
1823 2691 1927 2738 quod
1956 2691 2081 2728 nullus
2111 2690 2314 2728 damnatur
2341 2703 2475 2728 secun-

1407 2742 1502 2779 dum
1529 2741 1705 2779 divinum
1731 2742 1915 2780 iudicium
1944 2743 2014 2780 nisi
2040 2755 2112 2792 pro
2131 2751 2290 2792 peccato
2310 2744 2474 2781 mortali.

1407 2795 1703 2839 Condemnatur
1720 2803 1850 2832 autem
1870 2796 2005 2845 aliquis
2024 2808 2094 2845 pro
2114 2797 2230 2833 furto:
2259 2797 2474 2834 secundum

1406 2848 1500 2885 illud
1526 2848 1644 2885 Zach.
1664 2860 1689 2884 v
1706 2847 1747 2885 *z
1780 2849 1894 2885 Haec
1921 2855 1975 2886 est
2002 2849 2212 2886 maledictio
2241 2860 2339 2898 quae
2366 2861 2474 2900 egre·
2500 2858 2511 2868 ⁸
2528 2856 2594 2879 Vm·
2609 2863 2630 2885 3-

1407 2900 1509 2944 ditur
1525 2912 1640 2949 super
1655 2901 1805 2949 faciem
1833 2902 1956 2938 omnis
1982 2907 2128 2938 terrae.-
2155 2902 2245 2950 quia
2264 2903 2386 2939 omnis
2397 2904 2475 2951 sur

1406 2954 1503 2989 sicut
1519 2953 1572 2989 ihi
1587 2954 1765 3001 scriptum
1785 2959 1840 2990 est
1857 2955 2129 2991 condemnatur
2147 2960 2175 2991 α.
2206 2956 2310 3003 Ergo
2330 2956 2472 2992 furtum
2542 2974 2544 2987 ι
2598 2970 2615 2987 α

1409 3013 1466 3043 est
1491 3013 1694 3054 peccatum
1722 3007 1897 3044 mortale.

1461 3059 1689 3096 Rrsponnno
1717 3071 1902 3097 memnon
1927 3060 2046 3108 quod,
2067 3060 2163 3097 sicut
2184 3072 2298 3110 supra
2318 3060 2339 3083 ’¹‘
2365 3061 2474 3099 habi·
2500 3069 2523 3115 f,
2542 3074 2624 3116 &3¹¹3
2632 3071 2711 3116 ³343:

1407 3119 1490 3149 tum
1511 3119 1578 3159 est,
1607 3119 1810 3160 peccatum
1829 3114 1991 3150 mortale
2016 3121 2072 3150 est
2091 3114 2197 3163 quod
2225 3114 2474 3151 contrariatur
2500 3125 2541 3143 art-
2557 3100 2631 3149 εἶς’
2706 3110 2712 3120 ’

1409 3165 1564 3212 caritati,
1594 3166 1808 3203 secundum
1837 3178 1955 3214 quam
1975 3164 1990 3196 β
2018 3174 2075 3203 est
2100 3166 2301 3216 spiritualis
2320 3167 2473 3204 animae
2599 3175 2614 3208 β

1408 3218 1497 3255 vita.
1528 3218 1675 3255 Caritas
1694 3226 1823 3256 autem
1848 3219 2016 3256 consistit
2034 3219 2190 3268 quidem
2217 3219 2475 3268 principaliter

1408 3271 1447 3308 in
1476 3271 1677 3308 dilectione
1705 3272 1794 3319 Dei,
1824 3272 2051 3310 secundario
2078 3285 2173 3309 vero
2205 3271 2243 3309 in
2272 3273 2472 3310 dilectione

1408 3324 1592 3373 proximi,
1622 3326 1671 3362 ad
1700 3337 1817 3374 quarn
1853 3325 2016 3374 pertinet
2043 3332 2084 3362 ut
2109 3325 2286 3374 proximo
2323 3326 2472 3363 bonum

1408 3377 1574 3415 velimus
1603 3385 1639 3414 et
1667 3390 1883 3427 operemur.
1925 3379 1999 3414 Per
2026 3378 2167 3414 furtum
2196 3385 2324 3415 autem
2352 3380 2471 3416 homo

1410 3430 1522 3467 infert
1540 3438 1818 3468 nocumentum
1837 3431 2013 3480 proximo
2042 3431 2079 3468 in
2108 3431 2186 3468 suis
2213 3432 2347 3468 rebus:
2377 3440 2414 3469 et
2443 3431 2473 3468 si

350 3558 378 3590 α)
396 3557 598 3583 condemnatur.
608 3572 625 3576 -
645 3557 808 3582 iudicabitur
823 3551 871 3581 Pa.

1466 3556 1491 3591 β)
1511 3565 1600 3590 quam.
1611 3573 1630 3578 —
1647 3559 1719 3591 quod
1738 3558 1765 3582 P.
