2860 4244
168 1943 176 1953 ⁸
192 1942 227 1964 Cf.
243 1946 290 1964 not.
306 1947 329 1970 γ.

166 2382 176 2392 ’
188 2381 223 2403 Cf.
234 2387 294 2409 resp.
306 2381 334 2403 ad
345 2387 361 2402 1.

167 2606 177 2615 ⁸
193 2605 228 2627 cf.
243 2611 306 2627 narn.
321 2611 355 2627 ιιι.

169 2782 179 2791 ·
192 2780 260 2802 Vers.
276 2786 306 2802 12.

168 2868 178 2879 '¹
195 2867 250 2895 Cap.
266 2873 329 2890 xvnr.

416 234 489 270 316

413 311 451 348 in
479 312 624 360 spatula
644 308 797 346 alicuius
827 308 997 345 animalis
1018 305 1298 355 apparentibus,
1319 304 1471 352 spatuli-

413 364 554 400 mantia
582 370 752 400 vocatur.

465 416 525 453 Ad
545 415 754 452 secundum
775 421 900 449 autern
933 410 1172 448 divinationis
1192 421 1311 467 genus
1340 420 1437 456 quae
1457 413 1470 429 ⁰

413 477 467 505 est
495 469 574 504 sine
603 478 778 515 expressa
807 466 1039 502 daemonum
1070 461 1332 508 invocatione,
1358 460 1470 509 perti-

412 529 475 557 net
503 521 682 557 divinatio
720 530 817 566 quae
846 518 888 554 fit
917 529 960 552 ex
996 514 1296 553 consideratione
1335 525 1468 550 eorum

411 586 508 622 quae
529 572 705 609 eveniunt
726 583 771 607 ex
800 569 1028 618 quibusdam
1049 580 1147 616 quae
1172 568 1219 603 ab
1249 567 1497 603 hominibus

411 626 508 662 serio
550 625 645 665 fiunt
681 624 729 660 ad
765 622 906 671 aliquid
941 622 1131 658 occultum
1175 620 1468 668 inquirendum:

410 679 489 715 sive
510 690 577 725 per
603 676 897 725 protractionem
918 681 1147 723 punctorum
1168 673 1288 721 (quod
1308 673 1468 720 pertinet
1494 706 1496 724 ,

355 746 358 748 ·
410 731 457 767 ad
484 737 600 766 artem
622 728 893 777 geomantiae);
923 727 1002 763 sive
1030 738 1098 775 per
1127 725 1468 763 considerationem
1495 725 1496 734 ¹

409 784 615 830 figurarum
636 793 732 830 quae
761 780 991 829 proveniunt
1019 792 1064 816 ex
1083 779 1242 827 plumbo
1268 778 1468 826 liquefacto

408 836 444 872 in
474 847 612 883 aquam
632 834 821 882 proiecto;
851 833 932 869 sive
953 845 998 869 ex
1018 833 1249 881 quibusdam
1278 830 1419 867 cedulis
1437 835 1467 878 π,

409 888 550 936 scriptis
569 888 631 924 vel
651 899 727 923 non
758 886 914 934 scriptis,
936 886 973 922 in
994 886 1143 922 occulto
1170 884 1353 933 repositis,
1376 884 1468 920 dum

409 941 666 977 consideratur
699 939 783 988 quis
820 951 937 986 quam
975 938 1152 987 accipiat;
1182 938 1244 975 vel
1282 937 1395 973 etiam
1423 947 1469 972 ex

407 994 557 1030 festucis
575 992 836 1040 inaequalibus
856 991 1071 1041 propositis,
1093 991 1178 1039 quis
1202 990 1388 1027 maiorem
1406 989 1469 1026 vel

408 1047 596 1083 minorem
616 1045 795 1094 accipiat;
824 1046 885 1082 vel
907 1045 1020 1081 etiam
1042 1057 1085 1081 ex
1106 1049 1119 1073 Ρ
1148 1044 1362 1081 taxillorum
1381 1054 1468 1091 pro-

407 1099 583 1145 iectione,
612 1098 694 1147 quis
728 1099 837 1148 plura
870 1106 1010 1147 puncta
1045 1097 1234 1146 proiiciat;
1264 1096 1327 1132 vel
1356 1096 1467 1132 etiarn

408 1152 500 1189 dum
539 1152 798 1188 consideratur
830 1151 921 1199 quid
950 1151 1130 1200 aperienti
1164 1150 1302 1187 librum
1337 1161 1467 1185 occur-

408 1213 473 1242 rat.
505 1206 614 1251 Quae
643 1205 772 1241 omnia
799 1205 955 1241 sortium
985 1215 1127 1240 nomen
1155 1204 1306 1239 habent.

425 1281 428 1284 -
461 1258 522 1294 Sic
541 1258 651 1305 igitur
670 1265 772 1306 patet
790 1257 922 1305 triplex
944 1269 1024 1292 esse
1040 1262 1056 1278 ⁶
1077 1255 1316 1292 divinationis
1336 1266 1466 1301 genus.

407 1311 582 1357 Quorum
601 1311 769 1359 primum
800 1318 854 1346 est
872 1322 940 1358 per
961 1308 1200 1345 manifestam
1231 1309 1467 1345 daemonum

405 1363 711 1400 invocationem:
741 1363 846 1410 quod
883 1362 1046 1411 pertinet
1074 1362 1121 1399 ad
1157 1361 1465 1411 nigromanticos.

407 1417 625 1453 Secundum
654 1423 780 1452 autem
802 1423 858 1452 est
885 1427 953 1464 per
980 1415 1102 1452 solam
1123 1414 1466 1452 considerationem

406 1469 658 1517 dispositionis
687 1470 748 1505 vel
777 1476 903 1505 motus
936 1468 1086 1505 alterius
1115 1468 1189 1505 rei:
1220 1469 1323 1517 quod
1357 1467 1469 1516 perti-

458 1606 483 1637 ο)
504 1612 578 1636 quae.
592 1618 611 1623 -
628 1605 700 1636 quod
718 1604 772 1629 PD.

458 1641 487 1673 π)
506 1640 613 1665 cedatis.
625 1654 644 1659 —
661 1639 793 1665 schedulis
811 1639 840 1664 P.
852 1653 871 1658 -
890 1646 941 1664 non
961 1647 1014 1664 om.
1033 1640 1109 1664 ABF.

458 1676 482 1709 ρ)
502 1676 582 1700 etiam
601 1683 646 1700 ex.
658 1689 676 1694 -
694 1676 775 1700 etiam
794 1682 812 1699 a
829 1675 862 1706 D,
881 1682 934 1700 om.
955 1675 985 1700 P.

1085 228 1350 275 QUAESTIO
1380 228 1500 276 XCV,
1529 229 1826 266 ARTICULUS
1857 230 1906 265 III

1524 313 1587 341 net
1616 306 1665 342 ad
1693 318 1871 355 augures.
1908 305 2081 342 Tertium
2116 315 2172 342 est
2209 306 2301 342 dum
2336 307 2492 343 facimus
2522 307 2586 344 ali-

1525 357 1616 405 quid
1631 365 1672 395 ut
1689 359 1800 396 nobis
1816 358 2075 395 manifestetur
2094 358 2235 406 aliquid
2251 361 2459 396 occultum:
2481 361 2587 408 quod

1522 410 1685 458 pertinet
1719 412 1768 448 ad
1801 417 1928 448 sortes.
1960 411 2040 447 Sub
2078 411 2248 458 quolibet
2282 419 2410 448 autem
2448 413 2586 450 horum

1495 492 1497 502 ζ
1522 463 1642 499 multa
1670 464 1921 510 continentur,
1941 471 1983 500 ut
2010 471 2114 511 patet
2141 475 2186 500 ex
2215 463 2332 500 dictis.

1576 517 1636 552 An
1665 528 1802 554 ptumum
1841 529 1939 553 ERGO
1968 528 2153 553 DICENDUM
2189 517 2295 565 quod
2332 517 2370 554 in
2407 517 2598 566 omnibus·

1522 567 1724 615 praedictis
1742 569 1762 590 ’¹‘
1791 577 1846 606 est
1875 570 2012 607 eadem
2041 569 2133 606 ratio
2170 569 2354 616 generalis
2381 569 2585 618 peccandi,

1523 620 1591 657 sed
1623 633 1702 658 non
1738 623 1873 660 eadem
1911 622 2094 671 specialis.
2138 622 2261 659 Multo
2297 623 2400 659 enim
2435 623 2587 670 gravius

1524 681 1578 709 est
1606 674 1816 710 daemones
1846 674 2026 712 invocare
2054 687 2172 724 quam
2201 675 2325 723 aliqua
2353 675 2478 712 facere
2506 675 2588 725 qui-

1523 726 1594 762 bus
1624 726 1780 773 dignum
1810 727 1854 764 sit
1882 735 1923 764 ut
1950 739 1990 764 se
2020 728 2230 764 daemones
2257 729 2439 776 ingerant.

1575 780 1634 814 An
1662 790 1854 816 SECUNDUM
1888 791 2073 817 mcENDUM
2110 781 2216 828 quod
2251 781 2414 830 cognitio
2443 782 2587 818 futuro-

1495 834 1496 839 ’
1523 843 1606 868 rum
1635 832 1697 868 vel
1717 833 1954 869 occultorum
1976 840 2032 869 est
2057 833 2211 870 ultimus
2235 834 2333 881 finis,
2356 846 2401 871 ex
2428 846 2505 883 quo
2526 847 2587 871 su-

1523 884 1636 920 mitur
1663 884 1849 931 generalis
1878 885 1972 922 ratio
2003 885 2253 924 divinationis.
2296 887 2587 935 Distinguuntur

1522 945 1651 973 autem
1680 936 1852 974 diversae
1882 937 2026 986 species
2055 939 2267 976 secundum
2300 940 2454 989 propria
2482 941 2586 977 obie—

1523 998 1581 1026 cta
1601 990 1682 1026 sive
1701 991 1900 1027 materias:
1929 999 2044 1040 prout
2062 991 2203 1029 scilicet
2228 992 2266 1029 in
2287 993 2444 1030 diversis
2472 994 2585 1031 rebus

1522 1043 1758 1079 occultorum
1788 1044 1949 1092 cognitio
1979 1044 2251 1082 consideratur.

1574 1097 1632 1132 AD
1652 1107 1812 1133 TERTIUM
1840 1109 2024 1134 mcENDUM
2048 1098 2154 1146 quod
2174 1111 2233 1135 res
2253 1110 2348 1146 quas
2373 1098 2586 1136 divinantes

1492 1140 1495 1196 J
1521 1149 1720 1186 attendunt
1755 1151 2042 1188 considerantur
2077 1151 2127 1188 ab
2157 1151 2209 1188 eis
2238 1163 2316 1188 non
2354 1151 2450 1188 sicut
2480 1151 2587 1199 signa

1521 1201 1659 1249 quibus
1688 1203 1903 1250 exprimant
1931 1204 2036 1252 quod
2065 1204 2140 1240 iam
2170 1204 2302 1252 sciunt,
2327 1204 2423 1242 sicut
2451 1204 2587 1242 accidit

1521 1255 1559 1291 in
1580 1255 1811 1292 detractione
1831 1262 1862 1293 ³:
1890 1255 1960 1293 sed
1987 1257 2082 1293 sicut
2099 1257 2290 1306 principia
2315 1258 2584 1318 cognoscendi.

1522 1308 1767 1345 Manifestum
1788 1317 1843 1346 est
1870 1317 2000 1346 autem
2030 1310 2134 1359 quod
2159 1310 2356 1348 diversitas
2383 1311 2586 1361 principio-

1521 1373 1606 1397 rum
1637 1361 1867 1399 diversificat
1890 1362 2070 1412 speciem,
2092 1364 2204 1400 etiam
2225 1369 2240 1385 ⁸³
2270 1363 2309 1400 in
2338 1363 2507 1402 scientiis
2521 1364 2585 1402 de-

1521 1414 1790 1452 monstrativis.

1576 1605 1602 1636 σ)
1622 1604 1724 1636 triplex
1738 1611 1801 1629 esse.
1815 1618 1834 1623 -
1852 1604 1996 1636 multiplex
2010 1605 2028 1636 1,
2048 1605 2151 1637 triplex
2169 1605 2216 1635 Pa,
2234 1605 2307 1638 quod
2321 1605 2424 1637 triplex
2437 1608 2477 1631 est
2489 1605 2523 1631 G.

1574 1639 1600 1673 τ)
1621 1640 1793 1665 detractione.
1806 1653 1826 1658 —-
1843 1640 2072 1665 demonstratione
2092 1641 2162 1669 PGa,
2181 1641 2343 1666 distractor-e
2361 1641 2393 1666 D.

1575 1676 1601 1708 υ)
1620 1675 1711 1700 etiam.
1722 1688 1741 1694 —
1760 1676 1822 1700 Om.
1839 1675 1956 1708 ABFpC.

1073 1754 1409 1786 commentaria
1432 1753 1685 1787 Oardjnalis
1706 1754 1911 1788 Caietam

434 1859 454 1878 N
471 1848 601 1879 articulo
621 1848 711 1878 tertio
729 1847 870 1878 eiusdem
889 1847 1083 1888 quaestionis
1100 1847 1463 1888 nonagesimaequintae‚

408 1861 510 1923 Inota
529 1902 626 1932 penes
645 1892 722 1932 quid
742 1891 944 1931 distinguitur
963 1901 1106 1932 expressa
1122 1902 1140 1922 a
1156 1891 1248 1922 tacita
1263 1891 1464 1922 invocatione

403 1937 577 1973 daemonis,
594 1936 710 1967 scilicet
726 1946 822 1976 penes
840 1935 1050 1966 intentionem
1063 1936 1081 1955 *
1103 1936 1253 1967 hominis.
1287 1936 1395 1973 Quam
1417 1936 1464 1966 in-

402 1981 506 2020 tellige
530 1980 696 2020 dupliciter
718 1980 825 2010 haberi
848 1990 906 2020 pro
931 1989 1090 2020 expressa:
1115 1980 1230 2020 primo,
1247 1990 1323 2011 cum
1338 1980 1465 2012 invocat

403 2026 609 2061 daemonem;
634 2025 784 2060 secund0,
810 2034 884 2054 curn
908 2024 1027 2065 aliquid
1050 2024 1123 2055 facit
1146 2025 1236 2066 quod
1259 2024 1317 2055 scit
1340 2034 1377 2055 ex
1400 2025 1463 2055 dia-

403 2069 467 2100 boli
491 2069 605 2099 virtute
622 2068 754 2109 operari,
779 2075 815 2099 ut
838 2068 958 2099 faciunt
981 2069 1200 2100 incantatores.
1225 2069 1359 2110 Utrique
1375 2078 1464 2099 nam-

402 2124 464 2154 que
487 2123 630 2153 expresse
654 2113 843 2143 daemonem
860 2113 1008 2143 invocant
1032 2123 1069 2143 ex
1092 2113 1277 2150 intentione,
1293 2114 1391 2144 verbo
1414 2113 1464 2144 vel

402 2157 496 2188 facto.
529 2157 569 2188 Et
599 2164 674 2187 tunc
703 2157 870 2188 intervenit
893 2164 1022 2197 pactum
1046 2157 1182 2194 factum,
1207 2158 1264 2188 etsi
1294 2167 1360 2188 non
1389 2167 1463 2188 cum

402 2202 458 2232 illo
488 2201 634 2238 homine,
659 2201 779 2232 factum
806 2209 912 2232 tamen
936 2211 1010 2232 cum
1033 2202 1141 2243 aliquo
1170 2202 1233 2232 alio
1262 2202 1318 2243 qui
1342 2201 1464 2233 assistet

402 2246 464 2276 illis
480 2246 639 2286 operibus,
656 2246 853 2276 ostendendo
869 2246 920 2276 vel
938 2247 1111 2287 operando.
1125 2264 1146 2269 —
1163 2246 1274 2277 Tacita
1294 2253 1403 2277 autem
1418 2246 1465 2277 in-

403 2290 528 2321 vocatio
559 2290 754 2320 daemonum
784 2297 860 2320 tunc
889 2290 1097 2323 solummodo
1121 2297 1167 2321 est
1197 2291 1326 2331 quando
1351 2290 1464 2331 aliquis

404 2334 517 2364 talibus
533 2344 566 2363 se
589 2334 729 2374 implicat
746 2341 781 2364 ut
804 2334 936 2374 dignum
953 2335 992 2366 sit
1015 2335 1206 2365 daemonem
1221 2334 1283 2365 illis
1307 2345 1339 2365 se
1359 2334 1464 2365 immi-

404 2387 487 2408 scere
503 2377 529 2414 *,
547 2378 692 2418 quamvis
714 2378 778 2408 hoc
795 2378 834 2408 sit
853 2386 974 2418 praeter
994 2379 1204 2409 intentionem
1221 2379 1291 2409 talis
1307 2378 1462 2410 hominis:

404 2428 440 2452 ut
462 2422 495 2452 in
518 2421 626 2452 multis
650 2422 840 2453 enumeratis
863 2422 896 2453 in
920 2423 1021 2454 littera
1044 2423 1148 2454 habes.

458 2466 494 2496 II.
516 2466 550 2495 In
563 2466 677 2496 eodem
689 2466 832 2502 articulo,
847 2466 926 2497 circa
942 2467 1154 2507 apparitiones
1170 2467 1375 2504 daemonum,
1390 2474 1465 2498 nota

403 2511 491 2551 quod
508 2510 650 2550 quinque
667 2510 770 2540 modis
786 2510 974 2550 contingunt
989 2511 1175 2542 huiusmodi
1190 2511 1341 2542 visiones:
1367 2511 1466 2542 tribus

404 2554 581 2585 secundum
605 2564 714 2584 sensus
738 2554 913 2591 exteriores,
939 2563 968 2586 et
992 2556 1118 2586 duobus
1142 2555 1318 2585 secundum
1342 2555 1467 2586 interio-

403 2609 452 2629 res
466 2598 493 2629 *.
518 2598 684 2638 Contingit
706 2598 863 2638 siquidem
888 2599 1020 2630 exterius
1044 2610 1061 2630 a
1085 2600 1239 2630 daemone
1261 2599 1379 2635 induci,
1404 2599 1466 2640 pri-

405 2653 470 2678 mo,
485 2652 596 2672 verum
620 2651 751 2682 corpus:
776 2642 902 2673 aliunde
926 2650 1101 2684 acceptum,
1127 2651 1161 2674 ut
1185 2653 1259 2674 cum
1282 2653 1393 2674 verum
1417 2654 1464 2674 se-

404 2697 494 2722 men,
518 2693 655 2723 vestem,
686 2693 717 2716 et
746 2686 945 2724 huiusmodi,
975 2687 1080 2724 offert;
1105 2695 1160 2718 aut
1190 2694 1266 2718 tunc
1292 2687 1466 2718 formatum

404 2730 642 2762 commiscendo
666 2730 819 2761 naturalia
842 2731 942 2762 activa
966 2739 996 2763 et
1019 2731 1156 2772 passiva,
1181 2738 1217 2762 ut
1240 2738 1399 2771 serpentes
1422 2732 1465 2762 fa-

405 2782 471 2806 ctos
495 2784 550 2814 per
573 2784 682 2814 magos
706 2774 887 2810 Pharaonis,
911 2776 1015 2806 Exod.
1031 2786 1074 2806 vn
1088 2776 1119 2812 *,
1146 2782 1176 2806 et
1198 2776 1343 2806 volucres
1367 2776 1466 2807 factos

404 2820 476 2849 loco
493 2818 654 2849 sociorum
670 2819 835 2849 Diomedis
851 2820 1102 2856 submersorum,
1116 2827 1151 2850 ut
1166 2820 1365 2860 Augustinus
1382 2821 1466 2857 dicit,

403 2863 503 2895 XVIII
528 2863 567 2893 de
585 2863 652 2894 Civ.
669 2862 731 2893 Dei
745 2863 771 2894 *-

459 2906 624 2947 Contingit
641 2907 790 2943 secundo,
803 2917 868 2937 non
885 2918 995 2938 verum
1013 2918 1138 2948 corpus,
1156 2907 1210 2938 sed
1226 2907 1466 2939 similitudinem

404 2951 543 2992 aliquam
567 2961 751 2991 corpoream
776 2951 884 2982 offerre
909 2953 1058 2989 exterius,
1084 2962 1121 2983 ex
1145 2952 1337 2982 naturalium
1359 2959 1465 2983 tamen

405 2995 590 3035 operatione
620 3002 878 3034 consurgentem:
915 3003 951 3026 ut
983 2996 1181 3036 Augustinus
1214 2996 1304 3033 dicit,
1328 2996 1464 3034 ibidem,

406 3039 444 3069 de
467 3039 640 3069 Arcadibus
669 3045 699 3069 et
729 3039 821 3069 sociis
845 3040 976 3080 Ulyssis.
1007 3041 1048 3071 Et
1075 3040 1107 3071 in
1136 3040 1249 3080 phialis
1272 3051 1392 3081 aquae,
1416 3041 1466 3072 vel

406 3082 506 3123 polito
531 3092 672 3122 corpore,
690 3090 841 3122 apparent
856 3084 1049 3125 quandoque
1072 3084 1291 3115 similitudines
1307 3085 1465 3125 quaedam

406 3137 423 3157 a
448 3127 602 3156 daemone
626 3133 826 3166 procuratae,
852 3137 926 3157 cum
949 3129 988 3158 ad
1011 3128 1196 3159 huiusmodi
1219 3128 1393 3160 invocatur.
1425 3129 1466 3160 Et

406 3171 585 3211 frequenter
607 3170 718 3201 accidit
742 3181 816 3201 cum
839 3171 1009 3202 daemones
1033 3172 1065 3202 in
1087 3171 1256 3212 assumptis
1280 3172 1466 3213 corporibus

405 3215 553 3245 humanis
577 3221 728 3255 apparent
750 3214 965 3254 vigilantibus,
991 3225 1215 3246 conversantur
1239 3226 1312 3246 cum
1337 3216 1396 3252 eis,
1421 3216 1467 3247 fa-

407 3259 567 3289 miliariter
590 3258 807 3299 colloquentes
831 3265 861 3289 et
885 3260 1140 3296 concumbentes,
1157 3259 1350 3300 quandoque
1373 3260 1467 3290 etiam

408 3313 539 3333 munera
564 3313 637 3333 vera
665 3302 826 3333 afferentes
855 3302 983 3334 eisdem.
1015 3304 1089 3334 Non
1120 3303 1205 3334 enim
1235 3303 1352 3335 habent
1380 3313 1467 3334 veras

409 3357 514 3377 carnes
538 3354 567 3378 et
589 3357 661 3377 vera
685 3357 756 3377 ossa
780 3357 836 3378 nec
860 3348 1002 3378 membra
1011 3371 1024 3384 ‚⁷
1043 3348 1097 3378 sed
1122 3347 1221 3378 carnis
1250 3354 1280 3378 et
1308 3348 1467 3379 membro-

408 3400 479 3420 rum
495 3390 743 3427 similitudinem,
760 3401 825 3421 non
843 3391 950 3422 solum
965 3391 1131 3427 visibilem,
1149 3392 1203 3422 sed
1228 3391 1418 3432 palpabilem
1435 3399 1465 3423 et

409 3434 552 3471 solidam,
569 3435 612 3465 ita
634 3441 669 3465 ut
692 3435 865 3466 sentiantur
887 3443 1039 3476 tanquam
1062 3436 1220 3466 humanae
1237 3443 1407 3476 personae:
1432 3443 1468 3467 ut

409 3488 427 3508 a
450 3478 557 3509 multis
580 3477 640 3508 fide
665 3479 765 3518 dignis
789 3489 825 3509 ex
848 3479 975 3520 propria
995 3479 1182 3520 experientia
1198 3480 1395 3510 narrantibus
1411 3490 1466 3511 au-

410 3522 481 3553 divi.
505 3540 526 3546 —
550 3522 585 3552 In
601 3522 726 3553 duobus
745 3530 851 3553 tamen
868 3523 997 3554 deficere
1021 3525 1059 3554 ab
1083 3523 1230 3554 humanis
1254 3524 1378 3565 percepi
1395 3534 1464 3555 cor-

1517 1847 1659 1887 poribus.
1683 1847 1808 1884 Primo,
1833 1847 1866 1878 in
1889 1854 2140 1888 temperamento
2165 1848 2275 1878 carnis.
2308 1848 2393 1878 Nam
2421 1848 2585 1880 confessus

1518 1898 1565 1922 est
1587 1891 1654 1932 ipse
1670 1892 1828 1922 mendacii
1843 1897 1951 1932 pater,
1968 1902 2042 1922 cum
2059 1891 2126 1923 eius
2142 1890 2225 1928 caro,
2242 1891 2333 1933 quasi
2349 1892 2497 1932 glacialis,
2513 1902 2585 1924 mo·

1516 1936 1594 1966 lesta
1617 1942 1698 1966 esset
1722 1936 1818 1966 tactui
1841 1936 2001 1967 humanae
2024 1936 2134 1973 carnis,
2157 1946 2191 1967 se
2206 1946 2273 1966 non
2292 1946 2387 1977 posse
2403 1937 2519 1968 melius
2540 1935 2585 1975 ifa-

1518 1990 1598 2010 cere.
1628 1981 1702 2011 Non
1731 1987 1837 2020 potest
1864 1980 1949 2011 enim
1973 1980 2016 2011 sic
2040 1980 2246 2012 commiscere
2269 1980 2440 2018 naturalia,
2464 1981 2586 2022 absque

1518 2034 1590 2054 vera
1610 2024 1812 2064 generatione
1834 2024 1985 2062 hominis,
2002 2031 2039 2055 ut
2062 2035 2189 2056 carnem
2203 2025 2380 2056 humanam
2399 2024 2531 2064 efficiam
2555 2033 2587 2058 et

1518 2068 1613 2099 simili
1629 2069 1760 2105 ratione,
1778 2079 1843 2099 non
1859 2075 1964 2109 potest
1979 2079 2087 2100 semen
2103 2069 2284 2100 humanum
2300 2068 2435 2100 efficere:
2455 2076 2586 2112 propter

1518 2112 1746 2153 perfectionem
1776 2113 1893 2144 horum
1921 2120 1952 2144 et
1981 2113 2134 2155 similium
2162 2113 2332 2145 effectuum
2354 2113 2585 2155 requirentium

1518 2157 1647 2197 propria
1677 2157 1830 2188 naturalia
1857 2157 1957 2188 activa
1987 2157 2133 2198 perfecta.
2165 2158 2206 2189 Et
2233 2168 2270 2188 ex
2292 2157 2355 2189 hoc
2382 2165 2469 2199 patet
2495 2158 2586 2200 quod

1518 2201 1719 2232 verissimum
1743 2208 1790 2232 est
1816 2202 1905 2242 quod
1933 2201 2079 2233 Christus
2107 2209 2182 2243 post
2203 2202 2468 2234 resurrectionem
2491 2202 2584 2235 dixit:

1518 2246 1662 2286 Palpate‚
1680 2251 1711 2277 et
1731 2246 1852 2277 videte:
1870 2247 1945 2286 quia
1966 2247 2100 2287 spiritus
2121 2245 2192 2289 (seu
2209 2244 2431 2289 daemonium)
2454 2254 2585 2280 camena

1519 2296 1549 2321 et
1564 2300 1636 2321 ossa
1653 2300 1716 2320 non
1736 2290 1839 2327 habet,
1857 2291 1944 2321 Ioan.
1961 2301 2000 2321 xx

1519 2334 1726 2365 delectatione
1750 2341 1851 2365 tactus
1875 2341 1906 2366 et
1928 2334 2127 2366 concubitus,
2151 2335 2208 2367 Est
2228 2334 2314 2366 enim
2333 2342 2422 2367 tanto
2437 2345 2586 2378 personu-

1519 2389 1591 2410 rum
1614 2379 1827 2409 humanarum
1849 2378 2035 2410 commixtio
2060 2379 2209 2410 naturalis
2225 2379 2440 2411 delectabilior
2463 2384 2586 2422 quanto

1518 2433 1631 2454 verum
1655 2423 1871 2463 superexcedit
1893 2423 2064 2454 verisimili.

1575 2468 1616 2498 Et
1638 2467 1715 2497 haec
1739 2474 1813 2497 sunt
1837 2467 1918 2497 dicta
1942 2476 1972 2498 et
1994 2477 2054 2508 pro
2074 2467 2285 2498 declaratione
2300 2467 2448 2504 veritatis,
2472 2474 2504 2499 et
2526 2477 2585 2509 pro

1521 2511 1739 2542 confutatione
1766 2512 1944 2551 sapientum
1969 2512 2002 2542 in
2025 2512 2126 2542 oculis
2148 2512 2217 2542 suis
2239 2511 2423 2551 negantium
2455 2512 2585 2544 daemo-

1521 2565 1586 2586 nes.
1618 2555 1693 2593 Qui,
1714 2555 1739 2586 si
1762 2555 1921 2585 Ecclesiae
1951 2565 2017 2586 non
2041 2555 2182 2592 credunt,
2207 2556 2362 2596 accipiant
2391 2555 2465 2586 fidei
2493 2555 2585 2588 Chri-

1520 2599 1637 2630 stianae
1660 2599 1881 2630 testimonium
1904 2598 1954 2629 vel
1978 2600 2016 2629 ab
2040 2599 2141 2630 hoste.
2166 2600 2214 2630 Ex
2237 2599 2355 2630 eisdem
2374 2610 2514 2642 namque
2533 2610 2586 2633 co-

1520 2643 1616 2683 gnovi
1647 2643 1735 2684 quod
1758 2643 1872 2673 volunt
1896 2643 2067 2674 daemones
2095 2654 2245 2684 personas
2269 2644 2324 2675 has
2348 2643 2444 2675 fidem
2468 2643 2587 2678 Christi

1521 2687 1708 2728 relinquere.
1740 2687 1906 2724 Quorsum
1934 2687 2014 2726 hoc,
2038 2687 2064 2718 si
2090 2687 2168 2718 fides
2192 2688 2309 2720 Christi
2339 2689 2489 2720 daemoni
2518 2698 2586 2721 non

1521 2729 1718 2772 displiceret?
1741 2732 1854 2772 Neque
1877 2731 2002 2762 somnia
2025 2739 2080 2763 aut
2096 2739 2225 2770 extases,
2249 2740 2305 2764 aut
2320 2733 2424 2764 subita
2438 2742 2585 2766 momen—

1521 2783 1650 2807 taneave
1666 2775 1787 2816 aliqua;
1811 2776 1866 2807 sed
1889 2775 2054 2807 diuturnas
2077 2775 2314 2814 familiaritates,
2331 2777 2413 2809 sicut
2427 2777 2509 2810 inter
2526 2778 2586 2813 ho-

1521 2820 1632 2856 mines,
1652 2820 1848 2857 sensibiliter,
1866 2830 1940 2850 cum
1964 2820 2123 2852 effectibus
2146 2821 2356 2858 sensibilibus,
2380 2832 2448 2853 non
2466 2823 2586 2858 vetula-

1520 2874 1601 2901 rum,
1619 2874 1686 2894 non
1700 2863 1932 2895 insensatarum
1947 2872 2003 2895 aut
2018 2865 2317 2903 malenconicarum,
2337 2873 2374 2897 ut
2395 2866 2495 2904 aiunt,
2514 2875 2585 2908 pet-

1521 2918 1683 2945 sonarum,
1702 2918 1804 2940 narro.
1830 2908 1891 2940 Sed
1914 2909 1990 2949 quia
2011 2909 2128 2940 habent
2149 2911 2288 2951 Mqrsen
2312 2915 2342 2942 et
2363 2909 2584 2951 Prophetas*;

1521 2960 1552 2983 et
1575 2953 1728 2993 scriptum
1751 2959 1798 2984 est
1818 2952 1836 2972 *
1866 2953 1955 2994 quod
1978 2952 2056 2984 fides
2078 2953 2197 2985 donum
2219 2955 2284 2985 Dei
2306 2959 2364 2993 est,
2388 2965 2455 2986 non
2479 2954 2623 2987 homi-‘-

1521 3007 1600 3028 num
1623 2997 1815 3034 voluntatis;
1841 3003 1872 3028 et
1894 3007 1957 3028 non
1978 3003 2024 3029 est
2047 2999 2181 3030 volentis
2203 3008 2304 3040 neque
2326 3000 2504 3038 currentis,
2527 2998 2586 3032 sed

1521 3043 1700 3072 miserentis
1722 3042 1785 3072 Dei
1799 3041 1830 3072 *ι
1854 3041 1938 3078 ideo,
1954 3048 2013 3073 etc.

1576 3085 1742 3125 Contingit
1764 3085 1867 3122 tertio,
1884 3086 2061 3116 secundum
2083 3086 2268 3117 exteriorem
2289 3097 2420 3118 sensum
2435 3097 2584 3128 apparere

1521 3129 1627 3170 aliqua
1646 3139 1728 3170 quae
1751 3139 1808 3160 nec
1831 3129 1864 3160 in
1884 3130 2012 3161 veritate
2031 3140 2089 3161 nec
2111 3130 2143 3161 in
2167 3131 2375 3162 similitudine
2398 3138 2483 3164 extra
2498 3135 2582 3168 sunt,

1521 3174 1575 3203 sed
1600 3184 1637 3204 ex
1660 3180 1747 3214 parte
1769 3173 1904 3204 videntis
1928 3184 2022 3205 causa
2045 3182 2101 3206 est.
2125 3175 2166 3207 Et
2189 3175 2262 3206 talia
2284 3175 2431 3207 videntur
2452 3175 2583 3216 praesti-

1519 3217 1569 3256 gia
1593 3218 1748 3248 daemone
1769 3225 1993 3249 commovente
2012 3218 2163 3250 humores
2180 3226 2235 3250 aut
2250 3220 2378 3260 spiritus
2393 3219 2581 3251 hominum:

1519 3261 1599 3291 sicut
1622 3261 1733 3292 accidit
1755 3261 2002 3293 febricitantibus
2026 3262 2129 3294 videre
2153 3263 2375 3295 similitudines
2401 3263 2434 3294 in
2456 3262 2581 3305 parieti-

1518 3305 1587 3341 bus,
1612 3312 1642 3336 et
1664 3305 1866 3342 huiusmodi;
1891 3313 1927 3337 ut
1949 3306 2164 3348 Philosophus
2188 3307 2277 3345 dicit,
2301 3308 2334 3339 in
2356 3308 2438 3340 libro
2462 3307 2502 3339 de
2523 3307 2582 3340 So-

1520 3359 1594 3380 mno
1618 3355 1648 3380 et
1672 3350 1788 3390 Vigilia
1803 3350 1830 3381 *.

1575 3393 1626 3424 111.
1652 3393 1817 3433 Contingit
1841 3401 1871 3425 et
1893 3395 2070 3426 secundum
2092 3395 2276 3427 interiorem
2299 3405 2428 3427 sensum
2455 3396 2582 3436 appari-

1519 3437 1621 3468 tiones
1645 3438 1835 3468 daemonem
1857 3448 1983 3469 causare
1998 3439 2026 3470 *.
2043 3440 2125 3471 Vel'
2117 3450 2148 3471 in
2173 3439 2362 3471 alienatione
2385 3450 2404 3470 a
2426 3439 2580 3472 sensibus.
2609 3451 2620 3462 ·

1520 3481 1590 3512 Sive
1614 3491 1670 3522 per
1689 3481 1819 3512 nimiam
1844 3483 2066 3514 attentionem:
2092 3490 2127 3515 ut
2149 3483 2261 3516 accidit
2274 3483 2416 3524 superbis
2439 3490 2581 3515 contem-

1519 3525 1653 3565 plativis,
1674 3526 1730 3567 qui
1753 3537 1771 3557 a
1794 3526 1950 3558 daemone
1973 3528 2151 3559 illuduntur
2172 3527 2205 3558 in
2227 3527 2320 3558 variis
2342 3527 2543 3569 imaginibus.
2558 3546 2581 3553 -

2015 2290 2042 2327 *,
2060 2298 2090 2322 et
2113 2292 2191 2322 Luc.
2209 2291 2266 2322 ult.
2279 2291 2315 2311 *¹*
2329 2308 2351 2314 —
2373 2291 2534 2329 Secundo,
2551 2292 2585 2334 in
2612 2299 2636 2338 ζ’,

2614 578 2625 589 ·
2638 578 2664 600 In
2679 584 2784 607 corpore.
2803 569 2806 571 Δ

2612 2913 2694 2935 ¹Luc.
2686 2918 2762 2968 ηαρ.
2777 2919 2823 2942 ινι,

2611 2969 2762 2999 ἈαΕρΙιει.
2772 2977 2823 3000 esp.

2611 3002 2636 3024 ιι,
2650 3003 2710 3020 vers.
2724 2997 2747 3020 8.

2610 3045 2767 3100 iffa-¹³⁰2.
2770 3052 2822 3075 ‘²¹'

2608 3352 2822 3428 {gessa

2643 3450 2680 3474 Cf.
2700 3458 2765 3475 ιιι..
2786 3448 2836 3481 ιι,’

2608 3477 2708 3506 princip.
