2814 4250
972 319 1237 365 QUAESTIO
1267 320 1403 367 LVIII,
1433 319 1728 356 ARTICULUS
1757 321 1770 356 I

639 513 1050 591 QUAESTIO
1090 513 2097 590 QUINQUAGESIMAOCTAVA

1105 641 1147 680 D
1166 641 1204 680 E
1252 641 1270 681 I
1289 641 1330 682 U
1349 640 1380 681 S
1399 641 1437 680 T
1455 641 1472 680 Ι
1490 641 1528 680 Τ
1546 641 1563 680 Ι
1581 641 1623 680 Α

1054 764 1088 788 ΙΝ

39 865 91 886 'Cfi
101 871 139 892 qu.
147 870 202 891 Lvu,
211 864 249 885 In-

6 893 7 897 ,
39 892 98 913 mm.
279 867 468 951 Damni-2
497 856 817 894 considerandum
847 864 902 894 est
931 857 978 894 de
1005 857 1144 894 iustitia
1162 857 1194 894 ²³⁶.

361 909 472 946 Circa
501 922 617 958 quam
646 917 880 969 quaeruntur
908 910 1123 948 duodecim.
1363 903 1365 943 1

330 962 483 1000 Primo:
513 962 606 1010 quid
633 963 679 999 sit
705 962 854 1000 iustitia.
1364 974 1366 1008 3

331 1015 531 1052 Secundo:
562 1022 690 1052 utrum
709 1015 846 1052 iustitia
866 1027 1019 1063 semper
1033 1014 1078 1052 sit
1097 1014 1144 1051 ad
1165 1009 1367 1051 3113111111.Ι

300 1096 302 1098 v
332 1067 484 1106 Tertio:
513 1075 640 1105 utrum
670 1068 717 1104 sit
744 1068 875 1105 virtus.
1365 1044 1368 1097 1

333 1122 503 1168 Quarto:
533 1130 662 1158 utrum
691 1121 737 1157 sit
770 1121 808 1157 in
836 1120 1031 1157 voluntate
1065 1119 1160 1156 sicut
1188 1119 1226 1156 in
1254 1119 1340 1155 sub·
1366 1102 1369 1174 l

385 1181 495 1210 lecto.
1368 1178 1369 1184 ’

333 1227 500 1274 Quinto:
529 1233 656 1263 utrum
685 1225 732 1262 sit
759 1225 878 1262 virtus
907 1224 1103 1272 generalis.

315 1279 470 1322 vSexto:
501 1285 628 1317 utrum
660 1278 874 1315 secundum
912 1277 1018 1326 quod
1047 1285 1102 1314 est
1137 1276 1343 1325 generalis,
1370 1293 1372 1332 ᾗ

386 1331 432 1369 sit
459 1330 563 1368 idem
591 1331 631 1368 in
659 1330 822 1368 essentia
852 1343 939 1368 cum
969 1330 1075 1367 omni
1103 1330 1253 1367 virtute.
1370 1334 1373 1378 Ι

690 1575 756 1605 ΕΤ
773 1574 918 1605 PERPE
921 1574 1005 1603 TUA
1037 1573 1119 1603 VOL
1125 1573 1272 1604 UNTAS
1292 1573 1314 1603 I
1315 1572 1370 1603 US

467 1820 665 1857 voluntas
685 1821 742 1856 ius
769 1832 879 1856 suum
900 1819 1104 1878 unicuique·
1128 1819 1294 1855 tribuens
1311 1818 1342 1855 ²¹⁸.

247 1836 425 1914 Iustitia
439 1873 556 1920 enim,
567 1873 780 1910 secundum
795 1872 1087 1920 Philosophum,
1096 1884 1135 1908 111
1145 1871 1333 1908 VEthzc

244 1916 341 1964 ‘eit
366 1925 515 1963 habitus
541 1937 565 1963 a
593 1937 667 1974 quo
689 1931 777 1962 sunt
802 1925 922 1973 aliqui
938 1924 1123 1973 operativi
1148 1924 1344 1970 iustorum,
1371 1923 1373 1960 ξ

252 2024 255 2027 .
281 1985 319 2017 et
343 1991 368 2017 a
394 1990 469 2028 quo
489 1985 705 2039 operantur·
721 1984 758 2015 et
781 1978 913 2015 volunt
931 1979 1037 2014 iusta.
1068 1977 1145 2014 Sed
1168 1978 1345 2015 voluntas

281 2021 458 2074 fiominat
475 2032 698 2092 potentiam,
714 2031 777 2068 vel
798 2031 911 2068 etiarn
932 2038 1072 2068 actum.
1093 2030 1225 2078 Ergo'
1216 2043 1346 2067 1113011-

281 2084 480 2147 venienter
507 2084 644 2122 iustitia
673 2083 807 2121 dicitur
836 2096 918 2121 esse
945 2083 1132 2120 voluntas.

290 2146 294 2150 '
337 2148 372 2187 2
398 2138 632 2185 PRAETEREA,
662 2136 846 2174 rectitudo
865 2136 1070 2174 voluntatis
1099 2148 1177 2172 non
1206 2142 1260 2172 est
1278 2148 1347 2173 vo-

22 2239 23 2242 *
281 2180 426 2229 linitas·
455 2190 636 2240 alioquin,
666 2190 697 2227 si
721 2190 898 2227 voluntas
926 2197 1024 2226 esset
1052 2201 1121 2225 sua
1149 2188 1346 2236 rectitudo,
1373 2202 1374 2210 ³

109 2292 111 2295 y
283 2242 507 2294 sequeretur
533 2244 639 2291 quod
676 2243 778 2280 nulla
810 2243 988 2279 voluntas
1025 2249 1123 2279 esset
1153 2253 1346 2291 perversa.

20 2304 22 2306 ’
44 2284 256 2350 &esim-liw-
285 2296 363 2341 Sed
383 2296 595 2334 secundum
619 2296 928 2342 Α1133111111111,111
955 2295 1051 2332 libro
1071 2295 1116 2331 de
1136 2293 1335 2331 Veritate*

141 2350 171 2379 ’ἤ
199 2368 201 2371 v
284 2349 422 2394 iustitia
453 2355 508 2386 est
542 2349 734 2386 rectitudo.

284 2403 421 2458 luntas.

340 2454 375 2492 3.
391 2455 627 2502 PRAETEREA,
657 2455 737 2491 sola
765 2453 837 2490 Dei
865 2454 1043 2491 voluntas
1072 2460 1126 2489 est
1151 2459 1347 2501 perpetua.

285 2500 339 2546 Si
346 2520 436 2557 ergo
456 2507 595 2545 iustitia
612 2505 670 2544 est
690 2513 874 2556 perpetua
891 2507 1082 2552 voluntas,
1104 2505 1141 2541 in
1162 2505 1243 2541 solo
1264 2507 1348 2542 Deo

285 2560 365 2610 3111
379 2560 529 2607 iustitia.

292 2623 295 2626 ’
303 2620 375 2663 ,4.
394 2615 635 2660 PRAETEREA,
666 2624 782 2650 omne
810 2619 1039 2660 perpetuum
1069 2617 1125 2647 est
1153 2617 1347 2647 constans:

285 2663 382 2729 quia
411 2674 466 2704 est
493 2665 743 2704 immutabile.
791 2665 993 2714 Superflue
1022 2676 1110 2711 ergo
1146 2670 1349 2713 utrumque

284 2719 440 2780 ponitur
473 2719 511 2756 in
542 2718 763 2757 definitione
792 2717 969 2764 iustitiae,
1005 2724 1041 2753 et
1062 2722 1287 2764 perpetuum
1317 2724 1352 2753 et
1376 2722 1378 2730 ’

285 2765 472 2815 constans.

342 2825 376 2862 5.
404 2825 646 2871 Pam-Em,
674 2823 835 2861 reddere
871 2823 930 2860 ius
957 2822 1162 2882 unicuique
1191 2821 1354 2881 pertinet

287 2867 335 2915 ad
354 2877 578 2926 principem.
609 2853 650 2913 Si
673 2876 784 2924 igitur
810 2875 948 2913 iustitia
976 2875 1022 2912 sit
1050 2874 1107 2911 ius
1139 2887 1251 2911 suum
1271 2874 1352 2910 uni·

287 2929 422 2978 cuique
457 2929 644 2990 tribuens,
674 2937 854 2977 sequetur
881 2927 987 2988 quod
1022 2926 1160 2964 iustitia
1194 2939 1273 2963 non
1309 2927 1352 2963 sit

286 2982 358 3020 11131
386 2982 424 3019 111
451 2981 633 3031 principe.
651 2982 781 3028 Quod
811 2988 866 3018 est
893 2979 1178 3018 inconveniens.

327 3032 376 3072 ’6.
398 3036 619 3072 PRAETEREA
638 3033 653 3063 β
664 3033 933 3082 ,Augustinus
972 3033 1079 3079 dicit,
1108 3032 1147 3068 in
1183 3031 1278 3067 libro
1307 3031 1353 3067 de

285 3088 464 3125 Moribus
481 3087 624 3125 Eccles.
643 3087 675 3134 ³¹²,
692 3087 797 3136 quod
816 3086 952 3123 iustitia
972 3091 1026 3122 est
1042 3096 1151 3121 amor
1170 3085 1252 3121 Deo
1272 3089 1352 3120 tan-

287 3146 365 3178 tum
393 3141 569 3178 serviens.
604 3140 695 3177 Non
729 3152 819 3188 ergo
854 3138 977 3176 reddit
1010 3137 1214 3186 unicuique
1247 3135 1352 3184 quod

289 3206 401 3234 suum
431 3201 497 3231 est.

779 2325 882 2396 Erg⁷o
911 2347 1049 2385 iustitia
1082 2359 1160 2384 non
1195 2355 1251 2384 est
1278 2359 1348 2383 vo-

312 3280 313 3283 ,
341 3247 569 3284 Respounsso
603 3257 788 3282 0133ΝοοΜ
826 3244 932 3293 quod
966 3243 1159 3292 praedicta
1191 3241 1350 3279 iustitiae
1378 3278 1380 3294 ἱ

289 3299 459 3336 definitio
480 3297 713 3335 conveniens
734 3305 800 3346 est,
821 3298 850 3334 si
870 3304 968 3334 recte
988 3295 1223 3344 intelligatur.
1252 3295 1352 3331 Cum
1378 3304 1380 3337 ε

343 3442 369 3474 α)
389 3441 466 3466 alias.
480 3455 498 3459 —
516 3447 605 3465 omnes
624 3440 652 3464 P.

343 3475 368 3509 β)
388 3476 540 3501 Praeterea.
559 3489 579 3494 -
598 3475 651 3500 Sed
669 3477 763 3500 contra
781 3474 818 3504 K3
843 3474 868 3498 in
882 3472 933 3498 fine
956 3473 1099 3506 argumenti
1120 3473 1175 3497 Sed
1194 3475 1289 3497 contra
1310 3475 1349 3497 est

290 3511 463 3543 Philosophus
483 3511 508 3535 in
523 3511 579 3536 loco
598 3517 681 3542 supra
690 3509 877 3542 praeallegato
895 3508 964 3533 addit
977 3509 1016 3539 1-1;
1036 3513 1101 3541 spat.
1115 3515 1171 3533 vac.
1186 3507 1304 3532 dimidiae
1323 3513 1349 3533 et

289 3547 365 3572 unius
385 3546 466 3571 lineae
485 3547 518 3577 L;
538 3546 610 3571 Nota
623 3545 693 3578 quod
712 3544 800 3577 deficit
818 3544 860 3569 hic
879 3544 933 3568 Sed
951 3546 1046 3568 contra
1064 3550 1154 3575 margo
1172 3543 1203 3567 D.

343 3582 369 3615 γ)
389 3583 524 3607 bonum-
542 3581 588 3613 qui
611 3584 651 3605 est
668 3580 740 3605 circa
759 3587 790 3604 ea
809 3586 876 3612 quae
894 3579 931 3603 ad
954 3578 1068 3603 alterum
1086 3582 1149 3603 sunt
1166 3578 1234 3603 sicut
1253 3577 1350 3602 addunt
1376 3586 1378 3644 ζ

291 3617 363 3642 PHa.

433 3669 542 3694 Sumtus
560 3668 661 3693 Tmzor..
681 3667 839 3692 D.T1³o›1.u·:
858 3666 890 3691 T.
909 3666 951 3690 VI.

1370 1767 1374 1824 1
1397 1777 1466 1814 per
1486 1773 1610 1801 actum
1632 1765 1779 1801 bonum
1798 1769 1813 1791 Υ
1841 1764 1938 1800 circa
1956 1764 2151 1812 propriam
2171 1764 2368 1801 materiam
2386 1764 2461 1800 vir-

1376 2633 1377 2655 ÷
1403 2610 1532 2659 agitur
1560 2615 1614 2645 est
1630 2608 1936 2654 involuntarium,
1960 2615 2003 2644 ut
2029 2606 2163 2645 dicitur
2182 2608 2219 2644 in
2240 2608 2289 2643 III
2310 2606 2429 2643 Ethic.
2445 2605 2465 2627 '¹‘

1379 3215 1381 3241 ἰ
1405 3186 1547 3224 stanti⁰
1575 3193 1611 3223 et
1629 3193 1813 3236 perpetua
1832 3186 2021 3224 voluntate
2048 3186 2104 3222 ius
2131 3197 2240 3221 suum
2268 3184 2466 3232 unicuique

1116 764 1303 789 DUODECIM
1331 763 1535 788 ARTICULOS
1563 763 1680 788 DIVISA

1445 855 1638 904 Septimo:
1667 864 1793 893 utrum
1823 857 1867 893 sit
1895 858 2018 906 aliqua
2047 857 2183 894 iustitia
2210 856 2452 906 particularis.

1446 908 1618 944 Octavo:
1647 916 1774 945 utrum
1797 909 1934 946 iustitia
1952 910 2186 958 particularis
2209 911 2349 947 habeat
2366 922 2454 958 pro—

1497 973 1621 1009 priam
1650 969 1860 998 materiam.

1447 1014 1586 1050 Nono:
1611 1020 1738 1050 utrum
1758 1014 1804 1050 sit
1824 1014 1922 1051 circa
1940 1015 2150 1063 passiones,
2165 1016 2227 1051 vel
2248 1014 2346 1051 circa
2365 1027 2456 1062 ope-

1501 1073 1665 1102 rationes
1693 1074 1852 1103 tantum.

1449 1118 1629 1155 Decimo:
1649 1126 1775 1155 utrum
1790 1119 2132 1156 mediumiustitiae
2152 1119 2377 1156 sitmedium
2390 1119 2455 1155 rei.

1449 1171 1685 1209 Undecimo:
1721 1179 1849 1208 utrum
1879 1179 1983 1211 actus
2020 1172 2179 1208 iustitiae
2216 1171 2262 1208 sit
2298 1171 2456 1208 reddere

1502 1223 1709 1271 unicuique
1739 1224 1843 1272 quod
1872 1236 1985 1261 suum
2015 1232 2081 1261 est.

1451 1276 1716 1314 Duodecimo:
1746 1285 1872 1313 utrum
1901 1276 2036 1313 iustitia
2065 1277 2110 1314 sit
2137 1276 2341 1325 praecipua
2363 1276 2458 1312 inter

1505 1330 1596 1366 alias
1617 1335 1634 1350 α
1661 1329 1820 1366 virtutes
1848 1330 2023 1366 morales.

1094 1437 1412 1500 ARTJCULUS
1443 1437 1648 1479 PRIMUS

525 1552 532 1558 .
596 1532 751 1562 UTRUM
775 1530 1117 1562 CONVENIENTER
1140 1530 1405 1560 DEFINIATUR
1429 1530 1552 1566 QUOD
1576 1529 1777 1559 JUSTJTJA
1802 1529 1893 1559 EST
1912 1529 2147 1559 CONSTANS

1391 1573 1520 1603 SUUM
1545 1573 1806 1609 UNICUIQUE
1831 1573 2056 1604 TRIBUENS

1399 1659 1500 1696 enim
1530 1659 1655 1695 omnis
1674 1659 1793 1695 virtus
1823 1659 1868 1695 sit
1892 1658 2040 1695 habitus
2070 1659 2133 1707 qui
2160 1666 2214 1695 est
2232 1659 2458 1706 principium

1399 1712 1491 1749 boni
1526 1719 1650 1758 actus,
1686 1724 1841 1748 necesse
1878 1719 1933 1747 est
1967 1711 2072 1759 quod
2107 1711 2225 1747 virtus
2261 1711 2461 1748 definiatur

1398 1818 1496 1854 tutis.
1518 1818 1587 1854 Est
1606 1825 1733 1853 autem
1754 1817 1890 1853 iustitia
1904 1815 1917 1838 δ
1939 1817 2036 1853 31133
2052 1829 2096 1853 33
2111 1829 2209 1864 quae
2232 1817 2280 1853 ad
2300 1818 2460 1853 alterum

1371 1869 1373 1875 '
1399 1878 1485 1907 sunt
1505 1870 1601 1907 sicut
1620 1870 1718 1906 circa
1737 1869 1940 1929 propriam
1951 1870 2163 1917 materiam,
2183 1877 2225 1906 ut
2244 1869 2339 1906 infra
2353 1869 2373 1891 ’¹‘
2395 1881 2461 1917 pa·
2490 1886 2498 1894 -
2514 1886 2564 1906 An.
2577 1891 2597 1911 2,
2613 1887 2633 1906 s.

1399 1923 1501 1960 tebit.
1531 1924 1580 1959 Et
1599 1922 1686 1960 ideo
1706 1930 1811 1959 actus
1831 1922 1990 1959 iustitiae
2010 1928 2109 1971 perE
2134 1921 2461 1970 comparationem
2589 1939 2599 1955 ε

1400 1976 1448 2013 ad
1476 1976 1672 2024 propriam
1693 1975 1891 2026 materiam
1916 1982 1952 2011 et
1972 1975 2164 2011 obiectum
2193 1975 2356 2022 tangitur
2375 1986 2460 2011 cum

1401 2029 1546 2076 dicitur,
1576 2029 1633 2064 ius
1650 2041 1760 2066 suum
1781 2028 1979 2076 unicuique
1997 2024 2178 2064 tribuens:
2209 2028 2310 2076 quia,
2338 2035 2379 2063 ut
2398 2027 2463 2063 Ι31-

1401 2082 1517 2119 dorus
1547 2081 1645 2128 dicit,
1665 2081 1703 2118 in
1731 2081 1824 2118 libro
1844 2081 2056 2129 EtymoL,
2025 2081 2046 2102 ’¹‘
2078 2081 2191 2117 iustus
2216 2081 2350 2117 dicitur
2375 2080 2463 2128 quia
2491 2094 2700 2122 Lib.x,ad1in.1.

1372 2146 1374 2175 τ
1401 2135 1457 2171 ius
1485 2135 1650 2171 custodit.
1698 2134 1759 2171 Ad
1787 2134 1862 2171 hoc
1890 2140 2018 2170 31113111
2047 2133 2151 2182 quod
2187 2133 2321 2181 aliquis
2358 2140 2463 2169 actus

1402 2188 1500 2224 circa
1528 2199 1813 2236 quamcumque
1848 2186 2045 2223 materiam
2081 2187 2127 2222 sit
2160 2186 2370 2231 virtuosus,
2406 2197 2463 2221 re-

1373 2255 1374 2282 3
1401 2240 1559 2289 quiritur
1577 2239 1683 2288 quod
1713 2239 1759 2276 sit
1784 2239 2031 2286 voluntarius,
2062 2246 2098 2275 et
2124 2239 2230 2298 quod
2259 2238 2305 2275 sit
2325 2237 2463 2274 stabilis

1373 2315 1375 2342 J
1403 2300 1438 2329 et
1463 2293 1616 2329 firmus:
1640 2292 1735 2352 quia
1762 2292 2018 2341 Philosophus
2048 2291 2148 2337 dicit,
2177 2291 2214 2328 in
2235 2292 2266 2327 II
2295 2289 2451 2327 Ethic.*

1373 2354 1375 2385 ξ
1402 2346 1507 2395 quod
1535 2345 1584 2382 ad
1611 2345 1757 2381 virtutis
1786 2351 1913 2381 actum
1942 2344 2143 2392 requiritur
2161 2343 2286 2392 primo
2307 2343 2463 2390 quidem

2491 2300 2700 2348 {Pifi'wsessftt'

1402 2398 1507 2448 quod
1535 2392 1710 2446 operetur
1735 2397 1871 2444 sciens,
1900 2396 2070 2434 secundo
2105 2403 2234 2433 autem
2263 2395 2368 2445 quod
2401 2395 2463 2432 eli-

1401 2463 1495 2501 gens
1523 2456 1559 2486 et
1579 2455 1735 2499 propter
1761 2450 1922 2487 debitum
1945 2451 2086 2497 finem,
2116 2449 2224 2486 tertio
2253 2449 2358 2498 quod
2397 2448 2464 2484 im—

1402 2503 1588 2540 mobiliter
1615 2508 1799 2552 operetur.
1846 2503 2019 2539 Primum
2040 2501 2053 2527 t
2081 2509 2208 2539 autem
2243 2503 2383 2538 horum
2410 2501 2464 2537 in—

1404 2556 1564 2594 cluditur
1591 2556 1630 2593 in
1658 2555 1846 2593 secundo:
1876 2555 1963 2604 quia
1987 2555 2088 2604 quod
2110 2566 2181 2603 per
2207 2553 2464 2604 ignorantiam

2491 2615 2502 2625 ”
2510 2614 2573 2662 5²8:
2581 2621 2649 2662 1¹z13²3
2661 2620 2702 2662 3.·..ῖ

1405 2663 1452 2699 Ε1
1471 2662 1559 2699 ideo
1584 2662 1621 2698 in
1642 2661 1861 2699 definitione
1889 2661 2048 2697 iustitiae
2076 2661 2200 2709 primo
2229 2659 2383 2708 ponitur
2400 2670 2465 2695 vo·
2492 2641 2508 2662 S
2524 2641 2545 2662 Τ
2588 2647 2599 2662 ²
2651 2656 2658 2667 ’

1403 2715 1537 2761 luntas,
1555 2715 1603 2751 ad
1623 2714 1902 2751 ostendendum
1924 2713 2028 2762 quod
2047 2721 2152 2749 actus
2171 2711 2331 2749 iustitiae
2352 2711 2465 2748 debet

1406 2780 1487 2804 esse
1509 2767 1755 2804 voluntarius.
1785 2766 1947 2803 Additur
1966 2773 2093 2802 autem
2118 2765 2166 2802 de
2194 2765 2400 2801 constantia
2430 2771 2466 2799 et

1399 2821 1662 2869 perpetuitate,
1699 2820 1748 2858 ad
1781 2818 2056 2867 designandum
2094 2825 2198 2854 actus
2232 2817 2461 2854 firmitatem.

1405 2874 1454 2910 Et
1481 2873 1567 2910 ideo
1595 2872 1788 2932 praedicta
1813 2871 1982 2909 definitio
2004 2878 2058 2907 est
2081 2870 2270 2918 completa
2294 2868 2462 2906 definitio

1405 2925 1578 2971 iustitiae,
1607 2925 1678 2962 nisi
1697 2925 1802 2973 quod
1829 2931 1933 2960 actus
1952 2923 2106 2971 ponitur
2131 2934 2202 2971 pro
2231 2921 2372 2968 habitu,
2399 2920 2463 2968 qui

1405 2990 1474 3026 per
1502 2985 1629 3014 actum
1657 2977 1912 3026 specificatur:
1950 2975 2100 3012 habitus
2129 2974 2230 3012 enim
2259 2974 2308 3010 ad
2337 2980 2462 3010 actum

1407 3030 1552 3067 dicitur.
1599 3031 1648 3066 Et
1683 3029 1713 3065 si
1741 3029 1823 3078 quis
1850 3028 1963 3065 vellet
1981 3033 1999 3055 η
2027 3028 2066 3064 111
2100 3027 2266 3064 debitam
2301 3026 2464 3063 formam

1408 3082 1637 3119 definitionis
1672 3082 1872 3128 reducere,
1911 3088 2040 3130 posset
2077 3079 2129 3116 sic
2167 3080 2312 3116 dicere:
2359 3079 2464 3127 quod

1407 3135 1543 3172 iustitia
1578 3140 1632 3171 est
1655 3134 1802 3171 habitus
1835 3134 2038 3171 secundum
2067 3144 2176 3181 quem
2210 3132 2344 3180 aliquis
2378 3143 2463 3167 con-

2587 3198 2600 3222 o

1407 3241 1543 3277 tribuit.
1563 3260 1588 3268 -
1617 3240 1667 3276 Et
1693 3239 1800 3288 quasi
1829 3247 1883 3276 est
1904 3245 1912 3261 ³
1941 3238 2076 3276 eadem
2106 3237 2273 3275 definitio
2303 3248 2390 3273 cum
2421 3248 2463 3272 ea

1407 3305 1524 3342 quam
1559 3292 1815 3341 Philosophus
1850 3291 1975 3370 ponit,
2005 3291 2042 3328 in
2069 3291 2104 3327 V
2128 3290 2246 3327 Ethic.
2275 3289 2306 3336 ²¹²,
2336 3289 2464 3326 dicens
2491 3303 2516 3323 3.
2511 3277 2596 3323 τὶἶ
2587 3292 2606 3323 ιὲ
2609 3282 2641 3323 0¹1¹]

1457 3435 1482 3469 ὃ)
1502 3436 1646 3460 iustitia.-
1626 3435 1806 3467 -praecipue
1825 3435 1921 3459 addunt
1939 3434 1989 3464 Pa;
2009 3432 2142 3457 virtutis...
2162 3432 2301 3456 materiam
2321 3439 2373 3455 om.
2394 3431 2410 3455 I.

1458 3471 1480 3503 ε)
1495 3478 1557 3502 per.
1569 3484 1587 3489 -
1605 3474 1645 3495 est
1658 3477 1710 3502 per
1729 3470 1769 3495 ed.
1788 3477 1820 3498 a;
1838 3474 1898 3502 post
1917 3468 2058 3493 materiam
2077 3468 2174 3492 addunt
2192 3467 2300 3491 virtutis
2318 3467 2365 3491 Pa.

1458 3506 1482 3538 ζ)
1502 3506 1665 3531 Primum.-
1682 3505 1790 3530 Prinws
1808 3505 1837 3529 P.

1457 3542 1484 3574 η)
1503 3541 1589 3566 vellet.
1602 3554 1620 3559 -
1639 3547 1697 3566 eam
1716 3541 1812 3565 addunt
1830 3539 1906 3564 Ρα.-
1924 3538 1973 3562 Pro
1992 3537 2029 3563 sic
2047 3537 2142 3566 dicere,
2162 3537 2186 3562 si
2204 3537 2304 3562 diceret
2322 3535 2362 3560 ed
2380 3542 2405 3560 a.

1458 3574 1481 3608 θ)
1501 3575 1644 3601 constanti.
1657 3589 1676 3595 ·—
1695 3578 1819 3600 constans
1837 3573 2041 3605 ABCEFIKpr
2061 3578 2086 3597 et
2103 3579 2128 3597 a.

1458 3611 1476 3643 ι)
1496 3611 1572 3643 quasi
1590 3614 1668 3636 est.-
1687 3614 1726 3635 est
1745 3610 1821 3642 quasi
1839 3609 1870 3634 D.
