<?xml version="1.0" encoding="UTF-8"?>
<!DOCTYPE html PUBLIC "-//W3C//DTD XHTML 1.0 Transitional//EN"
    "http://www.w3.org/TR/xhtml1/DTD/xhtml1-transitional.dtd">
<html xmlns="http://www.w3.org/1999/xhtml" xml:lang="en" lang="en">
 <head>
  <title>
</title>
<meta http-equiv="Content-Type" content="text/html;charset=utf-8" />
  <meta name='ocr-system' content='tesseract 3.04.00' />
  <meta name='ocr-capabilities' content='ocr_page ocr_carea ocr_par ocr_line ocrx_word'/>
</head>
<body>
  <div class='ocr_page' id='page_1' title='image "./operaomniaiussui09thom_0460.png"; bbox 0 0 2860 4238; ppageno 0'>
   <div class='ocr_carea' id='block_1_1' title="bbox 398 213 476 259">
    <p class='ocr_par' dir='ltr' id='par_1_1' title="bbox 398 213 476 259">
     <span class='ocr_line' id='line_1_1' title="bbox 398 213 476 259; baseline 0 -11"><span class='ocrx_word' id='word_1_1' title='bbox 398 213 476 259; x_wconf 90' lang='lat'>428</span> 
     </span>
    </p>
   </div>
   <div class='ocr_carea' id='block_1_2' title="bbox 395 284 1491 1999">
    <p class='ocr_par' dir='ltr' id='par_1_2' title="bbox 398 284 1456 408">
     <span class='ocr_line' id='line_1_2' title="bbox 398 284 1456 325; baseline -0.006 -5"><span class='ocrx_word' id='word_1_2' title='bbox 398 297 592 320; x_wconf 89' lang='lat' dir='ltr'>nocumento</span> <span class='ocrx_word' id='word_1_3' title='bbox 616 290 755 325; x_wconf 91' lang='lat' dir='ltr'>intento,</span> <span class='ocrx_word' id='word_1_4' title='bbox 781 295 811 319; x_wconf 87' lang='lat' dir='ltr'>et</span> <span class='ocrx_word' id='word_1_5' title='bbox 834 288 1010 318; x_wconf 88' lang='lat' dir='ltr'>secundum</span> <span class='ocrx_word' id='word_1_6' title='bbox 1033 284 1083 316; x_wconf 88' lang='lat' dir='ltr'>se?</span> <span class='ocrx_word' id='word_1_7' title='bbox 1106 286 1146 316; x_wconf 90' lang='lat' dir='ltr'>Et</span> <span class='ocrx_word' id='word_1_8' title='bbox 1169 295 1185 316; x_wconf 89' lang='lat' dir='ltr'>e</span> <span class='ocrx_word' id='word_1_9' title='bbox 1210 292 1331 320; x_wconf 86' lang='lat' dir='ltr'>contra,</span> <span class='ocrx_word' id='word_1_10' title='bbox 1361 285 1387 314; x_wconf 92' lang='lat' dir='ltr'>si</span> <span class='ocrx_word' id='word_1_11' title='bbox 1410 295 1456 315; x_wconf 64' lang='lat' dir='ltr'>se*</span> 
     </span>
     <span class='ocr_line' id='line_1_3' title="bbox 398 328 1456 371; baseline -0.007 -7"><span class='ocrx_word' id='word_1_12' title='bbox 398 334 539 364; x_wconf 89' lang='lat' dir='ltr'>cundum</span> <span class='ocrx_word' id='word_1_13' title='bbox 563 343 595 364; x_wconf 91' lang='lat' dir='ltr'>se</span> <span class='ocrx_word' id='word_1_14' title='bbox 618 333 775 363; x_wconf 91' lang='lat' dir='ltr'>invenitur</span> <span class='ocrx_word' id='word_1_15' title='bbox 799 332 1029 371; x_wconf 84' lang='lat' dir='ltr'>perniciosum,</span> <span class='ocrx_word' id='word_1_16' title='bbox 1054 339 1128 369; x_wconf 84' lang='lat' dir='ltr'>ergo</span> <span class='ocrx_word' id='word_1_17' title='bbox 1158 340 1222 359; x_wconf 90' lang='lat' dir='ltr'>non</span> <span class='ocrx_word' id='word_1_18' title='bbox 1247 339 1283 359; x_wconf 87' lang='lat' dir='ltr'>ex</span> <span class='ocrx_word' id='word_1_19' title='bbox 1306 328 1374 358; x_wconf 93' lang='lat' dir='ltr'>solo</span> <span class='ocrx_word' id='word_1_20' title='bbox 1399 338 1456 358; x_wconf 93' lang='lat' dir='ltr'>no-</span> 
     </span>
     <span class='ocr_line' id='line_1_4' title="bbox 398 378 702 408; baseline -0.003 -1"><span class='ocrx_word' id='word_1_21' title='bbox 398 385 547 408; x_wconf 90' lang='lat' dir='ltr'>cumento</span> <span class='ocrx_word' id='word_1_22' title='bbox 570 378 702 407; x_wconf 91' lang='lat' dir='ltr'>intento.</span> 
     </span>
    </p>

    <p class='ocr_par' dir='ltr' id='par_1_3' title="bbox 395 416 1487 1510">
     <span class='ocr_line' id='line_1_5' title="bbox 454 416 1455 459; baseline -0.005 -8"><span class='ocrx_word' id='word_1_23' title='bbox 454 422 490 451; x_wconf 93' lang='grc' dir='ltr'>ΙΙ.</span> <span class='ocrx_word' id='word_1_24' title='bbox 516 421 565 451; x_wconf 88' lang='lat' dir='ltr'>Ad</span> <span class='ocrx_word' id='word_1_25' title='bbox 588 421 650 450; x_wconf 91' lang='lat' dir='ltr'>hoc</span> <span class='ocrx_word' id='word_1_26' title='bbox 674 420 786 450; x_wconf 92' lang='lat' dir='ltr'>dicitur</span> <span class='ocrx_word' id='word_1_27' title='bbox 809 419 897 459; x_wconf 91' lang='lat' dir='ltr'>quod</span> <span class='ocrx_word' id='word_1_28' title='bbox 920 417 990 448; x_wconf 89' lang='lat' dir='ltr'>finis</span> <span class='ocrx_word' id='word_1_29' title='bbox 1015 417 1118 447; x_wconf 86' lang='lat' dir='ltr'>vitiosi</span> <span class='ocrx_word' id='word_1_30' title='bbox 1142 423 1228 447; x_wconf 89' lang='lat' dir='ltr'>actus</span> <span class='ocrx_word' id='word_1_31' title='bbox 1253 424 1299 447; x_wconf 86' lang='lat' dir='ltr'>est</span> <span class='ocrx_word' id='word_1_32' title='bbox 1322 416 1455 456; x_wconf 86' lang='lat' dir='ltr'>duplex:</span> 
     </span>
     <span class='ocr_line' id='line_1_6' title="bbox 396 459 1457 501; baseline -0.005 -6"><span class='ocrx_word' id='word_1_33' title='bbox 396 465 596 500; x_wconf 89' lang='lat' dir='ltr'>intrinsecus,</span> <span class='ocrx_word' id='word_1_34' title='bbox 622 470 652 494; x_wconf 90' lang='lat' dir='ltr'>et</span> <span class='ocrx_word' id='word_1_35' title='bbox 675 463 875 494; x_wconf 87' lang='lat' dir='ltr'>extrinsecus.</span> <span class='ocrx_word' id='word_1_36' title='bbox 900 462 994 492; x_wconf 90' lang='lat' dir='ltr'>Verbi</span> <span class='ocrx_word' id='word_1_37' title='bbox 1018 461 1130 501; x_wconf 87' lang='lat' dir='ltr'>gratia,</span> <span class='ocrx_word' id='word_1_38' title='bbox 1155 459 1225 490; x_wconf 87' lang='lat' dir='ltr'>finis</span> <span class='ocrx_word' id='word_1_39' title='bbox 1256 459 1457 492; x_wconf 77' lang='lat' dir='ltr'>detractionis</span> 
     </span>
     <span class='ocr_line' id='line_1_7' title="bbox 397 505 1457 539; baseline -0.005 0"><span class='ocrx_word' id='word_1_40' title='bbox 397 509 582 539; x_wconf 85' lang='lat' dir='ltr'>intrinsecus</span> <span class='ocrx_word' id='word_1_41' title='bbox 599 514 645 538; x_wconf 93' lang='lat' dir='ltr'>est</span> <span class='ocrx_word' id='word_1_42' title='bbox 661 507 820 537; x_wconf 80' lang='lat' dir='ltr'>detrahere</span> <span class='ocrx_word' id='word_1_43' title='bbox 841 507 956 536; x_wconf 87' lang='lat' dir='ltr'>famae:</span> <span class='ocrx_word' id='word_1_44' title='bbox 981 505 1052 535; x_wconf 89' lang='lat' dir='ltr'>finis</span> <span class='ocrx_word' id='word_1_45' title='bbox 1070 515 1145 535; x_wconf 92' lang='lat' dir='ltr'>vero</span> <span class='ocrx_word' id='word_1_46' title='bbox 1162 505 1353 535; x_wconf 83' lang='lat' dir='ltr'>extrinsecus</span> <span class='ocrx_word' id='word_1_47' title='bbox 1376 511 1457 535; x_wconf 87' lang='lat' dir='ltr'>esset</span> 
     </span>
     <span class='ocr_line' id='line_1_8' title="bbox 397 549 1458 590; baseline -0.004 -8"><span class='ocrx_word' id='word_1_48' title='bbox 397 553 551 582; x_wconf 86' lang='lat' dir='ltr'>damnum</span> <span class='ocrx_word' id='word_1_49' title='bbox 574 552 606 581; x_wconf 90' lang='lat' dir='ltr'>in</span> <span class='ocrx_word' id='word_1_50' title='bbox 630 551 755 586; x_wconf 90' lang='lat' dir='ltr'>divitiis,</span> <span class='ocrx_word' id='word_1_51' title='bbox 773 551 798 580; x_wconf 93' lang='lat' dir='ltr'>si</span> <span class='ocrx_word' id='word_1_52' title='bbox 817 550 878 580; x_wconf 90' lang='lat' dir='ltr'>hoc</span> <span class='ocrx_word' id='word_1_53' title='bbox 902 550 973 590; x_wconf 92' lang='lat' dir='ltr'>quis</span> <span class='ocrx_word' id='word_1_54' title='bbox 997 549 1191 580; x_wconf 85' lang='lat' dir='ltr'>detrahendo</span> <span class='ocrx_word' id='word_1_55' title='bbox 1212 549 1396 580; x_wconf 89' lang='lat' dir='ltr'>intenderet.</span> <span class='ocrx_word' id='word_1_56' title='bbox 1417 549 1458 578; x_wconf 90' lang='lat' dir='ltr'>Et</span> 
     </span>
     <span class='ocr_line' id='line_1_9' title="bbox 397 592 1457 634; baseline -0.003 -8"><span class='ocrx_word' id='word_1_57' title='bbox 397 596 477 626; x_wconf 91' lang='lat' dir='ltr'>sicut</span> <span class='ocrx_word' id='word_1_58' title='bbox 493 595 642 626; x_wconf 85' lang='lat' dir='ltr'>detractio</span> <span class='ocrx_word' id='word_1_59' title='bbox 659 594 823 634; x_wconf 89' lang='lat' dir='ltr'>dupliciter</span> <span class='ocrx_word' id='word_1_60' title='bbox 840 601 944 634; x_wconf 90' lang='lat' dir='ltr'>potest</span> <span class='ocrx_word' id='word_1_61' title='bbox 967 603 1034 624; x_wconf 88' lang='lat' dir='ltr'>esse</span> <span class='ocrx_word' id='word_1_62' title='bbox 1058 600 1223 633; x_wconf 88' lang='lat' dir='ltr'>peccatum</span> <span class='ocrx_word' id='word_1_63' title='bbox 1241 593 1383 629; x_wconf 83' lang='lat' dir='ltr'>mortale,</span> <span class='ocrx_word' id='word_1_64' title='bbox 1401 592 1457 623; x_wconf 86' lang='lat' dir='ltr'>sci-</span> 
     </span>
     <span class='ocr_line' id='line_1_10' title="bbox 395 637 1457 678; baseline -0.002 -9"><span class='ocrx_word' id='word_1_65' title='bbox 395 640 468 669; x_wconf 93' lang='lat' dir='ltr'>licet</span> <span class='ocrx_word' id='word_1_66' title='bbox 491 649 527 669; x_wconf 86' lang='lat' dir='ltr'>ex</span> <span class='ocrx_word' id='word_1_67' title='bbox 550 639 611 669; x_wconf 91' lang='lat' dir='ltr'>fine</span> <span class='ocrx_word' id='word_1_68' title='bbox 628 639 807 674; x_wconf 88' lang='lat' dir='ltr'>intrinseco,</span> <span class='ocrx_word' id='word_1_69' title='bbox 825 645 860 668; x_wconf 92' lang='lat' dir='ltr'>ut</span> <span class='ocrx_word' id='word_1_70' title='bbox 883 638 907 668; x_wconf 91' lang='lat' dir='ltr'>si</span> <span class='ocrx_word' id='word_1_71' title='bbox 925 638 996 678; x_wconf 91' lang='lat' dir='ltr'>quis</span> <span class='ocrx_word' id='word_1_72' title='bbox 1016 637 1157 668; x_wconf 90' lang='lat' dir='ltr'>detrahat</span> <span class='ocrx_word' id='word_1_73' title='bbox 1180 647 1254 668; x_wconf 92' lang='lat' dir='ltr'>cum</span> <span class='ocrx_word' id='word_1_74' title='bbox 1280 637 1387 667; x_wconf 90' lang='lat' dir='ltr'>animo</span> <span class='ocrx_word' id='word_1_75' title='bbox 1411 637 1457 667; x_wconf 92' lang='lat' dir='ltr'>in-</span> 
     </span>
     <span class='ocr_line' id='line_1_11' title="bbox 397 681 1457 721; baseline -0.002 -9"><span class='ocrx_word' id='word_1_76' title='bbox 397 683 548 717; x_wconf 87' lang='lat' dir='ltr'>famandi;</span> <span class='ocrx_word' id='word_1_77' title='bbox 566 690 596 713; x_wconf 92' lang='lat' dir='ltr'>et</span> <span class='ocrx_word' id='word_1_78' title='bbox 611 693 647 712; x_wconf 84' lang='lat' dir='ltr'>ex</span> <span class='ocrx_word' id='word_1_79' title='bbox 663 683 733 713; x_wconf 89' lang='lat' dir='ltr'>solo</span> <span class='ocrx_word' id='word_1_80' title='bbox 754 681 815 712; x_wconf 91' lang='lat' dir='ltr'>fine</span> <span class='ocrx_word' id='word_1_81' title='bbox 830 682 1013 718; x_wconf 82' lang='lat' dir='ltr'>extrinseco,</span> <span class='ocrx_word' id='word_1_82' title='bbox 1033 688 1067 711; x_wconf 93' lang='lat' dir='ltr'>ut</span> <span class='ocrx_word' id='word_1_83' title='bbox 1083 681 1108 711; x_wconf 88' lang='lat' dir='ltr'>si</span> <span class='ocrx_word' id='word_1_84' title='bbox 1125 681 1196 721; x_wconf 90' lang='lat' dir='ltr'>quis</span> <span class='ocrx_word' id='word_1_85' title='bbox 1212 681 1319 711; x_wconf 89' lang='lat' dir='ltr'>animo</span> <span class='ocrx_word' id='word_1_86' title='bbox 1336 681 1457 711; x_wconf 90' lang='lat' dir='ltr'>damni-</span> 
     </span>
     <span class='ocr_line' id='line_1_12' title="bbox 397 725 1456 766; baseline -0.001 -10"><span class='ocrx_word' id='word_1_87' title='bbox 397 726 509 757; x_wconf 89' lang='lat' dir='ltr'>ficandi</span> <span class='ocrx_word' id='word_1_88' title='bbox 541 726 723 766; x_wconf 85' lang='lat' dir='ltr'>proximum</span> <span class='ocrx_word' id='word_1_89' title='bbox 752 726 784 756; x_wconf 92' lang='lat' dir='ltr'>in</span> <span class='ocrx_word' id='word_1_90' title='bbox 808 733 889 756; x_wconf 89' lang='lat' dir='ltr'>statu</span> <span class='ocrx_word' id='word_1_91' title='bbox 913 726 962 756; x_wconf 86' lang='lat' dir='ltr'>vel</span> <span class='ocrx_word' id='word_1_92' title='bbox 991 725 1105 756; x_wconf 87' lang='lat' dir='ltr'>divitiis</span> <span class='ocrx_word' id='word_1_93' title='bbox 1129 725 1270 756; x_wconf 87' lang='lat' dir='ltr'>detrahat</span> <span class='ocrx_word' id='word_1_94' title='bbox 1292 726 1325 755; x_wconf 91' lang='lat' dir='ltr'>in</span> <span class='ocrx_word' id='word_1_95' title='bbox 1349 725 1456 765; x_wconf 92' lang='lat' dir='ltr'>aliquo</span> 
     </span>
     <span class='ocr_line' id='line_1_13' title="bbox 397 769 1485 810; baseline -0.001 -10"><span class='ocrx_word' id='word_1_96' title='bbox 397 771 547 800; x_wconf 89' lang='lat' dir='ltr'>minimo:</span> <span class='ocrx_word' id='word_1_97' title='bbox 568 770 610 800; x_wconf 88' lang='lat' dir='ltr'>ita</span> <span class='ocrx_word' id='word_1_98' title='bbox 625 771 657 800; x_wconf 90' lang='lat' dir='ltr'>in</span> <span class='ocrx_word' id='word_1_99' title='bbox 674 770 839 810; x_wconf 90' lang='lat' dir='ltr'>proposito</span> <span class='ocrx_word' id='word_1_100' title='bbox 860 770 1061 800; x_wconf 83' lang='lat' dir='ltr'>mendacium</span> <span class='ocrx_word' id='word_1_101' title='bbox 1077 769 1245 810; x_wconf 88' lang='lat' dir='ltr'>dupliciter</span> <span class='ocrx_word' id='word_1_102' title='bbox 1260 769 1373 800; x_wconf 91' lang='lat' dir='ltr'>dicitur</span> <span class='ocrx_word' id='word_1_103' title='bbox 1388 779 1458 809; x_wconf 85' lang='lat' dir='ltr'>pec·</span> <span class='ocrx_word' id='word_1_104' title='bbox 1483 789 1485 799; x_wconf 90' lang='lat'>.</span> 
     </span>
     <span class='ocr_line' id='line_1_14' title="bbox 397 813 1485 854; baseline 0 -10"><span class='ocrx_word' id='word_1_105' title='bbox 397 822 502 845; x_wconf 90' lang='lat' dir='ltr'>catum</span> <span class='ocrx_word' id='word_1_106' title='bbox 525 815 668 850; x_wconf 85' lang='lat' dir='ltr'>mortale,</span> <span class='ocrx_word' id='word_1_107' title='bbox 685 814 802 845; x_wconf 92' lang='lat' dir='ltr'>scilicet</span> <span class='ocrx_word' id='word_1_108' title='bbox 818 824 854 844; x_wconf 88' lang='lat' dir='ltr'>ex</span> <span class='ocrx_word' id='word_1_109' title='bbox 877 813 939 844; x_wconf 89' lang='lat' dir='ltr'>fine</span> <span class='ocrx_word' id='word_1_110' title='bbox 963 814 1142 850; x_wconf 85' lang='lat' dir='ltr'>intrinseco,</span> <span class='ocrx_word' id='word_1_111' title='bbox 1161 821 1191 844; x_wconf 93' lang='lat' dir='ltr'>et</span> <span class='ocrx_word' id='word_1_112' title='bbox 1208 823 1244 844; x_wconf 90' lang='lat' dir='ltr'>ex</span> <span class='ocrx_word' id='word_1_113' title='bbox 1260 813 1322 844; x_wconf 89' lang='lat' dir='ltr'>fine</span> <span class='ocrx_word' id='word_1_114' title='bbox 1345 813 1458 844; x_wconf 85' lang='lat' dir='ltr'>extrin—</span> <span class='ocrx_word' id='word_1_115' title='bbox 1483 820 1485 854; x_wconf 53' lang='grc' dir='ltr'>ἦ</span> 
     </span>
     <span class='ocr_line' id='line_1_15' title="bbox 397 857 1459 898; baseline 0 -10"><span class='ocrx_word' id='word_1_116' title='bbox 397 868 478 888; x_wconf 88' lang='lat' dir='ltr'>seco.</span> <span class='ocrx_word' id='word_1_117' title='bbox 510 859 551 889; x_wconf 91' lang='lat' dir='ltr'>Et</span> <span class='ocrx_word' id='word_1_118' title='bbox 573 858 647 898; x_wconf 89' lang='lat' dir='ltr'>quia</span> <span class='ocrx_word' id='word_1_119' title='bbox 671 857 741 888; x_wconf 90' lang='lat' dir='ltr'>finis</span> <span class='ocrx_word' id='word_1_120' title='bbox 765 858 951 888; x_wconf 90' lang='lat' dir='ltr'>intrinsecus</span> <span class='ocrx_word' id='word_1_121' title='bbox 982 858 1138 888; x_wconf 90' lang='lat' dir='ltr'>mendacii</span> <span class='ocrx_word' id='word_1_122' title='bbox 1162 858 1193 887; x_wconf 91' lang='lat' dir='ltr'>in</span> <span class='ocrx_word' id='word_1_123' title='bbox 1225 858 1389 888; x_wconf 89' lang='lat' dir='ltr'>communi</span> <span class='ocrx_word' id='word_1_124' title='bbox 1413 865 1459 888; x_wconf 88' lang='lat' dir='ltr'>est</span> 
     </span>
     <span class='ocr_line' id='line_1_16' title="bbox 397 901 1459 943; baseline 0 -11"><span class='ocrx_word' id='word_1_125' title='bbox 397 902 498 932; x_wconf 89' lang='lat' dir='ltr'>dicere</span> <span class='ocrx_word' id='word_1_126' title='bbox 517 902 643 938; x_wconf 86' lang='lat' dir='ltr'>falsum,</span> <span class='ocrx_word' id='word_1_127' title='bbox 661 909 696 933; x_wconf 94' lang='lat' dir='ltr'>ut</span> <span class='ocrx_word' id='word_1_128' title='bbox 711 912 747 932; x_wconf 86' lang='lat' dir='ltr'>ex</span> <span class='ocrx_word' id='word_1_129' title='bbox 763 901 945 933; x_wconf 88' lang='lat' dir='ltr'>definitione</span> <span class='ocrx_word' id='word_1_130' title='bbox 967 902 1122 933; x_wconf 91' lang='lat' dir='ltr'>mendacii</span> <span class='ocrx_word' id='word_1_131' title='bbox 1138 908 1240 943; x_wconf 88' lang='lat' dir='ltr'>patet;</span> <span class='ocrx_word' id='word_1_132' title='bbox 1262 912 1459 943; x_wconf 89' lang='lat' dir='ltr'>consequens</span> 
     </span>
     <span class='ocr_line' id='line_1_17' title="bbox 397 945 1459 977; baseline 0 -1"><span class='ocrx_word' id='word_1_133' title='bbox 397 954 443 976; x_wconf 88' lang='lat' dir='ltr'>est</span> <span class='ocrx_word' id='word_1_134' title='bbox 466 952 501 976; x_wconf 82' lang='lat' dir='ltr'>ut</span> <span class='ocrx_word' id='word_1_135' title='bbox 523 945 593 976; x_wconf 90' lang='lat' dir='ltr'>finis</span> <span class='ocrx_word' id='word_1_136' title='bbox 616 946 804 977; x_wconf 90' lang='lat' dir='ltr'>intrinsecus</span> <span class='ocrx_word' id='word_1_137' title='bbox 828 946 984 976; x_wconf 89' lang='lat' dir='ltr'>mendacii</span> <span class='ocrx_word' id='word_1_138' title='bbox 1007 946 1039 976; x_wconf 90' lang='lat' dir='ltr'>in</span> <span class='ocrx_word' id='word_1_139' title='bbox 1064 945 1117 977; x_wconf 87' lang='lat' dir='ltr'>tali</span> <span class='ocrx_word' id='word_1_140' title='bbox 1141 946 1270 976; x_wconf 91' lang='lat' dir='ltr'>materia</span> <span class='ocrx_word' id='word_1_141' title='bbox 1294 946 1334 976; x_wconf 91' lang='lat' dir='ltr'>sit</span> <span class='ocrx_word' id='word_1_142' title='bbox 1357 945 1459 976; x_wconf 85' lang='lat' dir='ltr'>dicere</span> 
     </span>
     <span class='ocr_line' id='line_1_18' title="bbox 397 990 1460 1031; baseline 0 -11"><span class='ocrx_word' id='word_1_143' title='bbox 397 990 513 1020; x_wconf 84' lang='lat' dir='ltr'>falsum</span> <span class='ocrx_word' id='word_1_144' title='bbox 536 990 578 1020; x_wconf 60' lang='lat' dir='ltr'>in‘</span> <span class='ocrx_word' id='word_1_145' title='bbox 592 990 647 1020; x_wconf 88' lang='lat' dir='ltr'>tali</span> <span class='ocrx_word' id='word_1_146' title='bbox 670 990 811 1020; x_wconf 83' lang='lat' dir='ltr'>materia.</span> <span class='ocrx_word' id='word_1_147' title='bbox 836 993 882 1021; x_wconf 93' lang='lat' dir='ltr'>Ac</span> <span class='ocrx_word' id='word_1_148' title='bbox 898 1000 954 1031; x_wconf 90' lang='lat' dir='ltr'>per</span> <span class='ocrx_word' id='word_1_149' title='bbox 976 990 1048 1026; x_wconf 91' lang='lat' dir='ltr'>hoc,</span> <span class='ocrx_word' id='word_1_150' title='bbox 1065 990 1120 1031; x_wconf 93' lang='lat' dir='ltr'>qui</span> <span class='ocrx_word' id='word_1_151' title='bbox 1144 990 1296 1020; x_wconf 88' lang='lat' dir='ltr'>mentitur</span> <span class='ocrx_word' id='word_1_152' title='bbox 1319 997 1355 1021; x_wconf 94' lang='lat' dir='ltr'>ut</span> <span class='ocrx_word' id='word_1_153' title='bbox 1378 990 1460 1020; x_wconf 92' lang='lat' dir='ltr'>dicat</span> 
     </span>
     <span class='ocr_line' id='line_1_19' title="bbox 396 1034 1460 1071; baseline 0 -7"><span class='ocrx_word' id='word_1_154' title='bbox 396 1034 512 1064; x_wconf 87' lang='lat' dir='ltr'>falsum</span> <span class='ocrx_word' id='word_1_155' title='bbox 535 1034 687 1064; x_wconf 89' lang='lat' dir='ltr'>nocivum</span> <span class='ocrx_word' id='word_1_156' title='bbox 711 1034 823 1064; x_wconf 87' lang='lat' dir='ltr'>divinis</span> <span class='ocrx_word' id='word_1_157' title='bbox 848 1035 912 1064; x_wconf 90' lang='lat' dir='ltr'>sive</span> <span class='ocrx_word' id='word_1_158' title='bbox 935 1034 1101 1071; x_wconf 89' lang='lat' dir='ltr'>humanis,</span> <span class='ocrx_word' id='word_1_159' title='bbox 1126 1034 1176 1064; x_wconf 87' lang='lat' dir='ltr'>hic</span> <span class='ocrx_word' id='word_1_160' title='bbox 1203 1034 1405 1065; x_wconf 85' lang='lat' dir='ltr'>mendacium</span> <span class='ocrx_word' id='word_1_161' title='bbox 1429 1040 1460 1064; x_wconf 93' lang='lat' dir='ltr'>et</span> 
     </span>
     <span class='ocr_line' id='line_1_20' title="bbox 397 1078 1458 1118; baseline 0 -10"><span class='ocrx_word' id='word_1_162' title='bbox 397 1078 612 1118; x_wconf 90' lang='lat' dir='ltr'>perniciosum</span> <span class='ocrx_word' id='word_1_163' title='bbox 635 1085 665 1109; x_wconf 92' lang='lat' dir='ltr'>et</span> <span class='ocrx_word' id='word_1_164' title='bbox 688 1079 821 1109; x_wconf 85' lang='lat' dir='ltr'>mortale</span> <span class='ocrx_word' id='word_1_165' title='bbox 840 1078 970 1109; x_wconf 86' lang='lat' dir='ltr'>incurrit</span> <span class='ocrx_word' id='word_1_166' title='bbox 993 1088 1030 1109; x_wconf 86' lang='lat' dir='ltr'>ex</span> <span class='ocrx_word' id='word_1_167' title='bbox 1052 1078 1115 1108; x_wconf 89' lang='lat' dir='ltr'>fine</span> <span class='ocrx_word' id='word_1_168' title='bbox 1137 1078 1306 1109; x_wconf 89' lang='lat' dir='ltr'>intrinseco</span> <span class='ocrx_word' id='word_1_169' title='bbox 1336 1078 1458 1109; x_wconf 88' lang='lat' dir='ltr'>intento</span> 
     </span>
     <span class='ocr_line' id='line_1_21' title="bbox 397 1122 1460 1162; baseline 0 -10"><span class='ocrx_word' id='word_1_170' title='bbox 397 1129 506 1153; x_wconf 92' lang='lat' dir='ltr'>contra</span> <span class='ocrx_word' id='word_1_171' title='bbox 530 1122 691 1153; x_wconf 83' lang='lat' dir='ltr'>caritatem</span> <span class='ocrx_word' id='word_1_172' title='bbox 713 1122 771 1153; x_wconf 91' lang='lat' dir='ltr'>Dei</span> <span class='ocrx_word' id='word_1_173' title='bbox 804 1129 859 1153; x_wconf 91' lang='lat' dir='ltr'>aut</span> <span class='ocrx_word' id='word_1_174' title='bbox 882 1122 1027 1162; x_wconf 86' lang='lat' dir='ltr'>proximi.</span> <span class='ocrx_word' id='word_1_175' title='bbox 1064 1122 1129 1160; x_wconf 92' lang='lat' dir='ltr'>Qui</span> <span class='ocrx_word' id='word_1_176' title='bbox 1152 1132 1226 1152; x_wconf 90' lang='lat' dir='ltr'>vero</span> <span class='ocrx_word' id='word_1_177' title='bbox 1251 1122 1401 1152; x_wconf 91' lang='lat' dir='ltr'>mentitur</span> <span class='ocrx_word' id='word_1_178' title='bbox 1425 1129 1460 1152; x_wconf 93' lang='lat' dir='ltr'>ut</span> 
     </span>
     <span class='ocr_line' id='line_1_22' title="bbox 397 1162 1487 1207; baseline -0.001 -11"><span class='ocrx_word' id='word_1_179' title='bbox 397 1167 479 1197; x_wconf 88' lang='lat' dir='ltr'>dicat</span> <span class='ocrx_word' id='word_1_180' title='bbox 503 1166 628 1203; x_wconf 84' lang='lat' dir='ltr'>falsum,</span> <span class='ocrx_word' id='word_1_181' title='bbox 646 1166 802 1207; x_wconf 89' lang='lat' dir='ltr'>quidquid</span> <span class='ocrx_word' id='word_1_182' title='bbox 826 1167 865 1197; x_wconf 94' lang='lat' dir='ltr'>sit</span> <span class='ocrx_word' id='word_1_183' title='bbox 887 1167 977 1204; x_wconf 89' lang='lat' dir='ltr'>illud,</span> <span class='ocrx_word' id='word_1_184' title='bbox 1001 1173 1037 1197; x_wconf 87' lang='lat' dir='ltr'>ut</span> <span class='ocrx_word' id='word_1_185' title='bbox 1059 1172 1171 1197; x_wconf 89' lang='lat' dir='ltr'>noceat</span> <span class='ocrx_word' id='word_1_186' title='bbox 1194 1166 1307 1196; x_wconf 90' lang='lat' dir='ltr'>divinis</span> <span class='ocrx_word' id='word_1_187' title='bbox 1323 1173 1377 1196; x_wconf 87' lang='lat' dir='ltr'>aut</span> <span class='ocrx_word' id='word_1_188' title='bbox 1400 1166 1459 1196; x_wconf 93' lang='lat' dir='ltr'>hu-</span> <span class='ocrx_word' id='word_1_189' title='bbox 1485 1162 1487 1188; x_wconf 65' lang='grc' dir='ltr'>Ι</span> 
     </span>
     <span class='ocr_line' id='line_1_23' title="bbox 397 1209 1460 1251; baseline -0.001 -11"><span class='ocrx_word' id='word_1_190' title='bbox 397 1210 508 1246; x_wconf 87' lang='lat' dir='ltr'>manis,</span> <span class='ocrx_word' id='word_1_191' title='bbox 541 1211 592 1241; x_wconf 89' lang='lat' dir='ltr'>hic</span> <span class='ocrx_word' id='word_1_192' title='bbox 615 1211 709 1242; x_wconf 86' lang='lat' dir='ltr'>etiam</span> <span class='ocrx_word' id='word_1_193' title='bbox 733 1210 948 1251; x_wconf 87' lang='lat' dir='ltr'>perniciosum</span> <span class='ocrx_word' id='word_1_194' title='bbox 973 1209 1175 1240; x_wconf 83' lang='lat' dir='ltr'>mendacium</span> <span class='ocrx_word' id='word_1_195' title='bbox 1205 1217 1234 1240; x_wconf 95' lang='lat' dir='ltr'>et</span> <span class='ocrx_word' id='word_1_196' title='bbox 1258 1209 1390 1240; x_wconf 85' lang='lat' dir='ltr'>mortale</span> <span class='ocrx_word' id='word_1_197' title='bbox 1414 1209 1460 1239; x_wconf 90' lang='lat' dir='ltr'>in-</span> 
     </span>
     <span class='ocr_line' id='line_1_24' title="bbox 398 1253 1461 1285; baseline -0.001 -1"><span class='ocrx_word' id='word_1_198' title='bbox 398 1254 494 1285; x_wconf 90' lang='lat' dir='ltr'>currit</span> <span class='ocrx_word' id='word_1_199' title='bbox 517 1264 553 1284; x_wconf 88' lang='lat' dir='ltr'>ex</span> <span class='ocrx_word' id='word_1_200' title='bbox 577 1255 749 1285; x_wconf 83' lang='lat' dir='ltr'>extrinseco</span> <span class='ocrx_word' id='word_1_201' title='bbox 772 1253 835 1284; x_wconf 88' lang='lat' dir='ltr'>fine</span> <span class='ocrx_word' id='word_1_202' title='bbox 858 1254 981 1285; x_wconf 91' lang='lat' dir='ltr'>intento</span> <span class='ocrx_word' id='word_1_203' title='bbox 1009 1260 1118 1284; x_wconf 91' lang='lat' dir='ltr'>contra</span> <span class='ocrx_word' id='word_1_204' title='bbox 1145 1253 1305 1284; x_wconf 88' lang='lat' dir='ltr'>caritatem</span> <span class='ocrx_word' id='word_1_205' title='bbox 1329 1253 1387 1283; x_wconf 90' lang='lat' dir='ltr'>Dei</span> <span class='ocrx_word' id='word_1_206' title='bbox 1411 1254 1461 1284; x_wconf 89' lang='lat' dir='ltr'>vel</span> 
     </span>
     <span class='ocr_line' id='line_1_25' title="bbox 397 1297 1459 1339; baseline -0.001 -11"><span class='ocrx_word' id='word_1_207' title='bbox 397 1298 543 1339; x_wconf 86' lang='lat' dir='ltr'>proximi.</span> <span class='ocrx_word' id='word_1_208' title='bbox 577 1299 615 1328; x_wconf 91' lang='lat' dir='ltr'>Et</span> <span class='ocrx_word' id='word_1_209' title='bbox 638 1299 718 1329; x_wconf 90' lang='lat' dir='ltr'>banc</span> <span class='ocrx_word' id='word_1_210' title='bbox 742 1298 978 1328; x_wconf 85' lang='lat' dir='ltr'>distinctionem</span> <span class='ocrx_word' id='word_1_211' title='bbox 1006 1297 1171 1328; x_wconf 83' lang='lat' dir='ltr'>manifeste</span> <span class='ocrx_word' id='word_1_212' title='bbox 1193 1297 1327 1327; x_wconf 90' lang='lat' dir='ltr'>intendit</span> <span class='ocrx_word' id='word_1_213' title='bbox 1349 1297 1459 1334; x_wconf 82' lang='lat' dir='ltr'>littera,</span> 
     </span>
     <span class='ocr_line' id='line_1_26' title="bbox 398 1341 1460 1383; baseline -0.002 -10"><span class='ocrx_word' id='word_1_214' title='bbox 398 1343 534 1383; x_wconf 83' lang='lat' dir='ltr'>probans</span> <span class='ocrx_word' id='word_1_215' title='bbox 553 1342 615 1373; x_wconf 90' lang='lat' dir='ltr'>hoc</span> <span class='ocrx_word' id='word_1_216' title='bbox 638 1343 815 1373; x_wconf 90' lang='lat' dir='ltr'>secundum</span> <span class='ocrx_word' id='word_1_217' title='bbox 835 1343 1016 1372; x_wconf 88' lang='lat' dir='ltr'>membrum</span> <span class='ocrx_word' id='word_1_218' title='bbox 1033 1352 1069 1372; x_wconf 86' lang='lat' dir='ltr'>ex</span> <span class='ocrx_word' id='word_1_219' title='bbox 1083 1342 1144 1372; x_wconf 91' lang='lat' dir='ltr'>hoc</span> <span class='ocrx_word' id='word_1_220' title='bbox 1168 1341 1257 1382; x_wconf 90' lang='lat' dir='ltr'>quod</span> <span class='ocrx_word' id='word_1_221' title='bbox 1273 1341 1341 1371; x_wconf 92' lang='lat' dir='ltr'>sola</span> <span class='ocrx_word' id='word_1_222' title='bbox 1359 1341 1460 1372; x_wconf 90' lang='lat' dir='ltr'>inten-</span> 
     </span>
     <span class='ocr_line' id='line_1_27' title="bbox 397 1385 1461 1426; baseline -0.001 -10"><span class='ocrx_word' id='word_1_223' title='bbox 397 1387 442 1417; x_wconf 89' lang='lat' dir='ltr'>tio</span> <span class='ocrx_word' id='word_1_224' title='bbox 466 1386 615 1426; x_wconf 85' lang='lat' dir='ltr'>peccandi</span> <span class='ocrx_word' id='word_1_225' title='bbox 631 1386 804 1417; x_wconf 78' lang='lat' dir='ltr'>mortaliter</span> <span class='ocrx_word' id='word_1_226' title='bbox 821 1386 984 1416; x_wconf 89' lang='lat' dir='ltr'>constituit</span> <span class='ocrx_word' id='word_1_227' title='bbox 1006 1393 1172 1426; x_wconf 90' lang='lat' dir='ltr'>peccatum</span> <span class='ocrx_word' id='word_1_228' title='bbox 1195 1385 1346 1416; x_wconf 85' lang='lat' dir='ltr'>mortale:</span> <span class='ocrx_word' id='word_1_229' title='bbox 1371 1386 1461 1426; x_wconf 86' lang='lat' dir='ltr'>quasi</span> 
     </span>
     <span class='ocr_line' id='line_1_28' title="bbox 398 1429 1463 1470; baseline -0.001 -9"><span class='ocrx_word' id='word_1_230' title='bbox 398 1430 513 1461; x_wconf 88' lang='lat' dir='ltr'>diceret</span> <span class='ocrx_word' id='word_1_231' title='bbox 536 1430 625 1470; x_wconf 89' lang='lat' dir='ltr'>quod</span> <span class='ocrx_word' id='word_1_232' title='bbox 639 1431 712 1461; x_wconf 92' lang='lat' dir='ltr'>licet</span> <span class='ocrx_word' id='word_1_233' title='bbox 727 1430 930 1460; x_wconf 87' lang='lat' dir='ltr'>mendacium</span> <span class='ocrx_word' id='word_1_234' title='bbox 949 1430 1010 1461; x_wconf 92' lang='lat' dir='ltr'>tale</span> <span class='ocrx_word' id='word_1_235' title='bbox 1035 1440 1071 1461; x_wconf 81' lang='lat' dir='ltr'>ex</span> <span class='ocrx_word' id='word_1_236' title='bbox 1086 1429 1222 1470; x_wconf 84' lang='lat' dir='ltr'>propriis</span> <span class='ocrx_word' id='word_1_237' title='bbox 1239 1439 1304 1460; x_wconf 91' lang='lat' dir='ltr'>non</span> <span class='ocrx_word' id='word_1_238' title='bbox 1325 1429 1364 1460; x_wconf 90' lang='lat' dir='ltr'>sit</span> <span class='ocrx_word' id='word_1_239' title='bbox 1380 1440 1463 1460; x_wconf 93' lang='lat' dir='ltr'>mor-</span> 
     </span>
     <span class='ocr_line' id='line_1_29' title="bbox 397 1473 1372 1510; baseline 0 -6"><span class='ocrx_word' id='word_1_240' title='bbox 397 1475 467 1510; x_wconf 91' lang='lat' dir='ltr'>tale,</span> <span class='ocrx_word' id='word_1_241' title='bbox 493 1484 529 1504; x_wconf 86' lang='lat' dir='ltr'>ex</span> <span class='ocrx_word' id='word_1_242' title='bbox 553 1474 620 1504; x_wconf 91' lang='lat' dir='ltr'>sola</span> <span class='ocrx_word' id='word_1_243' title='bbox 643 1474 819 1505; x_wconf 89' lang='lat' dir='ltr'>intentione</span> <span class='ocrx_word' id='word_1_244' title='bbox 843 1474 979 1505; x_wconf 81' lang='lat' dir='ltr'>extranei</span> <span class='ocrx_word' id='word_1_245' title='bbox 1004 1474 1146 1504; x_wconf 90' lang='lat' dir='ltr'>mortalis</span> <span class='ocrx_word' id='word_1_246' title='bbox 1169 1473 1204 1504; x_wconf 88' lang='lat' dir='ltr'>fit</span> <span class='ocrx_word' id='word_1_247' title='bbox 1227 1474 1372 1504; x_wconf 89' lang='lat' dir='ltr'>mortale.</span> 
     </span>
    </p>

    <p class='ocr_par' dir='ltr' id='par_1_4' title="bbox 398 1511 1491 1999">
     <span class='ocr_line' id='line_1_30' title="bbox 453 1511 1488 1558; baseline 0 -10"><span class='ocrx_word' id='word_1_248' title='bbox 453 1519 545 1549; x_wconf 90' lang='lat' dir='ltr'>Unde</span> <span class='ocrx_word' id='word_1_249' title='bbox 563 1519 705 1549; x_wconf 91' lang='lat' dir='ltr'>doctrina</span> <span class='ocrx_word' id='word_1_250' title='bbox 719 1528 865 1558; x_wconf 87' lang='lat' dir='ltr'>praesens</span> <span class='ocrx_word' id='word_1_251' title='bbox 882 1528 949 1548; x_wconf 87' lang='lat' dir='ltr'>non</span> <span class='ocrx_word' id='word_1_252' title='bbox 968 1519 1148 1549; x_wconf 86' lang='lat' dir='ltr'>adversatur</span> <span class='ocrx_word' id='word_1_253' title='bbox 1163 1517 1345 1548; x_wconf 87' lang='lat' dir='ltr'>antedictae.</span> <span class='ocrx_word' id='word_1_254' title='bbox 1371 1518 1461 1555; x_wconf 92' lang='lat' dir='ltr'>Quo·</span> <span class='ocrx_word' id='word_1_255' title='bbox 1486 1511 1488 1528; x_wconf 73' lang='lat'>²</span> 
     </span>
     <span class='ocr_line' id='line_1_31' title="bbox 398 1562 1462 1603; baseline 0 -11"><span class='ocrx_word' id='word_1_256' title='bbox 398 1563 484 1593; x_wconf 90' lang='lat' dir='ltr'>niam</span> <span class='ocrx_word' id='word_1_257' title='bbox 507 1569 567 1592; x_wconf 91' lang='lat' dir='ltr'>stat</span> <span class='ocrx_word' id='word_1_258' title='bbox 589 1563 690 1593; x_wconf 87' lang='lat' dir='ltr'>solida</span> <span class='ocrx_word' id='word_1_259' title='bbox 714 1562 855 1593; x_wconf 89' lang='lat' dir='ltr'>doctrina</span> <span class='ocrx_word' id='word_1_260' title='bbox 879 1563 964 1594; x_wconf 88' lang='lat' dir='ltr'>data:</span> <span class='ocrx_word' id='word_1_261' title='bbox 992 1562 1108 1593; x_wconf 90' lang='lat' dir='ltr'>scilicet</span> <span class='ocrx_word' id='word_1_262' title='bbox 1130 1562 1219 1603; x_wconf 92' lang='lat' dir='ltr'>quod</span> <span class='ocrx_word' id='word_1_263' title='bbox 1248 1562 1462 1602; x_wconf 91' lang='lat' dir='ltr'>perniciosum</span> 
     </span>
     <span class='ocr_line' id='line_1_32' title="bbox 399 1605 1489 1643; baseline 0 -7"><span class='ocrx_word' id='word_1_264' title='bbox 399 1607 601 1642; x_wconf 88' lang='lat' dir='ltr'>mendacium</span> <span class='ocrx_word' id='word_1_265' title='bbox 631 1606 832 1637; x_wconf 89' lang='lat' dir='ltr'>constituitur</span> <span class='ocrx_word' id='word_1_266' title='bbox 855 1616 892 1637; x_wconf 80' lang='lat' dir='ltr'>ex</span> <span class='ocrx_word' id='word_1_267' title='bbox 918 1606 1040 1637; x_wconf 87' lang='lat' dir='ltr'>intento</span> <span class='ocrx_word' id='word_1_268' title='bbox 1070 1606 1132 1637; x_wconf 88' lang='lat' dir='ltr'>fine</span> <span class='ocrx_word' id='word_1_269' title='bbox 1160 1606 1355 1638; x_wconf 89' lang='lat' dir='ltr'>nocumenti.</span> <span class='ocrx_word' id='word_1_270' title='bbox 1385 1606 1460 1643; x_wconf 88' lang='lat' dir='ltr'>Sed,</span> <span class='ocrx_word' id='word_1_271' title='bbox 1487 1605 1489 1612; x_wconf 81' lang='lat'><em>&#39;</em></span> 
     </span>
     <span class='ocr_line' id='line_1_33' title="bbox 399 1650 1462 1691; baseline -0.001 -10"><span class='ocrx_word' id='word_1_272' title='bbox 399 1658 434 1681; x_wconf 94' lang='lat' dir='ltr'>ut</span> <span class='ocrx_word' id='word_1_273' title='bbox 458 1651 649 1681; x_wconf 86' lang='lat' dir='ltr'>declaratum</span> <span class='ocrx_word' id='word_1_274' title='bbox 673 1658 728 1686; x_wconf 89' lang='lat' dir='ltr'>est,</span> <span class='ocrx_word' id='word_1_275' title='bbox 753 1650 803 1681; x_wconf 93' lang='lat' dir='ltr'>hic</span> <span class='ocrx_word' id='word_1_276' title='bbox 824 1650 1030 1691; x_wconf 86' lang='lat' dir='ltr'>distinguitur</span> <span class='ocrx_word' id='word_1_277' title='bbox 1052 1650 1123 1681; x_wconf 86' lang='lat' dir='ltr'>finis</span> <span class='ocrx_word' id='word_1_278' title='bbox 1142 1650 1282 1681; x_wconf 89' lang='lat' dir='ltr'>intentus</span> <span class='ocrx_word' id='word_1_279' title='bbox 1298 1650 1330 1680; x_wconf 89' lang='lat' dir='ltr'>in</span> <span class='ocrx_word' id='word_1_280' title='bbox 1353 1650 1462 1680; x_wconf 89' lang='lat' dir='ltr'>intrin-</span> 
     </span>
     <span class='ocr_line' id='line_1_34' title="bbox 399 1694 1462 1735; baseline -0.001 -10"><span class='ocrx_word' id='word_1_281' title='bbox 399 1705 507 1726; x_wconf 87' lang='lat' dir='ltr'>secum</span> <span class='ocrx_word' id='word_1_282' title='bbox 538 1702 568 1725; x_wconf 92' lang='lat' dir='ltr'>et</span> <span class='ocrx_word' id='word_1_283' title='bbox 591 1695 810 1725; x_wconf 83' lang='lat' dir='ltr'>extrinsecum.</span> <span class='ocrx_word' id='word_1_284' title='bbox 843 1695 979 1734; x_wconf 88' lang='lat' dir='ltr'>Oportet</span> <span class='ocrx_word' id='word_1_285' title='bbox 1010 1704 1148 1735; x_wconf 87' lang='lat' dir='ltr'>namque</span> <span class='ocrx_word' id='word_1_286' title='bbox 1171 1694 1347 1734; x_wconf 89' lang='lat' dir='ltr'>perniciose</span> <span class='ocrx_word' id='word_1_287' title='bbox 1374 1704 1462 1724; x_wconf 88' lang='lat' dir='ltr'>men-</span> 
     </span>
     <span class='ocr_line' id='line_1_35' title="bbox 399 1738 1490 1779; baseline -0.001 -10"><span class='ocrx_word' id='word_1_288' title='bbox 399 1739 529 1770; x_wconf 89' lang='lat' dir='ltr'>tientem</span> <span class='ocrx_word' id='word_1_289' title='bbox 560 1739 703 1769; x_wconf 89' lang='lat' dir='ltr'>animum</span> <span class='ocrx_word' id='word_1_290' title='bbox 727 1739 839 1769; x_wconf 90' lang='lat' dir='ltr'>habere</span> <span class='ocrx_word' id='word_1_291' title='bbox 863 1739 952 1779; x_wconf 93' lang='lat' dir='ltr'>quod</span> <span class='ocrx_word' id='word_1_292' title='bbox 976 1739 1058 1769; x_wconf 88' lang='lat' dir='ltr'>dicat</span> <span class='ocrx_word' id='word_1_293' title='bbox 1087 1738 1202 1769; x_wconf 91' lang='lat' dir='ltr'>falsum</span> <span class='ocrx_word' id='word_1_294' title='bbox 1226 1738 1393 1774; x_wconf 90' lang='lat' dir='ltr'>nocivum,</span> <span class='ocrx_word' id='word_1_295' title='bbox 1414 1739 1463 1768; x_wconf 88' lang='lat' dir='ltr'>vel</span> <span class='ocrx_word' id='word_1_296' title='bbox 1488 1748 1490 1776; x_wconf 43' lang='grc' dir='ltr'>ᾗ</span> 
     </span>
     <span class='ocr_line' id='line_1_36' title="bbox 400 1777 1490 1823; baseline -0.002 -9"><span class='ocrx_word' id='word_1_297' title='bbox 400 1784 440 1814; x_wconf 91' lang='lat' dir='ltr'>ad</span> <span class='ocrx_word' id='word_1_298' title='bbox 463 1782 660 1818; x_wconf 82' lang='lat' dir='ltr'>nocendum;</span> <span class='ocrx_word' id='word_1_299' title='bbox 686 1793 720 1813; x_wconf 89' lang='lat' dir='ltr'>ac</span> <span class='ocrx_word' id='word_1_300' title='bbox 744 1793 799 1823; x_wconf 90' lang='lat' dir='ltr'>per</span> <span class='ocrx_word' id='word_1_301' title='bbox 823 1783 893 1819; x_wconf 87' lang='lat' dir='ltr'>hoc,</span> <span class='ocrx_word' id='word_1_302' title='bbox 918 1782 1079 1814; x_wconf 89' lang='lat' dir='ltr'>intendere</span> <span class='ocrx_word' id='word_1_303' title='bbox 1104 1789 1345 1813; x_wconf 90' lang='lat' dir='ltr'>nocumentum.</span> <span class='ocrx_word' id='word_1_304' title='bbox 1370 1782 1463 1813; x_wconf 90' lang='lat' dir='ltr'>Unde</span> <span class='ocrx_word' id='word_1_305' title='bbox 1488 1777 1490 1787; x_wconf 68' lang='lat'>¹</span> 
     </span>
     <span class='ocr_line' id='line_1_37' title="bbox 400 1826 1491 1867; baseline -0.002 -9"><span class='ocrx_word' id='word_1_306' title='bbox 400 1835 430 1858; x_wconf 92' lang='lat' dir='ltr'>et</span> <span class='ocrx_word' id='word_1_307' title='bbox 453 1828 485 1857; x_wconf 90' lang='lat' dir='ltr'>in</span> <span class='ocrx_word' id='word_1_308' title='bbox 509 1827 564 1857; x_wconf 93' lang='lat' dir='ltr'>illo</span> <span class='ocrx_word' id='word_1_309' title='bbox 588 1827 719 1857; x_wconf 85' lang='lat' dir='ltr'>articulo</span> <span class='ocrx_word' id='word_1_310' title='bbox 744 1830 865 1858; x_wconf 91' lang='lat' dir='ltr'>Auctor</span> <span class='ocrx_word' id='word_1_311' title='bbox 889 1827 947 1857; x_wconf 89' lang='lat' dir='ltr'>sub</span> <span class='ocrx_word' id='word_1_312' title='bbox 972 1826 1151 1867; x_wconf 90' lang='lat' dir='ltr'>pernicioso</span> <span class='ocrx_word' id='word_1_313' title='bbox 1167 1826 1334 1856; x_wconf 89' lang='lat' dir='ltr'>mendacio</span> <span class='ocrx_word' id='word_1_314' title='bbox 1359 1826 1464 1857; x_wconf 87' lang='lat' dir='ltr'>statim</span> <span class='ocrx_word' id='word_1_315' title='bbox 1489 1830 1491 1865; x_wconf 60' lang='grc' dir='ltr'>ᾗ</span> 
     </span>
     <span class='ocr_line' id='line_1_38' title="bbox 398 1871 1491 1911; baseline -0.002 -9"><span class='ocrx_word' id='word_1_316' title='bbox 398 1871 514 1902; x_wconf 86' lang='lat' dir='ltr'>locavit</span> <span class='ocrx_word' id='word_1_317' title='bbox 526 1871 583 1902; x_wconf 86' lang='lat' dir='ltr'>tria</span> <span class='ocrx_word' id='word_1_318' title='bbox 595 1871 696 1910; x_wconf 89' lang='lat' dir='ltr'>prima</span> <span class='ocrx_word' id='word_1_319' title='bbox 709 1871 851 1901; x_wconf 89' lang='lat' dir='ltr'>membra</span> <span class='ocrx_word' id='word_1_320' title='bbox 863 1877 1046 1901; x_wconf 89' lang='lat' dir='ltr'>enumerata</span> <span class='ocrx_word' id='word_1_321' title='bbox 1058 1871 1096 1901; x_wconf 87' lang='lat' dir='ltr'>ab</span> <span class='ocrx_word' id='word_1_322' title='bbox 1110 1871 1301 1910; x_wconf 85' lang='lat' dir='ltr'>Augustino,</span> <span class='ocrx_word' id='word_1_323' title='bbox 1312 1878 1464 1911; x_wconf 85' lang='lat' dir='ltr'>tanquam</span> <span class='ocrx_word' id='word_1_324' title='bbox 1490 1871 1491 1880; x_wconf 65' lang='lat'>¹</span> 
     </span>
     <span class='ocr_line' id='line_1_39' title="bbox 400 1914 1463 1955; baseline -0.001 -10"><span class='ocrx_word' id='word_1_325' title='bbox 400 1922 547 1946; x_wconf 88' lang='lat' dir='ltr'>contenta</span> <span class='ocrx_word' id='word_1_326' title='bbox 563 1916 621 1945; x_wconf 93' lang='lat' dir='ltr'>sub</span> <span class='ocrx_word' id='word_1_327' title='bbox 639 1915 805 1946; x_wconf 89' lang='lat' dir='ltr'>mendacio</span> <span class='ocrx_word' id='word_1_328' title='bbox 823 1914 1001 1955; x_wconf 91' lang='lat' dir='ltr'>pernicioso</span> <span class='ocrx_word' id='word_1_329' title='bbox 1018 1925 1055 1945; x_wconf 87' lang='lat' dir='ltr'>ex</span> <span class='ocrx_word' id='word_1_330' title='bbox 1067 1914 1128 1945; x_wconf 92' lang='lat' dir='ltr'>fine</span> <span class='ocrx_word' id='word_1_331' title='bbox 1141 1914 1310 1945; x_wconf 90' lang='lat' dir='ltr'>intrinseco</span> <span class='ocrx_word' id='word_1_332' title='bbox 1325 1914 1463 1945; x_wconf 87' lang='lat' dir='ltr'>intento:</span> 
     </span>
     <span class='ocr_line' id='line_1_40' title="bbox 400 1959 1466 1999; baseline 0 -10"><span class='ocrx_word' id='word_1_333' title='bbox 400 1966 430 1990; x_wconf 90' lang='lat' dir='ltr'>et</span> <span class='ocrx_word' id='word_1_334' title='bbox 453 1959 503 1990; x_wconf 91' lang='lat' dir='ltr'>hic</span> <span class='ocrx_word' id='word_1_335' title='bbox 527 1960 638 1990; x_wconf 90' lang='lat' dir='ltr'>eadem</span> <span class='ocrx_word' id='word_1_336' title='bbox 661 1960 718 1990; x_wconf 90' lang='lat' dir='ltr'>tria</span> <span class='ocrx_word' id='word_1_337' title='bbox 742 1960 883 1989; x_wconf 87' lang='lat' dir='ltr'>membra</span> <span class='ocrx_word' id='word_1_338' title='bbox 907 1959 999 1999; x_wconf 92' lang='lat' dir='ltr'>ponit</span> <span class='ocrx_word' id='word_1_339' title='bbox 1023 1959 1081 1989; x_wconf 91' lang='lat' dir='ltr'>sub</span> <span class='ocrx_word' id='word_1_340' title='bbox 1101 1959 1268 1989; x_wconf 86' lang='lat' dir='ltr'>mendacio</span> <span class='ocrx_word' id='word_1_341' title='bbox 1286 1959 1466 1989; x_wconf 89' lang='lat' dir='ltr'>secundum</span> 
     </span>
    </p>
   </div>
   <div class='ocr_carea' id='block_1_3' title="bbox 1481 293 1493 2078">
    <p class='ocr_par' dir='ltr' id='par_1_5' title="bbox 1481 293 1493 2078">
     <span class='ocr_line' id='line_1_41' title="bbox 1481 293 1493 2078; baseline 0 0"><span class='ocrx_word' id='word_1_342' title='bbox 1481 293 1493 2078; x_wconf 95' lang='lat' dir='ltr'> </span> 
     </span>
    </p>
   </div>
   <div class='ocr_carea' id='block_1_4' title="bbox 398 2003 1466 2079">
    <p class='ocr_par' dir='ltr' id='par_1_6' title="bbox 398 2003 1466 2079">
     <span class='ocr_line' id='line_1_42' title="bbox 398 2003 1466 2044; baseline 0 -11"><span class='ocrx_word' id='word_1_343' title='bbox 398 2013 432 2034; x_wconf 93' lang='lat' dir='ltr'>se</span> <span class='ocrx_word' id='word_1_344' title='bbox 455 2003 612 2034; x_wconf 89' lang='lat' dir='ltr'>contrario</span> <span class='ocrx_word' id='word_1_345' title='bbox 637 2004 769 2039; x_wconf 86' lang='lat' dir='ltr'>caritati,</span> <span class='ocrx_word' id='word_1_346' title='bbox 790 2003 986 2044; x_wconf 87' lang='lat' dir='ltr'>distinguens</span> <span class='ocrx_word' id='word_1_347' title='bbox 1011 2013 1046 2033; x_wconf 94' lang='lat' dir='ltr'>ea</span> <span class='ocrx_word' id='word_1_348' title='bbox 1071 2009 1180 2034; x_wconf 90' lang='lat' dir='ltr'>contra</span> <span class='ocrx_word' id='word_1_349' title='bbox 1203 2003 1407 2034; x_wconf 89' lang='lat' dir='ltr'>mendacium</span> <span class='ocrx_word' id='word_1_350' title='bbox 1430 2013 1466 2033; x_wconf 82' lang='lat' dir='ltr'>ex</span> 
     </span>
     <span class='ocr_line' id='line_1_43' title="bbox 399 2047 818 2079; baseline 0.002 -2"><span class='ocrx_word' id='word_1_351' title='bbox 399 2047 463 2078; x_wconf 84' lang='lat' dir='ltr'>fine</span> <span class='ocrx_word' id='word_1_352' title='bbox 485 2047 607 2078; x_wconf 90' lang='lat' dir='ltr'>intento</span> <span class='ocrx_word' id='word_1_353' title='bbox 633 2047 818 2079; x_wconf 88' lang='lat' dir='ltr'>extrinseco.</span> 
     </span>
    </p>
   </div>
   <div class='ocr_carea' id='block_1_5' title="bbox 1087 207 1875 254">
    <p class='ocr_par' dir='ltr' id='par_1_7' title="bbox 1087 207 1875 254">
     <span class='ocr_line' id='line_1_44' title="bbox 1087 207 1875 254; baseline -0.003 -9"><span class='ocrx_word' id='word_1_354' title='bbox 1087 207 1354 254; x_wconf 73' lang='lat' dir='ltr'>QUAEsrlo</span> <span class='ocrx_word' id='word_1_355' title='bbox 1385 207 1469 253; x_wconf 83' lang='lat' dir='ltr'>cx,</span> <span class='ocrx_word' id='word_1_356' title='bbox 1499 207 1795 244; x_wconf 76' lang='lat' dir='ltr'>ARTicULUs</span> <span class='ocrx_word' id='word_1_357' title='bbox 1826 207 1875 243; x_wconf 85' lang='lat' dir='ltr'>lv</span> 
     </span>
    </p>
   </div>
   <div class='ocr_carea' id='block_1_6' title="bbox 1510 280 2574 497">
    <p class='ocr_par' dir='ltr' id='par_1_8' title="bbox 1510 280 2574 497">
     <span class='ocr_line' id='line_1_45' title="bbox 1565 280 2571 325; baseline -0.003 -10"><span class='ocrx_word' id='word_1_358' title='bbox 1565 285 1616 314; x_wconf 88' lang='lat' dir='ltr'>Ad</span> <span class='ocrx_word' id='word_1_359' title='bbox 1639 285 1671 315; x_wconf 94' lang='lat' dir='ltr'>id</span> <span class='ocrx_word' id='word_1_360' title='bbox 1694 292 1801 315; x_wconf 85' lang='lat' dir='ltr'>autem</span> <span class='ocrx_word' id='word_1_361' title='bbox 1824 285 1912 325; x_wconf 92' lang='lat' dir='ltr'>quod</span> <span class='ocrx_word' id='word_1_362' title='bbox 1936 283 2092 319; x_wconf 89' lang='lat' dir='ltr'>obiicitur,</span> <span class='ocrx_word' id='word_1_363' title='bbox 2116 280 2205 324; x_wconf 83' lang='lat' dir='ltr'>quod</span> <span class='ocrx_word' id='word_1_364' title='bbox 2228 283 2430 314; x_wconf 83' lang='lat' dir='ltr'>mendacium</span> <span class='ocrx_word' id='word_1_365' title='bbox 2451 282 2503 313; x_wconf 88' lang='lat' dir='ltr'>hic</span> <span class='ocrx_word' id='word_1_366' title='bbox 2526 282 2571 312; x_wconf 93' lang='lat' dir='ltr'>di-</span> 
     </span>
     <span class='ocr_line' id='line_1_46' title="bbox 1511 326 2572 369; baseline -0.002 -11"><span class='ocrx_word' id='word_1_367' title='bbox 1511 328 1591 359; x_wconf 91' lang='lat' dir='ltr'>citur</span> <span class='ocrx_word' id='word_1_368' title='bbox 1614 329 1789 359; x_wconf 91' lang='lat' dir='ltr'>secundum</span> <span class='ocrx_word' id='word_1_369' title='bbox 1813 339 1844 359; x_wconf 90' lang='lat' dir='ltr'>se</span> <span class='ocrx_word' id='word_1_370' title='bbox 1868 328 2092 369; x_wconf 89' lang='lat' dir='ltr'>perniciosum,</span> <span class='ocrx_word' id='word_1_371' title='bbox 2111 334 2186 358; x_wconf 83' lang='lat' dir='ltr'>etc.:</span> <span class='ocrx_word' id='word_1_372' title='bbox 2211 344 2231 350; x_wconf 83' lang='lat'>—</span> <span class='ocrx_word' id='word_1_373' title='bbox 2255 327 2463 366; x_wconf 85' lang='lat' dir='ltr'>respondetur</span> <span class='ocrx_word' id='word_1_374' title='bbox 2482 326 2572 367; x_wconf 88' lang='lat' dir='ltr'>quod</span> 
     </span>
     <span class='ocr_line' id='line_1_47' title="bbox 1510 369 2572 412; baseline -0.002 -10"><span class='ocrx_word' id='word_1_375' title='bbox 1510 372 1728 412; x_wconf 85' lang='lat' dir='ltr'>aequivocatio</span> <span class='ocrx_word' id='word_1_376' title='bbox 1745 372 1865 404; x_wconf 87' lang='lat' dir='ltr'>accidit.</span> <span class='ocrx_word' id='word_1_377' title='bbox 1889 373 1971 402; x_wconf 91' lang='lat' dir='ltr'>Nam</span> <span class='ocrx_word' id='word_1_378' title='bbox 1987 372 2038 402; x_wconf 90' lang='lat' dir='ltr'>hic</span> <span class='ocrx_word' id='word_1_379' title='bbox 2055 371 2167 402; x_wconf 87' lang='lat' dir='ltr'>dicitur</span> <span class='ocrx_word' id='word_1_380' title='bbox 2182 370 2384 401; x_wconf 82' lang='lat' dir='ltr'>mendacium</span> <span class='ocrx_word' id='word_1_381' title='bbox 2396 369 2572 401; x_wconf 90' lang='lat' dir='ltr'>secundum</span> 
     </span>
     <span class='ocr_line' id='line_1_48' title="bbox 1510 414 2573 456; baseline -0.002 -10"><span class='ocrx_word' id='word_1_382' title='bbox 1510 426 1552 452; x_wconf 91' lang='lat' dir='ltr'>se,</span> <span class='ocrx_word' id='word_1_383' title='bbox 1571 416 1632 446; x_wconf 89' lang='lat' dir='ltr'>hoc</span> <span class='ocrx_word' id='word_1_384' title='bbox 1651 423 1698 447; x_wconf 89' lang='lat' dir='ltr'>est</span> <span class='ocrx_word' id='word_1_385' title='bbox 1713 417 1888 447; x_wconf 90' lang='lat' dir='ltr'>secundum</span> <span class='ocrx_word' id='word_1_386' title='bbox 1905 426 1995 446; x_wconf 91' lang='lat' dir='ltr'>suam</span> <span class='ocrx_word' id='word_1_387' title='bbox 2012 415 2174 456; x_wconf 88' lang='lat' dir='ltr'>propriam</span> <span class='ocrx_word' id='word_1_388' title='bbox 2188 414 2363 450; x_wconf 88' lang='lat' dir='ltr'>materiam,</span> <span class='ocrx_word' id='word_1_389' title='bbox 2383 424 2482 454; x_wconf 85' lang='lat' dir='ltr'>quam</span> <span class='ocrx_word' id='word_1_390' title='bbox 2498 423 2573 444; x_wconf 91' lang='lat' dir='ltr'>con-</span> 
     </span>
     <span class='ocr_line' id='line_1_49' title="bbox 1511 457 2574 497; baseline -0.003 -7"><span class='ocrx_word' id='word_1_391' title='bbox 1511 466 1571 490; x_wconf 84' lang='lat' dir='ltr'>stat</span> <span class='ocrx_word' id='word_1_392' title='bbox 1593 470 1660 490; x_wconf 90' lang='lat' dir='ltr'>esse</span> <span class='ocrx_word' id='word_1_393' title='bbox 1685 460 1722 490; x_wconf 93' lang='lat' dir='ltr'>de</span> <span class='ocrx_word' id='word_1_394' title='bbox 1737 460 1858 491; x_wconf 87' lang='lat' dir='ltr'>ratione</span> <span class='ocrx_word' id='word_1_395' title='bbox 1882 459 1962 490; x_wconf 85' lang='lat' dir='ltr'>eius:</span> <span class='ocrx_word' id='word_1_396' title='bbox 1987 460 2030 490; x_wconf 89' lang='lat' dir='ltr'>ibi</span> <span class='ocrx_word' id='word_1_397' title='bbox 2053 469 2128 490; x_wconf 90' lang='lat' dir='ltr'>vero</span> <span class='ocrx_word' id='word_1_398' title='bbox 2145 466 2277 490; x_wconf 88' lang='lat' dir='ltr'>vocatur</span> <span class='ocrx_word' id='word_1_399' title='bbox 2292 457 2495 488; x_wconf 84' lang='lat' dir='ltr'>mendacium</span> <span class='ocrx_word' id='word_1_400' title='bbox 2517 467 2574 497; x_wconf 88' lang='lat' dir='ltr'>per</span> 
     </span>
    </p>
   </div>
   <div class='ocr_carea' id='block_1_7' title="bbox 1511 501 2623 544">
    <p class='ocr_par' dir='ltr' id='par_1_9' title="bbox 1511 501 2623 544">
     <span class='ocr_line' id='line_1_50' title="bbox 1511 501 2623 544; baseline -0.003 -10"><span class='ocrx_word' id='word_1_401' title='bbox 1511 514 1543 534; x_wconf 91' lang='lat' dir='ltr'>se</span> <span class='ocrx_word' id='word_1_402' title='bbox 1563 504 1740 535; x_wconf 89' lang='lat' dir='ltr'>secundum</span> <span class='ocrx_word' id='word_1_403' title='bbox 1763 505 1918 535; x_wconf 86' lang='lat' dir='ltr'>rationem</span> <span class='ocrx_word' id='word_1_404' title='bbox 1942 504 2073 540; x_wconf 89' lang='lat' dir='ltr'>formae,</span> <span class='ocrx_word' id='word_1_405' title='bbox 2098 513 2162 544; x_wconf 83' lang='lat' dir='ltr'>qua</span> <span class='ocrx_word' id='word_1_406' title='bbox 2185 502 2360 543; x_wconf 89' lang='lat' dir='ltr'>opponitur</span> <span class='ocrx_word' id='word_1_407' title='bbox 2382 501 2519 538; x_wconf 81' lang='lat' dir='ltr'>veritati,</span> <span class='ocrx_word' id='word_1_408' title='bbox 2544 507 2575 531; x_wconf 91' lang='lat' dir='ltr'>et</span> <span class='ocrx_word' id='word_1_409' title='bbox 2621 504 2623 507; x_wconf 83' lang='grc'><strong>“</strong></span> 
     </span>
    </p>
   </div>
   <div class='ocr_carea' id='block_1_8' title="bbox 1510 546 2583 1910">
    <p class='ocr_par' dir='ltr' id='par_1_10' title="bbox 1510 546 2575 666">
     <span class='ocr_line' id='line_1_51' title="bbox 1511 546 2575 588; baseline -0.003 -10"><span class='ocrx_word' id='word_1_410' title='bbox 1511 548 1661 579; x_wconf 89' lang='lat' dir='ltr'>dividitur</span> <span class='ocrx_word' id='word_1_411' title='bbox 1683 548 1716 578; x_wconf 90' lang='lat' dir='ltr'>in</span> <span class='ocrx_word' id='word_1_412' title='bbox 1731 549 1804 588; x_wconf 90' lang='lat' dir='ltr'>plus</span> <span class='ocrx_word' id='word_1_413' title='bbox 1823 555 1854 579; x_wconf 91' lang='lat' dir='ltr'>et</span> <span class='ocrx_word' id='word_1_414' title='bbox 1867 548 1984 579; x_wconf 90' lang='lat' dir='ltr'>minus.</span> <span class='ocrx_word' id='word_1_415' title='bbox 2010 548 2102 579; x_wconf 91' lang='lat' dir='ltr'>Unde</span> <span class='ocrx_word' id='word_1_416' title='bbox 2119 554 2149 578; x_wconf 93' lang='lat' dir='ltr'>et</span> <span class='ocrx_word' id='word_1_417' title='bbox 2164 546 2380 587; x_wconf 90' lang='lat' dir='ltr'>perniciosum</span> <span class='ocrx_word' id='word_1_418' title='bbox 2395 546 2493 586; x_wconf 84' lang='lat' dir='ltr'>gratia</span> <span class='ocrx_word' id='word_1_419' title='bbox 2508 555 2575 575; x_wconf 84' lang='lat' dir='ltr'>ma·</span> 
     </span>
     <span class='ocr_line' id='line_1_52' title="bbox 1510 589 2575 633; baseline -0.003 -11"><span class='ocrx_word' id='word_1_420' title='bbox 1510 592 1604 622; x_wconf 89' lang='lat' dir='ltr'>teriae</span> <span class='ocrx_word' id='word_1_421' title='bbox 1634 592 1792 623; x_wconf 91' lang='lat' dir='ltr'>invenitur</span> <span class='ocrx_word' id='word_1_422' title='bbox 1822 593 1880 623; x_wconf 92' lang='lat' dir='ltr'>sub</span> <span class='ocrx_word' id='word_1_423' title='bbox 1915 599 2048 633; x_wconf 91' lang='lat' dir='ltr'>utraque</span> <span class='ocrx_word' id='word_1_424' title='bbox 2078 591 2196 632; x_wconf 90' lang='lat' dir='ltr'>specie,</span> <span class='ocrx_word' id='word_1_425' title='bbox 2226 590 2342 621; x_wconf 90' lang='lat' dir='ltr'>scilicet</span> <span class='ocrx_word' id='word_1_426' title='bbox 2370 589 2516 620; x_wconf 83' lang='lat' dir='ltr'>iactantia</span> <span class='ocrx_word' id='word_1_427' title='bbox 2544 596 2575 620; x_wconf 89' lang='lat' dir='ltr'>et</span> 
     </span>
     <span class='ocr_line' id='line_1_53' title="bbox 1511 646 1623 666; baseline 0 0"><span class='ocrx_word' id='word_1_428' title='bbox 1511 646 1623 666; x_wconf 73' lang='lat' dir='ltr'>ironia.</span> 
     </span>
    </p>

    <p class='ocr_par' dir='ltr' id='par_1_11' title="bbox 1511 677 2580 1505">
     <span class='ocr_line' id='line_1_54' title="bbox 1567 677 2574 716; baseline -0.004 -6"><span class='ocrx_word' id='word_1_429' title='bbox 1567 680 1618 710; x_wconf 92' lang='lat'>111.</span> <span class='ocrx_word' id='word_1_430' title='bbox 1644 680 1679 709; x_wconf 90' lang='lat' dir='ltr'>In</span> <span class='ocrx_word' id='word_1_431' title='bbox 1695 680 1808 710; x_wconf 89' lang='lat' dir='ltr'>eodem</span> <span class='ocrx_word' id='word_1_432' title='bbox 1823 680 1956 710; x_wconf 90' lang='lat' dir='ltr'>articulo</span> <span class='ocrx_word' id='word_1_433' title='bbox 1981 680 2116 716; x_wconf 88' lang='lat' dir='ltr'>adverte,</span> <span class='ocrx_word' id='word_1_434' title='bbox 2134 679 2214 710; x_wconf 90' lang='lat' dir='ltr'>circa</span> <span class='ocrx_word' id='word_1_435' title='bbox 2237 678 2440 708; x_wconf 88' lang='lat' dir='ltr'>mendacium</span> <span class='ocrx_word' id='word_1_436' title='bbox 2457 677 2489 707; x_wconf 91' lang='lat' dir='ltr'>in</span> <span class='ocrx_word' id='word_1_437' title='bbox 2508 686 2574 706; x_wconf 90' lang='lat' dir='ltr'>ma-</span> 
     </span>
     <span class='ocr_line' id='line_1_55' title="bbox 1511 720 2575 764; baseline -0.004 -10"><span class='ocrx_word' id='word_1_438' title='bbox 1511 724 1586 754; x_wconf 87' lang='lat' dir='ltr'>teria</span> <span class='ocrx_word' id='word_1_439' title='bbox 1602 723 1710 759; x_wconf 88' lang='lat' dir='ltr'>scibili,</span> <span class='ocrx_word' id='word_1_440' title='bbox 1731 724 1819 764; x_wconf 93' lang='lat' dir='ltr'>quod</span> <span class='ocrx_word' id='word_1_441' title='bbox 1837 724 1876 754; x_wconf 90' lang='lat' dir='ltr'>ad</span> <span class='ocrx_word' id='word_1_442' title='bbox 1892 724 1953 754; x_wconf 93' lang='lat' dir='ltr'>hoc</span> <span class='ocrx_word' id='word_1_443' title='bbox 1969 724 2057 764; x_wconf 90' lang='lat' dir='ltr'>quod</span> <span class='ocrx_word' id='word_1_444' title='bbox 2074 723 2127 754; x_wconf 91' lang='lat' dir='ltr'>fiat</span> <span class='ocrx_word' id='word_1_445' title='bbox 2142 722 2325 758; x_wconf 87' lang='lat' dir='ltr'>formaliter,</span> <span class='ocrx_word' id='word_1_446' title='bbox 2345 727 2472 761; x_wconf 86' lang='lat' dir='ltr'>oportet</span> <span class='ocrx_word' id='word_1_447' title='bbox 2486 720 2575 761; x_wconf 93' lang='lat' dir='ltr'>quod</span> 
     </span>
     <span class='ocr_line' id='line_1_56' title="bbox 1511 765 2575 807; baseline -0.004 -9"><span class='ocrx_word' id='word_1_448' title='bbox 1511 768 1550 798; x_wconf 91' lang='lat' dir='ltr'>sit</span> <span class='ocrx_word' id='word_1_449' title='bbox 1573 768 1650 798; x_wconf 87' lang='lat' dir='ltr'>falsa</span> <span class='ocrx_word' id='word_1_450' title='bbox 1672 768 1758 798; x_wconf 90' lang='lat' dir='ltr'>vocis</span> <span class='ocrx_word' id='word_1_451' title='bbox 1782 766 1968 807; x_wconf 78' lang='lat' dir='ltr'>significatio</span> <span class='ocrx_word' id='word_1_452' title='bbox 1998 777 2072 798; x_wconf 91' lang='lat' dir='ltr'>cum</span> <span class='ocrx_word' id='word_1_453' title='bbox 2102 767 2277 798; x_wconf 88' lang='lat' dir='ltr'>intentione</span> <span class='ocrx_word' id='word_1_454' title='bbox 2308 765 2431 796; x_wconf 90' lang='lat' dir='ltr'>dicendi</span> <span class='ocrx_word' id='word_1_455' title='bbox 2458 765 2575 795; x_wconf 85' lang='lat' dir='ltr'>falsum</span> 
     </span>
     <span class='ocr_line' id='line_1_57' title="bbox 1511 809 2575 852; baseline -0.003 -10"><span class='ocrx_word' id='word_1_456' title='bbox 1511 812 1663 843; x_wconf 89' lang='lat' dir='ltr'>nocivum</span> <span class='ocrx_word' id='word_1_457' title='bbox 1679 812 1840 851; x_wconf 87' lang='lat' dir='ltr'>proximo:</span> <span class='ocrx_word' id='word_1_458' title='bbox 1866 811 1908 842; x_wconf 91' lang='lat' dir='ltr'>ita</span> <span class='ocrx_word' id='word_1_459' title='bbox 1923 812 2012 852; x_wconf 90' lang='lat' dir='ltr'>quod</span> <span class='ocrx_word' id='word_1_460' title='bbox 2036 811 2095 841; x_wconf 88' lang='lat' dir='ltr'>nisi</span> <span class='ocrx_word' id='word_1_461' title='bbox 2112 811 2200 842; x_wconf 88' lang='lat' dir='ltr'>tertia</span> <span class='ocrx_word' id='word_1_462' title='bbox 2217 810 2368 846; x_wconf 90' lang='lat' dir='ltr'>conditio,</span> <span class='ocrx_word' id='word_1_463' title='bbox 2385 809 2502 840; x_wconf 89' lang='lat' dir='ltr'>scilicet</span> <span class='ocrx_word' id='word_1_464' title='bbox 2518 819 2575 839; x_wconf 91' lang='lat' dir='ltr'>no-</span> 
     </span>
     <span class='ocr_line' id='line_1_58' title="bbox 1511 853 2576 896; baseline -0.004 -9"><span class='ocrx_word' id='word_1_465' title='bbox 1511 864 1698 887; x_wconf 89' lang='lat' dir='ltr'>cumentum</span> <span class='ocrx_word' id='word_1_466' title='bbox 1721 855 1877 896; x_wconf 87' lang='lat' dir='ltr'>proximi,</span> <span class='ocrx_word' id='word_1_467' title='bbox 1902 856 1991 886; x_wconf 88' lang='lat' dir='ltr'>cadat</span> <span class='ocrx_word' id='word_1_468' title='bbox 2014 856 2072 886; x_wconf 92' lang='lat' dir='ltr'>sub</span> <span class='ocrx_word' id='word_1_469' title='bbox 2096 855 2288 891; x_wconf 87' lang='lat' dir='ltr'>intentione,</span> <span class='ocrx_word' id='word_1_470' title='bbox 2312 864 2379 884; x_wconf 87' lang='lat' dir='ltr'>non</span> <span class='ocrx_word' id='word_1_471' title='bbox 2406 853 2576 884; x_wconf 87' lang='lat' dir='ltr'>incurritur</span> 
     </span>
     <span class='ocr_line' id='line_1_59' title="bbox 1511 897 2576 938; baseline -0.004 -7"><span class='ocrx_word' id='word_1_472' title='bbox 1511 901 1685 931; x_wconf 83' lang='lat' dir='ltr'>formaliter</span> <span class='ocrx_word' id='word_1_473' title='bbox 1708 900 1768 931; x_wconf 91' lang='lat' dir='ltr'>tale</span> <span class='ocrx_word' id='word_1_474' title='bbox 1792 899 2006 930; x_wconf 88' lang='lat' dir='ltr'>mendacium.</span> <span class='ocrx_word' id='word_1_475' title='bbox 2029 899 2070 930; x_wconf 92' lang='lat' dir='ltr'>Et</span> <span class='ocrx_word' id='word_1_476' title='bbox 2097 909 2134 929; x_wconf 83' lang='lat' dir='ltr'>ex</span> <span class='ocrx_word' id='word_1_477' title='bbox 2160 899 2222 929; x_wconf 94' lang='lat' dir='ltr'>hoc</span> <span class='ocrx_word' id='word_1_478' title='bbox 2245 898 2340 928; x_wconf 90' lang='lat' dir='ltr'>habes</span> <span class='ocrx_word' id='word_1_479' title='bbox 2363 898 2493 938; x_wconf 89' lang='lat' dir='ltr'>quando</span> <span class='ocrx_word' id='word_1_480' title='bbox 2518 897 2576 927; x_wconf 95' lang='lat' dir='ltr'>do-</span> 
     </span>
     <span class='ocr_line' id='line_1_60' title="bbox 1513 941 2575 985; baseline -0.004 -10"><span class='ocrx_word' id='word_1_481' title='bbox 1513 952 1581 976; x_wconf 91' lang='lat' dir='ltr'>ctor</span> <span class='ocrx_word' id='word_1_482' title='bbox 1607 951 1715 985; x_wconf 88' lang='lat' dir='ltr'>peccat</span> <span class='ocrx_word' id='word_1_483' title='bbox 1747 943 1921 974; x_wconf 87' lang='lat' dir='ltr'>mortaliter</span> <span class='ocrx_word' id='word_1_484' title='bbox 1951 943 2085 974; x_wconf 90' lang='lat' dir='ltr'>dicendo</span> <span class='ocrx_word' id='word_1_485' title='bbox 2109 943 2201 973; x_wconf 85' lang='lat' dir='ltr'>falsa:</span> <span class='ocrx_word' id='word_1_486' title='bbox 2230 942 2359 983; x_wconf 88' lang='lat' dir='ltr'>quando</span> <span class='ocrx_word' id='word_1_487' title='bbox 2384 941 2500 972; x_wconf 87' lang='lat' dir='ltr'>scilicet</span> <span class='ocrx_word' id='word_1_488' title='bbox 2523 941 2575 971; x_wconf 90' lang='lat' dir='ltr'>ad-</span> 
     </span>
     <span class='ocr_line' id='line_1_61' title="bbox 1511 985 2577 1023; baseline -0.003 -5"><span class='ocrx_word' id='word_1_489' title='bbox 1511 989 1603 1020; x_wconf 86' lang='lat' dir='ltr'>vertit</span> <span class='ocrx_word' id='word_1_490' title='bbox 1622 999 1654 1019; x_wconf 90' lang='lat' dir='ltr'>se</span> <span class='ocrx_word' id='word_1_491' title='bbox 1671 989 1783 1019; x_wconf 90' lang='lat' dir='ltr'>docere</span> <span class='ocrx_word' id='word_1_492' title='bbox 1800 987 1915 1018; x_wconf 87' lang='lat' dir='ltr'>falsum</span> <span class='ocrx_word' id='word_1_493' title='bbox 1927 987 1959 1017; x_wconf 91' lang='lat' dir='ltr'>in</span> <span class='ocrx_word' id='word_1_494' title='bbox 1980 987 2150 1023; x_wconf 90' lang='lat' dir='ltr'>scibilibus,</span> <span class='ocrx_word' id='word_1_495' title='bbox 2168 993 2198 1017; x_wconf 92' lang='lat' dir='ltr'>et</span> <span class='ocrx_word' id='word_1_496' title='bbox 2214 993 2320 1016; x_wconf 89' lang='lat' dir='ltr'>tamen</span> <span class='ocrx_word' id='word_1_497' title='bbox 2336 985 2483 1016; x_wconf 86' lang='lat' dir='ltr'>assertive</span> <span class='ocrx_word' id='word_1_498' title='bbox 2498 985 2577 1015; x_wconf 87' lang='lat' dir='ltr'>illud</span> 
     </span>
     <span class='ocr_line' id='line_1_62' title="bbox 1513 1029 2577 1072; baseline -0.005 -8"><span class='ocrx_word' id='word_1_499' title='bbox 1513 1034 1622 1067; x_wconf 80' lang='lat' dir='ltr'>docet:</span> <span class='ocrx_word' id='word_1_500' title='bbox 1655 1039 1778 1063; x_wconf 87' lang='lat' dir='ltr'>constat</span> <span class='ocrx_word' id='word_1_501' title='bbox 1801 1032 1885 1062; x_wconf 86' lang='lat' dir='ltr'>enim</span> <span class='ocrx_word' id='word_1_502' title='bbox 1909 1032 1998 1072; x_wconf 91' lang='lat' dir='ltr'>quod</span> <span class='ocrx_word' id='word_1_503' title='bbox 2022 1030 2242 1062; x_wconf 86' lang='lat' dir='ltr'>inexcusabilis</span> <span class='ocrx_word' id='word_1_504' title='bbox 2270 1037 2316 1060; x_wconf 89' lang='lat' dir='ltr'>est</span> <span class='ocrx_word' id='word_1_505' title='bbox 2340 1030 2379 1060; x_wconf 89' lang='lat' dir='ltr'>ab</span> <span class='ocrx_word' id='word_1_506' title='bbox 2402 1029 2577 1060; x_wconf 85' lang='lat' dir='ltr'>intentione</span> 
     </span>
     <span class='ocr_line' id='line_1_63' title="bbox 1512 1073 2578 1117; baseline -0.005 -9"><span class='ocrx_word' id='word_1_507' title='bbox 1512 1077 1697 1108; x_wconf 88' lang='lat' dir='ltr'>nocumenti</span> <span class='ocrx_word' id='word_1_508' title='bbox 1721 1077 1776 1117; x_wconf 91' lang='lat' dir='ltr'>qui</span> <span class='ocrx_word' id='word_1_509' title='bbox 1792 1076 1943 1107; x_wconf 88' lang='lat' dir='ltr'>nocivum</span> <span class='ocrx_word' id='word_1_510' title='bbox 1960 1086 1996 1106; x_wconf 87' lang='lat' dir='ltr'>ex</span> <span class='ocrx_word' id='word_1_511' title='bbox 2012 1086 2072 1106; x_wconf 90' lang='lat' dir='ltr'>suo</span> <span class='ocrx_word' id='word_1_512' title='bbox 2091 1084 2204 1115; x_wconf 88' lang='lat' dir='ltr'>genere</span> <span class='ocrx_word' id='word_1_513' title='bbox 2227 1074 2328 1105; x_wconf 89' lang='lat' dir='ltr'>sciens</span> <span class='ocrx_word' id='word_1_514' title='bbox 2347 1080 2378 1104; x_wconf 88' lang='lat' dir='ltr'>et</span> <span class='ocrx_word' id='word_1_515' title='bbox 2393 1073 2578 1114; x_wconf 88' lang='lat' dir='ltr'>praevidens</span> 
     </span>
     <span class='ocr_line' id='line_1_64' title="bbox 1512 1117 2578 1160; baseline -0.005 -8"><span class='ocrx_word' id='word_1_516' title='bbox 1512 1121 1614 1158; x_wconf 87' lang='lat' dir='ltr'>infert,</span> <span class='ocrx_word' id='word_1_517' title='bbox 1633 1128 1668 1152; x_wconf 95' lang='lat' dir='ltr'>ut</span> <span class='ocrx_word' id='word_1_518' title='bbox 1690 1121 1748 1152; x_wconf 91' lang='lat' dir='ltr'>iste</span> <span class='ocrx_word' id='word_1_519' title='bbox 1764 1120 1847 1151; x_wconf 89' lang='lat' dir='ltr'>facit.</span> <span class='ocrx_word' id='word_1_520' title='bbox 1871 1120 2094 1151; x_wconf 85' lang='lat' dir='ltr'>Universaliter</span> <span class='ocrx_word' id='word_1_521' title='bbox 2110 1126 2217 1150; x_wconf 86' lang='lat' dir='ltr'>autem</span> <span class='ocrx_word' id='word_1_522' title='bbox 2233 1118 2430 1160; x_wconf 88' lang='lat' dir='ltr'>quicumque</span> <span class='ocrx_word' id='word_1_523' title='bbox 2446 1117 2578 1148; x_wconf 88' lang='lat' dir='ltr'>scienter</span> 
     </span>
     <span class='ocr_line' id='line_1_65' title="bbox 1513 1159 2578 1198; baseline -0.005 -2"><span class='ocrx_word' id='word_1_524' title='bbox 1513 1165 1716 1196; x_wconf 89' lang='lat' dir='ltr'>mendacium</span> <span class='ocrx_word' id='word_1_525' title='bbox 1740 1164 1814 1196; x_wconf 88' lang='lat' dir='ltr'>dicit</span> <span class='ocrx_word' id='word_1_526' title='bbox 1838 1171 1946 1195; x_wconf 87' lang='lat' dir='ltr'>contra</span> <span class='ocrx_word' id='word_1_527' title='bbox 1968 1164 2124 1195; x_wconf 86' lang='lat' dir='ltr'>iudicium</span> <span class='ocrx_word' id='word_1_528' title='bbox 2146 1163 2196 1194; x_wconf 91' lang='lat' dir='ltr'>vel</span> <span class='ocrx_word' id='word_1_529' title='bbox 2219 1162 2414 1198; x_wconf 86' lang='lat' dir='ltr'>doctrinam,</span> <span class='ocrx_word' id='word_1_530' title='bbox 2438 1159 2578 1192; x_wconf 86' lang='lat' dir='ltr'>mortali-</span> 
     </span>
     <span class='ocr_line' id='line_1_66' title="bbox 1513 1205 2578 1249; baseline -0.004 -10"><span class='ocrx_word' id='word_1_531' title='bbox 1513 1216 1560 1240; x_wconf 93' lang='lat' dir='ltr'>ter</span> <span class='ocrx_word' id='word_1_532' title='bbox 1574 1215 1701 1249; x_wconf 88' lang='lat' dir='ltr'>peccat:</span> <span class='ocrx_word' id='word_1_533' title='bbox 1726 1215 1761 1239; x_wconf 91' lang='lat' dir='ltr'>ut</span> <span class='ocrx_word' id='word_1_534' title='bbox 1776 1209 1809 1238; x_wconf 89' lang='lat' dir='ltr'>in</span> <span class='ocrx_word' id='word_1_535' title='bbox 1825 1208 2031 1248; x_wconf 89' lang='lat' dir='ltr'>responsione</span> <span class='ocrx_word' id='word_1_536' title='bbox 2047 1207 2087 1238; x_wconf 90' lang='lat' dir='ltr'>ad</span> <span class='ocrx_word' id='word_1_537' title='bbox 2103 1207 2254 1238; x_wconf 90' lang='lat' dir='ltr'>ultimum</span> <span class='ocrx_word' id='word_1_538' title='bbox 2269 1206 2377 1237; x_wconf 88' lang='lat' dir='ltr'>habes.</span> <span class='ocrx_word' id='word_1_539' title='bbox 2390 1224 2410 1228; x_wconf 98' lang='lat'><em>-</em></span> <span class='ocrx_word' id='word_1_540' title='bbox 2425 1205 2488 1236; x_wconf 91' lang='lat' dir='ltr'>Ubi</span> <span class='ocrx_word' id='word_1_541' title='bbox 2502 1210 2578 1236; x_wconf 87' lang='lat' dir='ltr'>nota</span> 
     </span>
     <span class='ocr_line' id='line_1_67' title="bbox 1513 1248 2578 1294; baseline -0.003 -11"><span class='ocrx_word' id='word_1_542' title='bbox 1513 1253 1546 1294; x_wconf 88' lang='lat' dir='ltr'>ly</span> <span class='ocrx_word' id='word_1_543' title='bbox 1561 1258 1684 1284; x_wconf 85' lang='lat' dir='ltr'>contra.</span> <span class='ocrx_word' id='word_1_544' title='bbox 1706 1252 1870 1289; x_wconf 88' lang='lat' dir='ltr'>Quoniam</span> <span class='ocrx_word' id='word_1_545' title='bbox 1889 1251 1962 1282; x_wconf 89' lang='lat' dir='ltr'>inde</span> <span class='ocrx_word' id='word_1_546' title='bbox 1978 1252 2074 1282; x_wconf 87' lang='lat' dir='ltr'>habes</span> <span class='ocrx_word' id='word_1_547' title='bbox 2089 1252 2178 1292; x_wconf 90' lang='lat' dir='ltr'>quod</span> <span class='ocrx_word' id='word_1_548' title='bbox 2195 1251 2220 1281; x_wconf 93' lang='lat' dir='ltr'>si</span> <span class='ocrx_word' id='word_1_549' title='bbox 2235 1251 2339 1287; x_wconf 86' lang='lat' dir='ltr'>iudex,</span> <span class='ocrx_word' id='word_1_550' title='bbox 2357 1250 2433 1280; x_wconf 90' lang='lat' dir='ltr'>dum</span> <span class='ocrx_word' id='word_1_551' title='bbox 2450 1248 2578 1286; x_wconf 84' lang='lat' dir='ltr'>iudicat,</span> 
     </span>
     <span class='ocr_line' id='line_1_68' title="bbox 1514 1295 2579 1336; baseline -0.003 -9"><span class='ocrx_word' id='word_1_552' title='bbox 1514 1296 1678 1328; x_wconf 87' lang='lat' dir='ltr'>mendacia</span> <span class='ocrx_word' id='word_1_553' title='bbox 1702 1296 1807 1336; x_wconf 87' lang='lat' dir='ltr'>aliqua</span> <span class='ocrx_word' id='word_1_554' title='bbox 1822 1296 2058 1336; x_wconf 83' lang='lat' dir='ltr'>impertinentia</span> <span class='ocrx_word' id='word_1_555' title='bbox 2080 1295 2266 1331; x_wconf 88' lang='lat' dir='ltr'>immisceat,</span> <span class='ocrx_word' id='word_1_556' title='bbox 2286 1295 2358 1325; x_wconf 89' lang='lat' dir='ltr'>licet</span> <span class='ocrx_word' id='word_1_557' title='bbox 2372 1301 2495 1334; x_wconf 87' lang='lat' dir='ltr'>peccet,</span> <span class='ocrx_word' id='word_1_558' title='bbox 2512 1302 2579 1324; x_wconf 87' lang='lat' dir='ltr'>uon</span> 
     </span>
     <span class='ocr_line' id='line_1_69' title="bbox 1513 1338 2579 1381; baseline -0.004 -9"><span class='ocrx_word' id='word_1_559' title='bbox 1513 1349 1620 1372; x_wconf 87' lang='lat' dir='ltr'>tamen</span> <span class='ocrx_word' id='word_1_560' title='bbox 1643 1340 1832 1371; x_wconf 86' lang='lat' dir='ltr'>mortaliter:</span> <span class='ocrx_word' id='word_1_561' title='bbox 1857 1340 1932 1381; x_wconf 87' lang='lat' dir='ltr'>quia</span> <span class='ocrx_word' id='word_1_562' title='bbox 1951 1349 2016 1370; x_wconf 93' lang='lat' dir='ltr'>non</span> <span class='ocrx_word' id='word_1_563' title='bbox 2040 1339 2192 1371; x_wconf 90' lang='lat' dir='ltr'>mentitur</span> <span class='ocrx_word' id='word_1_564' title='bbox 2214 1346 2324 1370; x_wconf 85' lang='lat' dir='ltr'>contra</span> <span class='ocrx_word' id='word_1_565' title='bbox 2345 1338 2509 1369; x_wconf 84' lang='lat' dir='ltr'>veritatem</span> <span class='ocrx_word' id='word_1_566' title='bbox 2531 1338 2579 1368; x_wconf 92' lang='lat' dir='ltr'>iu-</span> 
     </span>
     <span class='ocr_line' id='line_1_70' title="bbox 1515 1382 2579 1425; baseline -0.003 -10"><span class='ocrx_word' id='word_1_567' title='bbox 1515 1385 1596 1422; x_wconf 87' lang='lat' dir='ltr'>dicii,</span> <span class='ocrx_word' id='word_1_568' title='bbox 1622 1385 1676 1415; x_wconf 91' lang='lat' dir='ltr'>sed</span> <span class='ocrx_word' id='word_1_569' title='bbox 1699 1384 1971 1425; x_wconf 87' lang='lat' dir='ltr'>impertinentium</span> <span class='ocrx_word' id='word_1_570' title='bbox 1995 1384 2034 1414; x_wconf 88' lang='lat' dir='ltr'>ad</span> <span class='ocrx_word' id='word_1_571' title='bbox 2049 1383 2214 1415; x_wconf 88' lang='lat' dir='ltr'>iudicium.</span> <span class='ocrx_word' id='word_1_572' title='bbox 2239 1383 2328 1413; x_wconf 88' lang='lat' dir='ltr'>Idem</span> <span class='ocrx_word' id='word_1_573' title='bbox 2343 1389 2450 1413; x_wconf 88' lang='lat' dir='ltr'>autem</span> <span class='ocrx_word' id='word_1_574' title='bbox 2470 1389 2518 1413; x_wconf 89' lang='lat' dir='ltr'>est</span> <span class='ocrx_word' id='word_1_575' title='bbox 2531 1382 2579 1413; x_wconf 89' lang='lat' dir='ltr'>iu-</span> 
     </span>
     <span class='ocr_line' id='line_1_71' title="bbox 1515 1426 2580 1465; baseline -0.004 -5"><span class='ocrx_word' id='word_1_576' title='bbox 1515 1430 1633 1461; x_wconf 88' lang='lat' dir='ltr'>dicium</span> <span class='ocrx_word' id='word_1_577' title='bbox 1657 1428 1909 1465; x_wconf 79' lang='lat' dir='ltr'>de&#39;doctoribuS,</span> <span class='ocrx_word' id='word_1_578' title='bbox 1934 1428 1959 1458; x_wconf 90' lang='lat' dir='ltr'>si</span> <span class='ocrx_word' id='word_1_579' title='bbox 1984 1428 2129 1459; x_wconf 91' lang='lat' dir='ltr'>docendo</span> <span class='ocrx_word' id='word_1_580' title='bbox 2157 1426 2359 1463; x_wconf 83' lang='lat' dir='ltr'>mentiantur,</span> <span class='ocrx_word' id='word_1_581' title='bbox 2384 1436 2450 1457; x_wconf 89' lang='lat' dir='ltr'>non</span> <span class='ocrx_word' id='word_1_582' title='bbox 2472 1433 2580 1458; x_wconf 81' lang='lat' dir='ltr'>tamen</span> 
     </span>
     <span class='ocr_line' id='line_1_72' title="bbox 1515 1472 2005 1505; baseline -0.006 0"><span class='ocrx_word' id='word_1_583' title='bbox 1515 1480 1624 1505; x_wconf 92' lang='lat' dir='ltr'>contra</span> <span class='ocrx_word' id='word_1_584' title='bbox 1646 1472 1810 1503; x_wconf 85' lang='lat' dir='ltr'>veritatem</span> <span class='ocrx_word' id='word_1_585' title='bbox 1835 1472 2005 1503; x_wconf 87' lang='lat' dir='ltr'>doctrinae.</span> 
     </span>
    </p>

    <p class='ocr_par' dir='ltr' id='par_1_12' title="bbox 1514 1514 2583 1910">
     <span class='ocr_line' id='line_1_73' title="bbox 1570 1514 2580 1558; baseline -0.003 -11"><span class='ocrx_word' id='word_1_586' title='bbox 1570 1518 1631 1548; x_wconf 91' lang='lat' dir='ltr'>Sed</span> <span class='ocrx_word' id='word_1_587' title='bbox 1655 1517 1780 1547; x_wconf 81' lang='lat' dir='ltr'>adverte</span> <span class='ocrx_word' id='word_1_588' title='bbox 1804 1517 1893 1558; x_wconf 93' lang='lat' dir='ltr'>quod</span> <span class='ocrx_word' id='word_1_589' title='bbox 1916 1516 2114 1557; x_wconf 87' lang='lat' dir='ltr'>praedicator</span> <span class='ocrx_word' id='word_1_590' title='bbox 2136 1525 2261 1556; x_wconf 87' lang='lat' dir='ltr'>semper</span> <span class='ocrx_word' id='word_1_591' title='bbox 2285 1521 2393 1546; x_wconf 83' lang='lat' dir='ltr'>contra</span> <span class='ocrx_word' id='word_1_592' title='bbox 2415 1514 2580 1545; x_wconf 85' lang='lat' dir='ltr'>veritatem</span> 
     </span>
     <span class='ocr_line' id='line_1_74' title="bbox 1515 1557 2580 1601; baseline -0.003 -9"><span class='ocrx_word' id='word_1_593' title='bbox 1515 1562 1675 1592; x_wconf 87' lang='lat' dir='ltr'>doctrinae</span> <span class='ocrx_word' id='word_1_594' title='bbox 1686 1561 1887 1592; x_wconf 52' lang='lat' dir='ltr'>*Christianae</span> <span class='ocrx_word' id='word_1_595' title='bbox 1904 1560 2056 1592; x_wconf 91' lang='lat' dir='ltr'>mentitur</span> <span class='ocrx_word' id='word_1_596' title='bbox 2071 1561 2200 1601; x_wconf 88' lang='lat' dir='ltr'>quando</span> <span class='ocrx_word' id='word_1_597' title='bbox 2217 1559 2369 1590; x_wconf 81' lang='lat' dir='ltr'>miracula</span> <span class='ocrx_word' id='word_1_598' title='bbox 2383 1557 2461 1589; x_wconf 83' lang='lat' dir='ltr'>falsa</span> <span class='ocrx_word' id='word_1_599' title='bbox 2479 1558 2580 1590; x_wconf 81' lang='lat' dir='ltr'>scien-</span> 
     </span>
     <span class='ocr_line' id='line_1_75' title="bbox 1514 1602 2580 1646; baseline -0.003 -10"><span class='ocrx_word' id='word_1_600' title='bbox 1514 1613 1562 1637; x_wconf 90' lang='lat' dir='ltr'>ter</span> <span class='ocrx_word' id='word_1_601' title='bbox 1585 1606 1754 1646; x_wconf 80' lang='lat' dir='ltr'>praedicat.</span> <span class='ocrx_word' id='word_1_602' title='bbox 1778 1605 1943 1642; x_wconf 89' lang='lat' dir='ltr'>Quoniam</span> <span class='ocrx_word' id='word_1_603' title='bbox 1966 1611 2123 1646; x_wconf 86' lang='lat' dir='ltr'>quantum</span> <span class='ocrx_word' id='word_1_604' title='bbox 2146 1605 2179 1635; x_wconf 89' lang='lat' dir='ltr'>in</span> <span class='ocrx_word' id='word_1_605' title='bbox 2194 1614 2236 1642; x_wconf 39' lang='lat' dir='ltr'>,se</span> <span class='ocrx_word' id='word_1_606' title='bbox 2255 1610 2312 1640; x_wconf 89' lang='lat' dir='ltr'>est,</span> <span class='ocrx_word' id='word_1_607' title='bbox 2335 1602 2499 1635; x_wconf 87' lang='lat' dir='ltr'>veritatem</span> <span class='ocrx_word' id='word_1_608' title='bbox 2521 1602 2580 1633; x_wconf 91' lang='lat' dir='ltr'>mi-</span> 
     </span>
     <span class='ocr_line' id='line_1_76' title="bbox 1515 1646 2583 1688; baseline -0.003 -8"><span class='ocrx_word' id='word_1_609' title='bbox 1515 1650 1698 1680; x_wconf 89' lang='lat' dir='ltr'>raculorum</span> <span class='ocrx_word' id='word_1_610' title='bbox 1714 1649 1831 1681; x_wconf 85' lang='lat' dir='ltr'>Christi</span> <span class='ocrx_word' id='word_1_611' title='bbox 1848 1656 1878 1679; x_wconf 93' lang='lat' dir='ltr'>et</span> <span class='ocrx_word' id='word_1_612' title='bbox 1893 1656 2077 1680; x_wconf 88' lang='lat' dir='ltr'>sanctorum</span> <span class='ocrx_word' id='word_1_613' title='bbox 2100 1654 2246 1679; x_wconf 87' lang='lat' dir='ltr'>evacuat:</span> <span class='ocrx_word' id='word_1_614' title='bbox 2271 1647 2334 1688; x_wconf 86' lang='lat' dir='ltr'>agit</span> <span class='ocrx_word' id='word_1_615' title='bbox 2349 1647 2436 1678; x_wconf 89' lang='lat' dir='ltr'>enim</span> <span class='ocrx_word' id='word_1_616' title='bbox 2454 1653 2490 1678; x_wconf 89' lang='lat' dir='ltr'>ut</span> <span class='ocrx_word' id='word_1_617' title='bbox 2503 1646 2583 1678; x_wconf 75' lang='lat' dir='ltr'>falsa</span> 
     </span>
     <span class='ocr_line' id='line_1_77' title="bbox 1515 1689 2582 1734; baseline -0.003 -10"><span class='ocrx_word' id='word_1_618' title='bbox 1515 1694 1610 1725; x_wconf 90' lang='lat' dir='ltr'>etiam</span> <span class='ocrx_word' id='word_1_619' title='bbox 1634 1700 1785 1734; x_wconf 90' lang='lat' dir='ltr'>putentur</span> <span class='ocrx_word' id='word_1_620' title='bbox 1808 1693 1925 1724; x_wconf 89' lang='lat' dir='ltr'>Christi</span> <span class='ocrx_word' id='word_1_621' title='bbox 1948 1701 1978 1724; x_wconf 90' lang='lat' dir='ltr'>et</span> <span class='ocrx_word' id='word_1_622' title='bbox 2002 1700 2184 1724; x_wconf 88' lang='lat' dir='ltr'>sanctorum</span> <span class='ocrx_word' id='word_1_623' title='bbox 2214 1691 2377 1722; x_wconf 89' lang='lat' dir='ltr'>miracula.</span> <span class='ocrx_word' id='word_1_624' title='bbox 2408 1691 2450 1722; x_wconf 88' lang='lat' dir='ltr'>Et</span> <span class='ocrx_word' id='word_1_625' title='bbox 2479 1689 2582 1722; x_wconf 89' lang='lat' dir='ltr'>simile</span> 
     </span>
     <span class='ocr_line' id='line_1_78' title="bbox 1516 1735 2581 1778; baseline -0.003 -10"><span class='ocrx_word' id='word_1_626' title='bbox 1516 1745 1562 1769; x_wconf 92' lang='lat' dir='ltr'>est</span> <span class='ocrx_word' id='word_1_627' title='bbox 1585 1738 1610 1768; x_wconf 93' lang='lat' dir='ltr'>si</span> <span class='ocrx_word' id='word_1_628' title='bbox 1633 1737 1731 1768; x_wconf 88' lang='lat' dir='ltr'>vitam</span> <span class='ocrx_word' id='word_1_629' title='bbox 1755 1744 1938 1768; x_wconf 90' lang='lat' dir='ltr'>sanctorum</span> <span class='ocrx_word' id='word_1_630' title='bbox 1961 1736 2086 1778; x_wconf 86' lang='lat' dir='ltr'>fingunt</span> <span class='ocrx_word' id='word_1_631' title='bbox 2101 1737 2189 1768; x_wconf 86' lang='lat' dir='ltr'>aliter</span> <span class='ocrx_word' id='word_1_632' title='bbox 2209 1746 2306 1778; x_wconf 92' lang='lat' dir='ltr'>quam</span> <span class='ocrx_word' id='word_1_633' title='bbox 2327 1735 2376 1772; x_wconf 90' lang='lat' dir='ltr'>sit,</span> <span class='ocrx_word' id='word_1_634' title='bbox 2401 1735 2511 1766; x_wconf 90' lang='lat' dir='ltr'>eadem</span> <span class='ocrx_word' id='word_1_635' title='bbox 2534 1744 2581 1765; x_wconf 87' lang='lat' dir='ltr'>ra-</span> 
     </span>
     <span class='ocr_line' id='line_1_79' title="bbox 1516 1781 2582 1822; baseline -0.003 -10"><span class='ocrx_word' id='word_1_636' title='bbox 1516 1782 1614 1813; x_wconf 90' lang='lat' dir='ltr'>tione.</span> <span class='ocrx_word' id='word_1_637' title='bbox 1631 1781 1815 1812; x_wconf 90' lang='lat' dir='ltr'>Mentiendo</span> <span class='ocrx_word' id='word_1_638' title='bbox 1831 1788 1936 1812; x_wconf 88' lang='lat' dir='ltr'>autern</span> <span class='ocrx_word' id='word_1_639' title='bbox 1953 1781 1986 1811; x_wconf 89' lang='lat' dir='ltr'>in</span> <span class='ocrx_word' id='word_1_640' title='bbox 2005 1781 2191 1811; x_wconf 87' lang='lat' dir='ltr'>nominibus</span> <span class='ocrx_word' id='word_1_641' title='bbox 2209 1783 2399 1816; x_wconf 89' lang='lat' dir='ltr'>Auctorum,</span> <span class='ocrx_word' id='word_1_642' title='bbox 2423 1785 2479 1810; x_wconf 86' lang='lat' dir='ltr'>aut</span> <span class='ocrx_word' id='word_1_643' title='bbox 2501 1788 2582 1822; x_wconf 89' lang='lat' dir='ltr'>quo-</span> 
     </span>
     <span class='ocr_line' id='line_1_80' title="bbox 1516 1823 2583 1866; baseline -0.002 -10"><span class='ocrx_word' id='word_1_644' title='bbox 1516 1826 1700 1862; x_wconf 84' lang='lat' dir='ltr'>tationibus‚</span> <span class='ocrx_word' id='word_1_645' title='bbox 1724 1833 1812 1866; x_wconf 90' lang='lat' dir='ltr'>puta,</span> <span class='ocrx_word' id='word_1_646' title='bbox 1836 1826 2010 1866; x_wconf 82' lang='lat' dir='ltr'>capitulum</span> <span class='ocrx_word' id='word_1_647' title='bbox 2034 1825 2192 1856; x_wconf 85' lang='lat' dir='ltr'>decimum</span> <span class='ocrx_word' id='word_1_648' title='bbox 2217 1834 2276 1865; x_wconf 90' lang='lat' dir='ltr'>pro</span> <span class='ocrx_word' id='word_1_649' title='bbox 2298 1823 2496 1861; x_wconf 82' lang='lat' dir='ltr'>duodecimo,</span> <span class='ocrx_word' id='word_1_650' title='bbox 2527 1829 2583 1854; x_wconf 83' lang='lat' dir='ltr'>aut</span> 
     </span>
     <span class='ocr_line' id='line_1_81' title="bbox 1517 1866 2582 1910; baseline -0.003 -9"><span class='ocrx_word' id='word_1_651' title='bbox 1517 1870 1639 1901; x_wconf 87' lang='lat' dir='ltr'>Isaiam</span> <span class='ocrx_word' id='word_1_652' title='bbox 1663 1880 1722 1910; x_wconf 94' lang='lat' dir='ltr'>pro</span> <span class='ocrx_word' id='word_1_653' title='bbox 1746 1870 1896 1907; x_wconf 87' lang='lat' dir='ltr'>Ieremia,</span> <span class='ocrx_word' id='word_1_654' title='bbox 1914 1870 1964 1900; x_wconf 87' lang='lat' dir='ltr'>vel</span> <span class='ocrx_word' id='word_1_655' title='bbox 1978 1870 2219 1910; x_wconf 83' lang='lat' dir='ltr'>Hieronymum</span> <span class='ocrx_word' id='word_1_656' title='bbox 2243 1878 2302 1909; x_wconf 90' lang='lat' dir='ltr'>pro</span> <span class='ocrx_word' id='word_1_657' title='bbox 2325 1869 2510 1909; x_wconf 81' lang='lat' dir='ltr'>Augustino</span> <span class='ocrx_word' id='word_1_658' title='bbox 2533 1866 2582 1898; x_wconf 87' lang='lat' dir='ltr'>di-</span> 
     </span>
    </p>
   </div>
   <div class='ocr_carea' id='block_1_9' title="bbox 1490 1911 2584 1955">
    <p class='ocr_par' dir='ltr' id='par_1_13' title="bbox 1490 1911 2584 1955">
     <span class='ocr_line' id='line_1_82' title="bbox 1490 1911 2584 1955; baseline -0.003 -10"><span class='ocrx_word' id='word_1_659' title='bbox 1490 1930 1491 1936; x_wconf 46' lang='lat'><em>*</em></span> <span class='ocrx_word' id='word_1_660' title='bbox 1517 1915 1629 1951; x_wconf 88' lang='lat' dir='ltr'>cendo,</span> <span class='ocrx_word' id='word_1_661' title='bbox 1647 1915 1722 1955; x_wconf 91' lang='lat' dir='ltr'>quia</span> <span class='ocrx_word' id='word_1_662' title='bbox 1736 1921 1812 1945; x_wconf 91' lang='lat' dir='ltr'>tunc</span> <span class='ocrx_word' id='word_1_663' title='bbox 1829 1924 1894 1944; x_wconf 92' lang='lat' dir='ltr'>non</span> <span class='ocrx_word' id='word_1_664' title='bbox 1911 1913 2048 1944; x_wconf 90' lang='lat' dir='ltr'>occurrit</span> <span class='ocrx_word' id='word_1_665' title='bbox 2064 1920 2094 1944; x_wconf 90' lang='lat' dir='ltr'>et</span> <span class='ocrx_word' id='word_1_666' title='bbox 2109 1920 2201 1954; x_wconf 88' lang='lat' dir='ltr'>turpe</span> <span class='ocrx_word' id='word_1_667' title='bbox 2217 1919 2308 1953; x_wconf 88' lang='lat' dir='ltr'>putat</span> <span class='ocrx_word' id='word_1_668' title='bbox 2322 1912 2368 1943; x_wconf 88' lang='lat' dir='ltr'>sic</span> <span class='ocrx_word' id='word_1_669' title='bbox 2386 1911 2584 1952; x_wconf 75' lang='lat' dir='ltr'>pertransire,</span> 
     </span>
    </p>
   </div>
   <div class='ocr_carea' id='block_1_10' title="bbox 1517 1955 2584 2083">
    <p class='ocr_par' dir='ltr' id='par_1_14' title="bbox 1517 1955 2584 2083">
     <span class='ocr_line' id='line_1_83' title="bbox 1517 1955 2584 1999; baseline -0.003 -10"><span class='ocrx_word' id='word_1_670' title='bbox 1517 1966 1626 1999; x_wconf 89' lang='lat' dir='ltr'>peccat</span> <span class='ocrx_word' id='word_1_671' title='bbox 1648 1958 1789 1999; x_wconf 85' lang='lat' dir='ltr'>quidem,</span> <span class='ocrx_word' id='word_1_672' title='bbox 1814 1958 1868 1988; x_wconf 89' lang='lat' dir='ltr'>sed</span> <span class='ocrx_word' id='word_1_673' title='bbox 1891 1967 1957 1988; x_wconf 91' lang='lat' dir='ltr'>non</span> <span class='ocrx_word' id='word_1_674' title='bbox 1982 1957 2171 1988; x_wconf 84' lang='lat' dir='ltr'>mortaliter:</span> <span class='ocrx_word' id='word_1_675' title='bbox 2196 1957 2272 1998; x_wconf 91' lang='lat' dir='ltr'>quia</span> <span class='ocrx_word' id='word_1_676' title='bbox 2294 1966 2361 1987; x_wconf 87' lang='lat' dir='ltr'>non</span> <span class='ocrx_word' id='word_1_677' title='bbox 2385 1962 2505 1995; x_wconf 86' lang='lat' dir='ltr'>contra,</span> <span class='ocrx_word' id='word_1_678' title='bbox 2528 1955 2584 1986; x_wconf 88' lang='lat' dir='ltr'>sed</span> 
     </span>
     <span class='ocr_line' id='line_1_84' title="bbox 1518 1999 2584 2044; baseline -0.003 -11"><span class='ocrx_word' id='word_1_679' title='bbox 1518 2009 1640 2044; x_wconf 85' lang='lat' dir='ltr'>praeter</span> <span class='ocrx_word' id='word_1_680' title='bbox 1653 2002 1815 2035; x_wconf 83' lang='lat' dir='ltr'>veritatem</span> <span class='ocrx_word' id='word_1_681' title='bbox 1832 2002 1991 2033; x_wconf 88' lang='lat' dir='ltr'>doctrinae</span> <span class='ocrx_word' id='word_1_682' title='bbox 2004 2001 2154 2032; x_wconf 89' lang='lat' dir='ltr'>mentitur</span> <span class='ocrx_word' id='word_1_683' title='bbox 2162 2010 2170 2038; x_wconf 90' lang='lat'>;</span> <span class='ocrx_word' id='word_1_684' title='bbox 2184 2001 2249 2032; x_wconf 86' lang='lat' dir='ltr'>falli</span> <span class='ocrx_word' id='word_1_685' title='bbox 2261 2010 2400 2042; x_wconf 88' lang='lat' dir='ltr'>namque</span> <span class='ocrx_word' id='word_1_686' title='bbox 2411 2000 2444 2031; x_wconf 89' lang='lat' dir='ltr'>in</span> <span class='ocrx_word' id='word_1_687' title='bbox 2457 1999 2505 2030; x_wconf 90' lang='lat' dir='ltr'>his</span> <span class='ocrx_word' id='word_1_688' title='bbox 2517 2009 2584 2030; x_wconf 89' lang='lat' dir='ltr'>non</span> 
     </span>
     <span class='ocr_line' id='line_1_85' title="bbox 1518 2045 2358 2083; baseline -0.002 -6"><span class='ocrx_word' id='word_1_689' title='bbox 1518 2053 1566 2077; x_wconf 92' lang='lat' dir='ltr'>est</span> <span class='ocrx_word' id='word_1_690' title='bbox 1588 2046 1654 2077; x_wconf 87' lang='lat' dir='ltr'>falli</span> <span class='ocrx_word' id='word_1_691' title='bbox 1677 2047 1709 2077; x_wconf 91' lang='lat' dir='ltr'>in</span> <span class='ocrx_word' id='word_1_692' title='bbox 1734 2046 1887 2083; x_wconf 86' lang='lat' dir='ltr'>doctrina,</span> <span class='ocrx_word' id='word_1_693' title='bbox 1912 2046 1966 2077; x_wconf 89' lang='lat' dir='ltr'>sed</span> <span class='ocrx_word' id='word_1_694' title='bbox 1986 2046 2017 2076; x_wconf 92' lang='lat' dir='ltr'>in</span> <span class='ocrx_word' id='word_1_695' title='bbox 2042 2045 2256 2078; x_wconf 88' lang='lat' dir='ltr'>accidentibus</span> <span class='ocrx_word' id='word_1_696' title='bbox 2279 2045 2358 2076; x_wconf 86' lang='lat' dir='ltr'>eius.</span> 
     </span>
    </p>
   </div>
   <div class='ocr_carea' id='block_1_11' title="bbox 1154 2603 1835 2984">
    <p class='ocr_par' dir='ltr' id='par_1_15' title="bbox 1154 2603 1835 2984">
     <span class='ocr_line' id='line_1_86' title="bbox 1154 2603 1835 2984; baseline 0 1254"><span class='ocrx_word' id='word_1_697' title='bbox 1154 2603 1835 2984; x_wconf 95' lang='lat' dir='ltr'> </span> 
     </span>
    </p>
   </div>
  </div>
 </body>
</html>
