2860 4244
171 648 180 658 “
195 648 222 669 D.
238 653 286 675 595.

171 701 180 710 ·
191 699 257 721 Vers.
273 705 287 721 ι.

168 1761 177 1771 “
186 1760 379 1788 Qu.1.xvi‚art.9.

174 2555 182 2564 ⁸
199 2554 246 2581 Qu.
263 2559 320 2576 cuv.

415 202 485 238 136

410 278 655 315 exterioribus
671 279 795 315 rebus.
818 279 927 316 Unde
947 278 1044 314 inter
1059 286 1184 314 cetera
1199 285 1356 325 peecata
1370 289 1470 326 quae

409 339 494 368 sunt
514 337 529 359 Υ
557 331 596 368 in
613 331 843 380 proximum,
864 330 1111 366 homicidium
1137 329 1289 377 gravius
1318 337 1383 377 est,
1403 342 1472 378 per

410 383 514 432 quod
533 383 673 420 tollitur
690 384 768 420 vita
787 382 948 431 proximi
968 383 1044 419 iam
1067 390 1152 418 actu
1174 382 1356 419 existens:
1382 394 1471 419 con-

409 444 609 484 sequenter
629 443 756 472 autem
785 435 1024 482 adulterium,
1045 434 1151 482 quod
1175 442 1230 471 est
1259 442 1390 472 contra
1409 435 1472 472 de-

408 489 528 525 bitum
557 488 730 525 ordinem
759 487 1008 535 generationis
1035 488 1238 534 humanae,
1257 499 1327 536 per
1355 500 1471 537 quarn

408 549 464 578 est
492 541 662 578 introitus
682 540 729 576 ad
757 539 889 576 vitam.
920 540 1211 588 Consequenter
1229 547 1357 577 autem
1386 548 1473 578 sunt

408 594 593 630 exteriora
621 593 734 629 bona.
766 594 866 628 Inter
894 604 1003 641 quae,
1028 592 1129 630 fama
1155 594 1391 642 praeeminet
1421 594 1474 631 di-

408 646 506 682 vitiis
524 646 555 692 ²¹⁴,
578 658 623 681 eo
645 644 750 693 quod
776 645 1028 694 propinquior
1048 653 1104 683 est
1131 646 1385 695 spiritualibus
1405 647 1473 683 bo-

407 698 483 734 nis:
512 699 613 735 unde
642 697 776 734 dicitur
801 698 914 735 Prov.
935 697 1067 735 xxi1*:
1096 699 1238 736 Melius
1257 705 1311 736 est
1337 712 1472 736 nomen

407 752 546 787 bonum
575 762 689 798 quam
717 750 868 787 divitiae
895 751 1046 788 multae.
1083 752 1132 789 Et
1160 752 1248 789 ideo
1277 752 1474 800 detractio,

407 803 619 840 secundum
635 814 747 839 suum
765 815 897 851 genus,
914 811 971 841 est
987 804 1111 841 maius
1129 813 1331 853 peccatum
1356 817 1473 853 quam

407 857 559 903 furtum,
581 855 707 892 minus
726 863 855 893 tamen
875 869 992 906 quam
1011 857 1263 895 homicidium
1282 859 1344 900 vel
1370 858 1474 895 adul-

406 909 555 945 terium.
577 930 600 936 -
621 909 752 946 Potest
788 917 918 947 tamen
947 921 1029 947 esse
1065 910 1160 948 alius
1188 911 1284 948 ordo
1317 918 1475 960 propter

407 961 705 999 circumstantias
733 971 981 1010 aggravantes
1009 963 1071 1000 vel
1101 963 1366 1001 diminuentes.

461 1016 534 1051 Per
561 1015 738 1052 accidens
757 1023 887 1053 autem
915 1016 1078 1064 gravitas
1097 1016 1243 1065 peccati
1272 1016 1476 1053 attenditur

408 1079 452 1103 ex
479 1075 586 1116 parte
614 1068 827 1117 peccantis,
857 1069 923 1116 qui
950 1068 1104 1117 gravius
1126 1077 1260 1118 peccat
1287 1069 1318 1106 si
1346 1081 1390 1106 ex
1411 1069 1475 1107 de-

407 1120 629 1158 liberatione
657 1128 790 1170 peccet
817 1133 934 1170 quam
962 1122 992 1158 si
1020 1129 1153 1171 peccet
1181 1134 1226 1158 ex
1258 1122 1474 1159 infirmitate

406 1174 469 1210 vel
497 1173 695 1212 incautela.
726 1175 775 1211 Et
793 1175 1009 1212 secundum
1033 1175 1108 1212 hoc
1131 1181 1288 1223 peccata
1315 1174 1474 1212 locutio—

407 1226 464 1264 nis
482 1227 625 1264 habent
653 1227 819 1276 aliquam
845 1227 1061 1264 levitatem:
1090 1227 1315 1275 inquantum
1347 1227 1394 1264 de
1423 1228 1475 1264 fa-

408 1279 464 1316 cili
495 1292 539 1316 ex
566 1281 676 1329 lapsu
704 1280 854 1327 linguae
881 1280 1132 1328 proveniunt,
1163 1280 1308 1328 absque
1337 1291 1476 1328 magna

406 1333 759 1380 praemeditatione.

460 1387 518 1422 An
554 1397 691 1422 PR1MUM
726 1396 825 1422 ERGO
861 1396 1046 1422 nicENDUM
1080 1385 1187 1433 quod
1222 1384 1273 1421 illi
1308 1385 1373 1434 qui
1411 1385 1475 1422 de-

407 1439 558 1475 trahunt
596 1438 748 1475 Christo
777 1437 1030 1486 impedientes
1058 1438 1178 1475 fidem
1210 1439 1476 1475 membrorum

407 1491 535 1540 ipsius,
558 1491 742 1539 derogant
761 1491 945 1528 divinitati
973 1491 1066 1538 eius,
1092 1491 1152 1528 cui
1176 1490 1273 1528 fides
1297 1490 1475 1528 innititur.

407 1545 519 1582 Unde
539 1556 618 1581 non
647 1552 704 1581 est
732 1543 892 1592 simplex
912 1544 1107 1592 detractio,
1129 1544 1196 1581 sed
1225 1544 1474 1593 blasphemia.

460 1599 519 1634 An
548 1609 740 1634 SECUNDUM
760 1609 946 1634 nicENDUM
974 1597 1079 1646 quod
1099 1597 1252 1645 gravius
1275 1603 1476 1646 peccatum

408 1658 462 1687 est
491 1650 724 1687 contumelia
753 1662 870 1699 quam
894 1650 1089 1697 detractio,
1110 1650 1335 1699 inquantum
1363 1650 1479 1687 habet

406 1703 592 1740 maiorem
631 1710 895 1751 contemptum
932 1702 1116 1752 proximi:
1147 1703 1242 1740 sicut
1274 1711 1312 1740 et
1347 1703 1478 1751 rapina

408 1764 463 1793 est
491 1756 645 1804 gravius
681 1763 882 1805 peccatum
918 1768 1036 1804 quam
1064 1756 1227 1803 furtum,
1256 1763 1299 1792 ut
1326 1768 1440 1804 supra
1458 1755 1478 1778 *

408 1809 552 1846 dictum
582 1817 649 1846 est.
679 1808 923 1847 Contumelia
948 1816 1078 1846 tamen
1097 1807 1110 1830 δ
1139 1820 1218 1845 non
1244 1816 1299 1846 est
1325 1809 1478 1856 gravius

407 1859 609 1910 peccatum
637 1874 756 1911 quarn
785 1861 1036 1899 adulterium:
1065 1873 1144 1899 non
1182 1861 1285 1899 enim
1313 1862 1478 1909 gravitas

407 1915 579 1952 adulterii
603 1923 785 1963 pensatur
805 1927 849 1951 ex
878 1914 1146 1952 coniunctione
1168 1926 1388 1963 corporum,
1410 1915 1479 1952 sed

409 1979 453 2004 ex
485 1967 774 2005 deordinatione
807 1967 1062 2015 generationis
1090 1967 1295 2005 humanae.
1335 1968 1478 2005 Contu-

459 2081 486 2114 γ)
505 2083 607 2106 sunt.-
625 2081 832 2106 committuntur
851 2081 897 2106 Pa.

461 2115 485 2147 δ)
506 2120 606 2141 tamen.
618 2130 637 2135 -
655 2119 744 2141 autem
764 2117 811 2141 Pa.

1062 201 1329 247 QUAESTIO
1359 201 1531 247 LXXIII,
1559 202 1856 240 ARTICULUS
1886 203 1937 240 lV

1524 279 1706 316 meliosus
1743 288 1871 317 autem
1900 293 1978 317 non
2012 280 2243 317 sufficienter
2271 288 2401 318 causat
2431 280 2588 318 inimici-

1524 331 1616 367 tiam
1653 331 1692 369 in
1720 333 1813 380 alio,
1849 334 1916 370 sed
1955 332 2240 370 occasionaliter
2276 340 2422 370 tantum
2458 333 2590 371 dividit

1524 383 1671 420 unitos:
1708 384 1933 434 inquantum
1969 385 2107 422 scilicet
2142 397 2212 434 per
2239 386 2314 422 hoc
2347 386 2453 434 quod
2489 388 2590 424 mala

1526 436 1677 473 alterius
1703 438 1856 486 promit,
1876 438 1982 486 alios,
2003 445 2190 486 quantum
2218 437 2257 475 in
2284 450 2325 475 se
2354 445 2420 486 est,
2441 439 2490 475 ab
2511 439 2590 476 eius

1526 489 1692 526 amicitia
1719 499 1880 539 separat,
1901 491 1986 528 licet
2005 491 2054 528 ad
2081 492 2156 528 hoc
2182 503 2252 539 per
2271 491 2353 528 eius
2373 492 2493 528 verba
2513 503 2592 528 non

1527 549 1721 589 cogantur.
1752 543 1814 580 Sic
1841 543 1956 581 etiam
1976 549 1988 565 ⁸
2017 551 2053 581 et
2082 544 2269 581 detractor
2305 543 2593 581 occasionaliter

1528 602 1583 631 est
1610 595 1824 633 homicida:
1853 596 2079 646 inquantum
2114 596 2253 633 scilicet
2279 608 2349 646 per
2377 609 2446 634 sua
2472 597 2593 634 verba

1527 647 1591 684 dat
1618 647 1723 684 alteri
1741 648 1984 686 occasionem
2002 657 2044 686 ut
2061 650 2281 698 proximum
2300 649 2404 687 odiat
2420 649 2484 687 vel
2504 661 2594 686 con-

1526 708 1682 738 temnat.
1712 701 1874 749 Propter
1892 701 1999 749 quod
2013 701 2057 739 ·in
2085 701 2245 751 epistola
2265 701 2473 740 Clementis
2491 701 2511 724 ’¹‘
2540 701 2595 739 di-

1528 753 1621 790 citur
1648 753 1874 790 detractores
1901 766 1981 791 esse
2005 755 2228 801 homicidas,
2257 755 2399 792 scilicet
2426 755 2595 792 occasio—

1527 807 1680 843 naliter:
1709 805 1800 855 quia
1818 806 1884 854 qui
1909 807 1985 843 odit
1991 807 2160 855 fratrem
2179 819 2302 854 suum,
2322 808 2510 845 homicida
2529 814 2593 854 est,

1526 867 1568 896 ut
1596 859 1730 896 dicitur
1757 859 1771 894 Ι
1793 859 1897 895 Ioan.
1918 870 1954 896 111
1972 858 2003 895 ³⁸.

1580 914 1639 949 AD
1667 923 1827 949 TERTIUM
1856 923 2041 949 DlCENDUM
2070 911 2175 960 quod
2204 912 2293 961 quia
2316 911 2328 936 ζ
2356 913 2415 950 ira
2447 914 2597 962 quaerit

1527 967 1565 1002 in
1594 965 1792 1013 mamfesto
1811 964 2013 1002 vindictam
2033 965 2186 1013 inferre,
2204 972 2247 1002 ut
2265 965 2521 1015 Philosophus
2541 965 2596 1004 di-

1529 1018 1589 1064 cit,
1609 1018 1647 1055 in
1676 1019 1707 1054 II
1736 1018 1846 1055 Rhet.
1865 1017 1897 1065 ²⁸,
1916 1018 2003 1055 ideo
2034 1017 2228 1065 detractio,
2255 1029 2354 1066 quae
2384 1025 2440 1055 est
2464 1018 2504 1056 in
2532 1031 2596 1056 oc-

1529 1072 1642 1118 culto,
1662 1083 1742 1108 non
1761 1077 1817 1107 est
1835 1071 1913 1108 filia
1931 1071 2021 1118 irae,
2043 1071 2137 1108 sicut
2156 1070 2409 1116 contumelia3
2429 1072 2495 1108 sed
2515 1083 2596 1108 rna-

1527 1124 1580 1172 gis
1609 1123 1786 1171 invidiae,
1807 1135 1905 1172 quae
1925 1123 2053 1161 nititur
2071 1123 2396 1174 qualitercumque
2423 1123 2596 1161 minuere

1528 1176 1687 1225 gloriam
1708 1175 1884 1224 proximi.
1907 1177 1992 1214 Nec
2011 1183 2142 1214 tamen
2161 1176 2331 1226 sequitur
2347 1183 2504 1227 propter
2521 1177 2597 1215 hoc

1529 1229 1634 1278 quod
1654 1228 1836 1266 detractio
1855 1228 1902 1266 sit
1928 1229 2081 1277 gravior
2100 1242 2218 1278 quam
2238 1228 2486 1267 contumelia:
2508 1230 2597 1279 quia

1530 1293 1575 1318 ex
1594 1280 1733 1318 minori
1752 1280 1845 1323 vitio
1865 1288 1990 1330 potest
2009 1282 2098 1319 oriri
2121 1283 2245 1320 maius
2268 1290 2482 1331 peccatum,
2502 1283 2598 1321 sicut

1529 1346 1574 1371 ex
1603 1334 1657 1370 ira
1677 1333 1843 1370 nascitur
1860 1334 2110 1372 homicidium
2139 1342 2175 1372 et
2193 1335 2445 1384 blasphemia.
2476 1336 2596 1386 Origo

1530 1386 1632 1424 enim
1651 1393 1898 1436 peccatorum
1926 1387 2129 1425 attenditur
2147 1388 2362 1426 secundum
2388 1388 2597 1427 inclinatio·

1529 1452 1620 1477 nem
1648 1439 1698 1477 ad
1725 1439 1857 1487 finem,
1878 1440 1984 1490 quod
2013 1448 2069 1478 est
2097 1452 2142 1478 ex
2170 1447 2278 1490 parte
2313 1441 2597 1480 conversionis:

1529 1492 1693 1541 gravitas
1713 1500 1841 1530 autem
1869 1493 2014 1542 peccati
2042 1493 2164 1542 magis
2189 1493 2392 1531 attenditur
2420 1506 2465 1531 ex
2489 1502 2597 1544 parte

1530 1557 1752 1583 aversionis.

1582 1600 1642 1636 At>
1677 1609 1850 1641 QUARTUM
1885 1610 2070 1636 DICENDUM
2105 1599 2211 1647 quod
2248 1599 2339 1647 quia
2375 1600 2489 1636 homo
2521 1600 2597 1637 lae-

1530 1656 1631 1688 tatur
1658 1651 1695 1687 in
1723 1651 1903 1688 sententia
1932 1652 2008 1688 oris
2035 1652 2104 1698 sui,
2125 1659 2166 1689 ut
2194 1652 2330 1689 dicitur
2355 1653 2469 1690 Prov.
2489 1664 2538 1689 xv
2555 1653 2596 1701 *,

1529 1703 1618 1742 inde
1640 1711 1695 1741 est
1714 1704 1820 1752 quod
1838 1703 1898 1741 ille
1919 1704 1983 1753 qui
2004 1704 2310 1755 detrahitincipit
2326 1705 2446 1753 magis
2467 1717 2597 1743 amare

1532 1765 1569 1793 et
1597 1756 1750 1794 credere
1778 1757 1883 1805 quod
1911 1757 2018 1803 dicit3
2048 1765 2086 1794 et
2111 1770 2181 1806 per
2204 1770 2445 1806 consequens
2472 1759 2598 1807 proxi-

1531 1821 1641 1847 mum
1670 1809 1790 1858 magis
1819 1809 1947 1855 odire;
1977 1817 2014 1847 et
2041 1811 2095 1848 sic
2122 1810 2243 1859 magis
2277 1811 2456 1848 recedere
2484 1824 2508 1854 a
2535 1824 2598 1850 co-

1531 1862 1698 1911 gnitione
1725 1862 1904 1900 veritatis.
1939 1864 2012 1900 Iste
2040 1871 2170 1901 tamen
2203 1863 2360 1908 effectus
2386 1870 2515 1913 potest
2536 1870 2597 1909 Βο-

1532 1915 1597 1965 qui
1638 1915 1751 1953 etiam
1789 1927 1834 1952 ex
1871 1915 1950 1953 aliis
1987 1916 2152 1965 peccatis
2188 1929 2288 1966 quae
2322 1916 2598 1967 pertinentqffl

1532 1968 1665 2005 odium
1694 1968 1869 2017 proximi.
2415 1969 2419 1972 ’

1586 2082 1608 2114 ε)
1629 2082 1675 2107 Sic
1693 2082 1813 2107 etiam.-
1831 2082 1909 2108 Sicut
1927 2082 2008 2107 etiam
2028 2082 2104 2114 CFG,
2124 2082 2201 2108 Sicut
2219 2083 2252 2113 D,
2271 2083 2318 2108 Sic
2334 2090 2401 2117 ergo
2421 2083 2470 2109 Pa.

1585 2116 1611 2149 ζ)
1629 2117 1702 2150 quia.
1715 2130 1733 2135 -
1753 2117 1814 2142 Om.
1834 2117 2022 2148 PCDEGan;
2041 2125 2089 2150 pro
2109 2117 2177 2148 ideo,
2197 2121 2223 2143 et
2242 2117 2302 2143 ideo
2322 2117 2354 2143 G.

1080 2203 1418 2245 Commentario
1439 2204 1693 2238 Cardinalis
1715 2204 1918 2238 Caietani

438 2296 458 2315 N
475 2285 609 2316 articulo
633 2284 725 2315 tertio
750 2291 827 2315 nota
850 2284 919 2315 tria.
943 2284 1063 2320 Primo,
1080 2284 1219 2315 radicem
1234 2294 1332 2325 quare
1348 2292 1476 2325 peccata

411 2297 582 2360 lluxuriae
606 2336 680 2359 sunt
703 2335 847 2369 peccata:
879 2328 955 2369 quia
978 2328 1096 2359 scilicet
1119 2335 1193 2359 sunt
1217 2335 1326 2359 contra
1348 2339 1477 2369 genera-

409 2373 530 2404 tionem
554 2373 745 2408 humanam,
771 2381 826 2412 per
845 2382 943 2413 quam
967 2371 1159 2413 suscipimus
1181 2372 1290 2404 vitam.
1322 2373 1384 2403 Sed
1411 2383 1478 2404 esse

410 2424 520 2448 contra
543 2416 731 2447 huiusmodi
754 2416 990 2456 generationem
1018 2426 1092 2447 cum
1115 2416 1332 2456 multipliciter
1356 2417 1479 2448 contin-

410 2468 471 2502 gat,
496 2461 615 2492 scilicet
637 2461 687 2491 vel
711 2467 820 2491 contra
844 2460 987 2491 debitum
1003 2460 1160 2496 ordinem,
1176 2460 1227 2491 vel
1251 2467 1360 2492 contra
1381 2460 1478 2492 finem

410 2505 608 2546 primarium,
633 2505 683 2536 vel
706 2504 940 2541 secundarium,
965 2512 1038 2541 etc.;
1063 2505 1164 2535 multa
1187 2503 1269 2536 fiunt
1291 2505 1477 2536 huiusmodi

410 2549 496 2586 vitia,
521 2559 602 2589 quae
625 2549 658 2580 in
682 2559 741 2580 suo
765 2549 983 2580 tractabuntur
1005 2549 1079 2579 loco
1102 2548 1233 2579 inferius
1249 2548 1276 2585 *‚
1294 2555 1351 2580 etc.

468 2593 626 2630 Secundo,
642 2592 885 2634 responsionem
900 2593 939 2623 ad
958 2592 1116 2633 primum:
1141 2593 1230 2634 quod
1250 2600 1378 2633 peccata
1397 2603 1479 2634 quae
1503 2608 1508 2634 μ

1528 2285 1562 2316 in
1585 2285 1678 2316 nobis
1702 2285 1949 2327 distinguuntur,
1975 2293 2010 2317 ut
2033 2287 2185 2318 detractio
2209 2294 2240 2319 et
2263 2288 2470 2328 contumelia,
2493 2289 2527 2321 in
2548 2289 2598 2324 his

1530 2339 1612 2370 quae
1635 2330 1674 2360 ad
1697 2329 1804 2361 Deum
1820 2337 1895 2361 sunt
1918 2329 2073 2362 uniuntur
2087 2331 2121 2361 in
2137 2331 2348 2372 blasphemia,
2371 2339 2408 2364 ut
2423 2332 2599 2373 superius*

1531 2373 1653 2404 dictum
1680 2373 1750 2405 fuit.

1585 2417 1706 2454 Tertio,
1723 2418 1812 2459 quod
1827 2418 1995 2458 responsio
2011 2419 2052 2449 ad
2065 2419 2195 2450 tertium
2211 2420 2354 2451 consistit
2368 2421 2402 2451 in
2417 2421 2490 2458 hoc,
2507 2422 2598 2462 quod

1530 2461 1705 2492 excaecatio
1729 2461 1844 2494 mentis
1874 2472 1942 2493 non
1965 2470 2012 2494 est
2039 2463 2189 2503 proprius
2219 2463 2347 2495 effectus
2378 2464 2596 2504 detractionis,

1531 2506 1586 2536 sed
1610 2506 1789 2536 communis
1817 2505 1875 2536 sibi
1900 2513 1930 2536 et
1953 2506 2020 2537 aliis
2043 2506 2142 2538 vitiis:
2174 2515 2205 2538 et
2232 2515 2399 2549 propterea
2427 2519 2494 2540 non
2521 2520 2598 2542 con-

1533 2549 1631 2580 cludit
1653 2549 1880 2581 detractionem
1902 2550 2027 2590 gravius
2050 2559 2217 2591 peccatum
2242 2562 2320 2588 esse,

1368 2682 1634 2692 ἉΜᾹΑΛΜΜ

1197 2745 1516 2788 ARTICULUS
1547 2746 1820 2799 QUARTUS

756 2847 910 2878 UTRUM
935 2846 1121 2878 AUDIENS
1145 2846 1219 2884 QUI
1244 2846 1454 2878 ToLERAT
1478 2847 1813 2880 DETRAHENTEM
1836 2849 2059 2880 GRAVITER
2081 2849 2254 2882 PECCET

1387 2933 1416 2958 In
1436 2934 1535 2959 Psalm.
1553 2934 1622 2960 XIV.

449 3029 512 3055 fr(
530 3028 563 3059 ⁹:
626 3022 648 3046 n
669 3022 842 3052 QUARTUM
862 3023 914 3047 sm
934 3022 1175 3048 pnoeemrua.
1191 3010 1352 3048 Videtur
1371 3011 1477 3060 quod

442 3048 598 3123 53⁸1)
627 3062 784 3100 audiens
822 3063 885 3111 qui
927 3064 1060 3100 tolerat
1100 3064 1361 3101 detrahentem
1399 3077 1478 3102 non

433 3120 436 3124 '
465 3115 480 3122 '⁴
518 3133 553 3157 a
569 3121 597 3163 ‘fi
611 3114 790 3164 graviter
807 3123 951 3164 peccet.
972 3116 1063 3153 Non
1083 3116 1185 3153 enirn
1205 3116 1340 3164 aliquis
1358 3117 1478 3165 magis

471 3162 570 3216 U)
586 3162 774 3214 tenetur
802 3169 906 3206 alteri
935 3181 1051 3217 quam
1080 3168 1150 3206 sibi
1179 3168 1259 3218 ipsi.
1295 3169 1372 3206 Sed
1400 3170 1478 3206 lau-

418 3220 541 3257 dabile
571 3228 625 3258 est
645 3221 674 3258 si
701 3221 886 3271 patienter
912 3221 1032 3259 homo
1057 3234 1146 3259 suos
1176 3222 1405 3259 detractores
1423 3230 1478 3259 to-

416 3274 527 3310 leret:
559 3273 646 3311 dicit
675 3275 776 3312 enirn
801 3274 1018 3323 Gregorius,
1043 3287 1155 3323 super
1172 3275 1320 3323 Ezech„
1346 3275 1478 3312 homil.

419 3327 491 3363 IX:
533 3327 706 3377 Linguas
742 3325 1034 3374 detrahentium,
1068 3328 1162 3364 sicut
1199 3333 1324 3365 nostro
1359 3328 1479 3365 studio

1529 3024 1638 3049 suam
1676 3013 1859 3050 malitiam
1897 3014 2077 3052 excitatas
2112 3015 2287 3053 dehemus
2324 3018 2598 3066 aequanimiter

1531 3065 1703 3111 tolerare,
1725 3071 1765 3102 ut
1782 3067 1887 3103 nobis
1906 3068 2080 3104 meritum
2104 3075 2257 3106 crescat.
2288 3069 2390 3118 Ergo
2410 3083 2489 3109 non
2507 3075 2596 3121 pec-

1533 3126 1591 3155 cat
1619 3117 1750 3166 aliquis
1769 3118 1799 3155 si
1828 3119 2123 3158 detractionibus
2143 3121 2304 3159 aliorum
2333 3135 2412 3160 non
2434 3123 2593 3166 resistat.

1587 3182 1622 3207 2.
1644 3171 1876 3219 ΡΚΑΕΤΕΕΕΑ,
1896 3173 2013 3210 Eccli.
2035 3185 2070 3210 iv
2088 3173 2109 3196 ’¹‘
2137 3174 2291 3212 dicitur:
2319 3176 2412 3214 Non
2447 3169 2595 3223 contra-

1532 3223 1634 3260 dicas
1661 3225 1776 3261 verbo
1804 3225 1968 3262 veritatis
1998 3226 2072 3263 ullo
2100 3228 2223 3265 modo.
2255 3229 2333 3266 Sed
2360 3223 2594 3279 quandoque

1534 3276 1668 3324 aliquis
1697 3277 1858 3314 detrahit
1884 3279 2003 3316 verba
2024 3284 2041 3301 ‘²
2067 3280 2235 3318 veritatis
2264 3281 2438 3330 dicendo,
2465 3290 2506 3320 ut
2532 3295 2593 3320 su—

1533 3341 1601 3378 pra
1615 3329 1635 3351 ’¹‘
1655 3330 1796 3367 dictum
1817 3338 1882 3368 est.
1913 3331 2015 3380 Ergo
2034 3331 2186 3371 videtur
2204 3335 2310 3384 quod
2334 3347 2414 3372 non
2441 3347 2594 3386 semper

419 3391 493 3416 non
531 3380 705 3417 dehemus
733 3382 918 3427 excitare,
948 3393 994 3418 ne
1021 3381 1091 3429 ipsi
1110 3386 1291 3429 pereant;
1328 3381 1381 3418 ita·
1408 3393 1481 3429 per
1506 3387 1509 3425 l
1533 3390 1705 3419 teneatur
1732 3383 1851 3420 homo
1882 3384 2209 3424 detractionibus!³
2237 3386 2419 3424 resistere.

475 3494 500 3524 α)
522 3494 640 3518 verba.—
659 3495 737 3519 verbo
757 3495 811 3524 PH,
831 3495 937 3519 verbum
958 3495 1002 3523 sA.
1022 3502 1074 3519 om.
1095 3495 1131 3527 pl.

1585 3494 1609 3529 β)
1630 3496 1847 3522 detractionibus.
1861 3511 1879 3516 -
1898 3498 2093 3524 detractoribus
2113 3499 2166 3524 ΡΙ).

2621 706 2674 728 ’Ad
2677 706 2755 728 Iacob.
2755 722 2765 734 ,
2772 713 2807 734 ep.
2814 713 2831 729 ι.

2623 860 2632 870 ·
2647 859 2714 881 Vera.
2730 864 2760 887 15.

2719 917 2734 946 ζ

2621 1027 2633 1037 ’·
2646 1025 2704 1054 Cap.
2718 1031 2744 1052 n,
2754 1031 2778 1048 n.
2793 1032 2810 1048 ι.
2820 1037 2832 1043 -

2623 1052 2659 1075 ef.
2670 1058 2760 1082 enimv,
2769 1058 2793 1075 n.
2801 1058 2832 1081 3¹·

2623 1653 2635 1664 ⁸
2649 1652 2716 1675 Vera.
2730 1658 2765 1681 ²3·

2623 2339 2635 2350 ⁶
2643 2339 2691 2367 Qu.
2701 2344 2752 2366 xm,
2762 2343 2805 2362 ιη.
2819 2346 2836 2367 i,

2623 2364 2760 2415 affimant.
2770 2372 2835 2389 num.

2621 3190 2632 3200 ·
2646 3186 2714 3210 Ven-
2727 3194 2766 3216 30.

2621 3341 2631 3351 ⁸
2645 3341 2730 3369 Art-1,
2740 3341 2768 3363 nd
2778 3347 2800 3370 3.
