2860 4244
281 1453 291 1456 ·
324 1431 615 1484 ἠΰτ”ιῆιὲιιηίιιν
632 1437 684 1473 ad
709 1442 880 1483 mortem,
902 1442 938 1472 et
962 1447 1025 1472 eos
1043 1435 1110 1483 qui
1130 1437 1331 1472 trahuntur
1348 1437 1399 1473 ad

303 1982 310 1994 ι
335 1969 494 2010 ctorum,
523 1963 673 2001 laudem
691 1975 782 2001 vero
811 1964 996 2001 bonorum
1015 1963 1046 2001 ⁸¹⁸.
1077 1965 1180 2012 Ergo
1206 1971 1338 2012 peccat
1357 1977 1397 2001 se

1001 243 1267 289 QUAESTIO
1298 244 1436 291 LXIX,

1465 245 1760 283 ARTICULUS
1790 245 1841 282 IV
2430 258 2442 282 1
2457 246 2499 282 13

1115 377 1432 421 ARTICULUS
1462 379 1734 430 QUARTUS

645 461 800 492 UTRUM
823 460 983 492 LICEAT
1007 459 1312 493 CONDEMNATO
1335 463 1393 493 AD
1418 463 1607 494 MORTEM
1630 463 1679 495 SE
1702 464 1969 500 DEFENDERE,
1994 464 2028 494 ει
2053 463 2199 495 Ροεειτ

376 558 430 589 {2-42
453 560 521 598 ,ἢ
548 552 570 578 ι)
590 552 764 582 QUARTUM
783 551 836 576 S1c
855 551 1095 576 Pnocnnrrua.
1111 539 1271 577 Videtur
1289 541 1395 590 quod

431 603 452 632 ὲ,
471 592 518 634 ’ἔῑῐὴ
547 593 658 630 liceat
676 593 933 629 condemnato
954 592 1003 629 ad
1023 599 1186 629 mortem
1207 605 1246 630 se
1267 594 1395 631 defen-

357 676 363 685 .
397 647 399 650 ’
420 642 472 696 ἦ,
487 630 516 684 ’ὅ
532 643 650 692 dere,
671 645 702 682 si
719 644 851 694 possit.
882 644 978 681 Illud
1005 644 1106 681 enim
1135 645 1183 682 ad
1204 647 1307 694 quod
1331 659 1397 683 na·

344 699 373 717 ”
399 693 489 724 -””
506 691 537 731 R
546 705 631 734 tura
657 697 811 734 inclinat
837 709 992 746 semper
1019 705 1074 735 est
1103 697 1257 746 licitum,
1287 698 1396 747 quasi

337 748 385 786 de
413 748 494 786 iure
522 750 683 787 naturali
711 750 883 787 existens.
921 750 1000 787 Sed
1027 757 1183 788 naturae
1207 751 1396 788 inclinatio

337 808 393 838 est
419 801 469 838 ad
501 802 753 840 resistendum
783 803 1134 852 corrumpentibus,
1163 815 1242 840 non
1270 805 1395 840 solum

336 853 375 890 in
398 854 619 892 hominibus
647 863 683 892 et
710 855 949 903 animalibus,
979 856 1046 894 sed
1075 856 1188 893 etiam
1217 856 1255 893 in
1274 856 1397 893 insen·
1422 885 1423 890 ,

337 904 506 944 sibilibus
535 908 661 946 rebus.
705 909 806 956 Ergo
835 908 922 945 licet
955 921 1020 945 reo
1051 908 1307 946 condemnato
1340 920 1397 945 re-

337 958 479 1007 sistere,
509 960 540 997 si
567 968 704 1010 potest,
734 973 781 998 ne
810 962 979 998 tradatur
1005 961 1044 998 in
1072 969 1250 998 mortem.

390 1024 426 1050 2.
447 1013 688 1061 PRAETEREA,
717 1014 812 1051 sicut
839 1014 973 1062 aliquis
1008 1013 1233 1050 sententiam
1265 1013 1397 1050 mortis
1422 1023 1424 1039 ¹

337 1073 469 1102 contra
496 1078 538 1103 se
565 1067 682 1104 latam
710 1066 932 1114 subterfugit
959 1066 1182 1113 resistendo,
1211 1065 1262 1102 ita
1283 1066 1397 1103 etiam

336 1117 528 1166 fugiendo.
565 1121 641 1157 Sed
669 1119 812 1157 licitum
841 1131 923 1156 esse
951 1118 1103 1155 videtur
1131 1119 1236 1167 quod
1265 1119 1398 1167 aliquis
1423 1149 1424 1152 ,

337 1183 378 1207 se
406 1183 429 1207 a
457 1179 580 1209 morte
612 1184 682 1221 per
708 1173 837 1219 fugam
866 1172 1018 1208 liberet:
1061 1171 1274 1208 secundum
1307 1172 1398 1209 illud

334 1223 451 1261 Eccli.
472 1236 507 1261 1x
525 1223 564 1261 *z
593 1226 727 1275 Longe
745 1230 820 1262 esto
847 1226 897 1262 ab
920 1224 1072 1261 homine
1084 1230 1304 1273 potestatem
1331 1226 1397 1262 ha·
1422 1223 1424 1236 ¹

336 1277 443 1313 bente
479 1277 672 1314 occidendi
705 1283 742 1315 et
771 1289 846 1314 non
882 1277 1109 1325 vivificandi.
1153 1278 1255 1325 Ergo
1284 1278 1397 1315 etiarn
1422 1295 1424 1318 ε

335 1328 479 1366 licitum
508 1337 564 1367 est
583 1335 601 1352 ‘²
629 1330 815 1367 resistere.
1422 1323 1424 1337 ¹

392 1382 426 1419 3.
452 1383 695 1430 ΡΗᾼΕΊῈΚΕΑ,
723 1384 840 1420 Ρνον.
861 1395 946 1420 xxiv
966 1384 986 1404 *
1014 1381 1166 1420 dicitur:
1203 1384 1309 1420 Erue
1335 1395 1398 1420 eos
1422 1407 1424 1409 >

336 1487 525 1525 interitum
544 1488 705 1526 liberare
732 1501 779 1526 ne
797 1501 926 1526 cesses.
957 1489 1034 1526 Sed
1053 1488 1138 1536 plus
1165 1495 1314 1525 tenetur
1333 1489 1398 1525 ali-

336 1540 422 1588 quis
446 1541 520 1579 sibi
549 1554 666 1591 quam
695 1542 811 1579 alteri.
841 1542 944 1589 Ergo
972 1541 1114 1578 licitum
1136 1548 1191 1577 est
1210 1542 1315 1589 quod
1334 1541 1398 1578 ali-

335 1593 421 1642 quis
437 1594 712 1632 condemnatus
727 1595 894 1643 seipsum
911 1593 1089 1631 defendat
1108 1605 1156 1629 ne
1176 1593 1213 1630 in
1233 1601 1398 1631 mortem

335 1647 518 1684 tradatur.

390 1699 465 1736 San
481 1710 628 1736 CONTRA
642 1710 709 1736 EST
718 1700 824 1747 quod
841 1696 928 1736 dicit
942 1700 1162 1748 Apostolus,
1172 1698 1396 1736 Rom.x111*:

340 1751 415 1795 Qui
423 1752 601 1800 potestati
617 1752 761 1798 resistit,
776 1752 852 1789 Dei
868 1752 1098 1790 ordinationi
1110 1752 1254 1798 resistit,
1274 1757 1308 1788 et
1322 1753 1399 1800 ipse

334 1805 406 1843 sibi
431 1805 711 1842 damnationem
738 1805 910 1854 acquirit.
946 1806 1024 1843 Sed
1053 1805 1330 1842 condemnatus
1357 1818 1398 1842 se

335 1857 579 1896 defendendo
607 1858 782 1907 potestati
811 1857 947 1895 resistit
971 1866 1156 1907 quantum
1186 1859 1234 1895 ad
1262 1858 1337 1894 hoc
1359 1858 1398 1895 in

335 1922 413 1961 quo
443 1918 499 1948 est
527 1910 705 1948 divinitus
733 1910 900 1948 instituta
934 1911 986 1947 ad
1010 1911 1213 1948 vindictam
1241 1911 1398 1958 malefa-
1423 1924 1424 1931 ¹

337 2016 594 2055 defendendo.

389 2070 615 2107 REsPONDEo
635 2080 819 2106 chENDUM
839 2069 944 2118 quod
963 2068 1096 2118 aliquis
1125 2071 1327 2108 damnatur
1348 2071 1397 2107 ad

337 2130 502 2160 mortem
523 2121 732 2171 dupliciter.
761 2122 848 2159 Uno
869 2122 1001 2168 modo,
1031 2123 1139 2159 iuste.
1169 2123 1217 2159 Et
1246 2122 1299 2159 sic
1318 2135 1397 2159 non

336 2174 422 2212 licet
449 2174 705 2212 condemnato
726 2187 767 2212 se
787 2174 1014 2212 defendere:
1044 2175 1187 2212 licitum
1217 2175 1318 2212 enim
1344 2183 1399 2212 est

390 2287 418 2319 a)
437 2290 485 2312 est.
497 2300 516 2306 -·
534 2293 581 2312 reo
599 2287 696 2312 addunt
714 2287 761 2312 Pa.

389 2321 415 2355 β)
434 2322 490 2348 sed.
503 2336 522 2341 -
539 2322 625 2347 solum
644 2322 742 2347 addunt
759 2322 811 2346 PK.

1447 541 1561 578 iudici
1589 553 1678 578 eum
1707 542 1942 579 resistentem
1977 542 2223 591 impugnare3
2266 543 2368 580 unde
2397 544 2507 580 relin-

1448 594 1575 642 quitur
1602 594 1707 642 quod
1742 606 1787 631 ex
1819 603 1925 643 parte
1954 595 2034 631 eius
2062 595 2107 632 sit
2138 596 2280 632 bellum
2315 596 2506 633 iniustum.

1448 646 1561 684 Unde
1589 646 1845 684 indubitanter
1871 655 2015 695 peccat.

1501 698 1588 735 Alio
1608 698 1727 735 modo
1748 700 2024 737 condemnatur
2043 699 2175 749 aliquis
2195 700 2343 738 iniuste.
2366 702 2415 738 Et
2433 703 2508 738 tale

1449 751 1632 788 iudicium
1666 751 1786 788 simile
1815 760 1870 788 est
1896 752 2099 789 violentiae
2127 753 2337 791 latronum:
2374 766 2508 792 secun-

1450 805 1543 841 dum
1572 803 1663 840 illud
1692 804 1830 840 Ezech.
1850 817 1922 841 xxn
1941 804 1983 842 *ι
2010 805 2206 854 Principes
2229 807 2308 843 eius
2329 808 2365 843 in
2385 808 2507 844 medio

1449 856 1528 892 eius
1547 856 1656 904 quasi
1672 856 1752 906 lupi
1770 858 1953 905 rapientes
1966 858 2152 906 praedam
2173 859 2224 895 ad
2241 859 2507 909 effundendum

1448 909 1686 958 sanguinem.
1708 909 1757 945 Et
1775 908 1862 946 ideo
1882 909 1977 946 sicut
1995 910 2080 947 licet
2099 910 2269 949 resistere
2288 913 2507 960 latronibus,

1422 979 1424 987 ν
1450 961 1500 998 ita
1527 961 1612 997 licet
1640 961 1812 998 resistere
1840 962 1879 998 in
1906 963 1968 998 tali
1998 975 2087 1000 casu
2115 964 2224 1000 malis
2256 965 2508 1014 principibus:

1450 1013 1521 1050 nisi
1548 1014 1642 1050 forte
1671 1022 1827 1062 propter
1854 1015 2076 1052 scandalum
2103 1015 2316 1063 vitandum,
2347 1030 2435 1055 curn
2466 1031 2508 1055 ex

1450 1067 1524 1103 hoc
1552 1067 1677 1115 aliqua
1705 1066 1830 1114 gravis
1858 1067 2021 1104 turbatio
2049 1068 2252 1106 timeretur.

1503 1121 1562 1156 An
1595 1131 1733 1156 Panum
1762 1131 1860 1156 ERGO
1888 1132 2072 1158 manDUM
2101 1121 2207 1169 quod
2241 1121 2328 1158 ideo
2365 1123 2510 1160 homini

1452 1172 1538 1209 data
1563 1179 1618 1209 est
1645 1172 1752 1219 ratio,
1773 1180 1813 1208 ut
1833 1184 1878 1208 ea
1906 1173 1956 1210 ad
1984 1185 2082 1221 quae
2103 1181 2236 1210 natura
2260 1174 2412 1212 inclinat
2433 1188 2509 1212 non

1449 1225 1604 1274 passim,
1622 1226 1689 1262 sed
1705 1225 1916 1262 secundum
1933 1226 2086 1276 rationis
2102 1226 2274 1263 ordinem
2291 1236 2510 1276 exequatur.

1450 1279 1500 1315 Et
1517 1278 1604 1315 ideo
1629 1290 1707 1315 non
1727 1278 1918 1327 quaelibet
1938 1279 2108 1316 defensio
2133 1279 2190 1316 sui
2210 1287 2264 1317 est
2284 1280 2395 1328 licita,
2415 1282 2482 1318 sed
2497 1279 2512 1310 β

1423 1341 1424 1344 ’
1451 1343 1549 1380 quae
1578 1331 1620 1368 fit
1649 1343 1736 1367 cum
1767 1331 1893 1368 debito
1923 1332 2200 1369 moderamine.

1503 1386 1562 1420 AD
1591 1395 1781 1421 SECUNDUM
1809 1385 2119 1434 DICENDUM’quod
2143 1386 2267 1424 nullus
2295 1385 2346 1433 ita
2371 1386 2512 1423 conde—

1450 1444 1602 1473 mnatur
1622 1437 1726 1485 quod
1754 1436 1835 1485 ipse
1862 1437 1933 1474 sibi
1961 1437 2093 1474 inferat
2120 1446 2298 1486 mortem,
2318 1439 2386 1476 sed
2406 1439 2512 1487 quod

1450 1489 1531 1537 ipse
1551 1497 1716 1526 mortem
1735 1489 1910 1537 patiatur.
1941 1491 1990 1527 Et
2008 1490 2095 1527 ideo
2115 1503 2192 1528 non
2219 1498 2368 1528 tenetur
2386 1491 2512 1528 facere

2535 813 2546 823 ’
2560 811 2628 834 Vers.
2642 818 2677 839 27.

1450 1541 1488 1578 id
1515 1542 1619 1578 unde
1639 1554 1744 1578 mors
1764 1550 1956 1589 sequatur,
1986 1543 2091 1590 quod
2111 1551 2167 1580 est
2186 1555 2341 1581 manere
2367 1544 2406 1581 in
2424 1545 2511 1580 loco
2563 1590 2569 1593 X

1449 1594 1554 1631 unde
1588 1594 1748 1631 ducatur
1776 1595 1823 1631 ad
1853 1603 2030 1632 mortem.
2074 1597 2244 1632 Tenetur
2271 1604 2399 1633 tamen
2433 1609 2513 1634 non

1451 1646 1622 1683 resistere
1651 1646 1795 1694 agenti,
1826 1647 1917 1695 quin
1945 1648 2108 1696 patiatur
2136 1649 2242 1696 quod
2279 1649 2419 1686 iustum
2459 1657 2514 1686 est

1452 1712 1540 1736 eum
1569 1699 1657 1748 pati.
1689 1699 1793 1736 Sicut
1821 1699 1935 1736 etiam
1955 1700 1986 1737 si
2005 1701 2139 1748 aliquis
2165 1701 2211 1738 sit
2235 1701 2513 1739 condemnatus

1450 1760 1491 1789 ut
1518 1751 1619 1789 fame
1648 1752 1844 1800 moriatur,
1874 1765 1953 1790 non
1981 1761 2115 1802 peccat
2143 1753 2173 1791 si
2202 1754 2330 1791 cibum
2360 1754 2431 1791 sibi
2451 1767 2514 1791 oc-

1451 1805 1548 1842 culte
1569 1805 1821 1842 ministratum
1836 1811 1851 1834 ⁷
1871 1814 2012 1843 sumat:
2034 1807 2122 1855 quia
2141 1819 2219 1843 non
2239 1819 2391 1844 sumere
2417 1815 2515 1844 esset

1451 1858 1619 1907 seipsum
1649 1858 1835 1895 occidere.

1504 1912 1563 1948 AD
1591 1923 1751 1948 TERTIUM
1787 1922 1972 1948 DICENDUM
2006 1912 2111 1960 quod
2148 1924 2218 1961 per
2252 1912 2343 1949 illud
2371 1912 2512 1950 dictum

1451 1964 1638 2013 Sapientis
1676 1976 1754 2000 non
1791 1964 1982 2001 inducitur
2017 1964 2152 2012 aliquis
2189 1965 2237 2002 ad
2274 1965 2513 2003 liberandum

1451 2017 1567 2054 alium
1601 2029 1623 2053 a
1651 2025 1774 2053 morte
1804 2025 1936 2054 contra
1971 2017 2146 2054 ordinem
2181 2017 2354 2055 iustitiae.
2402 2019 2514 2056 Unde

1451 2082 1523 2106 nec
1550 2069 1719 2118 selpsum
1757 2077 1889 2106 contra
1916 2069 2096 2107 iustitiam
2135 2070 2344 2108 resistendo
2380 2071 2514 2119 aliquis

1423 2161 1425 2169 ,
1451 2123 1565 2159 debet
1593 2122 1754 2159 liberare
1783 2135 1806 2159 a
1834 2130 1968 2159 morte.

1505 2287 1531 2320 γ)
1551 2288 1742 2312 ministratum.
1755 2301 1773 2306 -
1792 2287 1946 2312 ministrare
1963 2287 2147 2320 BEFLpACK,
2168 2288 2365 2313 ministrantem
2384 2289 2417 2313 Η.

1012 2401 1345 2435 Commentaria
1367 2401 1618 2435 Cardinalis
1639 2402 1840 2435 Caietam

366 2489 388 2510 n
411 2478 545 2509 articulo
575 2478 667 2509 tertio
696 2485 727 2509 et
749 2485 863 2519 quarto
886 2478 1030 2509 eiusdem
1057 2479 1251 2519 quaestionis
1275 2489 1399 2519 sexage-

339 2490 582 2558 Isimaenonae,
595 2522 855 2563 quaestiunculae
870 2523 989 2553 multae
1004 2530 1175 2554 occurrunt
1191 2523 1270 2553 circa
1285 2524 1400 2554 doctri-

336 2577 411 2598 nam
435 2567 582 2598 traditam
604 2567 638 2597 in
653 2566 861 2607 responsione
883 2567 923 2597 ad
947 2567 1124 2598 secundum
1143 2567 1246 2608 quarti
1267 2568 1399 2604 articuli,

337 2611 376 2642 de
399 2610 475 2652 fuga
496 2611 578 2642 iuste
601 2611 742 2641 damnati
765 2612 803 2641 ad
827 2618 974 2642 mortem.
1003 2612 1113 2642 Prima
1136 2618 1201 2648 est,
1226 2612 1301 2652 quia
1324 2622 1399 2643 con-

337 2654 438 2686 clusio
453 2655 532 2696 ipsa,
552 2655 668 2686 scilicet
691 2655 781 2696 quod
803 2655 895 2686 liceat
916 2655 998 2686 iuste
1017 2655 1167 2686 damnato
1191 2655 1308 2695 fugere,
1333 2667 1399 2687 non

336 2699 461 2730 videtur
483 2698 675 2740 quibusdam
688 2709 771 2730 vera.
795 2700 880 2737 Quia
902 2699 965 2730 hoc
980 2706 1061 2730 esset
1083 2699 1116 2730 in
1136 2700 1321 2730 scandalum
1345 2711 1399 2732 cu-

338 2743 479 2779 stodum,
503 2743 560 2784 qiii
583 2753 620 2773 ex
643 2742 718 2783 fuga
740 2743 825 2774 illius
849 2743 1103 2774 molestarentur.

394 2787 541 2818 Secunda
564 2793 627 2823 est,
657 2787 732 2828 quia
759 2787 904 2818 detentus
932 2787 1099 2818 damnatus
1126 2788 1166 2817 ad
1193 2794 1331 2819 mortem
1354 2795 1402 2820 est

337 2830 490 2872 implicite
510 2831 677 2861 damnatus
696 2830 791 2862 etiam
807 2831 846 2861 ad
862 2840 1035 2868 carcerem;
1061 2841 1096 2862 ac
1115 2841 1171 2871 per
1185 2831 1257 2868 hoc,
1277 2839 1401 2863 tenetur

338 2875 444 2906 subire
466 2884 605 2915 poenam
621 2874 750 2906 carceris
771 2874 923 2906 inflictam
938 2885 955 2905 a
969 2875 1083 2906 iudice.
1107 2876 1148 2906 Et
1172 2883 1402 2917 consequenter

338 2919 493 2951 iustitiam
516 2925 547 2949 et
569 2918 784 2950 obedientiam
806 2919 945 2950 debitam
967 2919 1066 2950 violat
1089 2919 1223 2959 fugiens.

394 2963 436 2994 Et
463 2962 677 2994 confirmatur.
711 2962 796 3000 Quia
823 2963 934 2993 eadem
956 2970 1003 2994 est
1031 2963 1111 2994 ratio
1143 2963 1181 2993 de
1210 2973 1314 3003 poena
1342 2963 1401 2994 hac

338 3007 389 3038 vel
411 3006 480 3043 illa,
504 3013 583 3047 puta
606 3006 736 3043 mortis,
759 3007 910 3043 verberis,
928 3014 986 3038 etc.
1019 3007 1082 3038 Sed
1105 3007 1249 3037 detentus
1273 3015 1402 3048 propter

339 3051 415 3082 alias
438 3061 558 3091 poenas
582 3057 613 3082 et
635 3051 802 3082 damnatus
819 3060 884 3081 non
900 3057 1004 3091 potest
1027 3051 1109 3082 licite
1132 3051 1249 3091 fugere,
1271 3058 1307 3082 ut
1329 3051 1401 3092 qui-

340 3095 414 3126 dam
438 3095 557 3126 dicunt.
580 3095 666 3135 Ergo
689 3105 748 3125 nec
771 3095 938 3126 damnatus
962 3095 1001 3125 ad
1023 3102 1170 3126 mortem.

401 3140 508 3169 Tertia
532 3138 681 3179 quaestio
696 3146 752 3175 est,
775 3149 815 3169 an
838 3139 895 3169 iste
919 3139 1085 3170 damnatus
1109 3139 1192 3170 licite
1216 3139 1317 3179 possit
1339 3139 1402 3169 dis-

333 3192 488 3223 -rumpere
503 3183 629 3213 vincula
645 3189 676 3213 et
692 3183 862 3223 compedes
881 3183 997 3224 quibus
1013 3183 1158 3223 alligatus
1174 3189 1230 3219 est,
1248 3189 1284 3213 ut
1302 3183 1403 3223 possit

340 3226 458 3267 fugere.
482 3244 503 3250 -
530 3227 656 3264 Quarta
680 3233 736 3263 est,
760 3237 800 3257 an
823 3227 924 3267 possit
947 3227 1108 3267 effringere
1130 3236 1284 3258 carcerem
1307 3227 1400 3258 licite.

396 3271 437 3301 Et
465 3278 511 3301 est
535 3271 614 3302 ratio
643 3271 758 3301 harum
787 3271 862 3311 quia
892 3272 958 3302 duo
987 3271 1065 3302 haec
1088 3281 1154 3302 non
1177 3278 1313 3311 possunt
1342 3271 1401 3302 nisi

340 3314 494 3346 violenter
508 3313 584 3346 fieri.
605 3315 646 3345 Et
665 3325 739 3345 cum
757 3315 834 3346 haec
849 3315 911 3345 sint
925 3315 1094 3356 superioris
1109 3315 1294 3347 auctoritate
1310 3315 1400 3351 facta,

340 3358 505 3390 inferendo
519 3358 705 3389 violentiam
721 3358 787 3390 istis
810 3358 941 3390 infertur
954 3359 1001 3390 vis
1024 3359 1144 3390 auctori
1161 3369 1284 3396 eorum,
1301 3366 1332 3390 et
1354 3369 1400 3389 re-

341 3402 460 3434 sistitur
483 3403 595 3433 eidem.
613 3421 634 3426 -
649 3403 696 3433 Ex
715 3403 775 3433 alia
791 3409 898 3434 autem
914 3409 1001 3443 parte
1016 3411 1145 3444 apparet
1161 3403 1292 3434 licitum.
1317 3403 1401 3441 Quia

341 3446 416 3477 alias
438 3456 519 3477 vana
542 3454 622 3478 esset
646 3447 807 3478 concessio
832 3446 940 3486 fugae,
965 3454 996 3478 et
1018 3457 1083 3478 non
1107 3455 1215 3488 posset
1237 3457 1270 3477 se
1293 3457 1310 3477 a
1331 3447 1400 3477 vin·
1427 3470 1429 3493 l

343 3490 420 3521 culis
443 3491 613 3522 absolvere.

401 3535 522 3572 Quinta
545 3535 687 3576 quaestio
712 3542 773 3573 est,
798 3545 837 3564 an
860 3534 951 3565 liceat
974 3534 1041 3565 aliis
1065 3535 1212 3565 adiuvare
1235 3534 1400 3565 hominem

484 3596 593 3621 Sumus:
611 3596 713 3621 Tar-201..
732 3596 764 3621 D.
777 3596 891 3620 Tuonaa
904 3595 936 3620 Τ.
954 3596 997 3621 Vl.

1450 2479 1635 2510 huiusmodi
1660 2481 1699 2510 ad
1722 2480 1920 2520 fugiendum,
1944 2481 2049 2510 dando
2066 2480 2094 2511 ei
2118 2480 2288 2511 consilium
2303 2488 2334 2511 et
2350 2481 2515 2512 auxilium.

1451 2524 1492 2554 Et
1515 2530 1560 2554 est
1583 2523 1663 2554 ratio
1693 2524 1780 2554 dubii
1811 2524 1886 2564 quia
1908 2524 1983 2555 hinc
2006 2531 2137 2565 apparet
2160 2526 2247 2565 quod
2272 2524 2331 2555 sic:
2365 2535 2403 2555 eo
2427 2526 2516 2565 quod

1451 2577 1548 2607 opem
1571 2567 1678 2598 ferunt
1701 2568 1786 2598 danti
1811 2578 1942 2608 operam
1966 2568 2010 2599 rei
2034 2568 2152 2605 licitae;
2177 2576 2208 2599 et
2230 2569 2312 2599 sicut
2333 2569 2426 2610 digni
2440 2575 2516 2600 sunt

1452 2617 1571 2649 morte,
1595 2613 1774 2642 secundum
1801 2613 1994 2652 Apostolum
2009 2613 2036 2649 *,
2057 2614 2112 2653 qui
2138 2614 2339 2643 consentiunt
2363 2614 2447 2644 male
2455 2613 2514 2653 fa-

1450 2656 1615 2693 cientibus,
1639 2656 1682 2686 ita
1707 2666 1762 2696 per
1786 2657 1983 2697 oppositum,
2006 2657 2062 2697 qui
2078 2657 2281 2687 consentiunt
2299 2657 2383 2687 licita
2399 2657 2515 2688 facien-

1450 2700 1534 2731 tibus
1564 2710 1631 2730 non
1662 2707 1773 2731 errant.
1797 2718 1818 2723 -
1843 2701 1918 2731 Inde
1941 2710 2017 2731 vero
2047 2708 2176 2741 apparet
2206 2701 2295 2742 quod
2325 2711 2400 2732 non.
2431 2702 2515 2738 Quia

1452 2745 1556 2784 turpis
1578 2749 1626 2774 est
1648 2745 1704 2775 illa
1722 2754 1805 2784 pars
1827 2754 1909 2785 quae
1928 2755 1990 2775 non
2006 2750 2159 2775 consonat
2181 2755 2239 2775 suo
2263 2746 2320 2775 toti
2334 2745 2361 2775 *.
2385 2746 2514 2776 Publica

1451 2795 1559 2819 autem
1581 2794 1730 2828 potestas,
1754 2798 1836 2829 quae
1859 2795 1964 2820 totum
1987 2795 2206 2828 repraesentat,
2230 2789 2298 2819 vult
2321 2789 2413 2819 illum
2436 2789 2515 2820 deti-

1452 2832 1529 2863 neri.
1552 2833 1627 2862 Non
1651 2839 1756 2872 potest
1772 2842 1846 2872 ergo
1868 2833 1986 2873 absque
2002 2832 2127 2872 publica
2144 2832 2262 2863 offensa
2279 2833 2317 2862 ab
2334 2832 2401 2862 aliis
2418 2843 2515 2872 opera

1452 2876 1518 2906 dari
1534 2876 1574 2906 ad
1590 2876 1730 2906 damnati
1746 2875 1865 2915 fugam.
1889 2876 1930 2906 Et
1944 2876 2163 2907 confirmatur:
2189 2877 2263 2916 quia
2279 2876 2366 2912 tales,
2383 2876 2513 2912 inventi,

1452 2919 1645 2959 puniuntur;
1669 2920 1759 2960 quod
1781 2929 1847 2950 non
1870 2919 1957 2950 fieret
1980 2920 2005 2950 si
2028 2930 2094 2950 non
2118 2928 2292 2960 peccarent.

1508 2963 1608 2994 Sexta
1627 2963 1771 3004 quaestio
1788 2971 1834 2994 est
1857 2963 1938 2994 circa
1953 2964 2108 2995 rationem
2124 2964 2253 2996 litterae.
2278 2964 2362 3002 Quia
2377 2964 2515 3004 assignat

1453 3017 1519 3037 non
1536 3017 1664 3038 causam
1681 3014 1714 3037 ut
1731 3017 1867 3038 causam.
1892 3007 1939 3038 Ex
1962 3008 2023 3038 hoc
2046 3008 2132 3038 enim
2155 3009 2244 3049 quod
2267 3008 2374 3039 nullus
2397 3008 2440 3038 ita
2464 3009 2516 3038 da-

1454 3058 1581 3082 mnatur
1608 3058 1644 3081 ut
1666 3051 1733 3091 ipse
1763 3051 1822 3081 sibi
1853 3058 1990 3082 mortem
2013 3052 2141 3088 inferat,
2166 3063 2231 3083 non
2255 3052 2397 3093 sequitur
2425 3053 2514 3093 quod

1453 3105 1519 3125 non
1546 3101 1670 3125 tenetur
1693 3096 1861 3126 damnatus
1885 3105 2011 3126 manere
2038 3096 2072 3126 in
2096 3106 2226 3133 carcere,
2246 3097 2305 3127 nisi
2333 3106 2460 3126 manere
2481 3096 2514 3126 in

1454 3149 1575 3170 carcere
1605 3146 1687 3169 esset
1716 3139 1857 3179 seipsum
1887 3139 2046 3170 occidere:
2071 3141 2160 3180 quod
2194 3147 2240 3171 est
2269 3139 2434 3171 manifeste
2457 3140 2514 3170 fal-

1454 3193 1535 3214 sum.
1561 3184 1688 3214 Manere
1711 3183 1797 3213 enirn
1819 3183 1852 3213 in
1876 3193 1996 3214 carcere
2020 3191 2050 3214 et
2073 3194 2139 3214 non
2162 3185 2272 3215 volens
2296 3184 2422 3223 fugere,
2447 3193 2513 3213 non

1454 3227 1570 3258 occidit
1585 3227 1739 3267 seipsum:
1757 3227 1899 3268 alioquin
1919 3235 2079 3268 martyres,
2094 3229 2236 3258 nolentes
2252 3228 2368 3268 fugere,
2382 3227 2514 3258 fuissent

1454 3271 1502 3302 sui
1526 3271 1716 3303 homicidae.

1509 3315 1649 3355 Septima
1673 3316 1816 3356 quaestio
1840 3323 1899 3351 est,
1924 3316 1998 3356 quia
2022 3315 2098 3346 haec
2121 3316 2215 3346 etiam
2239 3314 2430 3355 propositio,
2455 3315 2512 3345 sci-

1453 3359 1535 3395 licet,
1559 3360 1679 3390 Nullus
1703 3361 1747 3390 ita
1768 3360 1998 3390 condemnatur
2021 3365 2056 3389 ut
2079 3359 2199 3400 inferat
2213 3360 2272 3390 sibi
2287 3364 2432 3395 mortem,
2457 3369 2512 3399 pa-

1453 3403 1529 3434 titur
1551 3403 1731 3434 instantiam
1759 3404 1797 3434 de
1822 3403 1975 3434 damnatis
1999 3403 2038 3432 ad
2062 3403 2254 3434 sumendum
2277 3412 2453 3438 venenum,
2477 3410 2513 3433 ut

1455 3447 1598 3478 Socrates
1621 3447 1690 3478 fuit.

1513 3490 1634 3522 Octava
1658 3491 1801 3532 quaestio
1826 3498 1886 3526 est,
1911 3501 1950 3520 an
1981 3491 2147 3521 damnatus
2178 3498 2213 3521 ut
2242 3490 2324 3521 fame
2348 3490 2510 3526 moriatur,

1427 3563 1429 3566 ,
1455 3542 1597 3566 teneatur
1619 3536 1794 3571 comedere,
1819 3535 1844 3564 si
1868 3541 1980 3574 potest,
2005 3535 2146 3575 alioquin
2170 3534 2218 3565 sui
2242 3534 2451 3565 homicidium
2466 3534 2512 3564 in-

2342 3596 2370 3620 15

2541 2619 2551 2629 '
2559 2618 2664 2639 AdRom.
2674 2624 2724 2645 cap.
2735 2625 2750 2644 ι,

2541 2651 2601 2666 vers.
2616 2650 2649 2672 32.

2541 2749 2551 2759 '
2564 2750 2601 2770 Au
2619 2765 2624 2770 .
2641 2749 2750 2776 Censes-s.

2540 2775 2598 2797 lib.1

2623 2791 2628 2801 ,
2638 2781 2689 2802 cap.
2700 2781 2750 2796 vm.
