2860 4244
25 826 27 835 Α
59 840 72 852 ·
85 838 150 861 Vers.
165 838 196 861 ¹6.

39 2111 72 2129 ’Ψ
81 2114 150 2143 ibid„
164 2115 194 2138 nd
206 2121 227 2145 3.

54 2886 269 2939 2..‘?¹’·¹1·1⁶:T⁰.“.3:

60 2938 123 2968 vm,
137 2929 173 2962 de
183 2939 269 2966 veura,

23 2997 28 3031 2
58 2971 143 3021 aa·
145 2977 202 3021 ..a
207 2966 268 2989 ⁸⁶³²

61 3505 71 3515 ⁴
85 3503 152 3526 Vei-s.
166 3510 200 3533 3².

889 271 1154 318 QUAESTIO
1185 272 1395 319 LXXVIII,

1424 272 1720 310 ARTlcULUs
1750 273 1812 319 111,
1835 272 1885 308 1v
2405 271 2473 307 165

1096 388 1414 431 ARTICULUS
1443 389 1672 431 TERTIUS

587 480 742 512 UTRUM
767 481 980 519 QUIDQUID
1005 481 1176 518 ALIQUIS
1200 482 1256 512 DE
1281 481 1470 513 PECUNIA
1493 482 1710 513 USURARIA
1733 481 1964 514 LUCRATUS
1988 482 2012 512 F
2016 482 2158 517 UERIT,

1155 525 1358 556 REDDERE
1382 526 1619 556 TENEATUR

916 602 1070 633 Quod1.111‚
1091 610 1204 635 qu.vu‚
1224 609 1271 629 art.
1291 611 1320 634 2,
1341 604 1382 629 De
1400 604 1506 636 Regini.
1525 603 1693 633 Iudaeorum,
1714 612 1759 637 qu.
1778 612 1787 629 1
1806 612 1867 637 sqq.

509 693 532 719 n
552 692 714 718 TERTlUM
742 693 796 718 Slc
815 692 1056 719 PROCEmTUR.
1077 682 1236 719 Videtur
1257 682 1363 742 quod

324 719 696 794 Aqmdquld
734 733 869 782 aliquis
907 734 954 771 de
992 734 1155 783 pecunia
1191 735 1363 772 usuraria

316 820 323 838 z
354 790 358 793 ’
399 804 433 829 ν,
456 787 673 833 &lucratus
701 787 823 834 fuerit,
854 787 1013 824 reddere
1042 795 1225 825 teneatur.
1264 787 1364 824 Dicit

318 792 449 876 [Cr-qr)
475 852 497 873 κ·
511 839 613 877 enim
633 841 855 889 Apostolus,
876 841 928 877 ad
939 841 1052 877 Rom.
1069 853 1104 877 xl
1123 840 1161 877 *ε
1190 841 1233 877 Si
1250 841 1365 877 radix

296 896 446 936 sancta,
476 898 514 929 et
543 893 654 930 rami.
693 894 814 941 Ergo,
845 893 981 930 eadem
1010 893 1167 940 ratione,
1198 893 1227 930 si
1257 893 1362 930 radix

296 944 453 991 infecta,
483 953 520 982 et
547 946 656 983 rami.
695 946 773 983 Sed
805 946 911 983 radix
938 946 1006 982 fuit
1032 946 1215 983 usuraria.
1259 946 1361 993 Ergo

296 1004 335 1034 et
349 1001 367 1018 ²
387 973 572 1047 quidquid
592 1010 638 1036 ex
657 1011 702 1036 ea
721 998 948 1048 acquisitum
969 1005 1035 1045 est,
1058 1005 1114 1035 est
1131 998 1360 1035 usurarium.

297 1051 399 1098 Ergo
429 1057 578 1088 tenetur
605 1052 653 1089 ad
682 1051 958 1088 restitutionem
986 1050 1095 1087 illius
1387 1053 1389 1122 Ι

352 1114 386 1140 2.
415 1105 650 1152 PRAETEREA,
681 1105 777 1141 sicut
805 1103 940 1141 dicitur
973 1103 1110 1149 Extra,
1140 1103 1186 1139 de
1218 1097 1389 1149 Usuris,
1388 1128 1389 1151 Ι

296 1156 335 1193 in
354 1156 415 1193 illa
435 1156 623 1204 decretali,
653 1157 748 1194 Cum
769 1161 807 1193 tu
826 1156 921 1192 sicut
938 1156 1091 1192 asseris.-
1111 1156 1363 1193 Possessiones
1388 1155 1389 1187 Ι

297 1219 396 1258 quae
422 1209 468 1246 de
496 1210 619 1247 usuris
643 1214 730 1246 sunt
756 1214 1001 1257 comparatae
1028 1209 1163 1245 debent
1178 1209 1301 1255 vendi,
1331 1215 1367 1246 et
1388 1225 1389 1230 ¹

296 1262 465 1310 ipsarum
489 1263 614 1311 pretia
640 1262 698 1299 his
723 1273 748 1305 a
766 1262 900 1310 quibus
927 1266 1015 1298 sunt
1041 1267 1189 1298 extorta
1209 1262 1361 1299 restitui.

296 1314 412 1362 Ergo,
434 1314 570 1351 eadem
599 1314 757 1362 ratione,
779 1314 968 1364 quidquid
996 1314 1100 1352 aliud
1126 1326 1172 1351 ex
1199 1315 1364 1363 pecunia
1387 1321 1389 1362 Ι

295 1367 469 1404 usuraria
497 1367 702 1417 acquiritur
730 1367 844 1405 debet
872 1367 1027 1405 restitui.
1387 1363 1389 1388 ⁴

331 700 337 715 ,Ι
340 703 390 739 ἧι
410 701 418 717 ,
431 705 481 733 saeq‘

1388 925 1390 953 Ι

346 1419 651 1468 aspiranum&
681 1420 773 1458 illud
802 1420 907 1470 quod
936 1420 1072 1469 aliquis
1101 1420 1193 1457 emit
1222 1420 1269 1457 de
1297 1432 1363 1469 pe-

295 1472 408 1510 cunia
427 1474 597 1511 usuraria
612 1473 773 1512 debetur
789 1473 859 1510 sibi
875 1474 1022 1511 ratione
1041 1473 1227 1532 pecuniae
1244 1485 1389 1536 quamJ

295 1525 412 1563 dedit.
442 1526 534 1565 Non
555 1539 645 1587 ergo
665 1527 780 1564 habet
808 1526 934 1563 maius
962 1526 1020 1563 ius
1039 1526 1078 1562 in
1103 1538 1143 1562 re
1163 1537 1281 1574 quarn
1301 1538 1363 1562 ac-

296 1578 453 1627 quisivit
481 1591 599 1628 quam
627 1580 667 1617 in
694 1578 860 1628 pecunia
888 1591 1004 1628 quam
1035 1578 1150 1615 dedit.
1191 1579 1270 1616 Sed
1297 1591 1363 1627 pe·
1388 1585 1389 1631 Ι

296 1631 450 1670 cuniam
477 1633 691 1670 usurariam
718 1632 920 1670 tenebatur
947 1631 1155 1669 restituere.
1195 1631 1296 1679 Ergo
1327 1640 1389 1675 et

295 1684 387 1722 illud
406 1685 512 1735 quod
541 1697 587 1723 ex
616 1698 661 1723 ea
690 1685 852 1735 acquirit
875 1692 1025 1722 tenetur
1045 1684 1254 1721 restituere.

349 1738 424 1775 SED
445 1750 604 1786 CONTRA,
624 1738 782 1787 quilibet
799 1745 926 1787 potest
943 1738 1041 1775 licite
1055 1745 1186 1775 tenere
1201 1737 1241 1775 id
1257 1738 1363 1787 quod

294 1790 461 1852 legitime
494 1791 706 1840 acquisivit.
747 1792 825 1830 Sed
852 1791 891 1829 id
919 1791 1025 1840 quod
1060 1791 1267 1840 acquiritur
1294 1803 1389 1840 per

293 1844 499 1894 pecuniam
517 1844 730 1882 usurariam
749 1844 942 1882 interdum
961 1844 1127 1893 legitime
1146 1844 1361 1894 acquiritur.

294 1896 399 1946 Ergo
427 1897 525 1935 licite
553 1904 678 1947 potest
705 1897 856 1935 retineri
875 1895 902 1935 β.
1387 1899 1389 1933 Ι

299 1950 302 1958 '
349 1951 575 1988 Responnso
590 1962 776 1989 mcx-:unum
796 1950 913 2000 quod,
932 1950 1029 1987 sicut
1047 1961 1162 1998 supra
1176 1949 1198 1971 *
1217 1949 1361 1995 dictum
1387 1974 1388 2003 Ι

296 2010 363 2051 est,
384 2008 444 2041 res
464 2003 655 2053 quaedam
684 2011 772 2041 sunt
795 2015 958 2054 quarum
986 2015 1079 2040 usus
1107 2010 1164 2040 est
1190 2003 1360 2052 ipsarum
1387 2010 1388 2014 ’

294 2067 424 2094 rerum
462 2056 727 2106 consumptio,
756 2069 856 2107 quae
884 2069 963 2094 non
999 2056 1143 2093 habent
1169 2057 1361 2093 usumfru-

293 2116 415 2147 ctum.
444 2110 658 2148 secundum
685 2109 768 2147 iura
786 2110 818 2148 *.
856 2110 905 2147 Et
931 2109 1019 2147 ideo
1048 2109 1079 2146 si
1106 2109 1195 2146 talia
1223 2110 1362 2147 fuerint

292 2168 363 2212 per
380 2171 538 2200 usuram
560 2170 715 2210 extorta,
735 2170 828 2212 puta
848 2162 1004 2210 denarii,
1029 2162 1204 2210 triticum,
1224 2162 1360 2200 vinum
1386 2159 1388 2224 Ι

295 2223 360 2253 aut
387 2216 529 2264 aliquid
557 2216 792 2264 huiusmodi,
813 2228 892 2253 non
911 2223 1062 2253 tenetur
1088 2216 1209 2252 homo
1234 2215 1283 2253 ad
1303 2228 1360 2252 re-

294 2269 529 2307 stituendum
565 2269 636 2306 nisi
664 2269 702 2307 id
730 2270 836 2318 quod
865 2269 1031 2318 accepit:
1069 2268 1159 2317 quia
1186 2268 1226 2305 id
1255 2269 1387 2318 quod

295 2322 343 2360 de
372 2322 435 2359 tali
463 2334 502 2359 re
533 2329 588 2359 est
615 2321 844 2370 acquisitum
879 2334 958 2359 non
987 2328 1043 2358 est
1070 2322 1212 2358 fructus
1246 2321 1360 2358 huius
1386 2334 1387 2365 Ι

291 2374 360 2421 rei,
389 2374 459 2412 sed
486 2376 679 2412 humanae
707 2374 926 2412 industriae.
965 2374 1048 2411 Nisi
1074 2375 1172 2411 forte
1199 2386 1268 2423 per
1295 2375 1360 2412 de—

293 2427 504 2465 tentionem
541 2428 623 2465 talis
653 2428 705 2464 rei
733 2429 826 2465 alter
853 2428 900 2464 sit
936 2427 1221 2474 damnificatus,
1252 2427 1359 2464 amit-

347 2543 376 2576 α)
395 2546 431 2568 et.
443 2556 463 2562 —
481 2542 543 2568 Om.
563 2542 617 2567 PD.
1386 2541 1390 2645 J

348 2577 375 2611 β)
394 2578 513 2604 retineri.
526 2591 546 2598 -
564 2577 650 2603 teneri
669 2577 764 2602 PADa.

347 2613 375 2648 γ)
394 2617 539 2640 teneretur.
551 2626 571 2632 —
589 2616 695 2638 tenetur
714 2613 809 2638 PDGa.

1388 1009 1389 1039 ζ
1418 997 1643 1044 eXtOI‘SlSSCt,
1671 1009 1749 1034 non
1778 999 1902 1035 SOIum
1931 1004 2158 1035 teneretur*

1416 682 1531 719 tendo
1561 682 1702 729 aliquid
1731 683 1778 719 de
1807 683 1918 719 bonis
1946 683 2044 719 suis·
2077 690 2167 719 tunc
2196 682 2300 719 enim
2328 690 2476 719 tenetur

1417 734 1465 772 ad
1494 735 1890 783 recompensationem
1922 735 2153 772 nocumenti.

1470 787 1673 833 Quaedam
1692 799 1787 824 vero
1816 801 1875 825 res
1903 796 1990 825 sunt
2009 800 2171 837 quarum
2199 801 2290 825 usus
2318 800 2397 825 non
2421 796 2476 825 est

1417 851 1549 876 earum
1575 840 1834 889 consumptio:
1856 849 1892 877 et
1909 841 1995 877 talia
2023 842 2164 878 habent
2182 842 2474 888 usumfructum,

1417 892 1512 928 sicut
1540 892 1679 929 domus
1708 900 1745 928 et
1772 905 1860 940 ager
1888 902 1924 929 et
1951 893 2024 930 alia
2051 894 2283 931 huiusmodi..
2313 894 2363 930 Et
2388 893 2475 931 ideo

1417 945 1447 981 si
1475 945 1560 993 quis
1589 945 1749 982 domum
1784 946 1934 982 alterius
1961 947 2024 982 vel
2052 959 2185 994 agrurn
2221 959 2290 995 per
2316 958 2474 983 usuram

2187 999 2379 1036 restituere
2409 999 2475 1036 do-

1417 1062 1526 1086 mum
1545 1051 1607 1087 vel
1622 1062 1767 1098 agrum,
1783 1050 1851 1087 sed
1867 1050 1979 1087 etiarn
2000 1051 2140 1088 fructus
2154 1051 2241 1088 inde
2256 1059 2473 1100 perceptos:

1417 1102 1506 1152 quia
1534 1111 1621 1139 sunt
1649 1103 1791 1139 fructus
1814 1115 1942 1139 rerum
1963 1115 2128 1151 quarum
2156 1104 2250 1140 alius
2279 1112 2334 1141 est
2354 1104 2476 1141 domi-

1418 1167 1489 1192 nus
1507 1155 1539 1203 *,
1570 1163 1606 1192 et
1633 1155 1720 1192 ideo
1750 1156 1784 1192 ei
1814 1155 2011 1193 debentur.

1469 1210 1528 1245 AD
1557 1220 1694 1245 PR1MUM
1722 1220 1821 1245 ERGO
1841 1220 2025 1246 mOENDUM
2053 1208 2159 1258 quod
2187 1208 2291 1246 radix
2319 1222 2397 1247 non
2418 1222 2477 1246 so-

1416 1262 1496 1298 lum
1515 1261 1632 1298 habet
1651 1261 1838 1298 rationem
1868 1261 2060 1308 materiae,
2081 1262 2177 1299 sicut
2203 1262 2366 1310 pecunia
2389 1275 2478 1299 usu-

1416 1314 1531 1351 raria:
1553 1315 1621 1351 sed
1639 1315 1755 1351 habet
1774 1315 1888 1351 etiarn
1907 1314 2114 1363 aliqualiter
2133 1314 2320 1351 rationem
2341 1327 2478 1352 causae

1388 1389 1389 1402 Ι
1417 1367 1575 1414 activae,
1605 1367 1829 1416 inquantum
1850 1367 2084 1405 administrat
2111 1367 2399 1405 nutrimentum.
2429 1369 2478 1405 Et

1416 1421 1502 1458 ideo
1531 1432 1610 1457 non
1638 1428 1695 1457 est
1723 1421 1855 1457 simile.

1470 1475 1529 1510 An
1549 1485 1740 1510 SECUNDUM
1763 1484 1948 1511 mCENDUM
1969 1473 2073 1522 quod
2095 1473 2358 1522 possessiones
2378 1485 2477 1522 quae

1388 1512 1465 1563 :le
1493 1526 1616 1563 usuris
1644 1534 1731 1563 sunt
1756 1534 1999 1575 comparatae
2019 1538 2098 1563 non
2117 1533 2204 1563 sunt
2232 1538 2366 1564 eorum
2385 1539 2478 1575 quo-

1417 1591 1502 1616 rum
1532 1579 1683 1615 fuerunt
1701 1577 1714 1600 δ
1741 1591 1892 1625 usurae,
1922 1579 1989 1616 sed
2017 1579 2168 1615 illorum
2197 1579 2262 1627 qui
2292 1591 2355 1616 eas
2376 1591 2478 1616 eme-

1416 1639 1513 1669 runt.
1545 1632 1642 1668 Sunt
1667 1639 1797 1668 tamen
1817 1631 2005 1690 obligatae
2029 1631 2099 1668 illis
2118 1644 2141 1668 a
2160 1632 2299 1679 quibus
2327 1633 2479 1669 fuerunt

1387 1705 1389 1734 5
1415 1696 1555 1722 usurae
1583 1692 1774 1733 acceptae,
1805 1684 1901 1721 sicut
1930 1692 1966 1721 et
1993 1684 2064 1721 alia
2092 1685 2195 1721 bona
2223 1685 2394 1722 usurarii.
2430 1686 2479 1722 Et

1415 1738 1503 1775 ideo
1525 1749 1604 1774 non
1631 1737 1863 1786 praecipitur
1882 1737 1988 1786 quod
2016 1736 2252 1786 assignentur
2279 1738 2363 1774 illae
2392 1750 2480 1786 pos-

1417 1790 1607 1828 sessiones
1634 1790 1692 1827 his
1721 1803 1743 1827 a
1771 1790 1910 1839 quibus
1938 1791 2090 1827 fuerunt
2117 1797 2295 1840 acceptae
2325 1786 2477 1838 usurae,

1387 1874 1389 1878 .
1416 1844 1506 1892 quia
1534 1844 1631 1881 forte
1658 1844 1744 1893 plus
1771 1844 1900 1881 valent
1927 1855 2045 1892 quam
2073 1855 2212 1880 usurae
2240 1856 2335 1892 quas
2364 1844 2479 1881 dede-

1415 1905 1522 1934 runt:
1552 1896 1619 1934 sed
1646 1897 1877 1946 praecipitur
1904 1897 2011 1945 quod
2038 1897 2253 1934 vendantur
2271 1897 2479 1945 possessio-

1415 1963 1483 1988 nes
1512 1957 1548 1987 et
1577 1962 1708 1987 earum
1736 1950 1856 1998 pretia
1884 1950 2144 1997 restituantur,
2174 1950 2314 1987 scilicet
2346 1962 2479 1987 secun-

1415 2004 1509 2041 dum
1537 2003 1789 2053 quantitatem
1817 2015 1957 2040 usurae
1985 2010 2175 2051 acceptae.

1468 2059 1528 2093 An
1555 2068 1716 2094 TERTmM
1744 2068 1930 2093 mCENDUM
1958 2056 2063 2105 quod
2098 2055 2189 2093 illud
2217 2056 2322 2105 quod
2351 2056 2478 2105 acqui-

1415 2109 1507 2146 ritur
1524 2114 1536 2131 ⁶
1567 2109 1614 2146 de
1642 2109 1805 2158 pecunia
1839 2109 2011 2146 usuraria
2040 2109 2199 2146 debetur
2225 2109 2382 2168 quidem
2417 2121 2478 2146 ac-

1415 2162 1576 2222 quirenti
1616 2170 1773 2211 propter
1803 2161 1816 2188 ²
1850 2162 2054 2211 pecuniam
2096 2161 2307 2199 usurariam
2349 2162 2477 2199 datam

1386 2225 1387 2275 Ι
1414 2215 1510 2252 sicut
1543 2223 1698 2264 propter
1726 2227 1881 2252 causam
1917 2215 2266 2252 instrumentalem:
2295 2215 2363 2251 sed
2391 2227 2478 2264 pro—

1413 2276 1497 2318 Ptel'
1524 2281 1634 2305 suam
1662 2268 1888 2305 1ndustriam
1914 2268 2010 2305 Sicut
2028 2275 2184 2317 prOPter
2203 2280 2357 2304 causam
2377 2267 2478 2316 prin-

1415 2321 1588 2370 cipalem.
1628 2322 1677 2358 Et
1710 2321 1798 2358 ideo
1826 2322 1911 2370 plus
1949 2321 2039 2358 iuris
2067 2321 2183 2358 habet
2209 2320 2248 2357 in
2283 2333 2323 2357 re
2351 2320 2480 2370 acqui-

1386 2408 1387 2411 ,
1413 2374 1482 2411 sita
1517 2375 1564 2411 de
1592 2374 1755 2423 pecunia
1782 2374 1953 2411 usuraria
1985 2386 2103 2422 quarn
2131 2374 2171 2411 in
2198 2373 2281 2422 ipsa
2317 2373 2478 2422 pecunia

1385 2420 1597 2467 usuraria.

1468 2540 1493 2574 δ)
1507 2542 1631 2575 fuerunt.
1642 2555 1663 2561 -
1679 2544 1743 2566 sunt
1760 2541 1806 2566 Pa.
1820 2555 1838 2560 -
1857 2548 1955 2567 usurae
1968 2549 2021 2566 om.
2041 2541 2073 2566 G.

1468 2578 1491 2608 ε)
1509 2577 1670 2610 acquiritur.
1681 2591 1699 2596 —
1716 2577 1848 2609 accipitur
1866 2576 2089 2602 ABCEFGHIKR.

1468 2612 1494 2644 ζ)
1510 2616 1633 2644 propter.
1647 2626 1667 2632 ·-
1685 2619 1738 2637 non
1753 2615 1868 2644 propter
1886 2612 1977 2637 PDGI.

973 2691 1306 2724 Commentario.
1328 2689 1580 2724 Cardinalis
1601 2690 1804 2724 Caietam

299 2781 347 2844 IN
362 2770 494 2802 articulo
507 2770 598 2802 tertio
615 2770 757 2801 eiusdem
768 2770 965 2812 quaestionis
981 2770 1362 2811 septuagesimaeoctavae
1386 2770 1389 2814 Ι
1414 2770 1479 2810 agri
1503 2780 1560 2811 per
1583 2780 1712 2801 usuram
1744 2769 1871 2806 extorti,
1897 2769 1988 2806 dicit,
2012 2770 2088 2810 quia
2111 2775 2186 2800 sunt
2206 2769 2343 2810 fructus
2366 2780 2475 2800 rerum

328 2814 465 2846 occurrit
486 2814 656 2855 antiquum
673 2814 754 2845 illud
778 2815 922 2851 dubium,
940 2825 980 2845 an
996 2814 1029 2845 in
1046 2824 1143 2845 usura
1158 2814 1363 2845 transferatur

294 2858 486 2890 dominium.
509 2858 551 2889 Et
573 2858 728 2900 quoniam
751 2859 790 2889 de
804 2858 867 2890 hoc
889 2858 1069 2889 ordinatam
1088 2858 1308 2899 quaestionem
1327 2858 1361 2888 in

295 2902 470 2941 Quolibeto
498 2909 608 2933 nostro
636 2902 745 2943 scripsi
759 2902 792 2939 *,
818 2910 864 2939 et,
889 2909 926 2933 ut
955 2908 1051 2943 puto,
1083 2903 1207 2933 ostendi
1238 2909 1361 2943 partem

294 2947 474 2988 negativam
495 2956 619 2983 veram,
643 2956 743 2987 quam
765 2946 816 2977 hic
838 2948 962 2977 Auctor
989 2956 1048 2986 pro
1072 2946 1250 2977 indubitata
1273 2956 1360 2986 prae-

294 2991 464 3032 supponit,
489 2991 586 3028 dum,
610 2991 744 3021 reddens
773 2990 930 3022 rationem
958 2990 1166 3021 restitutionis
1197 2990 1359 3021 fructuum
1384 3006 1387 3031 Ι

1413 2824 1551 2855 quarum
1575 2815 1660 2845 alius
1684 2819 1731 2845 est
1752 2814 1919 2852 dominus,·
1942 2823 2000 2844 nec
2024 2813 2160 2844 occurrit
2183 2823 2266 2843 nova
2282 2813 2361 2844 ratio
2386 2814 2477 2844 dubi-

1414 2858 1515 2889 tandi:
1543 2857 1583 2888 ad
1606 2858 1694 2888 illam
1717 2865 1747 2889 te
1770 2858 1898 2889 remitto
1925 2857 1989 2888 iam
2013 2857 2131 2888 editam
2154 2864 2185 2888 et
2207 2857 2404 2898 impressam.
2436 2858 2477 2888 Et

1415 2902 1562 2943 quamvis
1596 2902 1677 2933 forte
1711 2909 1842 2943 propter
1874 2901 2102 2942 perfectionem
2139 2902 2243 2941 operis
2279 2908 2360 2932 esset
2390 2912 2478 2942 repe-

1413 2946 1517 2982 tenda,
1542 2956 1627 2977 nunc
1643 2946 1702 2977 iter
1717 2953 1853 2982 acturus,
1866 2946 1948 2977 inter
1970 2946 2088 2976 calores
2111 2945 2228 2976 mensis
2254 2946 2336 2982 Iulii,
2357 2946 2394 2975 ad
2418 2946 2477 2976 alia

1414 2999 1562 3030 propero.

1069 3137 1390 3181 ARTICULUS
1425 3138 1698 3188 QUARTUS

748 3233 904 3264 UTRUM
927 3233 1086 3264 LICEAT
1111 3233 1335 3264 PECUNIAM
1358 3233 1570 3264 ACClPERE
1594 3232 1753 3264 MUTUO
1778 3232 1856 3264 SUB
1880 3232 2022 3264 USURA

1120 3320 1152 3345 111
1173 3320 1256 3349 Sent„
1277 3320 1336 3345 dist.
1354 3328 1446 3352 xxxvu,
1466 3325 1514 3345 art.
1533 3319 1557 3351 6,
1577 3320 1608 3345 ad
1628 3319 1653 3344 6.

385 3420 393 3441 2
415 3418 423 3430 ι
511 3411 533 3436 n
553 3410 726 3441 QUARTUM
745 3411 800 3436 sm
818 3411 1059 3437 PRocame.
1075 3399 1236 3437 Videtur
1255 3400 1360 3449 quod

433 3452 486 3512 ΙΨ]
511 3464 590 3489 non
605 3452 714 3489 liceat
726 3452 929 3500 pecuniam
950 3453 1122 3501 accipere
1137 3461 1271 3489 mutuo
1288 3453 1359 3489 sub

319 3504 363 3557 ,J
402 3522 436 3547 r,
459 3511 637 3545 ausura.
667 3504 768 3542 Dicit
792 3505 894 3541 enim
921 3506 1141 3554 Apostolus,
1168 3507 1281 3543 Rom.
1304 3506 1359 3553 1²¹²,

308 3552 452 3606 ”54’Ξ”»
468 3550 617 3606 &quod
644 3558 752 3608 digni
777 3563 864 3594 sunt
890 3563 1009 3594 morte
1036 3570 1110 3595 non
1146 3558 1228 3595 solu
1218 3571 1267 3595 'm
1297 3559 1363 3607 qui

1405 3401 1562 3448 faciunt
1571 3405 1742 3449 peccata,
1761 3400 1827 3437 sed
1843 3400 1954 3436 etiam
1975 3399 2040 3447 qui
2057 3398 2474 3446 consentiuntfacienti-

1415 3454 1494 3490 bus.
1517 3453 1593 3489 Sed
1610 3453 1668 3489 ille
1690 3453 1753 3501 qui
1769 3452 1909 3511 acci-pit
1921 3452 2124 3500 pecuniam
2144 3459 2278 3488 mutuo
2299 3452 2369 3488 sub
2385 3464 2474 3488 usu-

1416 3506 1465 3542 ris
1495 3506 1681 3542 consentit
1707 3505 1876 3542 usurario
1901 3505 1939 3541 in
1967 3517 2036 3541 suo
2064 3511 2232 3553 peccat0,
2255 3512 2290 3540 et
2317 3505 2474 3553 praebet

1416 3558 1450 3595 ei
1470 3559 1713 3595 occasionem
1731 3557 1927 3606 peccandi.
1958 3558 2060 3605 Ergo
2090 3557 2202 3594 etiarn
2228 3557 2307 3606 ipse
2328 3564 2471 3606 peccat.

2503 1159 2556 1181 D.
2572 1160 2647 1188 120917.
