2860 4244
75 2096 126 2119 ·1·
139 2095 196 2124 ¹1⁸⁶
189 2101 287 2152 Βεειᾶω,

75 2154 147 2172 mea.
154 2122 233 2171 nui’ia.
247 2154 283 2174 1v;

74 2181 138 2224 qu..
134 2181 179 2203 vn,
199 2179 284 2204 art-3,

77 2535 119 2558 ⁶8.
126 2535 171 2558 ’Πι-
179 2536 232 2558 leet.
238 2542 287 2558 ενι.

0 2412 18 2580 -Ι-Π-Ὺννγ
0 2392 4 2394 ·

0 3197 2 3199 .
0 3180 2 3182 ⁴
0 3079 16 3167 '7³1‘
0 3010 7 3067 ,

977 298 1244 343 QUAESTIO
1274 299 1449 347 XCVIII,
1479 301 1775 339 ARTICULUS
1806 304 1835 339 ll

2419 305 2491 351 343

321 383 398 409 non
419 372 644 409 intraturum
667 374 898 422 religionem,
914 375 976 411 vel
997 387 1074 412 non
1091 375 1266 412 daturum
1285 378 1380 413 elee-
1407 378 1409 419 l
1436 386 1492 414 est
1528 379 1624 415 actio
1662 381 1891 439 personalis,
1923 381 1982 417 ille
2011 381 2074 429 qui
2108 382 2155 418 de
2184 394 2288 418 novo
2322 383 2363 419 fit
2402 382 2493 419 civis

320 436 547 485 mosynam,
576 427 639 463 vel
668 427 807 475 aliquid
835 427 1070 474 huiusmodi,
1101 429 1260 465 iurando
1298 437 1409 478 per-'

320 477 458 514 iurium
486 479 639 516 incurrit
657 488 812 528 propter
840 481 1029 518 defectum
1058 457 1195 517 iudicii.
1226 483 1273 518 Et
1294 482 1379 519 ideo
1406 484 1407 493 ³

321 531 476 578 quando
506 531 592 569 facit
620 532 658 569 id
686 535 790 581 quod
816 533 951 570 melius
980 541 1046 580 est,
1076 546 1153 570 non
1183 542 1238 571 est
1257 535 1380 583 periu-

320 583 430 630 rium,
461 585 527 621 sed
548 585 713 633 periurio
735 586 987 622 contrarium:
1017 587 1246 624 contrarium
1278 589 1379 625 enim
1406 583 1408 596 ’

320 636 400 673 eius
416 638 522 685 quod
541 637 628 674 facit
646 639 717 674 sub
739 638 950 675 iuramento
967 640 1103 676 cadere
1123 652 1200 676 non
1221 648 1378 688 poterat.

372 691 431 726 An
464 702 624 727 TER‘rruM
652 702 836 728 metianum
864 691 969 739 quod
999 704 1085 728 cum
1122 693 1253 741 aliquis
1286 694 1381 730 iurat

318 743 381 779 vel
417 743 609 791 promittit·
635 755 675 779 se
708 743 895 780 facturum
932 745 1169 782 voluntatem
1209 746 1379 793 alterius,

320 795 557 842 intelligenda
578 803 632 832 est
651 795 776 832 debita
797 797 975 843 conditio,
1006 797 1036 834 si
1056 798 1194 835 scilicet
1213 798 1251 835 id
1275 799 1380 847 quod

320 847 353 884 ei
373 847 574 884 mandatur
593 848 638 884 sit
656 848 798 885 licitum
825 857 860 886 et
883 851 1100 897 honestum,
1131 859 1167 887 et
1194 852 1380 900 portabile

319 900 399 936 sive
428 900 683 938 moderatum.

370 954 429 989 AD
457 964 629 995 QUARTUM
659 966 843 991 morannum
872 955 978 1003 quod
1007 956 1096 1003 quia
1123 956 1378 993 iuramentum

370 1082 395 1116 β)
415 1085 557 1109 servanda.
571 1099 589 1104 -
607 1085 774 1110 observanda
793 1086 846 1111 PD.

368 1120 394 1152 γ)
415 1120 569 1145 intenderit.
580 1134 601 1140 -
618 1121 741 1146 intendat
759 1121 839 1146 DGK.

1435 431 1590 468 alicuius
1620 432 1790 479 civitatis,
1822 446 1898 470 non
1929 434 2113 494 obligatur
2141 435 2247 483 quasi
2282 435 2492 472 iuramento

1435 484 1483 520 ad
1520 486 1708 522 servanda
1737 484 1751 515 β
1779 486 1839 522 illa
1876 499 1974 534 quae
2013 487 2142 524 civitas
2180 500 2220 524 se
2257 496 2492 525 servaturam

1435 536 1580 573 iuravit.
1612 538 1782 574 Tenetur
1809 546 1936 576 tamen
1958 551 2002 576 ex
2031 539 2196 588 quadam
2226 540 2416 586 fidelitate,
2448 553 2492 577 ex

1435 601 1510 636 qua
1538 590 1724 637 obligatur
1751 599 1793 627 ut
1821 592 1917 628 sicut
1950 593 1992 629 fit
2020 593 2145 629 socius
2175 594 2364 630 bonorum
2403 593 2491 630 civi-

1433 642 1536 687 tatis,
1567 642 1615 678 ita
1645 643 1755 679 etiam
1785 644 1850 680 fiat
1888 645 2073 693 particeps
2111 658 2284 683 onerum.
2314 667 2338 674 -
2368 647 2491 682 Cano-

1434 694 1540 730 nicus
1567 706 1661 731 vero
1691 696 1754 744 qui
1783 696 1879 733 iurat
1898 710 1938 734 se
1959 706 2197 735 servaturum
2227 706 2363 735 statuta
2392 699 2491 736 edita

1433 746 1470 782 in
1499 746 1625 794 aliquo
1656 749 1825 796 collegio,
1855 762 1932 786 non
1961 759 2108 787 tenetur
2137 763 2181 787 ex
2200 751 2412 788 iuramento
2442 752 2490 788 ad

1435 800 1666 836 servandum
1688 801 1823 847 futura,
1846 802 1915 839 nisi
1934 803 2134 841 intenderit
2152 809 2168 831 Υ
2196 816 2235 840 se
2257 805 2423 851 obligare
2442 805 2491 842 ad

1434 852 1564 888 omnia
1584 861 1718 890 statuta
1738 856 1936 914 praeterita
1966 864 2001 892 et
2020 857 2153 893 futura.
2174 857 2344 893 Tenetur
2361 865 2489 893 tamen

1436 917 1480 940 ea
1509 917 1660 941 servare
1700 918 1745 942 ex
1780 907 1860 954 ipsa
1888 908 1926 944 vi
1955 917 2202 948 statutorum
2231 922 2329 958 quae
2349 910 2491 946 habent

1435 957 1645 994 coactivam
1673 958 1864 1004 virtutem,
1895 968 1935 997 ut
1964 974 2007 997 ex
2037 950 2308 1010 supradictis*
2334 970 2436 1010 patet
2462 960 2487 999 δ.

1486 1087 1511 1120 δ)
1521 1092 1607 1120 patet.
1620 1102 1640 1108 —
1658 1089 1770 1114 habetur
1789 1090 1835 1114 Pa.

995 1210 1329 1243 Commentaria
1351 1211 1604 1244 Oardmalis
1626 1212 1826 1245 Oaietani

319 1306 386 1368 P«
389 1296 544 1328 articulis
545 1297 691 1326 secundo
719 1303 750 1326 et
777 1296 870 1327 tertio
899 1297 994 1327 simul
1018 1297 1160 1327 eiusdem
1183 1297 1378 1338 quaestionis

305 1343 311 1345 ⁴
345 1340 710 1380 nonagesimaeoctavae,
724 1340 859 1371 dubium
875 1341 1011 1372 occurrit
1027 1351 1092 1372 non
1109 1342 1376 1372 dissimulandum

314 1383 352 1414 de
376 1384 518 1415 doctrina
540 1384 699 1414 Auctoris.
728 1385 809 1416 Nam
835 1385 860 1415 si
883 1385 1032 1425 iungatur
1055 1385 1205 1417 articulus
1229 1386 1378 1422 articulo,

313 1435 443 1468 apparet
464 1430 638 1459 Auctorem
655 1429 767 1459 docere
783 1430 872 1470 quod
891 1439 988 1460 omne
1003 1429 1172 1461 illicitum
1163 1438 1377 1461 iuramentum

313 1478 360 1502 est
375 1472 563 1511 periurium,
578 1472 611 1503 in
633 1473 737 1512 primo
763 1473 896 1504 articulo
910 1474 943 1510 *;
969 1480 999 1504 et
1021 1484 1117 1505 omne
1134 1474 1308 1514 periurium
1332 1481 1379 1505 est

312 1523 489 1558 peccatum,
502 1517 536 1547 in
551 1517 692 1547 secundo
709 1517 860 1554 articulo;
881 1525 911 1548 et
925 1519 1015 1558 quod
1031 1528 1127 1548 omne
1142 1518 1317 1559 periurium
1331 1525 1378 1550 est

312 1568 480 1601 peccatum
502 1561 645 1597 mortale,
669 1561 702 1591 in
725 1562 817 1592 tertio
834 1562 985 1592 ,articula
1009 1562 1041 1592 Si
1065 1562 1142 1593 haec
1166 1562 1308 1593 doctrina
1327 1573 1379 1593 su-

311 1604 452 1645 scipitur,
469 1605 657 1636 haberemus
673 1605 762 1646 quod
784 1605 980 1646 quicumque
994 1605 1160 1638 indiscrete
1183 1607 1265 1637 iurat
1280 1617 1377 1647 quarn

311 1649 529 1686 verissimum,
553 1656 662 1690 peccat
685 1649 875 1680 mortaliter:
906 1650 996 1690 quod
1025 1660 1043 1680 a
1067 1651 1194 1681 nemine
1224 1651 1377 1691 acceptari

311 1693 444 1724 videtur.
477 1693 520 1724 Et
546 1694 635 1735 quod
663 1694 718 1734 qui
742 1694 824 1724 iurat
851 1694 890 1724 de
913 1694 1021 1735 aliquo
1046 1694 1190 1725 faciendo
1218 1696 1306 1735 quod
1331 1702 1377 1726 est

311 1737 450 1774 veniale,
475 1744 552 1778 puta
582 1738 620 1768 de
643 1737 778 1768 dicendo
802 1738 969 1769 mendacio
997 1738 1126 1778 iocoso,
1151 1739 1239 1780 quod
1269 1746 1378 1779 peccat

312 1782 499 1813 mortaliter:
523 1782 614 1823 quod
635 1782 727 1813 valde
751 1780 868 1813 durum
891 1782 1025 1813 videtur.

368 1826 406 1857 11.
429 1826 480 1857 Ad
503 1826 707 1857 hoc’dicitur
730 1827 819 1867 quod
848 1827 1022 1866 periurium
1054 1827 1168 1858 dicitur
1190 1827 1375 1867 dupliciter:

311 1869 429 1901 scilicet
451 1870 644 1911 simpliciter,
668 1871 719 1901 vel
742 1871 920 1902 secundum
943 1871 1031 1912 quid.
1055 1871 1096 1902 Et
1119 1877 1252 1902 vocatur
1275 1871 1376 1912 periu-

311 1914 396 1946 rium
419 1915 604 1955 simpliciter
626 1922 657 1945 et
679 1915 824 1946 absolute
846 1915 879 1945 id
909 1916 998 1956 quod
1025 1915 1140 1947 directe
1170 1916 1377 1946 contrariatur

311 1958 367 1989 fini
390 1959 568 1990 iuramenti.
593 1959 639 1989 Ita
662 1959 752 2000 quod
774 1959 846 1990 licet
868 1959 900 1989 in
916 1959 1095 1990 iuramento
1111 1959 1230 1990 multae
1253 1960 1377 2000 possint

311 2003 444 2034 inveniri
468 2003 692 2039 deformitates,
715 2004 783 2034 sola
798 2004 851 2034 illa
866 2003 1049 2034 deformitas
1072 2014 1154 2045 quae
1171 2004 1377 2035 contrariatur

311 2047 417 2088 primo
438 2047 504 2089 ,fini
525 2047 712 2083 iuramenti,
738 2048 902 2079 constituit
923 2048 1061 2088 speciem
1084 2048 1203 2088 peccati
1230 2048 1375 2088 periurii:

311 2091 376 2122 iam
399 2091 485 2122 enim
509 2091 677 2122 didicimus
692 2091 710 2111 *
732 2092 821 2132 quod
851 2102 887 2123 ex
910 2091 972 2123 fine
996 2092 1127 2133 proprio
1158 2092 1377 2132 specificantur

312 2143 400 2167 actus
423 2135 566 2172 humani,
591 2143 658 2167 tam
681 2136 757 2166 boni
780 2146 878 2177 quam
902 2137 988 2168 mali.
1012 2137 1162 2176 Proprius
1179 2143 1285 2167 autem
1304 2136 1376 2167 finis

311 2180 481 2211 iuramenti
504 2187 551 2211 est
573 2180 773 2211 confirmatio
796 2180 928 2211 humani
953 2181 1044 2211 dicti:
1073 2181 1116 2211 ita
1139 2181 1228 2222 quod
1252 2182 1290 2211 ad
1314 2181 1376 2211 hoc

313 2225 428 2255 directe
451 2225 538 2255 Deus
561 2224 722 2255 inducitur
744 2225 830 2256 testis
854 2232 890 2256 ut
918 2225 1007 2266 quod
1031 2225 1144 2255 dicitur
1166 2224 1296 2256 firmum
1319 2225 1374 2261 sit,

313 2268 431 2300 fultum
454 2268 563 2299 divino
585 2268 787 2306 testimonio,
811 2269 914 2300 multo
938 2270 1010 2310 plus
1041 2279 1138 2310 quam
1162 2269 1188 2299 si
1211 2276 1292 2300 esset
1315 2269 1375 2300 ful-

311 2320 383 2344 tum
402 2312 586 2343 testimonio
601 2313 688 2343 mille
710 2313 881 2344 hominum
900 2320 1197 2354 quantumcumque
1220 2313 1375 2353 gravium.

312 2357 354 2388 Et
377 2357 532 2398 quoniam
555 2356 686 2388 firmitas
710 2367 747 2388 ex
767 2365 855 2394 teste,
880 2358 987 2399 quoad
1010 2358 1190 2388 assertorias
1206 2358 1376 2394 orationes,

313 2411 380 2432 non
403 2401 477 2431 facit
491 2401 576 2431 aliud
601 2412 699 2442 quam
722 2401 846 2432 firmare
862 2402 905 2432 sic
922 2412 988 2437 esse
1013 2409 1048 2432 ut
1071 2402 1199 2438 dicitur;
1223 2409 1254 2433 et
1277 2412 1377 2443 quan-

312 2452 383 2476 tum
398 2445 438 2475 ad
454 2445 684 2486 promissorias,
702 2446 745 2476 sic
764 2446 909 2477 futurum
926 2456 993 2477 esse
1009 2453 1045 2477 ut
1060 2446 1186 2482 dicitur;
1211 2453 1242 2476 et
1262 2446 1293 2476 in
1314 2446 1375 2476 hoc

314 2489 456 2520 consistit
479 2490 558 2520 ratio
581 2490 657 2525 veri,
682 2490 799 2521 scilicet
822 2490 865 2521 sic
889 2501 955 2521 esse
978 2491 1029 2520 vel
1052 2500 1117 2521 non
1143 2500 1219 2526 esse,
1244 2490 1311 2520 fore
1326 2491 1376 2520 vel

314 2543 380 2564 non
396 2533 474 2570 fore,
491 2541 527 2564 ut
543 2540 628 2574 patet
644 2534 686 2565 IV
702 2535 885 2575 Metaphys.
898 2534 930 2564 *:
956 2534 1028 2565 ideo
1046 2534 1100 2564 fini
1116 2534 1283 2565 iuramenti
1308 2535 1376 2564 sola

314 2577 430 2609 falsitas
453 2578 506 2608 illa
529 2588 592 2618 qua
615 2585 670 2608 aut
699 2578 816 2609 falsum
839 2578 970 2614 dicitur,
995 2586 1050 2609 aut
1078 2578 1260 2609 falsificatur
1287 2579 1375 2618 quod

312 2632 386 2653 vere
402 2622 597 2662 promissum
612 2622 682 2658 fuit,
700 2623 915 2653 contrariatur.
937 2624 1078 2663 Utraque
1093 2633 1232 2663 namque
1249 2622 1375 2659 falsitas,

314 2673 346 2698 et
367 2666 453 2697 solae
475 2666 534 2696 hae
559 2667 639 2697 duae
661 2667 779 2698 tollunt
797 2667 894 2698 finem
910 2667 1094 2698 iuramenti:
1120 2667 1220 2707 prima
1237 2676 1376 2707 namque

313 2711 431 2742 falsitas
454 2711 661 2742 contrariatur
682 2711 821 2742 firmitati
844 2712 1027 2743 assertoriae
1048 2711 1214 2748 orationis3
1239 2711 1376 2742 secunda

314 2761 423 2786 autem
451 2753 590 2786 firmitati
621 2756 772 2787 orationis
800 2756 1040 2796 promissoriae,
1065 2756 1220 2796 quoniam
1244 2756 1283 2785 ad
1314 2756 1376 2786 hoc

314 2800 430 2830 directe
458 2798 602 2830 firmatur
629 2800 836 2840 promissor-ia
859 2800 960 2831 oratio
990 2807 1027 2831 ut
1048 2799 1224 2830 verificetur
1250 2799 1282 2829 in
1307 2810 1375 2830 exe·
1401 2828 1403 2832 ,

1401 2878 1402 2885 ¹
1428 2844 1533 2873 Deum
1557 2844 1589 2872 in
1610 2848 1718 2873 testem
1739 2843 1888 2872 invocare
1903 2842 1929 2872 *.
1954 2842 1995 2872 Et
2018 2841 2094 2871 haec
2115 2841 2161 2871 vis
2180 2840 2372 2872 testificativa
2394 2841 2487 2871 indif-

1419 2887 1562 2917 ‘ferenter
1585 2896 1617 2916 se
1636 2886 1730 2916 habet
1753 2886 1791 2916 ad
1816 2896 2052 2926 quamcumque
2069 2885 2246 2915 materiam:
2272 2885 2424 2925 quoniam
2442 2895 2487 2915 re-

1401 2939 1402 2952 *
1428 2930 1519 2970 spicit
1542 2930 1655 2961 directe
1679 2930 1711 2959 id
1735 2930 1822 2971 quod
1843 2936 1888 2960 est
1910 2929 2110 2965 testificabile,
2131 2930 2218 2969 quod
2242 2936 2287 2959 est
2310 2930 2487 2969 quodcum-

314 2843 451 2875 cutione.

369 2887 520 2929 Reliquas
543 2897 618 2917 vero
643 2887 858 2918 deformitates
889 2888 1056 2919 iuramenti
1086 2887 1183 2917 finem
1207 2887 1375 2927 iuramenti
1401 2907 1402 2911 ,

315 2941 380 2962 non
405 2931 514 2962 tollere
538 2931 765 2963 manifestatur.
795 2933 880 2962 Nam
909 2939 939 2962 et
969 2932 1070 2962 iurare
1101 2941 1156 2971 per
1179 2931 1275 2961 falsos
1299 2932 1375 2961 deos

314 2975 412 3006 finem
434 2975 602 3006 iuramenti
626 2985 691 3006 non
714 2976 811 3006 tollit:
844 2976 998 3017 quoniam
1027 2976 1163 3006 salvatur
1186 2975 1228 3005 ibi
1251 2976 1375 3006 bonum

314 3019 482 3055 fidelitatis,
505 3029 570 3060 qua
591 3029 702 3050 verum
727 3020 848 3050 dicitur.
872 3038 894 3043 -
918 3020 958 3050 Et
972 3020 1073 3050 iurare
1088 3019 1263 3055 indiscrete,
1281 3019 1306 3048 si
1321 3029 1374 3049 ve-

301 3074 386 3101 sum
410 3063 532 3099 dicitur,
557 3063 654 3094 finem
677 3064 845 3095 iuramenti
870 3074 936 3094 non
960 3064 1057 3094 tollit:
1083 3063 1157 3104 quia
1177 3063 1316 3093 salvatur
1332 3063 1374 3093 ibi
1400 3065 1402 3087 ῐ

315 3107 514 3139 confirmatio
539 3107 612 3138 dicti
629 3108 771 3138 humani.
784 3126 805 3131 —
822 3109 862 3139 Et
877 3108 979 3138 iurare
995 3117 1090 3148 super
1106 3117 1137 3138 re
1153 3107 1261 3148 iniqua
1278 3106 1375 3137 finem

313 3151 482 3183 iuramenti
512 3161 578 3181 non
606 3152 703 3183 tollit:
735 3152 809 3192 quia
839 3152 975 3182 salvatur
1004 3152 1047 3182 ibi
1075 3151 1274 3182 confirmatio
1302 3151 1375 3182 dicti

313 3195 445 3227 humani
469 3203 624 3235 quantum
649 3197 688 3226 ad
711 3196 888 3232 veritatem,
913 3196 1059 3237 quamvis
1083 3206 1148 3226 non
1173 3195 1308 3226 salvetur
1331 3195 1374 3226 ibi
1400 3201 1402 3238 ξ

315 3239 514 3271 confirmatio
531 3239 605 3270 dicti
621 3240 752 3270 humani
776 3248 933 3281 quantum
950 3241 988 3270 ad
1008 3239 1235 3280 obligationem
1251 3239 1290 3269 ad
1309 3250 1375 3270 ma-

313 3285 424 3316 teriam
446 3284 593 3314 veritatis.
628 3284 767 3325 Quando
799 3294 938 3325 namque
965 3284 1036 3325 quis
1066 3284 1148 3315 iurat
1178 3283 1375 3315 committere
1400 3309 1402 3316 .

313 3328 524 3360 homicidium
547 3338 622 3358 cum
637 3328 746 3358 animo
763 3329 937 3365 occidendi,
961 3328 1125 3359 invocatur
1148 3335 1223 3359 tunc
1239 3328 1325 3359 Deus
1342 3328 1375 3358 in

313 3379 426 3404 testem
448 3372 585 3403 veritatis
608 3372 779 3412 praesentis
801 3372 834 3402 in
857 3372 1042 3409 intentione,
1059 3379 1090 3403 et
1103 3371 1323 3403 verificationis
1339 3382 1375 3403 ac

313 3417 449 3448 veritatis
473 3416 596 3447 futurae
621 3416 653 3446 in
677 3415 875 3452 executione,
899 3423 930 3447 et
952 3426 1017 3447 non
1033 3415 1197 3447 invocatur
1211 3416 1244 3446 in
1263 3422 1374 3446 testem

314 3459 570 3491 confirmativum
593 3459 794 3500 obligationis
819 3460 858 3490 ad
879 3460 1098 3491 occidendum.
1123 3461 1211 3490 Tum
1227 3459 1300 3500 quia
1317 3460 1374 3490 ob-

314 3503 422 3544 ligatio
446 3504 489 3535 ibi
513 3504 600 3535 nulla
616 3510 673 3534 est.
697 3504 785 3534 Tum
808 3504 883 3544 quia
898 3504 985 3534 testis
1001 3513 1066 3534 non
1082 3503 1242 3534 inducitur
1265 3504 1304 3533 ad
1323 3503 1374 3533 fir-

314 3546 464 3578 mandam
488 3549 724 3589 obligationem,
750 3548 803 3578 sed
828 3548 867 3578 ad
890 3547 1078 3578 firmandam
1099 3547 1262 3578 veritatem
1286 3547 1376 3577 locu·
1400 3568 1402 3577 ,

315 3591 474 3628 tionis,·in
498 3603 700 3634 quacumque
730 3592 859 3622 materia
882 3591 937 3628 sit,
962 3591 1025 3622 sive
1050 3591 1089 3622 sit
1112 3591 1281 3631 obligativa
1309 3591 1374 3621 sive

1432 1308 1509 1329 non.
1534 1298 1670 1330 Constat
1692 1306 1798 1330 autem
1822 1301 1910 1341 quod
1934 1307 1964 1331 et
1987 1301 2098 1331 veritas
2122 1301 2292 1341 praesentis
2315 1308 2346 1331 et
2368 1301 2490 1332 futurae

1432 1342 1615 1383 iniquitatis,
1629 1351 1659 1374 et
1673 1344 1785 1374 veritas
1801 1345 2034 1384 adimpletionis
2050 1345 2233 1386 iniquitatis,
2251 1346 2373 1375 bonum
2389 1346 2491 1386 quod-

1433 1387 1505 1416 dam
1529 1394 1575 1418 est
1598 1387 1791 1418 testificabile
1814 1399 1831 1418 a
1855 1389 1943 1419 Deo:
1973 1399 2009 1419 ac
2032 1399 2088 1429 per
2110 1389 2181 1425 hoc,
2206 1389 2326 1420 locutio
2350 1390 2489 1419 humana

1431 1430 1507 1461 haec
1524 1431 1630 1461 dicens
1646 1439 1692 1462 est
1711 1431 1936 1463 confirmabilis
1951 1433 2059 1463 divino
2079 1433 2272 1464 testimonio.
2297 1433 2386 1464 Sicut
2405 1433 2489 1464 enim

1432 1484 1506 1504 cum
1529 1476 1692 1505 assertorie
1716 1476 1797 1507 iurat
1820 1477 1901 1517 quis,
1930 1478 2029 1508 Testis
2043 1483 2090 1507 est
2108 1478 2185 1507 mihi
2199 1478 2290 1508 Deus
2312 1478 2396 1518 quod
2418 1478 2490 1508 odio

1430 1519 1528 1549 habeo
1547 1521 1749 1559 proximum,
1774 1530 1869 1560 super
1891 1521 2019 1551 veritate
2043 1528 2130 1551 actus
2153 1521 2270 1562 iniqui,
2295 1531 2361 1562 quo
2385 1529 2489 1552 actua-

1429 1562 1499 1593 liter
1521 1570 1630 1603 peccat
1653 1564 1834 1600 mortaliter,
1859 1571 1889 1595 et
1912 1575 2008 1605 quem
2031 1572 2154 1596 tenetur
2178 1566 2215 1595 de
2238 1566 2418 1596 necessitate
2442 1576 2489 1595 sa-

1430 1606 1504 1637 lutis
1528 1607 1660 1643 evitare,
1684 1608 1789 1638 Deum
1819 1615 1931 1638 testem
1962 1609 2087 1639 invocat
2116 1610 2234 1649 absque
2262 1610 2416 1649 periurio;
2446 1610 2489 1639 ita

1431 1661 1504 1681 cum
1522 1651 1603 1681 iurat
1621 1652 1835 1691 promissorie,
1863 1653 1963 1683 Testis
1979 1658 2025 1683 est
2040 1653 2117 1683 mihi
2131 1654 2221 1683 Deus
2236 1654 2320 1693 quod
2334 1654 2487 1690 occidam,

1430 1705 1525 1734 super
1546 1695 1675 1726 veritate
1699 1695 1796 1726 futuri
1820 1703 1907 1726 actus
1927 1696 2039 1737 iniqui,
2064 1707 2159 1737 quem
2184 1704 2307 1727 tenetur
2330 1698 2368 1727 de
2384 1707 2489 1727 neces-

1429 1739 1518 1770 sitate
1535 1739 1643 1770 salutis
1659 1740 1783 1776 evitare,
1798 1740 1880 1770 iurat
1895 1741 2014 1781 absque
2027 1741 2173 1780 periurio.
2194 1741 2328 1771 Nullum
2343 1748 2389 1772 est
2405 1741 2489 1771 enim

1429 1783 1480 1814 hic
1504 1783 1716 1820 mendacium,
1741 1784 1886 1824 quamvis
1910 1785 1949 1815 sit
1971 1785 2130 1825 iniquitas.
2154 1785 2195 1815 Et
2218 1792 2384 1825 propterea
2407 1785 2490 1815 iura-

1430 1834 1575 1858 mentum
1598 1828 1659 1858 tale
1683 1828 1797 1859 dicitur
1819 1829 1941 1859 malum
1965 1839 2030 1860 non
2049 1828 2172 1859 defectu
2189 1829 2336 1865 veritatis,
2361 1829 2414 1859 sed
2438 1829 2490 1859 de-

1429 1871 1512 1902 fectu
1541 1872 1685 1903 iustitiae.
1718 1873 1851 1912 Propter
1873 1873 1975 1913 quod,
2000 1873 2106 1903 iurans
2134 1873 2234 1903 facere
2257 1883 2324 1903 rem
2347 1872 2489 1913 iniquam

1429 1916 1496 1946 sine
1519 1916 1627 1946 animo
1651 1916 1785 1947 faciendi
1808 1916 1906 1953 illam,
1931 1924 1977 1948 est
1999 1917 2153 1956 periurus,
2179 1917 2253 1958 quia
2276 1924 2322 1947 est
2345 1917 2388 1947 ibi
2411 1917 2490 1947 ratio

1428 1960 1567 2000 periurii,
1593 1960 1709 1991 scilicet
1730 1961 1928 1991 mendacium
1945 1962 2125 1992 iuramento
2139 1962 2312 2002 firmatum
2329 1961 2359 1991 *:
2385 1961 2490 1991 iurans

1429 2011 1536 2035 autem
1559 2005 1643 2035 idem
1665 2014 1738 2035 cum
1754 2005 1862 2035 animo
1879 2005 2012 2035 faciendi
2027 2015 2093 2036 non
2110 2013 2156 2036 est
2174 2005 2318 2044 periurus
2335 2005 2489 2040 absolute,

1429 2049 1504 2089 quia
1527 2059 1592 2078 non
1615 2056 1662 2079 est
1684 2049 1727 2079 ibi
1751 2049 1954 2080 mendacium
1971 2049 2150 2080 iuramento
2174 2049 2345 2085 firmatum,
2366 2049 2420 2079 sed
2438 2059 2489 2079 ve-

1429 2093 1503 2123 ritas
1522 2092 1695 2133 iniquitatis
1711 2092 1889 2124 iuramento
1905 2092 2037 2124 firmata.
2057 2094 2168 2124 Peccat
2184 2100 2290 2124 tamen
2307 2093 2489 2129 mortaliter,

1429 2137 1454 2167 si
1477 2137 1560 2167 iurat
1583 2137 1780 2167 committere
1803 2137 1949 2174 mortale,
1975 2147 2040 2168 non
2064 2144 2193 2178 peccato
2216 2137 2342 2177 periurii
2367 2137 2487 2177 simpli-

1429 2181 1512 2217 citer,
1537 2181 1591 2211 sed
1609 2182 1784 2214 secundum
1800 2181 1888 2221 quid.
1912 2182 1953 2212 Et
1968 2182 2068 2222 magis
2084 2181 2211 2222 proprie
2229 2181 2381 2212 diceretur
2400 2181 2488 2222 quod

1429 2225 1596 2255 iuramenti
1612 2225 1731 2255 additio
1747 2233 1854 2265 gravat
1869 2233 2034 2276 peccatum
2051 2226 2140 2262 illud,
2156 2235 2254 2266 quam
2270 2226 2359 2266 quod
2374 2226 2489 2256 consti-

1429 2276 1496 2300 tuat
1519 2279 1637 2300 novam
1660 2269 1779 2309 peccati
1802 2270 1952 2309 speciem:
1977 2270 2052 2310 quia
2075 2279 2140 2300 non
2164 2276 2293 2310 apparet
2312 2269 2354 2299 ibi
2371 2270 2489 2309 species

1429 2313 1574 2353 periurii,
1599 2314 1653 2343 sed
1677 2314 1833 2354 quaedam
1856 2314 2053 2344 irreverentia
2076 2313 2261 2350 iuramenti,
2285 2324 2343 2353 pro
2368 2321 2488 2354 quanto

1428 2357 1604 2397 applicatur
1627 2357 1666 2387 ad
1689 2357 1852 2388 materiam
1871 2368 1952 2398 quae
1977 2368 2042 2389 non
2067 2365 2112 2389 est
2135 2357 2358 2388 confirmabilis
2382 2358 2490 2398 quoad

1429 2402 1665 2442 obligationem.
1690 2401 1860 2432 Venialiter
1883 2409 1989 2433 autem
2013 2408 2122 2442 peccat
2144 2401 2169 2432 si
2188 2402 2279 2432 iurat*
2292 2411 2325 2431 se
2342 2402 2490 2432 commis-

1429 2456 1540 2476 surum
1563 2446 1701 2482 veniale,
1726 2453 1781 2476 aut
1810 2456 1875 2476 non
1905 2446 2062 2477 facturum
2093 2456 2175 2486 opus
2204 2445 2490 2485 supererogationis

1429 2497 1513 2520 extra
1537 2500 1646 2520 casum
1669 2490 1876 2526 necessitatis,
1901 2498 2030 2530 propter
2053 2490 2186 2520 eandem
2209 2490 2383 2520 rationem:
2415 2490 2490 2530 quia

1429 2534 1545 2564 scilicet
1567 2534 1610 2564 ibi
1635 2544 1701 2564 non
1717 2541 1763 2564 est
1786 2534 1904 2573 species
1928 2534 2066 2574 periurii,
2084 2535 2138 2564 sed
2161 2534 2368 2570 irreverentia,
2385 2534 2490 2564 minor

1429 2585 1549 2613 tamen:
1570 2585 1616 2608 est
1632 2578 1717 2608 enim
1733 2578 1828 2608 etiam
1844 2579 1973 2608 materia
1988 2579 2046 2608 ista
2063 2588 2128 2608 non
2145 2577 2367 2608 confirmabilis
2382 2578 2489 2618 quoad

1430 2623 1648 2662 operationem
1673 2622 1900 2662 exequendam.

1485 2667 1536 2697 111.
1561 2666 1602 2697 Et
1629 2673 1665 2696 ut
1694 2666 1808 2696 melius
1838 2666 1915 2696 haec
1937 2666 2168 2705 intelligantur,
2193 2666 2419 2696 advertendum
2443 2674 2489 2696 est

1430 2711 1519 2750 quod
1541 2710 1755 2741 iuramentum
1779 2710 1872 2740 habet
1896 2710 2055 2750 duplicem
2078 2710 2157 2740 vim:
2183 2710 2299 2740 scilicet
2322 2709 2487 2740 testificati-

1429 2765 1512 2791 vam,
1538 2762 1568 2785 et
1591 2754 1804 2794 obligativam.
1829 2754 1911 2784 Inter
1930 2764 2008 2794 quas
2032 2760 2078 2784 est
2101 2754 2176 2784 haec
2200 2753 2380 2789 differentia,
2398 2754 2487 2793 quod

1429 2799 1475 2829 vis
1498 2797 1693 2829 testificativa
1717 2805 1763 2829 est
1786 2798 1964 2828 iuramento
1989 2797 2175 2828 essentialis:
2207 2808 2281 2827 nam
2312 2797 2413 2827 iurare
2442 2805 2488 2827 est

1428 2985 1491 3015 que
1513 2984 1635 3010 verum,
1660 2974 1692 3004 in
1716 2983 1918 3014 quacumque
1935 2973 2062 3004 materia
2086 2973 2134 3003 sit.
2159 2973 2251 3003 Unde
2273 2972 2319 3002 vis
2342 2973 2487 3003 testifica—

1428 3019 1491 3049 tiva
1521 3018 1654 3058 pertinet
1683 3018 1721 3047 ad
1752 3017 1945 3048 intellectum
1974 3025 2004 3047 et
2030 3017 2244 3057 cognitionem
2270 3017 2372 3053 testis,
2398 3017 2487 3047 cuius

1428 3070 1474 3093 est
1497 3062 1658 3093 obiectum
1681 3071 1801 3092 verum.
1832 3062 1875 3092 Et
1896 3068 2062 3102 propterea
2085 3060 2120 3091 fit
2143 3061 2255 3091 iniuria
2280 3061 2394 3091 directe
2417 3062 2485 3091 Deo

1428 3107 1453 3137 si
1476 3107 1640 3137 invocatur
1664 3105 1748 3136 testis
1773 3106 1942 3136 mendacii:
1968 3105 2123 3146 quoniam
2147 3112 2201 3136 aut
2224 3105 2402 3136 attribuitur
2418 3106 2486 3135 Deo

1428 3151 1516 3192 quod
1539 3151 1663 3190 ignoret
1685 3149 1865 3186 veritatem;
1891 3157 1945 3180 aut
1968 3150 2074 3190 quod,
2099 3149 2225 3180 sciendo
2249 3159 2376 3185 verum,
2401 3149 2486 3179 abuti

1428 3195 1502 3225 velit
1518 3195 1646 3225 scientia
1662 3204 1718 3224 sua
1734 3194 1928 3230 mentiendo,
1945 3204 2000 3235 per
2016 3194 2076 3224 hoc
2099 3194 2187 3234 quod
2211 3200 2405 3224 attestaretur
2428 3203 2485 3233 pro

1429 3239 1594 3269 mendacio
1618 3246 1771 3279 tanquam
1793 3248 1879 3269 vero.
1906 3239 1947 3268 Et
1971 3248 2007 3268 ex
2029 3238 2090 3268 hoc
2114 3244 2199 3278 patet
2223 3238 2311 3277 quod
2333 3237 2380 3267 vis
2403 3237 2485 3267 testi-

1428 3283 1549 3314 ficativa
1577 3283 1609 3312 in
1637 3283 1814 3313 iuramento
1839 3283 2012 3313 necessario
2040 3282 2098 3312 fert
2125 3291 2232 3312 secum
2256 3281 2320 3311 vim
2344 3280 2485 3320 obligati-

1427 3338 1500 3358 vam
1523 3327 1654 3358 iurantis
1674 3327 1712 3357 ad
1728 3327 1890 3357 veritatem
1914 3326 1987 3357 dicti
2011 3326 2049 3355 ad
2073 3326 2161 3366 quod
2184 3326 2289 3355 Deum
2312 3331 2423 3355 testem
2439 3324 2484 3354 in-

1429 3372 1524 3407 ducit,
1549 3371 1613 3401 sive
1636 3371 1756 3402 locutio
1781 3370 1820 3401 sit
1844 3371 1881 3401 de
1905 3369 2070 3410 praeterito
2095 3369 2158 3399 sive
2183 3369 2220 3399 de
2245 3368 2398 3408 praesenti
2421 3368 2484 3398 sive

1429 3416 1467 3446 de
1491 3415 1610 3451 futuro,
1635 3415 1698 3445 sive
1719 3415 1757 3445 de
1779 3415 1866 3445 bono
1891 3415 1954 3444 sive
1971 3414 2008 3443 de
2023 3413 2123 3443 malo:
2149 3412 2312 3442 manifeste
2329 3412 2485 3452 siquidem

1428 3459 1576 3489 iniuriam
1599 3459 1713 3490 faceret
1735 3458 1889 3488 mentiens
1914 3457 2095 3488 testimonio
2121 3456 2238 3492 divino,
2256 3463 2290 3486 ut
2314 3456 2484 3486 deductum

1429 3509 1492 3539 est;
1518 3510 1548 3533 et
1571 3502 1641 3532 finis
1664 3503 1811 3543 proprius
1835 3501 2017 3537 iuramenti,
2042 3501 2097 3541 qui
2122 3507 2167 3530 est
2191 3499 2388 3531 confirmatio
2413 3500 2485 3531 dicti

1428 3547 1560 3577 humani
1577 3547 1684 3587 quoad
1699 3547 1870 3581 veritatem,
1885 3545 2054 3577 tolleretur.
2080 3544 2120 3574 Et
2136 3551 2300 3584 propterea
2320 3551 2399 3575 esset
2415 3554 2485 3584 pec-

1429 3598 1534 3621 catum
1559 3591 1701 3621 mortale.

2518 916 2659 943 ‘1²11⁸⁶,qu.
2667 921 2728 941 xcvi,

2517 946 2559 964 art.
2573 949 2598 968 4.

2518 1968 2528 1979 ⁸
2542 1968 2578 1990 Cf.
2593 1972 2635 1990 art.
2650 1975 2664 1994 ι,
2681 1975 2726 1997 arg.

2517 1994 2565 2016 Sed
2579 1997 2670 2016 contra.

2515 2845 2523 2853 ‘
2536 2843 2572 2865 Cf.
2583 2850 2622 2872 qu.
2632 2849 2723 2870 Lxxxrx,

2514 2874 2556 2892 art.
2571 2876 2586 2891 ι.
