2860 4238
379 187 457 232 430

1073 178 1340 225 QUAESTIO
1371 178 1473 224 Ciu,
1502 177 1798 214 ART1CULus
1829 177 1860 212 11

383 266 517 303 ctione.
550 263 806 301 Commutatio
827 269 954 298 autem
982 259 1087 295 faciei
1106 258 1232 295 David
1252 257 1319 293 fuit
1338 256 1439 292 fictio
1466 255 1469 295 i
1495 255 1703 302 mendacii3
1733 263 1814 292 tum
1844 254 1988 291 ratione
2009 252 2187 290 scandali.
2217 254 2266 289 Et
2285 253 2461 302 quamvis
2488 265 2556 302 per

144 336 153 343 ·
170 333 225 354 Ord.
240 333 301 358 Aug.

382 371 522 408 Psalmi
537 370 568 417 ²¹⁴,
584 369 809 405 Benedicam
826 366 1032 403 Dominum
1053 365 1089 402 in
1106 364 1210 400 omni
1228 369 1404 410 tempore.
1416 381 1440 389 -

145 387 155 396 ⁸
171 386 253 407 Psalm.
270 389 353 405 xxxin.

385 422 673 460 Simulationem
694 433 787 457 vero
810 420 899 455 lehu
919 430 997 454 non
1018 425 1072 454 est
1097 428 1251 453 necesse
1273 413 1442 452 excusari
1468 457 1470 464 Ι

384 489 405 513 a
433 483 588 524 peccato
608 475 669 511 vel
698 471 920 510 mendacio:
951 470 1039 519 quia
1068 470 1190 506 malus
1210 468 1288 510 fuit,
1309 475 1443 516 utpote

147 540 155 548 ’
162 538 193 559 IV
200 538 263 565 Reg.,
272 543 322 564 cap.
332 543 354 563 x,

146 571 203 586 vers.
220 570 255 592 29,
270 570 298 592 3¹·

147 638 156 648 ⁸
171 637 230 659 lbid.
246 643 305 658 vers.
318 642 355 664 30.

385 686 563 723 destruxit
592 685 733 721 cultum
763 684 866 720 Baal.

148 742 158 751 ⁸
167 741 260 762 Halens.
271 739 356 761 Summ-

148 771 204 794 part.
241 767 263 788 11
278 782 283 792 ‚
317 771 356 792 qu.

148 799 221 819 ewa,
238 792 322 814 memb.
334 791 355 813 6.

384 530 430 565 ab
460 527 669 564 idololatria
708 526 909 562 Ieroboam
950 536 1026 560 non
1065 522 1246 559 recedens
1265 521 1295 558 *.
1327 521 1442 557 Com·
1470 520 1471 554 ἲ

384 581 584 618 mendatur
617 587 746 615 tamen
782 585 817 614 et
848 576 1104 625 temporaliter
1132 582 1394 611 remuneratur
1423 585 1444 609 a
1470 598 1472 623 3

383 635 468 670 Deo
487 633 525 680 ²¹³,
556 645 632 669 non
664 644 733 680 pro
771 630 1030 675 simulatione,
1061 628 1128 665 sed
1156 640 1225 676 pro
1255 628 1337 664 zelo
1367 638 1444 675 quo
1471 658 1472 675 ζ

382 317 566 366 figuralis:
607 317 700 353 sicut
737 316 873 351 Glossa
894 313 914 335 '¹‘
942 312 1094 360 exponit
1127 311 1164 347 in
1202 311 1307 346 titulo
1345 308 1441 345 illius
1467 304 1469 341 ἶ
1495 309 1570 344 hoc
1598 308 1665 344 fiat
1693 309 1827 355 malus,
1848 319 1926 344 non
1955 315 2084 343 tamen
2113 306 2156 342 fit
2183 307 2306 342 malus
2326 306 2387 343 illa
2414 306 2556 343 malitia

1496 372 1612 409 quam
1643 360 1804 398 simulat.
1836 361 1884 396 Et
1913 359 2001 407 quia
2030 359 2111 407 ipsa
2131 358 2320 395 simulatio
2345 359 2557 396 secundum

1497 426 1537 449 se
1566 414 1667 450 mala
1696 421 1762 460 est,
1792 426 1871 450 non
1899 412 2043 449 ratione
2078 411 2157 448 eius
2187 412 2234 448 de
2263 423 2340 460 quo
2370 419 2440 457 est;
2476 411 2556 449 sive

1498 466 1544 502 sit
1572 466 1619 502 de
1649 467 1752 502 bono
1781 466 1862 503 sive
1892 466 1939 502 de
1959 471 1975 486 κ
2003 465 2116 511 malo,
2146 472 2346 513 peecatum
2375 472 2440 501 est.

1551 521 1609 555 AD
1635 530 1807 561 QUARTUM
1828 530 2012 556 mei-:NDUM
2033 517 2137 566 quod
2166 517 2262 554 sicut
2284 516 2418 565 aliquis
2436 516 2558 554 verbo

1499 571 1677 608 mentitur
1712 572 1867 619 quando
1902 571 2086 619 significat
2122 570 2228 619 quod
2263 582 2342 607 non
2380 577 2450 616 est,
2481 581 2560 606 non

1499 631 1627 661 autem
1662 627 1815 672 quando
1853 632 1950 661 tacet
1978 624 2083 672 quod
2113 631 2182 670 est,
2212 623 2319 672 quod
2355 622 2559 671 aliquando

1471 688 1473 695 ²
1499 677 1602 723 licet;
1632 677 1681 713 ita
1711 677 1824 714 etiam
1853 677 2041 714 simulatio
2071 685 2127 713 est
2146 676 2300 725 quando
2330 676 2464 724 aliquis
2492 687 2561 724 per

436 741 494 775 An
532 749 691 774 TERTHJM
728 747 911 773 D1CENDUM
950 734 1052 783 quod
1091 732 1289 782 quidam*
1318 733 1473 783 dicunt}

385 791 489 840 quod
509 791 632 827 nullus
652 797 775 839 potest
795 801 834 825 se
857 788 1035 825 simulare
1056 799 1138 823 esse
1158 787 1326 823 malum:
1357 785 1446 832 quia
1472 788 1474 836 ἦ

383 857 452 893 per
471 856 588 892 opera
616 844 718 880 bona
738 842 861 878 nullus
890 853 929 878 se
960 840 1111 877 simulat
1138 840 1302 884 malum3
1333 838 1361 874 si
1382 850 1447 874 au-
1472 841 1474 878 i

1500 730 1683 767 exteriora
1712 730 1818 777 signa
1845 730 2031 766 factorum
2051 730 2113 766 vel
2142 742 2268 766 rerum
2288 729 2473 777 significat
2500 727 2562 765 ali-

1501 783 1592 831 quid
1622 783 1728 831 quod
1758 795 1836 819 non
1865 789 1932 828 est,
1965 794 2044 819 non
2072 789 2200 819 autem
2236 782 2266 819 si
2294 782 2425 830 aliquis
2452 793 2561 830 prae-

1501 836 1679 873 termittat
1699 835 1911 883 significare
1932 836 2038 883 quod
2059 842 2124 872 est.
2153 835 2265 872 Unde
2284 835 2416 883 aliquis
2439 841 2564 883 potest

384 905 460 933 tem
491 909 607 944 opera
641 896 741 932 mala
778 894 903 941 faciat,
933 894 1056 930 malus
1091 900 1156 929 est.
1186 913 1210 920 -
1241 892 1317 928 Sed
1351 891 1447 928 haec
1473 879 1475 944 ζ
1500 897 1701 938 peccatum
1722 901 1834 925 suum
1856 889 2044 925 occultare
2071 888 2215 935 absque
2236 887 2485 925 simulatione.
2516 888 2564 924 Et

385 950 478 986 ratio
508 962 585 986 non
616 949 724 996 cogit.
754 949 884 984 Potest
913 947 1014 983 enim
1044 945 1177 994 aliquis
1199 957 1239 982 se
1268 944 1447 981 simulare
1473 946 1475 989 j
1501 943 1714 980 secundum
1743 943 1818 978 hoc
1849 941 2133 989 intelligendum
2163 948 2219 977 est
2247 941 2351 988 quod
2376 941 2564 989 Hierony-

385 1003 531 1039 malum
560 1014 628 1051 per
654 1013 772 1050 opera
800 1012 897 1049 quae
917 1000 955 1036 in
975 1013 1015 1036 se
1035 1011 1113 1036 non
1143 1006 1230 1035 sunt
1249 998 1360 1044 mala,
1381 997 1448 1034 sed
1474 1033 1476 1057 1
1502 1008 1589 1032 mus
1618 995 1706 1033 dicit
1735 995 1877 1032 ibidem
1896 994 1935 1041 ²3,
1966 995 2070 1042 quod
2098 994 2303 1031 secundum
2331 991 2563 1031 remedium*

249 1065 256 1080 ²
385 1056 553 1092 habent‘
583 1056 776 1103 quandam
806 1053 973 1103 speciem
1004 1052 1105 1089 mali.

1496 1055 1583 1097 post
1602 1049 1851 1098 naufragium
1880 1053 1934 1084 est
1944 1053 2143 1096 peccatum
2169 1047 2409 1093 abscondere,
2430 1059 2478 1084 ne
2498 1047 2567 1083 sci-

438 1109 487 1144 Et
505 1116 634 1145 tamen
654 1108 735 1156 ipsa
756 1106 944 1144 simulatio
967 1113 1021 1142 est
1042 1105 1162 1141 mala:
1193 1111 1273 1140 tum
1304 1102 1448 1139 ratione
1475 1120 1478 1150 l
1503 1102 1588 1138 licet
1607 1102 1741 1138 exinde
1771 1101 1851 1138 aliis
1880 1101 2102 1138 scandalum
2130 1107 2343 1149 generetur.

438 1238 456 1270 ι)
476 1238 581 1263 habent.
600 1252 619 1256 -
635 1238 661 1262 in
681 1244 709 1262 se
728 1237 797 1261 addit
816 1237 843 1261 P.

437 1274 462 1305 z)
483 1273 524 1298 de.
543 1286 562 1292 -
578 1273 614 1298 sit
634 1273 667 1297 de
686 1272 782 1296 PDGa.

1555 1231 1584 1264 λ)
1603 1232 1747 1257 secundum
1767 1231 1923 1256 remedium.
1940 1245 1959 1250 -
1977 1232 2093 1256 secunda
2111 1231 2203 1256 tabula
2217 1232 2264 1262 sK,
2275 1231 2419 1257 secundum
2430 1234 2570 1264 peccatum

1476 1260 1477 1268 ¹
1503 1268 1582 1292 ceteri
1602 1272 1628 1292 et
1645 1274 1677 1296 a:
1695 1275 1743 1299 pro
1762 1274 1803 1298 ne,
1823 1270 1853 1292 ut
1870 1267 1899 1296 F,
1918 1274 1972 1291 om.
1990 1267 2020 1292 B.

1054 1350 1390 1383 Commentariis.
1413 1348 1666 1381 Cardinalis
1688 1348 1891 1381 Caietam

415 1443 435 1463 N
459 1432 644 1473 quaestione
669 1429 1009 1462 centesimaundecima
1039 1435 1209 1459 occurrunt
1236 1428 1379 1469 quinque
1403 1427 1450 1457 di·
1475 1467 1477 1472 Ι

388 1445 525 1507 Icenda.
542 1477 661 1513 Primo,
683 1475 772 1516 quod
795 1477 918 1505 Auctor
948 1473 1088 1504 distinxit
1108 1472 1330 1514 quaestionem
1353 1472 1450 1502 simu·
1475 1475 1477 1502 Ξ

384 1521 510 1552 lationis
534 1531 552 1551 a
574 1519 759 1561 quaestione
783 1518 949 1555 mendacii,
966 1528 1031 1548 non
1048 1524 1178 1558 propter
1200 1516 1378 1553 formalem,
1395 1516 1450 1547 sed

385 1565 579 1596 materialem
601 1563 824 1600 differentiam,
848 1563 928 1593 dum
957 1561 1160 1593 mendacium
1189 1568 1234 1592 est
1264 1560 1340 1591 falsa
1363 1560 1450 1591 vocis
1475 1571 1477 1601 ξ

386 1608 589 1650 significatio,
620 1608 780 1639 simulatio
810 1617 886 1638 vero
911 1613 956 1637 est
979 1606 1057 1636 falsa
1080 1605 1152 1636 facti
1181 1604 1379 1645 significatio.
1410 1605 1451 1635 Et
1475 1619 1477 1650 ξ

385 1653 554 1694 utrobique
578 1652 747 1693 requiritur
769 1652 934 1687 voluntas,
959 1650 1003 1681 ibi
1026 1650 1143 1680 falsum
1167 1649 1300 1686 dicendi,
1319 1649 1370 1679 hic
1393 1649 1449 1679 fal·
1475 1652 1477 1669 i

386 1708 458 1728 sum
481 1696 624 1728 faciendi.
650 1697 690 1727 Et
708 1703 838 1736 propter
860 1695 941 1726 hanc
957 1695 1074 1725 malam
1097 1694 1305 1729 voluntatem,
1326 1703 1451 1733 semper

386 1742 546 1773 simulatio
571 1747 617 1772 est
639 1748 821 1781 peccatum,
846 1739 927 1770 sicut
953 1738 1171 1774 mendacium,
1196 1738 1369 1769 formaliter
1399 1747 1450 1768 su-

386 1786 504 1816 mendo
522 1793 704 1825 utrumque.
728 1803 749 1808 -
773 1785 814 1815 Et
832 1783 907 1824 quia
921 1783 1015 1814 habet
1031 1782 1180 1823 speciales
1204 1781 1402 1813 difficultates
1418 1781 1450 1811 in

385 1830 555 1870 theologia,
576 1836 705 1870 propter
720 1838 818 1859 unam
834 1827 1045 1858 simulationis
1058 1827 1206 1866 speciem,
1220 1837 1302 1867 quae
1318 1833 1451 1856 vocatur

385 1874 571 1916 hypocrisis,
595 1884 658 1914 qua
682 1873 753 1914 quis
777 1872 905 1902 simulat
928 1871 1016 1902 factis
1039 1881 1208 1911 personam
1231 1870 1316 1901 iusti.

440 1918 597 1955 Secundo,
622 1918 710 1958 quod
734 1916 894 1947 Abraham
917 1926 934 1946 a
958 1915 1172 1951 simulatione,
1197 1915 1299 1945 immo
1323 1924 1341 1944 a
1361 1924 1450 1945 men-

386 1963 487 1999 dacio,
504 1969 633 2002 propter
648 1961 814 2002 figuratam
830 1960 1028 1991 locutionem
1044 1959 1228 2000 prophetice
1245 1965 1411 1990 excusatur
1421 1958 1448 1995 *‚

386 2007 461 2047 quia
484 2006 680 2037 commisisse
704 2015 736 2035 se
763 2004 949 2044 intelligitur
979 2004 1110 2044 Spiritui
1134 2004 1266 2040 Sancto,
1296 2010 1449 2044 tanquam

386 2050 539 2091 proferret
562 2050 614 2080 illa
629 2050 723 2080 verba
746 2050 786 2080 ad
809 2058 939 2079 sensum
962 2048 1121 2079 intentum
1145 2059 1163 2078 a
1186 2047 1304 2088 Spiritu
1321 2047 1448 2084 Sancto,

385 2095 530 2136 quamvis
553 2094 612 2125 sibi
635 2094 753 2134 ignota.
778 2111 798 2116 -
820 2094 928 2124 Potest
942 2099 1048 2123 tamen
1072 2092 1160 2123 aliter
1183 2091 1332 2127 excusari,
1357 2098 1388 2122 et
1404 2091 1449 2122 fa-

386 2140 490 2176 cilius,
515 2138 691 2174 Abraham,
724 2145 759 2169 ut
782 2137 974 2177 intelligatur
1002 2137 1130 2168 locutus
1161 2136 1338 2167 secundum
1362 2146 1449 2166 com-

385 2194 518 2214 munem
545 2183 715 2213 hominum
755 2192 895 2217 morem,
920 2181 1095 2212 secundum
1127 2191 1224 2221 quem
1255 2187 1343 2210 erant
1376 2187 1450 2220 post

150 1963 158 1972 ⁸
172 1963 222 1984 Art.
238 1968 254 1989 ι,
270 1962 298 1984 ad
315 1968 331 1983 ι.

385 2227 603 2258 adorationem
627 2226 794 2257 reversuri:
826 2226 916 2267 quasi
941 2225 1066 2258 dixerit:
1091 2226 1160 2256 Deo
1183 2226 1280 2255 aliter
1300 2234 1362 2255 non
1385 2225 1448 2255 dis·
1474 2216 1476 2251 ἶ

383 2277 538 2312 ponente,
570 2277 770 2302 revertemur
792 2281 852 2312 ego
875 2276 906 2301 et
923 2279 1018 2310 puer.
1045 2269 1240 2300 Huiusmodi
1263 2269 1348 2299 enim
1373 2279 1448 2299 con·
1474 2281 1476 2305 ι,

1502 1427 1637 1458 ditiones
1653 1427 1813 1467 generales
1829 1426 2117 1466 subintelliguntur.
2142 1426 2204 1457 Sed
2219 1436 2279 1466 pro
2299 1426 2471 1457 reverentia
2493 1427 2571 1457 Am-

1502 1472 1609 1508 brosii,
1634 1474 1756 1503 Auctor
1778 1472 1822 1502 sic
1846 1471 2001 1512 exposuit.

1561 1517 1682 1553 Tertio,
1700 1516 1803 1557 ,quod
1835 1516 1873 1546 de
1896 1514 2024 1546 fictione
2046 1514 2150 1545 David
2165 1524 2272 1545 coram
2286 1514 2394 1551 Achis,
2411 1514 2485 1546 licet
2504 1516 2572 1546 Au-

1502 1568 1570 1592 ctor
1589 1567 1696 1591 utatur
1714 1560 1829 1591 Glossa
1844 1567 1874 1590 et
1897 1559 1937 1590 ad
1960 1559 2148 1600 mysterium
2171 1565 2308 1590 transeat
2329 1558 2357 1595 *,
2374 1558 2414 1589 ad
2436 1558 2572 1590 litteram

1502 1612 1609 1636 tamen
1633 1604 1774 1635 excusari
1796 1604 1921 1635 videtur
1943 1603 2018 1645 quia
2034 1603 2125 1639 facta,
2142 1603 2202 1642 nisi
2222 1613 2258 1634 ex
2277 1603 2454 1634 intentione
2477 1603 2572 1644 signi-

1502 1649 1616 1680 ficandi
1640 1648 1726 1684 fiant,
1751 1648 1831 1688 signi
1854 1648 1920 1678 vim
1945 1657 2010 1678 non
2034 1657 2090 1689 per
2105 1658 2137 1678 se
2161 1647 2278 1678 habent
2294 1657 2331 1678 ex
2343 1654 2430 1688 parte
2455 1646 2572 1678 facien-

1502 1694 1551 1730 tis,
1577 1700 1613 1724 ut
1636 1693 1781 1733 superius
1797 1692 1814 1712 *
1838 1692 1911 1722 dixi.

1562 1738 1705 1775 Quarto,
1731 1737 1820 1778 quod
1851 1736 2036 1776 simplicitas
2066 1746 2121 1766 seu
2151 1735 2264 1767 veritas
2295 1745 2362 1767 non
2389 1735 2574 1776 intelligitur

1502 1781 1626 1822 opponi
1657 1781 1734 1811 dolo
1758 1781 1808 1811 vel
1833 1780 1935 1811 fraudi
1958 1780 2143 1816 formaliter,
2167 1780 2223 1810 sed
2245 1780 2354 1820 potius
2385 1780 2568 1812 causaliter:

1476 1863 1477 1872 ἵ
1502 1837 1561 1867 pro
1579 1832 1700 1866 quanto
1725 1825 1901 1866 opponitur
1924 1824 2121 1855 simulationi
2144 1831 2175 1855 et
2198 1824 2375 1861 mendacio,
2391 1834 2474 1866 quae
2498 1831 2574 1856 sunt

1502 1870 1635 1901 effectus
1652 1870 1718 1900 doli
1734 1870 1783 1900 vel
1800 1869 1928 1900 fraudis.
1952 1871 2086 1899 Astutus
2112 1868 2198 1899 enirn
2214 1868 2418 1899 adinveniens
2437 1868 2503 1899 vias
2521 1879 2575 1911 ap-

1501 1921 1658 1955 parentes,
1674 1914 1750 1944 dolo
1768 1913 1833 1944 sive
1849 1913 1959 1944 fraude
1976 1913 2141 1954 exequitur
2157 1923 2208 1944 eas
2231 1912 2390 1944 mediante
2405 1913 2573 1944 mendacio

1476 1957 1478 1990 i
1502 1966 1533 1990 et
1543 1958 1755 1989 simulationis
1769 1958 1856 1994 vitio,
1871 1965 1902 1988 et
1911 1957 2020 1998 aliquo
2036 1957 2100 1988 alio
2112 1957 2323 1998 quandoque:
2337 1963 2368 1988 et
2379 1967 2438 1998 pro
2450 1963 2573 1999 quanto

1502 2004 1546 2034 eis
1562 2003 1758 2033 immiscetur
1782 2002 1986 2033 mendacium
2002 2009 2058 2032 aut
2074 2001 2246 2038 simulatio,
2263 2011 2323 2042 pro
2342 2008 2432 2033 tanto
2448 2001 2573 2043 opponi

1502 2047 1651 2078 dicuntur
1679 2046 1891 2087 simplicitati,
1916 2046 1948 2076 in
1973 2053 2029 2077 art.
2057 2047 2085 2082 3,
2109 2046 2150 2076 ad
2175 2056 2203 2077 2.
2227 2046 2311 2077 Nam
2338 2046 2516 2077 secundum
2539 2056 2573 2078 se

1501 2092 1647 2123 absolute
1671 2091 1794 2132 opponi
1812 2091 1962 2121 dicuntur
1985 2090 2180 2131 prudentiae,
2197 2090 2343 2131 superius
2358 2090 2391 2120 in
2407 2100 2463 2132 qu.
2487 2101 2528 2122 ιν
2543 2089 2570 2122 *-

1559 2135 1696 2173 Quinto,
1723 2135 1892 2176 quomodo
1917 2134 2093 2176 hypocrisis
2125 2135 2291 2166 consuevit
2319 2134 2353 2165 in
2383 2145 2470 2166 sacra
2493 2134 2575 2166 Scri-

1502 2187 1595 2220 ptura
1623 2179 1727 2216 sumi‚
1761 2186 1797 2210 ut
1826 2179 1940 2210 dicitur
1962 2179 1994 2209 in
2019 2179 2151 2210 articulo
2179 2186 2303 2220 quarto.
2337 2179 2379 2210 Et
2404 2185 2573 2220 propterea

1501 2231 1567 2255 tam
1591 2224 1814 2255 detestabiliter
1826 2230 2106 2254 commemoratur.

1557 2269 1599 2299 Et
1617 2268 1694 2299 haec
1718 2269 1756 2298 de
1771 2268 1957 2309 quaestione
1981 2267 2324 2299 centesimaundecima
2346 2267 2515 2299 sufficiant.

1143 2440 1463 2482 ARTICULUS
1502 2439 1804 2481 SECUNDUS

948 2533 1104 2563 UTRUM
1128 2532 1381 2564 HYPociuffls
1405 2532 1471 2563 SIT
1496 2532 1602 2563 IDEM
1627 2531 1749 2569 QUOD
1775 2531 2011 2563 SIMULATIO

1169 2611 1202 2636 lV
1221 2611 1303 2640 Sent„
1323 2611 1382 2636 dist.
1401 2618 1451 2642 xvi,
1470 2618 1516 2643 qu.
1535 2618 1569 2642 iv,
1589 2615 1635 2635 art.
1659 2618 1679 2640 ι.
1698 2610 1748 2643 qu*
1771 2618 1793 2636 ι.

150 2694 361 2749 ἐζᾎῆῗξξξζῐξξξῖ
422 2706 482 2749 ,πρ-τὴ»
508 2715 575 2754 fi«
601 2701 887 2727 DSECUNDUMSIC
897 2689 1162 2726 PRocemTUR*.
1178 2689 1453 2739 Videturquod

416 2734 572 2801 ’ᾰὲᾼῇἰὴ
599 2742 810 2791 hypocrisis
830 2742 973 2779 non—sit
995 2743 1099 2779 idem
1119 2743 1224 2792 quod
1250 2742 1451 2781 simulatio.

407 2798 444 2852 ’,ἠγ
467 2813 521 2831 ν.-
538 2782 801 2837 'f'Simulatio
832 2795 934 2833 enim
956 2795 1123 2833 consistit
1149 2795 1188 2832 in
1208 2796 1379 2845 quodam
1399 2796 1452 2833 fa—

446 2825 535 2879 ζ”ᾥ
559 2842 749 2886 Xctorum
779 2848 993 2886 mendacio.
1033 2849 1111 2886 Sed
1137 2849 1349 2897 hypocrisis
1381 2861 1451 2898 po-

388 2908 459 2938 test
487 2913 570 2938 esse
599 2902 712 2939 etiarn
741 2901 771 2938 si
799 2901 932 2950 aliquis
960 2902 1135 2939 ostendat
1163 2902 1323 2939 exterius
1352 2914 1450 2951 quae

389 2954 544 2991 interius
572 2955 663 3002 agit:
693 2955 906 2992 secundum
934 2954 1026 2992 illud
1054 2955 1188 2992 Matth.
1217 2967 1253 2992 νι
1279 2955 1318 2992 *τ
1354 2956 1449 2992 Cum

152 2962 161 2971 ⁸
176 2960 241 2982 Vers.
256 2966 277 2983 2.

388 3059 616 3149 hypolcritae
630 3061 789 3108 faciunt.
818 3061 920 3108 Ergo
939 3061 1150 3109 hypocrisis
1170 3073 1249 3098 non
1274 3070 1329 3099 est
1347 3061 1449 3099 idem

390 3125 487 3150 simu
504 3120 630 3150 atiom.

154 3169 160 3176 ·
182 3166 238 3197 Cap.
260 3172 311 3194 nn,
333 3167 363 3188 al.

152 3199 208 3220 vm,
223 3199 246 3214 in
265 3197 310 3215 vet.
329 3199 361 3215 xi.

445 3177 479 3202 2.
502 3167 735 3211 PRAETEREA,
757 3166 959 3214 Gregorius
980 3165 1078 3213 dicit,
1099 3167 1224 3203 XXXI
1245 3167 1388 3204 Moral.
1409 3167 1448 3204 *ε

391 3219 485 3255 Sunt
520 3219 691 3256 nonnulli
716 3219 782 3267 qui
805 3225 841 3255 et
870 3219 1072 3256 sanctitatis
1106 3220 1273 3256 habitum
1311 3225 1449 3266 tenent,

391 3277 426 3307 et
446 3272 686 3320 perfectionis
723 3272 897 3309 meritum
931 3273 1068 3320 exequi
1095 3284 1169 3308 non
1198 3272 1333 3309 valent.
1365 3273 1451 3309 Hos

392 3336 629 3372 nequaquam
661 3325 886 3362 credendum
924 3330 977 3361 est
1003 3325 1040 3361 in
1068 3325 1354 3373 hypocritarum
1383 3338 1451 3362 nu-

1507 2701 1654 2726 merum
1684 2701 1860 2726 currere:
1888 2690 1977 2738 quia
2005 2690 2111 2726 aliud
2136 2696 2190 2727 est
2215 2690 2442 2738 infirmitate,
2470 2691 2576 2729 aliud

1506 2743 1650 2779 malitia
1677 2754 1851 2790 peccare.
1882 2743 1958 2780 Sed
1987 2742 2036 2779 illi
2056 2742 2122 2790 qui
2141 2750 2271 2780 tenent
2288 2744 2460 2781 habiturn
2487 2757 2571 2782 san-

1507 2795 1640 2833 ctitatis
1670 2803 1706 2832 et
1734 2795 1912 2833 meritum
1941 2795 2183 2844 perfectionis
2211 2809 2290 2834 non
2318 2805 2571 2846 exequuntur,

1506 2856 1593 2886 sunt
1612 2848 1871 2885 simulatores:
1900 2849 1990 2898 quia
2011 2849 2170 2886 exterior
2195 2849 2346 2887 habitus
2369 2850 2573 2889 sanctitatis

1506 2914 1622 2951 opera
1649 2901 1890 2950 perfectionis
1913 2902 2109 2950 significat.
2141 2903 2232 2940 Non
2258 2915 2347 2952 ergo
2381 2904 2571 2942 simulatio

1476 2981 1478 3005 Ξ
1507 2963 1562 2992 est
1589 2955 1691 2992 idem
1721 2955 1825 3003 quod
1853 2955 2077 3004 hypocrisis.

376 3007 484 3055 facis
511 3006 800 3056 eleemosynam,
821 3008 900 3044 noli
916 3009 1004 3045 tuba
1032 3020 1170 3046 canere
1187 3014 1274 3045 ante
1293 3014 1338 3055 te,
1357 3009 1452 3046 sicut
1476 3030 1478 3054 ς

1560 3009 1594 3045 3.
1616 3009 1850 3055 PRAETEREit,
1866 3008 2077 3057 hypocrisis
2097 3008 2135 3046 in
2154 3009 2235 3047 sola
2254 3009 2461 3048 intentione
2481 3022 2571 3048 con-

1505 3061 1616 3098 sistit:
1647 3061 1735 3098 dicit
1763 3061 1864 3098 enim
1893 3062 2084 3099 Dominus
2113 3061 2161 3098 de
2188 3062 2406 3111 hypocritis,
2435 3063 2570 3101 Matth.

1476 3133 1478 3139 =
1503 3126 1588 3151 xxm
1607 3114 1639 3161 ²¹⁸,
1669 3115 1774 3162 quod
1803 3115 1931 3151 omnia
1959 3126 2075 3163 opera
2101 3127 2171 3152 sua
2179 3115 2337 3164 faciunt
2364 3121 2403 3153 ut
2429 3117 2478 3154 ab
2503 3117 2571 3154 Ιιο-

1504 3167 1666 3204 minibus
1684 3167 1901 3212 videantur;
1930 3175 1966 3205 et
1986 3168 2192 3216 Gregorius
2217 3168 2316 3216 dicit,
2337 3169 2462 3207 XXXI
2481 3170 2571 3207 Μο-

1477 3239 1478 3246 1
1504 3220 1574 3256 ral.
1595 3219 1631 3266 ²¹⁸,
1661 3219 1768 3268 quod
1796 3232 1990 3268 nunquam
2019 3221 2110 3270 quid
2135 3227 2266 3272 agant,
2286 3222 2353 3259 sed
2382 3222 2570 3270 quomodo

1504 3273 1549 3309 de
1567 3273 1714 3310 actione
1732 3273 1897 3321 qualibet
1912 3274 2125 3312 hominibus
2139 3275 2285 3323 possint
2295 3275 2461 3323 placere,
2481 3286 2568 3311 con-

1476 3326 1669 3373 ,siderant
1692 3331 1721 3364 α.
1757 3326 1834 3363 Sed
1868 3326 2057 3364 simulatio
2094 3340 2173 3365 non
2211 3327 2381 3365 consistit
2413 3327 2452 3364 in
2489 3328 2571 3365 sola

445 3455 472 3487 α)
491 3459 516 3480 et
538 3456 712 3489 Gregorius...
731 3456 910 3480 considerant.
928 3469 947 3475 -
965 3456 1028 3481 Orn.
1043 3456 1073 3487 Α,
1088 3461 1147 3488 post
1160 3460 1246 3489 agant
1264 3457 1290 3481 in
1308 3455 1359 3481 fine
1378 3458 1449 3481 solu-

1504 3457 1579 3481 tionis
1600 3458 1639 3481 An
1657 3464 1759 3482 paruum
1779 3463 1880 3490 ponunt
1899 3457 1950 3486 BF.
1968 3463 2080 3490 utroque
2099 3458 2157 3482 loco
2176 3457 2237 3490 legit
2255 3458 2278 3483 Κ
2297 3457 2344 3482 sed
2363 3458 2445 3484 altero
2469 3458 2571 3491 incipit:

1476 3498 1478 3521 ξ
1508 3492 1543 3516 Et
1558 3492 1617 3517 ideo
1635 3492 1791 3525 Gregorius.

2590 991 2603 1004 ⁸
2620 991 2745 1014 Commeat.
2763 990 2804 1012 lib.

2592 1020 2624 1046 11,
2639 1023 2691 1046 etp.
2704 1022 2739 1039 m.

2598 1561 2609 1572 ·
2622 1559 2693 1588 ma,
2707 1559 2736 1582 ια
2749 1565 2770 1581 2.

2599 1693 2611 1705 ⁸
2625 1693 2674 1722 Qu.
2685 1698 2726 1720 tx,
2735 1696 2776 1715 art.
2792 1698 2811 1720 ι,

2600 1720 2732 1769 sagmen.
2745 1725 2813 1741 num.

2599 2091 2610 2103 ⁸
2623 2091 2676 2114 Art·
2689 2097 2702 2121 3
2715 2097 2769 2120 *⁴1⁶1-

2598 3121 2728 3151 ‘ven-5-

2597 3224 2608 3235 ·
2621 3224 2677 3246 Loc.
2692 3223 2737 3246 cit-
