2860 4244
226 829 234 838 ⁴
249 827 272 848 In
289 833 390 855 corpore.

215 2772 274 2798 ‘Qu.
281 2776 374 2793 Lxxxul.
381 2774 422 2791 art.

215 2804 234 2826 3,
241 2797 268 2818 ad
275 2803 294 2824 3.
301 2797 347 2819 -Cf.
357 2796 422 2818 Com-

217 2828 284 2845 ment.

216 2948 223 2954 ·
234 2947 291 2972 Arg.
302 2945 350 2966 Sed
360 2947 421 2966 cont.

219 3426 360 3448 ’Aristonde
367 3427 426 3448 Par-

217 3454 255 3474 tib.
270 3453 372 3474 Animal.
386 3453 425 3474 lib.

219 3480 259 3505 111,
275 3486 326 3507 cap.
342 3486 357 3501 1.

1084 261 1348 309 QUAESTlO
1378 261 1625 307 LXXXVIII,
1654 261 1950 298 ARTICULUS
1979 261 2013 297 V

463 346 618 383 mittitur
644 345 681 382 in
711 357 799 382 eum
820 344 878 380 cui
907 341 1144 391 promittitur.
1175 339 1284 376 Unde
1304 332 1438 375 votum
1459 346 1515 374 est
1539 338 1543 385 ξ
1568 338 1792 386 inquantum
1820 351 1859 375 se
1887 339 2025 386 obligat
2053 338 2102 375 ad
2131 339 2314 385 dandum,
2342 339 2418 376 iam
2437 340 2624 388 quodam—

463 398 646 436 ordinatio
668 397 854 446 quaedam
885 406 1015 431 eorum
1037 405 1134 440 quae
1155 391 1238 440 quis
1258 398 1376 427 vovet
1403 390 1441 427 in
1461 390 1514 428 di·
1569 390 1687 427 modo
1707 391 1785 429 dat:
1813 392 1908 429 sicut
1927 391 2060 428 dicitur
2080 391 2162 428 fieri
2181 391 2322 440 aliquid
2335 403 2431 429 ‚cum
2450 392 2492 429 fit
2511 404 2625 430 causa

462 451 594 488 vinum
615 451 754 486 cultum
784 461 851 485 seu
871 446 1109 494 obsequium.
1139 445 1187 480 Et
1213 443 1265 479 sic
1283 450 1386 491 patet
1409 443 1513 491 quod
1539 446 1542 491 l
1569 443 1667 489 eius,
1697 443 1787 492 quia
1825 444 1980 481 effectus
2009 443 2146 480 virtute
2179 444 2392 481 continetur
2426 444 2465 483 in
2498 457 2622 483 causa.

466 269 541 304 250

463 515 604 540 vovere
640 501 791 550 proprie
820 508 875 536 est
907 507 1011 535 actus
1047 497 1172 533 latriae
1210 507 1277 532 seu
1316 495 1511 543 religionis.

514 558 572 592 Ao
610 566 744 591 ramum
782 563 878 589 ERGO
915 561 1098 588 morannum
1134 548 1238 597 quod
1280 548 1370 585 illud
1407 547 1512 596 quod

462 609 558 645 cadit
577 608 646 644 sub
661 614 752 642 voto
769 604 999 651 quandoque
1020 602 1174 650 quidem
1188 606 1203 629 Υ
1225 608 1279 637 est
1300 608 1404 637 actus
1424 601 1513 637 alte·
1539 605 1540 643 ἶ

461 661 536 697 rius
556 659 710 704 virtutis,
732 658 826 694 sicut
850 656 1027 701 ieiunare,
1054 653 1322 691 continentiam
1343 664 1511 697 servare3
1538 654 1540 682 ἕ

461 712 687 761 quandoque
713 721 805 747 vero
835 716 890 745 est
917 715 1021 744 actus
1041 706 1240 754 religionis,
1262 706 1355 742 sicut
1374 705 1512 742 sacrifi-

461 766 558 802 cium
575 764 710 800 offerre
726 763 787 798 vel
802 773 920 798 orare.
942 761 1196 807 Utrorumque
1212 767 1340 798 tamen
1349 757 1511 806 promis·
1538 763 1539 801 ᾗ

460 818 514 854 sio
534 818 617 853 Deo
638 816 734 852 facta
752 815 800 851 ad
821 813 1039 861 religionem
1058 812 1229 860 pertinet,
1248 811 1391 848 ratione
1406 810 1512 848 iam*

459 870 565 907 dicta.
595 868 704 905 Unde
730 874 831 915 patet
851 867 955 913 quod
979 873 1159 902 votorum
1186 863 1380 912 quoddam
1398 863 1511 911 perti-

458 931 520 959 net
540 921 587 957 ad
608 920 825 968 religionem
846 918 988 955 ratione
1014 917 1128 954 solius
1148 916 1411 965 promissionis
1425 917 1510 953 Deo

458 976 586 1020 factae,
605 985 701 1021 quae
723 980 777 1008 est
803 971 960 1008 essentia
982 970 1083 1007 voti:
1113 970 1345 1017 quandoque
1360 967 1373 990 ὅ
1393 969 1507 1006 etiam

458 1028 600 1064 ratione
634 1026 686 1062 rei
714 1025 934 1074 promissae,
966 1036 1062 1072 quae
1092 1030 1146 1059 est
1173 1021 1253 1058 voti
1282 1022 1450 1058 materia.

510 1083 566 1116 An
593 1090 781 1116 SECUNDUM
809 1088 991 1114 DICENDUM
1017 1076 1119 1124 quod
1139 1075 1197 1111 ille
1217 1074 1281 1123 qui
1311 1074 1508 1122 promittit,

507 1194 533 1227 γ)
552 1193 666 1226 quidem.
679 1206 697 1212 -·
716 1192 777 1216 Om.
798 1192 842 1215 Pa.
862 1191 974 1215 Eaedem
994 1194 1052 1214 ante
1069 1189 1260 1214 continentiam
1281 1188 1378 1214 addunt
1395 1191 1431 1213 et.

1539 543 1540 546 Ἰ
1568 496 1616 532 Et
1643 495 1731 533 inde
1760 504 1816 534 est
1852 497 1956 544 quod
1993 508 2071 533 non
2099 497 2224 534 solum
2253 497 2376 544 danti,
2405 496 2474 534 sed
2511 497 2624 535 etiam

1539 552 1541 574 l
1567 548 1799 596 promittenti
1827 549 1965 597 gratiae
1994 557 2166 597 aguntur.
2450 568 2468 582 ι

1618 602 1678 637 At>
1696 612 1855 638 TERTIUM
1884 613 2067 639 memnon
2087 602 2192 650 quod
2211 610 2347 639 votum
2373 602 2443 639 soli
2462 603 2547 640 Deo
2568 603 2624 649 fit,

1566 653 1634 690 sed
1662 654 1863 701 promissio
1890 662 2016 703 potest
2043 655 2154 692 etiam
2183 655 2266 692 fieri
2294 655 2455 693 homini:
2485 664 2521 692 et
2544 655 2625 704 ipsa

1538 705 1768 758 {promissio
1807 707 1898 744 boni
1935 719 2032 756 quae
2066 708 2110 745 fit
2139 708 2288 746 homini
2328 715 2452 756 potest
2490 708 2624 746 cadere

1566 758 1636 794 sub
1665 766 1769 805 voto,
1799 759 2023 808 inquantum
2053 768 2108 798 est
2136 761 2331 808 quoddam
2361 773 2458 810 opus
2483 761 2625 798 virtuo-

1537 805 1539 865 <
1566 823 1663 847 sum.
1694 811 1743 847 Et
1760 823 1830 859 per
1856 812 1959 849 hunc
1982 813 2143 850 modum
2172 813 2457 862 intelligendum
2481 822 2537 851 est
2555 826 2624 850 vo-

1537 885 1538 913 1
1564 871 1646 899 tum
1666 875 1744 911 quo
1765 864 1848 911 quis
1875 872 1992 902 vovet
2019 865 2158 913 aliquid
2185 867 2324 904 sanctis
2342 868 2404 903 vel
2433 866 2622 915 praelatis:

1536 922 1538 968 l
1565 924 1606 952 ut
1624 916 1706 964 ipsa
1733 916 1935 964 promissio
1956 917 2054 954 facta
2073 918 2210 956 sanctis
2229 920 2290 956 vel
2318 919 2494 968 praelatis
2514 920 2624 956 cadat

1537 970 1538 1013 Ῐ
1565 969 1635 1006 sub
1664 976 1756 1006 voto
1790 969 2047 1017 materialiter,
2077 970 2305 1019 inquantum
2334 972 2474 1009 scilicet
2503 973 2623 1010 homo

1536 1039 1538 1051 ι
1563 1029 1682 1059 vovet
1709 1022 1793 1059 Deo
1815 1034 1855 1059 se
1875 1023 2117 1072 impleturum
2146 1024 2251 1072 quod
2280 1025 2416 1062 sanctis
2435 1025 2496 1062 vel
2515 1037 2623 1074 prae-

1535 1054 1538 1109 l
1564 1075 1645 1112 latis
1673 1075 1866 1124 promittit.
1919 1072 1922 1077 “

1535 1187 1539 1214 Ι
1616 1187 1641 1220 ὃ)
1660 1189 1828 1222 quandoque.
1839 1202 1858 1208 —
1876 1196 1938 1214 vero
1957 1189 2055 1214 addunt
2072 1189 2203 1214 BDEfflx.

1130 1277 1464 1310 Comme-maria.
1485 1276 1737 1309 cardinalis
1759 1276 1959 1310 Caietam
1991 1309 1994 1312 Α

458 1370 504 1432 ΙΝ
528 1359 658 1389 articulo
682 1357 794 1398 quinto
823 1356 965 1387 eiusdem
987 1355 1331 1395 octogesimaeoctavae
1352 1354 1510 1396 quaestio·
1534 1373 1538 1404 ἵ

485 1403 531 1433 nis
547 1401 680 1433 dubium
696 1400 830 1431 occurrit
849 1400 928 1430 circa
944 1409 1128 1440 processum
1143 1399 1272 1431 litterae.
1296 1399 1379 1430 Nam
1396 1408 1433 1430 ex
1448 1399 1510 1429 hoc

453 1447 540 1488 quod
556 1453 668 1476 votum
688 1452 734 1475 est
756 1444 924 1484 promissio
939 1444 1008 1474 Deo
1028 1443 1118 1480 facta,
1144 1451 1174 1474 et
1197 1443 1366 1485 promissio
1391 1449 1437 1473 est
1460 1453 1510 1473 or-

453 1490 571 1521 dinatio
602 1489 833 1529 promissorum
856 1488 888 1519 in
913 1498 987 1518 eum
1011 1488 1062 1519 cui
1085 1488 1295 1528 promittitur,
1320 1487 1441 1528 optime
1464 1497 1509 1517 se·

453 1534 574 1575 quitur:
598 1534 682 1572 Ergo
706 1540 818 1563 votum
841 1540 887 1563 est
911 1532 1068 1564 ordinatio
1088 1542 1203 1563 eorum
1224 1542 1306 1574 quae
1321 1531 1392 1573 quis
1415 1538 1511 1563 vovet
1534 1546 1536 1579 Ἰ

452 1579 484 1609 in
506 1579 621 1608 Deum.
645 1577 685 1608 Et
707 1583 812 1607 tamen
836 1577 868 1606 in
892 1577 993 1607 littera
1008 1576 1155 1607 infertur:
1179 1576 1271 1617 Ergo
1288 1581 1334 1607 est
1349 1575 1509 1606 ordinatio

452 1624 483 1653 in
506 1623 646 1652 divinum
671 1622 800 1652 cultum.
825 1620 922 1651 Aliud
945 1628 992 1652 est
1014 1619 1100 1651 enim
1124 1620 1262 1651 ordinari
1283 1620 1316 1651 in
1339 1620 1455 1655 Deum,
1480 1626 1510 1650 et

452 1667 534 1696 aliud
559 1665 694 1696 ordinari
717 1665 750 1695 in
774 1665 879 1695 Deum
902 1674 958 1705 per
980 1665 1064 1695 viam
1088 1665 1207 1696 cultus:
1238 1664 1347 1695 caritas
1371 1673 1508 1704 namque

452 1710 573 1741 ordinat
595 1709 628 1739 in
651 1710 766 1746 Deum,
791 1716 821 1740 et
843 1719 910 1739 non
934 1719 989 1749 per
1011 1709 1095 1739 viam
1119 1709 1232 1740 cultus.

505 1755 553 1784 Ad
577 1754 639 1784 hoc
663 1753 775 1784 dicitur
797 1753 886 1794 quod
915 1753 990 1794 quia
1012 1763 1116 1783 sermo
1136 1752 1190 1789 rei,
1215 1762 1280 1782 non
1301 1762 1350 1782 res
1369 1751 1509 1782 sermoni
1533 1778 1535 1788 ἰ

450 1799 540 1828 debet
563 1797 692 1834 subiici;
723 1805 754 1828 et
776 1797 808 1827 in
833 1807 1022 1838 unaquaque
1047 1797 1175 1828 materia
1204 1806 1366 1827 sermones
1395 1795 1508 1826 intelli·
1533 1802 1535 1828 ἰ

450 1842 764 1882 guntur‘secundum
788 1841 960 1872 subiectam
985 1841 1160 1871 materiam:
1192 1841 1264 1870 ideo
1293 1850 1359 1870 non
1388 1847 1434 1870 est
1464 1839 1508 1870 fa·
1533 1849 1535 1874 ι

451 1887 558 1916 cienda
582 1885 627 1916 vis
649 1885 682 1916 in
705 1885 816 1921 verbis,
841 1885 895 1915 ubi
920 1891 1042 1916 constat
1065 1885 1103 1915 de
1127 1885 1229 1916 rebus.
1253 1883 1387 1915 Constat
1401 1890 1508 1915 autem

450 1931 536 1970 quod
557 1930 625 1960 Deo
649 1929 865 1970 promittimus
888 1928 1044 1970 quidquid
1068 1928 1284 1970 promittimus
1305 1929 1364 1958 sub
1387 1928 1508 1958 ratione

450 1975 654 2006 reverentiae:
679 1973 831 2014 quoniam
855 1972 1050 2013 promittitur
1073 1980 1108 2004 ut
1131 1972 1329 2003 offerendum
1347 1972 1428 2003 Deo.
1452 1971 1507 2002 Di-

449 2018 555 2049 vinam
571 2025 676 2049 autem
691 2017 896 2048 reverentiam
914 2023 1036 2048 constat
1058 2017 1097 2047 ad
1121 2017 1243 2048 cultum
1258 2016 1318 2047 Dei
1341 2016 1507 2056 pertinere.

449 2063 489 2092 Et
518 2069 683 2103 propterea
713 2072 749 2092 ex
778 2061 839 2092 hoc
869 2061 957 2102 quod
980 2068 1056 2092 voto
1087 2060 1243 2102 promissa
1267 2059 1452 2091 ordinantur
1472 2059 1507 2090 in

449 2107 568 2142 Deum,
593 2106 736 2137 infertur:
762 2105 845 2145 Ergo
870 2100 1033 2136 ordinatur
1055 2105 1088 2135 in
1112 2105 1243 2136 cultum.
1274 2105 1348 2135 Non
1373 2114 1446 2144 ergo
1470 2114 1508 2135 ex

449 2150 510 2181 hoc
533 2151 620 2192 quod
644 2148 762 2191 aliquid
789 2149 951 2180 ordinatur
977 2150 1009 2180 in
1037 2149 1160 2185 Deum,
1187 2149 1242 2180 sed
1267 2159 1303 2179 ex
1332 2148 1394 2179 hoc
1418 2149 1507 2189 quod

450 2194 578 2234 aliquod
603 2194 794 2235 promissum
818 2193 980 2224 ordinatur
994 2194 1026 2224 in
1042 2193 1158 2229 Deum,
1178 2192 1390 2224 concluditur:
1414 2192 1507 2234 Ergo

449 2239 619 2269 ordinatur
641 2239 672 2268 in
697 2239 816 2269 cultum
840 2238 993 2269 divinum.
1018 2237 1110 2268 Unde
1127 2237 1222 2268 etiarn
1238 2237 1361 2268 credere
1384 2243 1414 2267 et
1437 2246 1506 2277 spe·
1532 2265 1533 2275 ,

450 2292 524 2318 rare,
542 2283 596 2322 qui
613 2290 686 2312 sunt
701 2290 787 2313 actus
804 2282 1034 2321 theologalium
1050 2282 1212 2317 virtutum,
1226 2288 1256 2312 et
1271 2291 1375 2311 amare
1389 2281 1507 2318 Deum,

449 2326 473 2355 si
490 2336 525 2356 ex
541 2334 615 2356 voto
629 2325 714 2362 fiant,
730 2326 923 2364 ordinantur,
941 2333 975 2356 ut
991 2333 1104 2356 exeunt
1121 2336 1137 2355 a
1155 2325 1305 2361 subiecto,
1321 2325 1353 2355 in
1367 2325 1506 2355 divinam

454 2370 672 2406 reverentiam,
697 2369 793 2400 finem
823 2370 996 2410 religionis:
1027 2370 1098 2400 licet
1121 2370 1182 2400 hoc
1206 2370 1245 2400 sit
1274 2379 1329 2410 per
1352 2369 1504 2400 accidens.

506 2414 541 2443 11.
569 2414 602 2443 In
619 2414 823 2453 responsione
839 2415 878 2444 ad
894 2415 1069 2444 secundum
1092 2414 1213 2444 articuli
1237 2413 1339 2454 quinti
1363 2413 1504 2444 eiusdem

450 2458 641 2498 quaestionis
672 2458 1025 2497 octogesimaeoctavae‚
1057 2458 1181 2489 adverte
1216 2458 1303 2498 quod
1335 2458 1505 2497 promissio

450 2509 553 2541 potest
576 2501 741 2541 dupliciter
763 2502 870 2541 accipi.
894 2502 1010 2538 Primo,
1035 2502 1066 2531 in
1084 2502 1193 2532 ordine
1217 2503 1256 2532 ad
1280 2512 1345 2531 rem
1369 2502 1503 2542 promis-

450 2556 527 2576 sam.
559 2546 598 2576 Et
621 2545 663 2575 sic
687 2545 820 2576 sumitur
843 2546 874 2575 in
899 2546 1012 2581 littera,
1038 2553 1067 2576 et
1090 2547 1169 2576 bene
1194 2545 1306 2577 dicitur
1328 2546 1415 2586 quod
1441 2556 1504 2576 non

451 2596 496 2620 est
518 2590 600 2624 dare,
618 2589 733 2620 scilicet
757 2589 816 2619 nisi
835 2590 866 2620 in
887 2600 988 2629 causa.
1009 2608 1029 2612 -
1049 2590 1121 2620 Alio
1138 2591 1237 2620 modo
1255 2589 1389 2620 sumitur
1406 2597 1440 2620 ut
1460 2597 1506 2620 est
1530 2614 1531 2631 ἶ

449 2633 482 2663 in
506 2643 538 2663 se
562 2633 692 2674 quidam
724 2633 836 2663 mentis
860 2640 964 2670 actus,
988 2643 1053 2674 quo
1078 2643 1166 2663 mens
1190 2640 1296 2664 nostra
1327 2643 1358 2663 se
1382 2634 1507 2665 subiicit

450 2678 518 2707 Deo
543 2678 620 2707 dum
643 2676 799 2717 promittit
821 2676 865 2707 illi
892 2677 1020 2718 aliquid.
1050 2677 1092 2707 Et
1114 2678 1157 2708 sic
1179 2678 1234 2718 qui
1255 2677 1410 2717 promittit
1435 2678 1504 2708 Deo
1529 2675 1531 2685 ’

450 2722 502 2751 dat
525 2722 593 2753 Deo
618 2731 682 2752 non
707 2731 773 2751 rem
796 2722 948 2757 dandam,
973 2722 1026 2751 sed
1051 2729 1190 2751 mentem
1214 2722 1388 2752 secundum
1413 2722 1504 2752 illum
1529 2725 1531 2746 l

450 2773 569 2797 actum:
601 2766 681 2796 sicut
704 2765 797 2796 etiam
820 2766 940 2796 dictum
963 2766 1044 2797 est*
1067 2766 1155 2806 quod
1185 2766 1285 2796 oratio
1311 2772 1357 2796 est
1384 2766 1503 2796 oblatio

449 2809 571 2840 mentis.
604 2809 644 2839 Et
671 2809 714 2839 sic
739 2819 855 2839 vovens
886 2809 1008 2840 cultum
1038 2810 1107 2840 Deo
1135 2809 1222 2841 affert
1249 2810 1342 2840 etiam
1365 2810 1397 2840 in
1421 2817 1504 2841 actu.

450 2898 520 2928 dere
534 2904 617 2933 vota,
642 2896 695 2927 sed
718 2906 842 2934 vovere,
867 2897 986 2927 dicens:
1018 2897 1093 2928 Vota
1110 2898 1265 2928 vovebunt
1279 2898 1417 2928 Domino
1434 2905 1502 2935 etc„

450 2949 484 2972 ut
507 2941 538 2971 in
561 2941 662 2971 littera
676 2941 694 2960 *
717 2941 821 2972 habes.

451 3029 585 3071 dubium
599 3029 733 3059 occurrit
756 3029 793 3059 de
810 3029 890 3059 votis
906 3039 987 3068 quae
1001 3029 1083 3060 fiunt
1098 3029 1209 3060 sanctis
1222 3038 1228 3059 ε
1252 3030 1407 3070 quoniam
1422 3030 1504 3060 male

449 3072 594 3102 videntur
608 3073 806 3112 interpretata
828 3072 860 3102 in
885 3073 994 3104 littera.
1019 3073 1102 3111 Quia
1126 3074 1239 3105 eodem
1255 3074 1353 3104 modo
1373 3075 1503 3114 promit-

450 3116 546 3146 timus
576 3115 687 3146 sanctis
719 3126 784 3156 quo
808 3116 917 3146 accidit
949 3117 1032 3146 Deo:
1058 3117 1173 3148 scilicet
1196 3118 1283 3158 quod
1317 3127 1380 3148 non
1411 3117 1504 3148 inter-

451 3160 566 3190 cedunt
589 3159 669 3190 duae
691 3159 925 3199 promissiones,
946 3160 1025 3190 sicut
1045 3160 1154 3191 accidit
1169 3161 1200 3190 in
1215 3161 1297 3191 votis
1321 3171 1401 3201 quae
1425 3160 1506 3192 fiunt
1530 3193 1531 3200 ἵ

450 3204 482 3233 in
507 3213 620 3234 manus
643 3204 863 3243 praelatorum,
888 3209 924 3233 ut
946 3210 1031 3243 patet
1054 3213 1090 3233 ex
1106 3203 1172 3243 ipsa
1187 3213 1304 3234 vocum
1324 3204 1504 3235 differentia.

451 3247 592 3278 Dicimus
617 3257 770 3287 namque,
801 3247 899 3278 Voveo
923 3248 994 3284 tibi,
1018 3253 1126 3278 sancte
1148 3249 1261 3278 Petre:
1290 3255 1319 3278 et
1343 3257 1407 3278 non
1426 3248 1505 3279 >dici-

452 3302 538 3328 muS,
569 3291 668 3322 Voveo
684 3284 908 3329 tibi,<Domine
925 3291 1046 3328 Abbas,
1072 3292 1145 3327 sed,
1175 3291 1274 3322 Voveo
1293 3292 1361 3322 Deo
1385 3297 1415 3322 et
1431 3301 1504 3322 san·
1531 3310 1532 3314 =

452 3337 509 3366 ctis
531 3335 615 3376 quod
638 3345 692 3366 ero
716 3335 771 3366 tibi
792 3335 948 3366 obediens.

507 3379 557 3410 Ad
580 3379 641 3409 hoc
656 3378 768 3409 dicitur
790 3379 878 3420 quod
902 3378 977 3420 quia
993 3378 1089 3409 sancti
1107 3385 1179 3408 sunt
1195 3378 1290 3409 medii
1306 3378 1386 3409 inter
1400 3379 1505 3409 Deum

453 3430 482 3453 et
512 3422 675 3458 homines,
700 3430 730 3453 et
760 3423 896 3453 medium
921 3423 1087 3463 utriusque
1110 3427 1259 3453 naturam
1283 3423 1366 3463 sapit
1379 3422 1409 3458 ⁴¹,
1433 3421 1505 3453 ideo

453 3466 572 3497 diversa
596 3467 633 3496 de
657 3467 769 3497 sanctis
792 3467 969 3497 sentiuntur
991 3466 1023 3496 in
1047 3466 1221 3506 proposito.
1247 3466 1278 3497 Si
1298 3466 1382 3496 enirn
1406 3466 1507 3497 consi·
1532 3483 1534 3506 i

454 3510 598 3540 derentur
622 3510 718 3540 sancti
749 3517 783 3541 ut
810 3510 955 3541 homines
986 3520 1040 3540 seu
1066 3517 1222 3541 creaturae
1250 3510 1434 3546 rationales,
1459 3520 1507 3540 ca·
1532 3507 1534 3526 ¹*

453 3563 544 3593 paces
567 3555 740 3584 secundum
765 3564 796 3584 se
820 3555 959 3590 honoris,
984 3554 1190 3591 obedientiae,
1207 3561 1281 3591 etc.,
1307 3554 1349 3584 sic
1373 3555 1506 3594 promis-

1561 1399 1639 1430 teria
1661 1399 1737 1430 voti.
1769 1399 1809 1431 Et
1838 1398 1871 1429 in
1899 1399 1960 1430 hoc
1990 1400 2183 1431 conveniunt
2204 1400 2303 1431 sancti
2332 1410 2407 1432 cum
2435 1401 2624 1438 hominibus

1534 1447 1536 1485 ξ
1561 1443 1742 1474 viatoribus.
1776 1443 1818 1474 Et
1834 1443 1884 1477 ⁷sic
1908 1444 2084 1474 considerat
2107 1454 2162 1474 eos
2184 1444 2302 1480 littera,
2324 1445 2462 1486 loquens
2492 1445 2531 1476 de
2553 1455 2623 1484 san-

1562 1487 1619 1518 ctis
1643 1497 1680 1518 ex
1695 1497 1731 1518 ea
1754 1494 1841 1527 parte
1865 1497 1929 1528 qua
1953 1487 2224 1528 distinguuntura
2238 1488 2324 1519 Deo:
2349 1495 2380 1520 et
2401 1498 2514 1520 verum
2536 1489 2622 1526 dicit.

1618 1532 1650 1562 Si
1669 1539 1775 1562 autem
1799 1531 2037 1563 considerantur
2055 1532 2152 1562 sancti
2177 1539 2212 1562 ut
2235 1539 2309 1563 sunt
2331 1532 2375 1562 dii
2397 1532 2625 1573 participative,

1561 1576 1662 1606 immo
1687 1583 1722 1607 ut
1745 1576 1778 1606 in
1801 1575 1844 1606 eis
1869 1582 1915 1606 est
1942 1583 1972 1606 et
1998 1576 2175 1607 honoratur
2197 1577 2300 1613 Deus,
2323 1576 2368 1607 sic
2396 1577 2623 1617 promissiones

1534 1622 1536 1635 *
1562 1620 1605 1650 eis
1630 1619 1728 1651 factae
1751 1626 1825 1650 sunt
1847 1627 1936 1651 vota:
1962 1620 2116 1661 quoniam
2130 1621 2199 1651 Deo
2219 1620 2251 1650 in
2265 1620 2342 1661 ipsis
2361 1620 2452 1652 fiunt.
2477 1621 2518 1653 Et
2541 1631 2623 1662 quor

1562 1664 1647 1694 niam
1670 1664 1736 1695 voti
1760 1673 1879 1694 nomen
1908 1672 2001 1695 sonat
2030 1664 2286 1704 promissionem-
2299 1665 2368 1696 Deo
2393 1665 2524 1702 factam,
2546 1665 2623 1705 adep

1562 1718 1636 1739 cum
1659 1708 1802 1739 absolute
1826 1708 1897 1749 quis
1920 1715 2014 1739 vovet
2036 1714 2144 1739 sancto
2168 1708 2277 1745 alicui,
2301 1708 2493 1749 intelligitur,
2507 1719 2624 1749 vovege

1561 1753 1630 1783 Deo
1653 1752 1687 1782 in
1713 1752 1769 1783 illo
1793 1759 1918 1782 sancto:
1952 1752 2032 1783 sicut
2061 1753 2284 1793 blasphemans
2314 1751 2454 1793 aliquem
2477 1760 2624 1793 sanctum

1560 1795 1743 1836 intelligitur
1758 1796 1974 1836 blasphemare
1998 1797 2103 1827 Deum
2119 1796 2152 1827 in
2171 1804 2279 1828 sancto
2302 1797 2369 1833 illo,
2387 1804 2423 1828 ut
2445 1797 2623 1838 superius!¹

1561 1840 1682 1871 dictum
1701 1847 1757 1876 est,
1781 1840 1856 1880 quia
1878 1840 2074 1880 blasphemia
2089 1841 2189 1871 solius
2205 1841 2263 1872 Dei
2280 1848 2340 1877 est;
2363 1841 2467 1872 simile
2481 1851 2622 1883 namque

1533 1886 1534 1927 ζ
1561 1891 1607 1915 est
1636 1884 1674 1915 de
1697 1894 1830 1920 vovere,
1854 1884 2008 1925 quoniam
2038 1885 2098 1916 soli
2125 1885 2194 1915 Deo
2225 1884 2269 1916 fit.
2294 1902 2315 1908 -
2338 1885 2380 1925 Et
2405 1884 2620 1922 continuatur,

1561 1927 1644 1966 Quia
1667 1927 1755 1959 aliter
1777 1928 1910 1966 sanctis,
1941 1927 2030 1958 aliter
2058 1928 2242 1960 hominibus
2269 1927 2390 1969 aliquid
2416 1930 2620 1970 promittiqu-

1560 1972 1680 2004 Sanctis
1697 1982 1836 2014 namque
1859 1972 2054 2012 promittitur
2069 1972 2150 2003 sicut
2171 1973 2252 2009 Deo,
2275 1972 2393 2004 scilicet
2418 1983 2484 2005 non
2499 1973 2622 2013 ratique

1560 2016 1703 2048 utilitatis
1725 2023 1910 2047 sanctorum
1933 2023 1988 2047 aut
2007 2015 2239 2048 certificationis
2262 2017 2457 2054 eorundem,
2481 2017 2624 2057 sicutfltjss

1559 2060 1754 2097 hominibus,
1770 2068 1806 2092 ut
1828 2067 1913 2102 patet
1935 2060 1968 2091 in
1990 2060 2092 2092 littera
2107 2060 2230 2092 articuli
2252 2061 2475 2102 praecedentis.
2499 2061 2622 2101 Eadffla

1559 2115 1634 2145 ergo
1657 2104 1779 2136 ratione
1800 2111 1912 2136 votum
1936 2104 1972 2135 fit
1993 2105 2063 2136 Deo
2087 2112 2118 2136 et
2139 2104 2264 2136 sanctis.
2284 2122 2305 2128 -
2323 2104 2390 2136 Nec
2411 2105 2515 2145 obstat
2533 2106 2623 2148 quqd

1559 2159 1673 2180 vovere
1702 2148 1741 2180 sit
1771 2156 1859 2180 actus
1881 2149 1988 2180 latriae
2011 2159 2067 2180 seu
2091 2148 2261 2190 religionis.
2293 2148 2458 2187 Quoniam
2479 2149 2623 2189 eiudessa

1558 2193 1681 2224 virtutis
1696 2199 1784 2224 actus
1807 2199 1853 2224 est
1875 2203 1990 2224 vovere
2012 2200 2042 2224 et
2061 2191 2166 2224 orare:
2190 2199 2222 2224 et
2244 2199 2367 2224 constat
2388 2194 2478 2234 quod
2493 2202 2623 2234 oraque

1560 2245 1684 2268 sanctos
1707 2237 1739 2267 in
1763 2237 1873 2268 ordine
1897 2237 1936 2267 ad
1959 2237 2075 2268 Deum.
2099 2255 2120 2260 -
2144 2237 2184 2268 Et
2207 2236 2412 2268 confirmatur
2437 2238 2500 2269 hoc
2522 2248 2559 2269 ex
2580 2248 2621 2270 eo

1559 2282 1648 2322 quod
1671 2289 1822 2312 voventes
1846 2291 1911 2311 non
1935 2288 2099 2312 recurrunt
2121 2282 2160 2311 ad
2184 2286 2308 2312 sanctos
2325 2281 2384 2312 nisi
2400 2281 2482 2313 sicut
2497 2289 2622 2315 orantes

1559 2326 1598 2356 ad
1622 2326 1751 2356 eosdem
1774 2332 1947 2356 recurrunt.
1971 2325 2012 2355 Et
2036 2335 2110 2356 cum
2135 2332 2216 2356 certa
2235 2325 2356 2357 ratione
2379 2325 2556 2358 nesciamus
2579 2336 2620 2358 an

1559 2369 1656 2401 sancti
1677 2376 1784 2400 nostra
1799 2376 1874 2400 vota
1890 2376 2084 2409 cognoscant
2100 2368 2259 2412 (quamvis
2278 2369 2330 2410 pie
2346 2369 2407 2400 hoc
2431 2369 2620 2414 credamus),

1559 2423 1756 2455 consequens
1780 2420 1826 2444 est
1849 2420 1885 2444 ut
1907 2413 2055 2444 vovendo
2080 2413 2262 2444 sanctis-“ad
2285 2413 2390 2444 Deum
2420 2413 2452 2444 in
2476 2413 2552 2456 ipsis
2574 2423 2621 2445 re—

1557 2468 1730 2488 curramus.
1754 2475 1776 2481 -
1800 2457 1966 2488 Consonat
1989 2467 2120 2498 quoque
2144 2458 2218 2488 huic
2235 2458 2485 2497 interpretationi
2505 2458 2622 2490 modus

1557 2502 1710 2532 vovendi:
1735 2501 1810 2543 quia
1826 2501 1942 2532 scilicet
1957 2502 2071 2532 sanctis
2087 2502 2231 2532 absolute
2246 2511 2410 2538 vovemus,
2431 2502 2511 2533 sicut
2532 2503 2620 2539 Deo;

1558 2546 1703 2587 praelatis
1727 2552 1834 2576 autem
1858 2555 1934 2582 non,
1958 2547 2012 2576 sed
2036 2555 2150 2576 vovere
2167 2556 2226 2576 nos
2242 2546 2376 2576 dicimus
2393 2546 2462 2576 Deo
2477 2553 2532 2578 aut
2550 2556 2619 2578 san-

1557 2590 1613 2621 ctis
1637 2600 1759 2621 servare
1782 2600 1863 2631 quae
1887 2590 2009 2635 homini
2034 2589 2260 2630 promittimus,
2286 2590 2339 2625 ubi
2358 2589 2528 2635 ¹manifeste
2609 2609 2621 2614 -

1558 2641 1625 2665 ctos
1648 2642 1757 2665 contra
1781 2634 1926 2664 homines
1951 2633 2185 2674 distinguimus.
2209 2630 2363 2674 ponent'es
2382 2634 2454 2665 illos
2472 2627 2574 2670 etia*
2603 2645 2621 2666 e

1557 2678 1626 2709 Dei.
1651 2679 1692 2709 Et
1714 2678 1775 2708 hoc
1799 2678 1837 2708 de
1857 2678 1939 2708 facto
1964 2684 2103 2708 servatur
2126 2677 2159 2708 in
2182 2676 2380 2718 professione
2399 2671 2572 2721 F'rutx'uffi'ss
2609 2697 2622 2702 -

1557 2723 1638 2753 dinis
1659 2722 1913 2753 Praedicatorum
1930 2722 2116 2753 voventium
2132 2722 2222 2759 Deo,
2246 2722 2358 2753 Beatae
2374 2722 2507 2759 Mariae*
2559 2720 2564 2726 “

1556 2767 1737 2803 Dominico,
1758 2773 1788 2797 et
1806 2766 1957 2798 omnibus
1973 2766 2097 2803 sanctis,
2113 2767 2202 2807 quod
2218 2773 2310 2798 erunt
2331 2767 2517 2801 obedientes
2527 2764 2623 2807 pia}

1554 2811 1618 2842 lato
1642 2821 1713 2842 suo.

449 2854 540 2884 Unde
564 2853 656 2884 Isaias
686 2853 765 2883 inter
788 2860 874 2884 actus
898 2853 1056 2893 religionis
1080 2863 1146 2883 non
1170 2854 1276 2884 solum
1306 2854 1413 2894 posuit
1436 2855 1504 2884 red·
1529 2846 1530 2861 ³

1613 2855 1665 2886 IV.
1691 2855 1725 2884 In
1745 2854 1856 2885 eadem
1871 2853 2078 2895 responsione
2102 2853 2236 2885 dubium
2256 2854 2401 2891 occurrit,
2422 2864 2473 2891 an,
2488 2836 2620 2899 quandq

1557 2899 1589 2929 in
1613 2905 1688 2929 voto
1714 2905 1907 2929 concurrunt
1930 2898 2010 2929 duae
2033 2897 2278 2938 promissiones,
2303 2898 2398 2930 altera
2422 2905 2459 2930 ut
2479 2896 2620 2935 matetiaQ

1529 2959 1531 2962 ν
1557 2943 1652 2973 altera
1676 2950 1711 2973 ut
1739 2942 1871 2973 essentia
1894 2942 1975 2979 voti,
2000 2942 2025 2972 si
2053 2942 2125 2983 quis
2153 2943 2361 2983 transgressor
2382 2941 2448 2973 voti
2472 2936 2620 2978 extiterit,

505 2985 555 3016 111.
580 2985 614 3015 ln
639 2985 842 3024 responsione
872 2986 910 3015 ad
934 2986 1062 3016 tertium
1091 2985 1233 3016 eiusdem
1256 2986 1358 3026 quinti
1383 2986 1504 3016 articuli
1530 3004 1531 3009 =

1558 2992 1723 3026 peccatum
1747 2987 1883 3017 duarum
1906 2986 2081 3026 specierum
2104 2987 2252 3018 incurrat.
2276 2986 2371 3018 Verbi
2385 2987 2493 3027 gratia,
2515 2995 2620 3018 voveo

1558 3031 1628 3061 Deo
1651 3031 1740 3071 quod
1763 3040 1817 3061 ero
1841 3030 1992 3061 obediens
2014 3031 2156 3071 praelato
2176 3038 2266 3062 meo:
2290 3031 2318 3062 si
2336 3041 2408 3066 sum
2422 3031 2617 3068 inobediens)

1562 1355 1668 1386 siones
1691 1365 1774 1396 quae
1790 1355 1835 1386 eis
1857 1354 1940 1386 fiunt
1961 1366 2027 1395 non
2043 1363 2117 1387 sunt
2139 1363 2224 1395 vota,
2240 1357 2296 1387 sed
2318 1363 2454 1398 possunt
2475 1366 2542 1388 esse
2558 1345 2629 1392 naa-⁸

2650 1807 2659 1817 ⁸
2670 1806 2718 1834 Qu.
2729 1811 2778 1832 xm,
2789 1809 2831 1828 m.
2843 1813 2860 1833 ι,

2649 1836 2678 1854 nd
2692 1838 2712 1855 2.

1559 3085 1598 3105 an
1621 3084 1750 3114 peccem
1773 3075 1879 3106 solum
1895 3081 2003 3106 contra
2018 3081 2148 3112 votum;
2171 3085 2211 3106 an
2227 3075 2325 3115 etiam
2345 3081 2458 3108 contra
2473 3075 2622 3126 obedia&
2671 3084 2674 3085 ’

1557 3118 1619 3148 tiae
1641 3118 1808 3155 virtutem,
1841 3125 1876 3148 ut
1898 3118 1942 3149 sic
1965 3125 2130 3159 peccatum
2160 3116 2200 3150 sit
2222 3126 2254 3150 et
2282 3118 2315 3159 in
2338 3118 2440 3160 specie
2469 3114 2581 3151 sam*

1560 3167 1590 3191 et
1611 3161 1643 3191 in
1668 3161 1770 3202 specie
1793 3160 2034 3192 inobedientiae.
2065 3162 2107 3193 Et
2136 3169 2183 3193 est
2205 3162 2284 3193 ratio
2309 3162 2396 3194 dubii
2416 3161 2552 3204 'quiassi
2603 3166 2620 3193 'c

1530 3226 1532 3235 ,
1560 3205 1681 3241 dicitur,
1706 3205 1772 3245 pari
1789 3205 1909 3236 ratione
1924 3215 2042 3236 vovens
2065 3206 2204 3237 ieiunare
2228 3206 2278 3237 die
2293 3206 2423 3243 sabbati,
2447 3204 2620 3247 frangbhdd

1560 3249 1768 3288 postmodum
1783 3249 1937 3279 ieiunium
1957 3250 2100 3289 peccabit
2118 3250 2214 3280 etiam
2230 3250 2406 3291 dupliciter,
2418 3248 2620 3290 scilicetpec-

1559 3298 1628 3323 cato
1646 3292 1738 3332 gulae
1757 3299 1787 3323 et
1809 3299 1938 3332 peccato
1955 3293 2117 3333 sacrilegii.
2141 3294 2240 3332 Quod
2255 3295 2378 3326 videtur
2392 3294 2520 3327 falsum:
2541 3302 2620 3330 eum

1531 3361 1533 3364 .
1560 3335 1721 3376 contingat
1735 3336 1876 3376 frangere
1892 3343 2005 3368 votum
2019 3337 2129 3368 ieiunii
2143 3338 2262 3380 absque
2278 3339 2394 3379 violata
2408 3337 2586 3370 sobrietate.
2599 3355 2620 3361 -

1561 3379 1592 3410 Si
1616 3389 1690 3409 vero
1720 3389 1784 3410 non
1816 3379 1858 3411 sic
1888 3379 2017 3415 dicitur.
2042 3381 2109 3422 pari
2139 3381 2260 3413 ratione
2290 3380 2436 3422 frangens
2463 3380 2619 3413 ieiunium

1560 3403 1763 3463 praeceptiim
1793 3424 1831 3454 ab
1855 3423 1994 3455 Ecclesia
2024 3435 2090 3455 non
2117 3425 2260 3466 peccaret
2287 3432 2395 3457 contra
2418 3423 2618 3457 sobrietatem

1561 3477 1615 3497 seu
1633 3467 1862 3504 abstinentiam,
1880 3469 1932 3498 sed
1957 3469 2063 3499 solum
2080 3477 2189 3500 contra
2205 3468 2433 3500 obedientiam:
2458 3469 2548 3500 cuius
2564 3479 2620 3510 op-

1561 3511 1703 3551 positum
1722 3511 1865 3551 superius
1880 3510 1895 3526 *¹
1915 3519 1945 3542 et
1963 3513 2093 3543 inferius
2106 3513 2142 3532 **
2159 3513 2300 3544 habetur.
2325 3513 2382 3543 Est
2401 3513 2485 3543 enim
2505 3519 2619 3544 votum

1560 3555 1609 3585 lex
1632 3554 1806 3595 singularis,
1831 3556 1911 3586 sicut
1934 3563 2137 3597 praeceptum
2160 3557 2213 3590 lex.
2231 3556 2422 3588 communis.

2647 3460 2738 3483 ’1⁸11⁸⁰
2751 3466 2810 3489 qum

2647 3477 2839 3515 art.4‚dommeu

2647 3519 2712 3536 num.
2727 3519 2750 3536 v.

2647 3542 2667 3552 ⁸·
2694 3545 2808 3564 amauit.

2645 3573 2667 3596 3,
2744 3570 2816 3589 ment.

2855 3419 2860 3452 l
