2860 4244
44 777 53 787 ⁸
68 774 106 797 Cf.
119 780 183 796 num.
199 781 240 797 vn.

0 619 9 664 ἐ

0 699 13 799 ξ,

19 2761 39 2796 ξ
52 2766 106 2789 ⁶.OE
114 2772 178 2789 num.
194 2772 264 2794 prae-

28 2810 29 2813 ,
50 2793 102 2816 aed.

54 3031 64 3041 ·
71 3030 264 3058 uranum-ao.

150 3074 159 3085 f

904 213 1171 259 QUAESTIO
1202 213 1451 260 LXXXVIII,
1480 211 1778 249 ARTICULUS
1808 212 1839 249 11

2382 222 2452 258 241

337 292 390 322 V1.
421 291 473 329 Ad
505 291 695 322 evidentiam
733 291 829 322 huius
859 290 1067 326 difficultatis,
1102 291 1341 331 distinguendus
1368 291 1370 332 ξ
1397 297 1519 322 tenetur
1541 299 1664 321 servare
1680 289 1875 331 promissum
1891 290 2015 320 bonurn
2030 289 2175 329 quamvis
2191 298 2227 319 ex
2243 289 2327 329 turpi
2349 299 2458 321 causa:

284 342 330 366 est
352 344 463 365 sensus
481 335 686 375 quaestionis,
710 342 741 366 et
763 335 887 375 singula
910 335 1070 365 nactanda
1093 342 1167 365 sunt
1189 336 1341 371 membra,

284 380 360 410 cum
373 379 443 409 suis
453 379 675 410 incidentibus.
691 379 870 419 Tripliciter
883 378 979 418 igitur
989 385 1095 419 potest
1109 379 1239 419 intelligi
1255 380 1341 420 quod

284 511 365 542 citur
385 511 508 542 voveri:
531 511 613 542 sicut
634 521 715 541 vana
737 511 838 550 gloria
860 517 907 541 est
930 509 1001 540 finis
1028 510 1247 551 eleemosynae
1269 521 1344 541 curn

285 555 360 596 quis·
376 561 504 586 voveret
519 555 592 586 dare
608 555 845 595 eleemosynam
867 561 997 594 propter
1018 554 1147 584 inanem
1163 555 1306 594 gloriam.
1322 572 1344 579 -

285 599 442 636 Secundo,
467 605 503 630 ut
526 600 629 629 malus
651 598 722 628 finis
743 598 783 629 sit
804 597 876 628 finis
900 608 964 628 non
996 598 1072 628 boni
1101 599 1190 639 quod
1213 598 1344 639 promit-

284 643 376 680 titur,
400 643 455 674 sed
478 642 699 683 applicationis
729 642 869 672 hominis
893 643 932 672 ad
954 642 1153 672 vovendum:
1186 642 1267 673 sicut
1295 643 1344 673 lu-

283 687 411 718 xuriosa
438 686 504 717 vita
527 693 580 717 sest
605 685 677 716 finis
705 685 911 726 professionis
942 695 1016 716 cum
1044 686 1115 727 quis
1145 686 1347 727 profiteretur

286 730 427 771 aliquam
442 730 628 781 religionem
644 736 680 761 ut
696 729 856 760 luxuriose
872 730 1000 761 viveret.
1016 747 1037 754 -
1053 731 1173 767 Tertio,
1191 737 1227 761 ut
1242 731 1345 761 malus

285 773 356 804 finis
378 774 419 805 sit
444 773 516 804 finis
546 774 646 814 ipsius
666 774 733 805 voti
748 773 774 810 *‚
807 774 850 804 ita
873 774 962 815 quod
985 774 1092 815 ipsum
1119 781 1232 806 votum
1262 774 1347 804 ordi-

284 819 378 849 riatur
398 818 442 849 ad
461 818 584 848 malum
607 817 704 848 finem
724 825 760 849 ut
781 819 872 858 quod
887 825 934 849 est
953 818 994 848 ad
1015 818 1113 849 finem
1129 819 1293 849 ordinatur
1307 818 1346 848 ad

284 861 398 893 finem:
431 861 513 892 sicut
538 861 670 893 victoria
699 862 732 892 in
762 862 846 893 bello
877 862 996 893 iniusto
1027 869 1109 894 esset
1134 862 1207 893 finis
1229 862 1296 892 voti
1320 861 1345 891 si

284 905 357 948 quis
380 906 582 947 promitteret
612 906 682 937 Deo
705 907 795 947 quod
819 906 844 937 si
866 907 954 937 daret
981 906 1026 937 illi
1049 906 1213 937 victoriam
1236 906 1268 935 in
1291 905 1346 936 tali

285 949 380 986 bello,
404 949 530 983 offerret
551 951 622 981 Deo
644 950 732 981 mille
755 960 878 982 aureos.

340 994 375 1024 ln
399 993 503 1034 primo
527 1003 602 1035 ergo
626 1003 730 1031 sensu,
755 994 926 1025 dicendum
949 1001 996 1024 est
1017 994 1106 1034 quod
1129 1000 1242 1024 votum
1269 992 1348 1022 nihil

284 1038 385 1069 valet:
405 1039 482 1079 quia
504 1048 571 1069 non
595 1045 643 1070 est
661 1046 785 1075 votum,
809 1039 864 1068 sed
885 1037 1039 1068 diabolica
1062 1037 1248 1077 promissio,
1273 1037 1347 1077 quia

285 1082 414 1113 materia
438 1083 506 1113 eius
528 1091 595 1114 non
618 1089 665 1113 est
687 1083 817 1123 aliquod
841 1082 975 1117 bonum,
999 1081 1053 1111 sed
1077 1080 1251 1111 formaliter
1279 1091 1347 1111 ma-

284 1126 369 1162 lum;
393 1133 430 1158 ut
451 1132 538 1167 patet
559 1127 592 1157 in
615 1127 762 1166 exemplo
777 1125 852 1156 dato
874 1135 949 1156 cum
967 1125 1040 1166 quis
1062 1131 1156 1156 vovet
1175 1125 1248 1155 dare
1268 1125 1347 1156 elee-

233 1162 246 1173 ”
286 1179 455 1211 mosynam
477 1177 608 1211 propter
621 1170 749 1201 inanem
773 1170 918 1210 gloriam.
942 1170 983 1200 Et
1006 1169 1084 1200 ratio
1101 1176 1147 1199 est
1166 1169 1241 1210 quia
1261 1169 1347 1200 iuxta

286 1214 373 1245 hunc
403 1223 532 1245 sensum
562 1214 642 1245 ordo
673 1215 847 1255 promissae
878 1213 1010 1245 actionis
1038 1214 1077 1243 ad
1101 1214 1222 1244 malum
1250 1213 1347 1244 finem

287 1258 370 1289 eadit
398 1259 459 1288 sub
487 1264 585 1295 voto,
614 1268 682 1289 non
712 1259 780 1289 sola
807 1258 889 1289 actio
920 1257 1216 1299 supererogationis.
1253 1257 1347 1288 Verbi

285 1302 397 1342 gratia,
429 1302 463 1343 ly
485 1308 621 1343 propter
657 1304 784 1333 inanem
819 1303 960 1344 gloriam
993 1302 1179 1333 determinat
1206 1302 1239 1343 ly
1267 1302 1348 1333 dare

286 1346 535 1396 eleemosynam,
559 1347 714 1387 quoniam
737 1354 784 1378 est
806 1346 877 1377 finis
899 1347 984 1377 illius
1008 1347 1096 1376 dare:
1129 1355 1164 1377 ac
1191 1356 1248 1386 per
1275 1346 1346 1382 hoc,

286 1389 422 1425 materia
426 1390 611 1429 ζειὶὶννσῐί·
621 1399 688 1421 non
711 1398 758 1423 est
780 1391 988 1422 solummodo
1004 1391 1078 1421 dare
1101 1390 1346 1431 eleemosynam,

264 1433 470 1465 -nariotum
493 1435 565 1471 hoc,
589 1435 706 1466 scilicet
725 1436 798 1467 dare
815 1437 1051 1476 eleemosynam
1073 1441 1203 1475 propter
1220 1434 1348 1465 inanem

286 1477 431 1520 gloriam,
448 1480 538 1520 quod
554 1486 678 1511 constat
691 1489 758 1510 esse
774 1480 948 1511 formaliter
962 1479 1094 1510 malum.
1119 1479 1256 1509 Attende
1266 1488 1347 1529 ergo

183 1532 203 1546 ¹ss
227 1526 239 1540 ²
287 1522 321 1553 in
350 1523 536 1554 huiusmodi
559 1523 642 1554 votis
674 1524 700 1554 si
724 1525 827 1555 malus
856 1523 928 1555 finis
957 1523 1088 1565 ponitur
1114 1522 1186 1553 finis
1216 1523 1349 1553 actionis

185 1581 204 1593 ει
236 1576 238 1580 ’
288 1568 561 1608 supererogativae
577 1578 660 1609 quae
680 1575 726 1599 est
741 1568 871 1600 materia
886 1567 963 1604 voti,
988 1574 1023 1598 ut
1041 1567 1130 1597 vides
1152 1567 1185 1597 in
1202 1567 1348 1607 exemplo

289 1612 374 1642 dato.
410 1612 451 1643 Et
473 1621 547 1642 cum
571 1611 633 1643 hoc
655 1612 827 1651 inveneris,
853 1612 949 1643 dicito
978 1610 1225 1652 promissionem
1253 1611 1349 1642 talem

289 1664 355 1686 non
371 1664 439 1686 esse
453 1663 581 1687 votum:
598 1656 673 1698 quia
688 1656 974 1697 supererogationis
990 1657 1114 1686 bonum
1130 1665 1195 1686 non
1212 1656 1348 1692 nudum,

289 1700 345 1730 sed
367 1699 516 1731 vestitum
538 1700 593 1731 tali
610 1706 756 1741 propter,
782 1701 912 1741 ponitur
934 1700 1064 1731 materia
1086 1700 1163 1730 voti.

299 1751 301 1768 ῑ
346 1744 546 1775 lnnsecundo
575 1751 682 1775 autern
707 1755 817 1782 sensu,
842 1745 972 1785 quando
1003 1744 1120 1775 scilicet
1151 1744 1256 1774 malus
1279 1743 1351 1774 finis

290 1788 425 1829 ponitur
448 1787 521 1819 finis
543 1789 643 1820 solius
671 1790 891 1830 applicationis
921 1790 960 1820 ad
983 1789 1182 1824 vovendum,
1207 1795 1244 1819 ut
1267 1795 1352 1828 patet

289 1832 330 1863 in
345 1833 494 1874 exemplo
515 1833 722 1874 professionis
745 1841 875 1875 propter
891 1834 990 1864 vitam
1012 1833 1223 1869 luxuriosam,
1248 1832 1353 1863 dicen-

291 1877 370 1908 dum
387 1884 434 1908 est
448 1878 539 1918 quod
560 1885 675 1909 votum
698 1885 744 1909 est
766 1888 838 1909 vere
851 1884 964 1909 votum
988 1884 1019 1908 et
1037 1877 1189 1913 validum,
1207 1877 1352 1918 quamvis

290 1921 362 1952 talia
382 1921 428 1952 sic
449 1922 598 1953 vovendo
625 1929 734 1963 peccet
757 1922 940 1954 mortaliter.
971 1921 1012 1952 Et
1040 1921 1072 1951 in
1097 1928 1249 1962 promptu
1273 1921 1352 1952 ratio

290 1972 346 1997 est.
378 1965 463 2003 Quia
486 1967 589 1997 malus
611 1966 700 2003 finis,
724 1967 811 1998 iuxta
838 1967 923 1997 hunc
947 1975 1092 2001 sensum,
1117 1975 1182 1996 non
1213 1971 1259 1996 est
1270 1965 1353 2004 ,finis

289 2010 365 2049 voti,
383 2015 438 2043 aut
456 2011 589 2042 actionis
604 2012 654 2042 vel
675 2011 856 2042 omissionis
876 2010 1148 2051 supererogativae
1185 2019 1252 2040 non
1268 2010 1354 2040 enim

290 2052 347 2095 Qui
369 2053 536 2096 profitetur
551 2056 676 2086 ordinat
697 2065 795 2086 suum
810 2055 938 2086 obedire
955 2055 994 2085 ad
1016 2054 1175 2085 luxuriam
1199 2062 1205 2069 ·
1231 2055 1286 2085 sed
1309 2060 1355 2085 est

289 2097 362 2132 finis
383 2099 603 2140 applicationis
619 2101 659 2131 ad
678 2100 905 2140 profitendum.
929 2099 1012 2129 Nam
1028 2099 1053 2129 si
1069 2105 1252 2139 quaeratur:
1276 2100 1353 2129 Pro-

283 2147 362 2184 pter
383 2143 467 2185 quid¹
481 2145 626 2185 applicas
648 2150 678 2175 te
700 2145 744 2175 ad
759 2144 978 2186 profitendum
1006 2148 1036 2174 et
1059 2148 1104 2174 tot
1129 2143 1199 2174 Deo
1217 2144 1354 2183 promit-

290 2187 450 2219 tendum?
470 2189 688 2229 respondebit:
717 2189 758 2219 Ut
774 2189 878 2220 vivam
899 2189 1076 2219 luxuriose.
1099 2187 1147 2218 Ex
1160 2186 1224 2217 fine
1247 2193 1353 2218 autem

262 2231 268 2238 “
291 2232 511 2273 applicationis
534 2234 574 2264 ad
595 2233 780 2264 vovendum
803 2243 870 2264 non
893 2232 1043 2263 adimitur
1057 2238 1112 2262 aut
1129 2231 1220 2262 datur
1243 2239 1354 2262 natura

290 2276 368 2313 voti,
392 2283 447 2308 aut
469 2277 555 2308 illius
577 2277 754 2309 vinculum.
778 2277 908 2308 Discute
931 2276 1026 2317 igitur
1049 2282 1080 2306 et
1102 2276 1164 2306 hoc
1180 2275 1353 2315 diligenter.

291 2320 456 2358 Quoniam
479 2322 596 2353 multas
613 2322 815 2363 quaestiones
837 2322 911 2352 inde
930 2321 1034 2351 solves
1050 2320 1088 2350 de
1111 2319 1220 2350 multis
1236 2330 1354 2351 voven-

290 2364 375 2396 tibus
405 2373 535 2407 propter
565 2367 687 2397 malum
710 2365 824 2405 finem,
847 2373 924 2406 puta
955 2371 991 2395 ut
1013 2364 1232 2404 complaceant
1260 2364 1353 2395 alicui

290 2409 441 2440 scelerato
471 2410 504 2440 in
533 2410 594 2441 hoc
617 2411 706 2451 quod
729 2417 856 2441 vovent.
888 2410 924 2440 In
947 2409 1098 2439 omnibus
1128 2408 1213 2438 enim
1243 2408 1352 2439 huius-

290 2453 379 2484 modi
397 2463 470 2485 vere
485 2461 599 2485 votum
623 2461 670 2486 est
692 2462 723 2485 et
745 2455 870 2485 bonum
885 2461 915 2484 et
931 2459 1087 2488 sanctum,
1111 2452 1165 2482 sed
1185 2452 1353 2492 applicatio

290 2498 331 2529 ad
348 2499 532 2529 vovendum
555 2506 601 2530 est
624 2498 792 2530 diabolica:
817 2504 947 2539 propter
966 2507 1074 2537 quam,
1094 2503 1130 2527 ut
1153 2497 1273 2527 dictum
1297 2504 1352 2534 est,

290 2549 399 2584 peccat
421 2543 465 2574 sic
487 2552 616 2574 vovens.

343 2583 386 2618 Et
408 2597 445 2618 ex
468 2587 516 2618 his
540 2594 625 2628 patet
648 2587 738 2628 quod
761 2586 954 2618 obiectiones
977 2585 1018 2615 ad
1041 2591 1208 2625 utramque
1232 2591 1354 2625 partem

289 2629 402 2662 allatae
425 2631 621 2663 concludunt
642 2640 770 2662 verum:
803 2630 904 2672 prima
927 2630 1014 2660 iuxta
1036 2628 1178 2669 primum
1206 2637 1353 2668 sensum;

194 2676 213 2685 ¹¹
263 2671 267 2706 ζ
290 2681 322 2706 et
344 2675 482 2706 secunda
503 2676 600 2709 iuxta,
614 2676 801 2706 secundum.

344 2719 413 2750 vn.
437 2719 474 2750 ln
495 2720 588 2751 tertio
611 2729 687 2750 vero
710 2729 822 2755 sensu,
847 2718 976 2759 quando
1000 2716 1072 2747 finis
1095 2717 1199 2747 malus
1221 2717 1352 2757 ponitur

290 2762 362 2794 finis
393 2763 495 2803 ipsius
524 2764 592 2795 voti
607 2764 640 2800 *,
665 2763 926 2804 distinguendum
955 2769 1010 2792 est.
1046 2761 1131 2798 Quia
1157 2761 1220 2791 hoc
1248 2767 1354 2800 potest

291 2807 458 2847 dupliciter
488 2807 564 2839 fieri
598 2808 723 2844 Primo,
748 2814 784 2838 ut
805 2806 1009 2858 promittatur
1033 2805 1175 2836 executio
1199 2805 1266 2835 voti
1294 2815 1352 2845 pro

290 2851 377 2882 malo
401 2852 576 2883 obtinendo
599 2851 678 2882 fine:
701 2851 788 2882 verbi
811 2850 922 2891 gratia,
942 2855 1038 2880 vovet
1061 2849 1125 2879 dux
1147 2848 1221 2879 belli
1244 2848 1352 2880 iniusti

290 2905 333 2932 se,
353 2901 425 2926 ante
442 2905 646 2947 congressum
661 2895 746 2933 belli,
763 2895 946 2926 oblaturum
965 2894 1034 2924 Deo
1057 2893 1143 2923 mille
1164 2902 1277 2923 aureos
1293 2903 1352 2933 pro

291 2939 464 2971 obtinenda
480 2950 498 2970 a
513 2940 583 2972 Deo
598 2940 739 2971 victoria.
763 2939 804 2970 Et
820 2938 873 2975 sic,
892 2947 966 2968 cum
989 2936 1058 2968 talis
1080 2935 1250 2967 oblationis
1266 2936 1352 2968 mille

291 2993 462 3015 aureorum
484 2983 556 3015 finis
579 2985 618 3015 sit
637 2984 750 3020 malus,
775 2982 854 3013 redit
878 2991 967 3013 casus
990 2981 1176 3021 reprobatus
1199 2980 1236 3014 in.
1247 2980 1352 3020 primo

291 3037 385 3058 sensu
408 3028 441 3058 *ε
475 3029 556 3059 clare
588 3037 727 3069 namque
755 3033 840 3068 patet
874 3026 962 3067 quod
988 3025 1057 3066 ipsa
1090 3024 1156 3055 voti
1190 3025 1351 3063 executio,

291 3072 408 3103 scilicet
431 3071 541 3103 offerre
564 3072 650 3103 mille
672 3081 785 3103 aureos
808 3081 867 3111 pro
891 3069 1007 3101 iniusta
1029 3068 1176 3105 victoria,
1202 3075 1248 3099 est
1270 3069 1352 3100 actio

295 3115 468 3148 formaliter
507 3117 606 3153 mala,
643 3126 710 3147 non
742 3115 849 3146 minus
879 3124 978 3156 quarn
1015 3114 1087 3144 dare
1117 3113 1352 3154 eleemosynam

291 3167 421 3203 propter
436 3161 564 3191 inanem
587 3160 731 3202 gloriam.
754 3160 829 3190 Non
853 3165 900 3189 est
922 3168 996 3198 ergo
1019 3158 1063 3188 sic
1079 3157 1159 3188 facta
1180 3157 1350 3198 promissio
1378 3189 1380 3197 ⁴

291 3210 414 3235 votum.

347 3249 510 3284 Secundo,
535 3255 571 3279 ut
592 3247 796 3289 promittatur
819 3246 961 3278 executio
985 3245 1051 3276 voti
1082 3251 1155 3286 post
1184 3246 1352 3276 obtentum

292 3303 310 3323 a
328 3293 402 3323 Deo
431 3291 540 3323 finem.
571 3292 612 3323 Et
633 3291 666 3322 in
689 3292 752 3323 hoc
779 3301 873 3322 sensu
897 3289 1063 3321 difficultas
1091 3290 1231 3341 emergit.
1267 3289 1352 3327 Quia

292 3347 329 3368 ex
351 3346 418 3377 quo
447 3337 504 3367 iste
534 3343 580 3368 est
610 3342 798 3367 consecutus
820 3334 1000 3378 victoriam,
1023 3334 1096 3365 licet
1125 3333 1290 3370 iniustam;
1322 3340 1352 3364 et

291 3381 421 3412 victoria
443 3381 503 3412 ista
526 3388 572 3411 est
587 3391 605 3411 a
621 3381 701 3417 Deo,
717 3380 791 3421 quia
815 3382 911 3410 omne
932 3379 1058 3410 bonum
1080 3384 1127 3408 est
1142 3388 1160 3408 a
1175 3377 1256 3414 Deo,
1279 3357 1352 3408 licet

291 3425 442 3456 iniustitia
458 3425 525 3456 eius
546 3435 611 3455 non
629 3424 668 3455 sit
683 3434 700 3454 a
715 3424 801 3455 Deo:
827 3423 1024 3464 consequens
1041 3428 1086 3453 est
1101 3421 1190 3462 quod
1209 3427 1352 3452 teneatur

291 3469 349 3500 iste
372 3479 493 3500 servare
516 3469 711 3510 promissum
735 3469 874 3502 bonum.
899 3467 1016 3498 scilicet
1038 3465 1148 3497 offerre
1171 3466 1240 3496 Deo
1264 3465 1351 3496 mille

292 3523 415 3544 aureos.
433 3531 452 3536 -
481 3514 522 3544 Et
545 3512 760 3544 confirmatur.
791 3511 875 3550 Quia
897 3511 971 3551 plus
993 3517 1117 3542 tenetur
1132 3519 1254 3540 servare
1277 3519 1350 3549 pro-

248 3586 250 3589 .
293 3557 425 3588 missum
442 3558 542 3588 homo
557 3558 628 3588 Deo
651 3567 749 3598 quam
769 3556 855 3587 alteri
871 3554 1004 3586 homini.
1029 3554 1090 3586 Sed
1112 3554 1212 3585 homo
1228 3553 1351 3584 homini

434 3619 544 3644 Summas
563 3618 664 3643 Timor..
683 3617 715 3642 D.
727 3617 840 3642 Tnomr:
859 3615 891 3640 Τ.
906 3615 947 3640 VI.

1369 359 1370 370 ,
1398 342 1433 365 ut
1454 342 1540 375 patet
1570 335 1609 364 de
1632 334 1789 374 promissa
1812 334 1955 365 mercede
1985 333 2150 364 meretrici.
2181 333 2266 373 Ergo
2290 333 2390 364 homo
2414 342 2460 365 te-

1369 374 1371 413 ἶ
1398 386 1490 409 netur
1515 388 1636 409 servare
1660 378 1854 419 promissum
1878 379 2002 408 bonum
2031 378 2101 407 Deo
2132 377 2279 418 quamvis
2308 387 2344 408 ex
2374 378 2460 418 turpi

284 423 384 453 horno
407 430 521 454 voveat
549 424 673 454 bouum
696 423 982 463 supererogationis
1005 429 1134 462 propter
1147 445 1149 447 .
1162 424 1284 454 malurn
1308 422 1344 453 fi·
1370 444 1371 463 ἢ

284 477 369 498 nem.
392 467 516 503 Primo,
541 474 577 498 ut
598 468 702 498 malus
724 466 796 497 finis
819 467 859 498 sit
881 466 952 496 finis
974 465 1059 496 illius
1086 467 1163 496 boni
1186 468 1275 508 quod
1299 467 1343 497 di-
1370 471 1371 474 ’

1399 432 1501 458 causa,
1526 423 1643 453 scilicet
1665 422 1795 453 victoria
1818 421 1945 453 iniusta.

1451 466 1513 497 Sed
1528 476 1603 496 cum
1625 475 1728 504 nemo,
1753 473 1789 496 ut
1802 466 2002 506 Augustinus
2025 465 2100 496 dicit
2114 464 2141 501 ¹¹²,
2165 464 2235 495 Deo
2257 470 2388 496 auctore
2392 466 2460 507 fiat

1398 510 1502 540 malus
1526 517 1580 540 aut
1597 511 1710 550 peior;
1732 517 1764 540 et
1786 510 1918 551 quilibet
1941 509 1974 539 in
1997 508 2195 549 assequendo
2219 518 2315 539 suum
2338 511 2460 541 malum

1399 553 1496 583 finem
1518 552 1572 583 fiat
1588 554 1690 593 peior:
1715 563 1914 595 consequens
1929 560 1976 584 est
1990 553 2079 594 quod
2101 553 2189 583 Deus
2209 562 2276 583 non
2296 553 2336 584 sit
2351 561 2461 585 auctor

1399 597 1605 628 assecutionis
1628 597 1702 627 mali
1718 597 1799 628 finis.
1824 601 1870 628 Ac
1886 607 1942 638 per
1956 598 2027 633 hoc,
2044 603 2158 627 votum
2180 597 2241 627 tale
2264 597 2459 638 blasphemia

1399 641 1506 681 potius
1530 650 1629 681 quam
1651 648 1764 671 votum
1789 649 1849 678 est,
1875 649 1904 672 et
1927 642 1966 671 ad
1990 641 2068 671 nihil
2091 641 2226 671 omnino
2249 641 2368 682 obligat
2400 643 2460 673 nisi

1400 686 1440 715 ad
1463 684 1700 724 poenitentiam.
1725 685 1953 725 Blasphemum
1976 692 2023 715 est
2045 694 2183 725 namque
2206 685 2373 717 attribuere
2388 687 2460 718 Deo

1400 729 1488 769 quod
1511 728 1579 768 ipse
1603 729 1754 759 concedat
1777 729 1927 760 iniustam
1949 729 2123 765 victoriam,
2147 739 2212 759 non
2236 729 2342 760 minus
2362 741 2460 772 quam

1399 772 1487 813 quod
1511 772 1578 822 ipse
1603 773 1754 802 concedat
1778 773 1983 804 concubitum
2008 772 2126 803 alienae
2150 773 2273 803 uxoris:
2298 784 2355 814 par
2375 775 2460 806 enim

1401 823 1447 846 est
1474 816 1553 846 ratio
1577 817 1615 846 de
1639 816 1783 856 quolibet
1805 817 1892 847 malo
1916 816 1994 853 fine;
2026 823 2057 847 et
2079 823 2202 847 constat
2224 819 2312 858 quod
2340 819 2365 849 si
2389 820 2461 860 quis

1401 859 1598 900 promitteret
1628 860 1697 890 Deo
1722 860 1832 890 offerre
1855 861 1913 891 sibi
1937 840 2022 890 mille
2045 871 2158 891 aureos
2187 861 2212 891 si
2236 861 2350 893 faceret
2373 864 2461 904 quod

1401 904 1638 934 comcumberet
1667 913 1741 934 cum
1765 913 1862 934 uxore
1885 905 2021 944 proximi
2044 905 2109 940 sui,
2139 905 2342 945 blasphemus
2371 914 2460 944 esset,

1372 954 1374 964 ¹
1402 947 1528 983 faciens,
1545 954 1703 998 quantum
1718 948 1751 977 in
1776 958 1808 978 se
1824 954 1879 984 est,
1896 948 2002 978 Deum
2017 949 2176 980 lenonem.
2191 966 2213 972 —
2233 950 2329 986 Quod
2353 958 2461 982 autem

1401 991 1515 1022 dicitur
1533 991 1697 1022 victoriam
1721 1001 1787 1021 esse
1803 1002 1821 1021 a
1836 992 1915 1028 Deo,
1940 1002 2051 1023 verum
2075 999 2136 1022 est:
2162 993 2215 1022 sed
2231 993 2289 1025 iste
2305 996 2461 1034 promittit

1401 1045 1459 1076 pro
1475 1035 1607 1066 victoria
1623 1035 1695 1065 belli
1712 1035 1830 1071 iniusti,
1850 1045 1942 1076 quae,
1960 1043 1995 1066 ut
2018 1036 2070 1072 sic,
2089 1046 2155 1066 non
2173 1044 2218 1067 est
2237 1047 2254 1066 a
2270 1039 2355 1075 Deo;
2380 1039 2460 1070 sicut

1401 1079 1495 1110 etiam
1519 1079 1683 1110 delectatio
1710 1079 1898 1110 concubitus
1922 1086 1952 1110 et
1974 1080 2041 1120 ipse
2066 1081 2253 1111 concubitus
2277 1089 2322 1113 est
2345 1093 2363 1113 a
2382 1084 2461 1119 Deo,

1401 1124 1455 1154 sed
1485 1133 1551 1154 non
1579 1133 1654 1154 cum
1677 1133 1774 1154 uxore
1798 1124 1915 1159 aliena,
1941 1130 1977 1155 ut
2006 1124 2066 1159 sic,
2091 1133 2149 1164 pro
2173 1126 2259 1164 quali
2291 1128 2462 1158 concubitu

1401 1175 1432 1199 et
1461 1168 1669 1199 delectatione
1699 1167 1751 1198 ille
1782 1174 1957 1198 voveret.-
1981 1167 2191 1198 Confirmatio
2222 1179 2353 1210 quoque
2384 1171 2463 1201 nihil

1401 1212 1542 1243 adiuvat:
1573 1212 1727 1253 quoniam
1751 1212 1789 1242 ab
1812 1211 1943 1242 homine
1966 1218 2072 1251 potest
2100 1212 2233 1243 obtineri
2258 1220 2349 1254 turpe
2373 1215 2463 1245 obse-

1401 1257 1530 1298 quium,
1556 1267 1574 1286 a
1597 1257 1666 1287 Deo
1691 1263 1798 1287 autem
1821 1266 1897 1286 non.
1914 1273 1934 1279 —
1956 1256 2022 1287 Nec
2045 1263 2212 1297 propterea
2235 1258 2341 1289 minus
2364 1259 2465 1289 solida

1402 1308 1448 1332 est
1471 1301 1547 1331 haec
1571 1301 1713 1331 doctrina
1735 1301 1810 1342 quia
1837 1300 1880 1331 sic
1902 1310 2022 1331 vovens
2051 1310 2117 1330 non
2141 1301 2238 1332 credit
2265 1312 2298 1332 se
2321 1302 2465 1343 blasphe—

1401 1355 1497 1376 mare.
1522 1345 1686 1383 Quoniam
1702 1345 1878 1376 secundum
1897 1352 2044 1376 naturam
2058 1345 2126 1376 voti
2148 1345 2302 1376 iudicium
2325 1346 2374 1377 fit:
2400 1357 2465 1378 non

1401 1390 1577 1421 secundum
1599 1389 1688 1420 istius
1712 1396 1766 1420 aut
1782 1389 1866 1420 illius
1889 1389 2110 1429 ignorantiam.

1458 1433 1541 1464 VIII.
1566 1433 1628 1464 Sed
1651 1433 1728 1474 quid
1752 1433 1922 1464 dicendum
1946 1440 1992 1464 est
2016 1434 2039 1463 si
2063 1440 2178 1464 votum
2200 1433 2287 1465 fieret
2310 1435 2369 1465 sub
2391 1445 2464 1465 con-

1402 1477 1521 1508 ditione
1544 1477 1615 1507 talis
1639 1484 1770 1508 eventus
1793 1478 1951 1508 absolute:
1976 1484 2007 1508 et
2029 1488 2095 1508 non
2120 1479 2178 1508 sub
2203 1479 2385 1510 conditione
2409 1479 2462 1509 de-

1402 1521 1568 1552 terminata
1592 1522 1632 1551 ad
1655 1522 1868 1562 patrocinium
1892 1519 2054 1552 divinum?
2085 1522 2180 1553 Verbi
2207 1523 2321 1562 gratia,
2347 1524 2410 1554 dux
2433 1524 2465 1553 in

1403 1565 1458 1597 tali
1481 1565 1566 1596 bello
1589 1573 1684 1596 vovet
1714 1576 1747 1596 se
1770 1566 1952 1596 oblaturum
1983 1567 2052 1596 Deo
2081 1566 2167 1597 mille
2198 1577 2310 1597 aureos
2341 1569 2370 1598 si
2398 1577 2464 1598 eve-

1405 1611 1488 1640 nerit
1510 1610 1664 1641 victoria:
1687 1617 1716 1641 et
1741 1619 1816 1646 non,
1841 1611 1869 1640 si
1891 1611 1981 1640 Deus
2003 1610 2140 1648 dederit,
2166 1617 2220 1641 aut
2242 1621 2308 1641 non
2336 1611 2466 1642 dederit.

1459 1654 1651 1694 Respondeo
1671 1654 1760 1694 quod
1779 1654 1864 1695 quia,
1883 1655 1942 1684 sub
1959 1663 2161 1694 quacumque
2179 1655 2349 1686 verborum
2364 1655 2467 1686 forma

1404 1705 1518 1729 votum
1538 1696 1601 1734 fiat,
1626 1699 1804 1729 secundum
1828 1704 2014 1729 contentum
2037 1704 2068 1728 et
2090 1698 2248 1729 intentum
2267 1709 2400 1730 sensum
2417 1699 2466 1730 iu-

1406 1742 1576 1773 dicandum
1600 1750 1662 1779 est;
1687 1743 1770 1779 ideo,
1795 1752 1870 1773 cum
1888 1743 1921 1772 in
1941 1742 2127 1772 huiusmodi
2146 1743 2228 1774 votis
2251 1743 2374 1774 bonum
2394 1754 2465 1784 pro-

1406 1786 1550 1823 missum,
1575 1793 1652 1826 puta
1671 1786 1804 1823 oblatio,
1829 1787 1968 1827 aliquem
1993 1786 2137 1817 ordinem
2161 1797 2197 1817 ex
2219 1787 2393 1818 intentione
2411 1798 2467 1818 vo-

1405 1831 1506 1862 ventis
1522 1831 1654 1871 accipiat
1670 1831 1709 1863 ad
1730 1837 1877 1872 optatum
1894 1831 2026 1867 malum,
2043 1837 2120 1871 puta
2135 1831 2285 1862 iniustam
2303 1831 2467 1863 victoriam

1407 1873 1587 1917 (quoniam,
1611 1875 1827 1916 promittendo
1850 1876 1973 1906 bonum
1997 1875 2022 1905 si
2045 1875 2167 1906 malum
2191 1876 2322 1913 eveniet,
2344 1876 2469 1907 ordinat

1407 1920 1626 1950 executionem
1649 1919 1732 1950 illius
1755 1919 1832 1950 boni
1856 1920 1895 1950 ad
1919 1926 2068 1950 eventum
2091 1920 2186 1950 huius
2209 1919 2309 1963 mali),
2342 1927 2468 1960 oportet

1406 1964 1559 2004 inspicere
1582 1963 1684 2005 qualis
1708 1963 1748 1994 sit
1769 1963 1827 1994 iste
1847 1964 1927 1994 ordo
1950 1964 2099 2004 promissi
2122 1963 2199 1994 boni
2223 1965 2262 1994 ad
2285 1964 2416 2001 malurn,
2438 1971 2468 1995 et

1407 2009 1584 2039 secundum
1606 2008 1698 2038 illum
1721 2008 1866 2039 iudicare.
1891 2008 1925 2039 Si
1949 2008 2034 2038 enim
2057 2008 2252 2048 promissum
2275 2009 2399 2039 bonum
2418 2019 2467 2039 or-

1408 2052 1534 2084 dinetur
1556 2052 1646 2093 quasi
1677 2051 1855 2083 effectivum
1885 2058 1939 2083 aut
1965 2052 2202 2092 impetrativum
2226 2053 2317 2089 mali,
2342 2060 2419 2093 puta
2442 2054 2467 2083 si

1409 2098 1472 2128 dux
1495 2097 1539 2127 sic
1555 2097 1702 2127 vovendo
1718 2097 1893 2127 intenderet
1915 2103 1951 2127 ut
1966 2106 2023 2136 per
2045 2096 2106 2127 hoc
2121 2103 2233 2127 votum
2250 2103 2468 2138 assequeretur

1408 2141 1589 2176 victoriam,
1614 2141 1678 2171 iarn
1701 2147 1787 2181 patet
1809 2150 1846 2171 ex
1869 2140 1958 2171 dictis
1980 2139 1996 2155 *
2019 2141 2108 2182 quod
2137 2140 2332 2181 blasphemia
2360 2141 2468 2182 potius

1408 2196 1507 2226 quam
1529 2192 1643 2216 votum
1667 2191 1722 2216 est.
1747 2185 1788 2215 Et
1810 2185 1920 2215 eadem
1943 2185 2022 2215 ratio
2046 2192 2093 2216 est
2116 2185 2141 2215 si
2165 2185 2285 2216 oblatio
2313 2186 2468 2225 promissa

1408 2230 1571 2260 ordinetur
1585 2230 1626 2260 ad
1645 2229 1767 2260 malum
1781 2229 1872 2270 quasi
1895 2229 2203 2269 recompensativum
2219 2239 2277 2270 pro
2297 2229 2468 2270 gratiarum

1408 2274 1547 2310 actione,
1579 2281 1615 2305 ut
1646 2273 1672 2303 si
1703 2273 1766 2304 dux
1797 2273 1840 2304 sic
1869 2274 2016 2304 vovendo
2039 2273 2181 2304 intendat
2207 2283 2240 2304 se
2268 2274 2407 2314 obligare
2429 2275 2468 2304 ad

1407 2318 1578 2359 gratiarum
1601 2317 1739 2348 actiones
1762 2317 1832 2348 Deo
1855 2327 1914 2358 pro
1937 2317 2091 2348 beneficio
2115 2317 2185 2348 talis
2202 2318 2366 2349 victoriae:
2392 2328 2468 2349 con-

1407 2363 1485 2394 tinet
1501 2363 1586 2393 enitn
1602 2362 1664 2392 hoc
1681 2362 1814 2392 eandem
1830 2361 2069 2402 blasphemiam.
2087 2379 2108 2385 -
2131 2361 2163 2392 Si
2180 2372 2254 2392 vero
2274 2362 2469 2403 promissum

1407 2407 1530 2437 bonum
1560 2406 1724 2436 ordinetur
1754 2406 1794 2436 ad
1825 2406 1947 2436 malum
1978 2406 2048 2436 solo
2073 2413 2204 2442 eventu,
2228 2413 2319 2447 puta,
2351 2407 2387 2436 Si
2409 2408 2470 2437 erit

1408 2452 1552 2488 victoria,
1576 2450 1711 2491 offeram
1736 2450 1824 2480 mille
1850 2448 1953 2492 (quod
1975 2457 2082 2481 tamen
2107 2449 2232 2480 difficile
2257 2457 2303 2481 est
2330 2450 2468 2481 accidere

1408 2495 1531 2526 homini
1555 2494 1710 2531 rationali,
1735 2494 1825 2525 cuius
1849 2502 1895 2525 est
1918 2494 2060 2525 conferre
2084 2504 2185 2525 unum
2210 2493 2328 2537 alteri):
2358 2494 2390 2524 in
2414 2495 2467 2526 tali

1408 2549 1482 2570 casu
1510 2546 1624 2569 votum
1647 2545 1728 2569 esset
1749 2548 1821 2568 vere
1844 2546 1975 2575 votum,
2000 2546 2044 2575 et,
2069 2539 2252 2569 adveniente
2276 2539 2468 2576 conditione,

1408 2590 1532 2614 tenetur
1555 2592 1676 2613 servare
1699 2582 1903 2623 promissum.

1463 2628 1503 2658 Et
1526 2627 1629 2658 multo
1659 2627 1759 2667 magis
1782 2627 1924 2657 validum
1948 2633 1994 2657 est
2017 2633 2129 2657 votum
2161 2626 2262 2657 simile
2291 2627 2316 2657 si
2345 2628 2468 2658 bonum

1407 2671 1588 2712 pollicitum
1611 2670 1775 2702 ordinatur
1789 2671 1829 2701 ad
1852 2672 1974 2702 malum
1993 2676 2029 2701 ut
2044 2670 2224 2711 punitivum
2247 2678 2302 2702 aut
2325 2678 2361 2702 ut
2378 2681 2468 2711 prae-

1407 2716 1608 2747 servativum.
1625 2715 1818 2755 Exemplum
1833 2715 1942 2755 primi:
1959 2715 1985 2744 si
2002 2715 2073 2755 quis
2085 2721 2214 2745 voveret
2228 2715 2317 2755 quod
2338 2715 2363 2745 si
2380 2725 2467 2745 com-

1407 2760 1544 2791 mitteret
1566 2759 1767 2795 adulterium,
1792 2759 1916 2790 offerret
1938 2759 2025 2789 mille
2049 2768 2107 2798 pro
2124 2758 2326 2798 poenitentia.
2352 2759 2466 2789 Exem-

1407 2804 1497 2844 plum
1522 2803 1670 2834 secundi:
1699 2803 1735 2833 Si
1757 2805 1950 2834 committam
1973 2803 2180 2840 adulterium,
2205 2803 2374 2843 ingrediar
2397 2804 2468 2834 reli-

1405 2849 1554 2889 gionem:
1576 2854 1612 2878 ut
1634 2847 1708 2887 quia
1732 2847 1790 2878 scit
1805 2857 1838 2877 se
1854 2847 1939 2877 nolle
1955 2857 2021 2877 esse
2036 2846 2231 2886 religiosum,
2249 2853 2279 2877 et
2298 2854 2465 2887 propterea

1406 2892 1516 2922 reddat
1545 2891 1603 2921 sibi
1634 2891 1825 2922 adulterium
1858 2891 1958 2931 magis
1988 2890 2127 2921 alienum
2157 2900 2255 2931 quam
2291 2890 2467 2931 ingressum

1406 2935 1575 2975 religionis.
1601 2935 1636 2965 In
1660 2935 1708 2965 his
1732 2945 1870 2976 namque
1894 2941 1924 2966 et
1944 2934 2109 2974 similibuS,
2127 2935 2181 2965 ubi
2205 2934 2291 2965 nulla
2315 2942 2362 2966 est
2384 2935 2467 2966 mala

1405 2980 1516 3011 relatio
1539 2979 1616 3010 boni
1633 2979 1672 3009 ad
1694 2979 1817 3009 malum
1840 2986 1895 3010 aut
1918 2979 1957 3009 ad
1980 2979 2095 3014 Deum,
2111 2985 2225 3009 votum
2249 2986 2294 3010 est
2314 2989 2385 3010 vere
2411 2989 2466 3010 vo-

1406 3031 1486 3060 tum,
1511 3029 1541 3054 et
1563 3023 1639 3062 ligat
1662 3023 1843 3054 conditione
1867 3028 1999 3054 extante.

1463 3068 1514 3098 IX.
1537 3068 1674 3098 Adverte
1696 3074 1802 3098 tamen
1826 3067 1915 3108 quod
1943 3067 1968 3097 si
1992 3066 2064 3107 quis
2087 3066 2274 3097 discerneret
2299 3066 2332 3097 in
2356 3074 2466 3107 optato

1407 3112 1509 3148 malo,
1534 3118 1612 3151 puta
1634 3111 1765 3142 victoria
1787 3111 1820 3142 in
1844 3111 1928 3142 bello
1951 3110 2086 3147 iniusto,
2110 3111 2234 3141 bonurn
2263 3121 2280 3141 a
2303 3111 2405 3147 malo;
2437 3118 2467 3142 et

1406 3162 1535 3186 voveret
1557 3155 1667 3186 offerre
1686 3155 1773 3186 mille
1793 3165 1905 3186 aureos
1927 3165 1986 3195 pro
2011 3155 2236 3195 consequendo
2258 3165 2295 3185 eo
2313 3155 2401 3195 quod
2420 3162 2466 3186 est

1407 3200 1482 3231 boni
1502 3199 1534 3229 in
1551 3199 1666 3230 iniusta
1680 3199 1827 3230 victoria:
1853 3209 1927 3230 cum
1946 3199 2007 3229 hoc
2022 3209 2094 3229 vere
2113 3199 2151 3229 sit
2167 3199 2226 3229 Dei
2242 3199 2374 3235 donum,
2391 3205 2465 3229 vota

1407 3243 1592 3274 huiusmodi
1614 3250 1717 3274 essent
1738 3253 1810 3274 vere
1828 3250 1903 3274 vota
1922 3250 1952 3274 et
1974 3243 2092 3279 valida3
2117 3252 2256 3273 essemus
2280 3242 2365 3272 enim
2389 3249 2465 3273 tunc

1407 3294 1491 3319 extra
1514 3297 1623 3318 casum
1638 3297 1704 3328 quo
1727 3287 1923 3328 promittitur
1938 3288 2060 3318 bonum
2084 3286 2370 3326 supererogationis
2391 3297 2465 3327 pro-

1406 3339 1475 3373 pter
1490 3332 1613 3363 malum
1627 3331 1735 3368 finem,
1756 3331 1910 3372 quoniam
1928 3330 1998 3361 finis
2018 3337 2098 3361 esset
2120 3330 2234 3360 bonus.
2252 3347 2271 3352 —
2294 3330 2335 3361 Et
2355 3331 2465 3361 eadem

1407 3376 1527 3407 ratione
1542 3376 1645 3406 valida
1669 3383 1743 3407 sunt
1765 3382 1839 3406 vota
1862 3376 1900 3405 de
1923 3376 2010 3405 bono
2027 3373 2312 3414 supererogationis
2335 3381 2464 3415 propter

1407 3420 1638 3451 assecutionem
1671 3421 1833 3450 bonorum
1862 3418 2086 3459 temporalium
2115 3417 2259 3458 turpibus
2287 3418 2388 3449 causis
2412 3429 2467 3449 an-

1406 3473 1579 3495 nexorum:
1610 3464 1695 3494 verbi
1712 3463 1819 3504 gratia,
1837 3463 1861 3493 si
1879 3463 1949 3503 quis
1964 3469 2059 3492 vovet
2080 3471 2112 3492 se
2132 3462 2314 3493 oblaturum
2330 3469 2465 3494 statuam

1405 3515 1585 3548 argenteam
1608 3508 1678 3538 Deo
1695 3507 1720 3538 si
1741 3517 1776 3538 ex
1793 3507 1970 3538 concubina
1993 3506 2135 3537 habuerit
2158 3506 2292 3546 prolem,
2315 3506 2357 3537 ita
2377 3507 2465 3547 quod

1405 3551 1595 3583 beneficium
1611 3558 1757 3592 optatum
1781 3551 1820 3581 sit
1842 3551 2011 3591 generatio,
2029 3560 2094 3580 non
2117 3549 2244 3581 illicitus
2263 3551 2465 3585 concubitus;

2293 3611 2320 3636 31

2488 469 2542 490 'De
2550 469 2644 490 Divers-
2654 469 2698 497 Qq.

2487 495 2698 523 LXXX111,qu.u1.

2494 2144 2504 2155 ·
2516 2143 2586 2166 Num.
2598 2146 2702 2173 praeced.
