2860 4238
42 335 90 383 M?
105 334 252 387 'jugg-mii}

43 386 114 410 1V.·
122 377 183 408 Inter
190 386 253 414 Opp.

16 498 17 502 ¹
42 504 55 516 ·
67 503 132 525 Vers.
149 509 179 524 ιι.

28 855 29 858 ¹
39 873 56 890 .·
69 870 137 893 Vm.
153 875 183 898 ¹5·

36 1025 157 1053 “·Δη.3.

36 1348 260 1461 &aaa

32 1517 34 1521 '
48 1527 116 1558 su

19 639 21 641 Ι
45 610 55 621 “
63 607 147 630 Lomb.
157 613 186 628 ex
194 607 255 634 Aug.

253 1280 450 1332 Apj‘atvel
478 1278 639 1320 retineat
674 1295 733 1320 res
770 1283 928 1328 alienas,

899 201 1164 248 QUAESTIO
1194 202 1368 250 CXVIII,
1397 202 1690 239 ARTICULUS
1721 202 1771 238 IV

277 278 401 327 privat
424 279 568 316 lumine
587 279 738 326 gratiae.
773 279 851 316 Sed
879 279 1091 315 secundum
1111 279 1336 327 Chrysosto—

279 342 387 367 mum
406 331 439 379 ³⁸,
466 333 624 369 tenebra
652 332 804 368 animae
832 339 888 368 est
914 331 1162 390 pecuniarum
1184 333 1334 380 cupido.

280 384 382 432 Ergo
411 385 579 432 avaritia,
609 397 707 434 quae
735 392 791 422 est
817 385 1065 434 pecuniarum
1095 385 1246 432 cupido,
1282 393 1337 422 est
1362 382 1363 397 ³

280 443 480 486 peccatum
509 438 683 475 mortale.

335 490 409 526 SED
429 501 575 527 CONTRA
594 502 660 527 EST
679 489 783 538 quod
804 489 884 526 lad
898 489 983 525 Cor.
996 501 1044 534 111,
1065 502 1178 537 super
1198 489 1289 526 illud
1303 488 1335 536 ²¹⁶,

281 542 323 578 Si
349 542 431 591 quis
448 543 704 591 aedificaverit
718 553 831 590 super
850 543 921 579 hoc
936 542 1233 589 fundamentum
1254 551 1337 589 etc.,

282 700 393 736 modo
415 700 568 749 placeat
592 701 744 746 mundo,
765 701 869 748 quod
888 701 1047 749 pertinet
1072 702 1119 738 ad
1140 708 1339 750 peccatum

282 753 476 790 avaritiae.
498 753 560 789 Ille
581 761 708 790 autem
730 753 795 801 qui
814 754 988 790 aedificat
1006 754 1162 801 lignum,
1183 755 1337 790 faenum

283 813 320 842 et
346 805 543 854 stipulam,
573 819 651 843 non
678 814 811 854 peccat
838 806 1062 853 mortaliter,
1093 808 1159 844 sed
1185 807 1341 843 veniali-

282 866 356 895 ter:
378 859 424 896 de
441 871 487 895 eo
504 859 606 897 enim
628 859 763 896 dicitur
776 859 796 881 '¹‘
814 859 919 908 quod
937 860 1063 896 salvus
1077 861 1148 896 erit
1167 861 1222 896 sic
1235 861 1342 908 quasi

277 923 350 960 per
371 911 516 961 ignem.
546 913 647 960 Ergo
677 911 834 949 avaritia
859 912 1095 961 ‘quandoque
1125 921 1180 949 est
1206 925 1341 962 pecca-

282 968 364 1000 tum
393 965 555 1002 veniale.

337 1017 562 1055 Responnzo
599 1029 784 1054 memnon
819 1017 944 1066 quod,
974 1017 1068 1053 sicut
1096 1029 1210 1065 supra
1237 1017 1256 1038 '³‘
1289 1016 1342 1053 di-
1369 1018 1371 1036 ³

284 1076 386 1107 ctum
416 1077 482 1118 est,
509 1071 665 1108 avaritia
693 1069 888 1119 dupliciter
917 1069 1061 1107 dicitur.
1095 1070 1181 1107 Uno
1211 1069 1342 1116 modo,

283 1123 495 1161 secundum
515 1123 620 1173 quod
640 1123 845 1172 opponitur
864 1123 1032 1160 iustitiae.
1060 1123 1109 1159 Et
1127 1124 1201 1159 hoc
1225 1122 1343 1160 modo

284 1181 335 1213 εκ·
356 1187 495 1224 genere
523 1189 593 1214 suo
623 1181 678 1213 est
704 1183 905 1226 peccatum
939 1177 1119 1213 mortale:
1159 1176 1211 1212 sic
1240 1176 1342 1213 enim

283 1227 334 1266 ad
361 1229 559 1267 avaritiam
587 1230 746 1279 pertinet
774 1230 877 1278 quod
914 1229 1047 1279 aliquis
1085 1229 1220 1265 iniuste
1248 1229 1344 1266 acci-

967 1282 1071 1332 quod
1108 1282 1270 1331 pertinet
1297 1282 1345 1319 ad

282 1335 459 1385 rapinam
478 1337 540 1373 vel
568 1336 721 1383 furtum,
743 1348 841 1384 quae
870 1343 957 1372 sunt
975 1343 1130 1384 peccata
1158 1335 1343 1394 mortalia,

253 1387 327 1426 -ut
354 1401 468 1438 supra
485 1389 507 1411 '¹'
533 1389 704 1426 habitum
735 1397 800 1426 est.
831 1389 1021 1437 Contingit
1047 1395 1176 1425 tamen
1205 1388 1242 1424 in
1270 1389 1345 1424 hoc

282 1442 422 1500 genere
460 1443 638 1479 avaritiae
674 1443 814 1491 aliquid
847 1455 929 1479 esse
961 1449 1160 1491 peccatum
1193 1441 1343 1477 veniale

34 1499 48 1512 ²
73 1502 199 1559 φοί-Μ,
216 1505 260 1524 ⁸¹1·
283 1503 441 1546 propter
467 1496 791 1545 imperfectionem
821 1503 944 1532 actus.
980 1495 1076 1532 sicut
1108 1506 1221 1542 supra
1240 1493 1260 1515 '¹‘
1289 1493 1343 1530 di-

280 1547 388 1586 ιεΐιιιιι
418 1555 484 1595 est,
515 1561 602 1586 cum
632 1549 679 1586 de
707 1549 804 1586 furto
834 1556 1017 1597 ageretur.

339 1661 366 1695 β)
385 1658 468 1695 infr-a.
483 1675 503 1681 -·
521 1661 594 1687 intra
612 1661 641 1686 P.
659 1676 678 1681 -
695 1661 746 1686 Pro
764 1662 849 1691 sistat,
869 1661 997 1686 consistat
1015 1661 1071 1691 DG,
1090 1660 1160 1685 ssstit
1177 1660 1210 1684 Κ.

2367 207 2444 254 459

1441 279 1526 315 Alio
1565 280 1683 316 modo
1720 286 1845 328 potest
1886 279 2005 328 accipi
2044 280 2200 317 avaritia
2235 283 2446 320 secundum

1390 332 1494 380 quod
1515 332 1719 380 opponitur
1738 331 1956 369 liberalitati.
1986 333 2034 369 Et
2053 335 2262 370 secundum
2276 335 2361 383 hoc,
2378 336 2447 372 im-

1390 392 1513 433 portat
1540 385 1796 421 inordinatum
1822 397 1995 422 amorem
2025 385 2252 424 divitiarum.
2283 388 2322 424 Si
2358 401 2447 436 ergo

1363 485 1364 488 ¹
1390 438 1577 474 intantum
1597 449 1707 474 amor
1735 438 1952 474 divitiarum
1977 447 2119 475 crescat
2138 441 2242 488 quod
2260 442 2448 489 praefera-

1364 537 1365 542 ,
1391 498 1450 526 tur
1478 490 1630 536 caritati,
1651 498 1693 526 ut
1711 490 1851 527 scilicet
1869 498 2025 539 propter
2040 504 2212 529 amorem
2232 494 2447 532 divitiarum

1364 556 1366 593 ᾗ
1392 542 1523 590 aliquis
1552 555 1630 579 non
1656 551 1834 580 vereatur
1860 543 1982 580 facere
2012 552 2142 581 contra
2170 558 2343 584 amorem
2376 549 2448 585 Dei

283 594 370 632 dicit
389 595 525 632 Glossa
538 595 558 617 ’¹‘
577 596 683 644 quod
698 595 855 644 lignum,
860 596 1025 642 faenum
1045 601 1080 631 et
1091 596 1263 644 stipulam
1277 607 1338 631 su·
1364 595 1366 624 ἲ

275 648 523 696 peraedificat
539 647 599 684 ille
617 648 684 695 qui
708 647 849 696 cogitat
865 659 961 695 quae
980 649 1110 684 mundi
1131 654 1227 694 sunt,
1249 659 1338 696 quo-

1393 603 1428 632 et
1455 596 1637 644 proximi,
1668 596 1720 632 sic
1753 596 1910 632 avaritia
1946 597 2014 633 erit
2041 606 2240 645 peccatum
2275 603 2446 638 mortale.

1394 648 1434 684 Si
1461 656 1588 684 autem
1607 648 1833 685 inordinatio
1854 650 1995 686 amoris
2023 649 2118 687 infra
2137 649 2152 680 β
2179 652 2254 688 hoc
2273 653 2386 701 sistat,
2407 663 2449 691 ut

1395 700 1533 737 scilicet
1560 701 1695 740 homo.
1725 702 1902 750 quamvis
1939 703 2128 750 superflue
2159 704 2306 742 divitias
2335 715 2448 755 amet,

1395 765 1472 789 non
1491 760 1620 790 tamen
1639 743 1801 803 praefert
1821 767 1951 791 earum
1972 768 2145 792 amorem
2162 758 2284 794 amori
2304 759 2447 808 divino,

1394 813 1435 842 ut
1454 806 1594 842 scilicet
1611 811 1626 834 Υ
1653 815 1809 855 propter
1839 808 1987 844 divitias
2013 821 2090 845 non
2115 810 2204 846 velit
2232 811 2372 859 aliquid
2397 815 2449 850 ta-

1396 870 1480 894 cere
1510 866 1640 895 contra
1658 860 1784 895 Deum
1815 868 1850 896 et
1876 862 2104 910 proximum,
2129 862 2181 899 sic
2209 865 2366 902 avaritia
2395 875 2450 903 est

1395 919 1595 959 peccatum
1615 912 1776 948 veniale.

1448 965 1507 999 An
1535 976 1671 1001 PRIMUM
1699 976 1796 1001 ERGO
1825 977 2008 1002 chENDuM
2045 968 2147 1015 quod
2177 969 2332 1007 avaritia
2361 984 2451 1008 con-

1397 1025 1618 1053 numeratur
1652 1018 1815 1064 peccatis
1852 1019 2071 1055 mortalibus
2104 1023 2314 1060 secundum
2349 1024 2449 1062 illam

1397 1070 1582 1106 rationem
1611 1082 1686 1118 qua
1715 1080 1770 1107 est
1798 1079 1994 1119 peccatum
2025 1075 2193 1110 mortale.

1450 1124 1508 1158 Ao
1537 1134 1725 1160 SECUNDUM
1754 1135 1938 1161 meramnum
1967 1125 2072 1172 quod
2101 1127 2258 1163 Basilius
2286 1129 2452 1176 loquitur

1397 1174 1434 1211 in
1464 1175 1526 1211 illo
1557 1187 1646 1212 casu
1675 1176 1712 1212 in
1741 1189 1817 1224 quo
1847 1177 1979 1225 aliquis
2007 1186 2154 1215 tenetur
2182 1192 2226 1216 ex
2246 1181 2372 1218 debito
2401 1184 2451 1219 le-

1370 1228 1469 1275 2gali
1498 1229 1600 1264 bona
1628 1241 1696 1265 sua
1731 1230 1964 1289 pauperibus
2002 1243 2172 1279 erogare,
2202 1235 2262 1269 vel
2297 1244 2452 1284 propter

1398 1281 1607 1329 periculum
1637 1283 1877 1330 necessitatis,
1906 1285 1967 1320 vel
1998 1284 2107 1321 etiam
2141 1294 2297 1336 propter
2324 1301 2453 1336 super-

1397 1333 1581 1370 fluitatem
1610 1335 1839 1372 habitorum.

1451 1389 1509 1422 Αι)
1538 1399 1695 1432 TERTHJM
1724 1400 1906 1426 D1cENDUM
1935 1391 2038 1437 quod
2068 1391 2206 1439 cupido
2236 1392 2451 1431 divitiarum

1397 1440 1620 1476 obtenebrat
1648 1441 1814 1477 animam
1844 1443 1995 1490 proprie
2024 1444 2178 1492 quando
2208 1446 2370 1483 excludit
2398 1449 2452 1484 lu-

1397 1504 1486 1528 men
1521 1492 1701 1539 caritatis,
1741 1494 1988 1542 praeferendo
2027 1509 2197 1533 amorem
2237 1499 2451 1537 divitiarum

1398 1544 1518 1581 amori
1547 1545 1687 1582 divino.

1452 1658 1479 1692 γ)
1498 1658 1604 1683 scilicet.
1623 1672 1641 1677 -
1659 1659 1684 1684 si
1701 1660 1728 1684 P.

960 1739 1290 1772 Commenta-aria
1313 1737 1566 1771 cardinalis
1587 1738 1790 1771 Caietam

317 1815 338 1840 n
360 1809 499 1841 articulis
522 1809 614 1841 tertio
638 1817 669 1840 et
691 1817 804 1850 quarto
829 1809 934 1846 simul,
953 1816 1028 1840 nota
1051 1809 1140 1850 quod
1164 1808 1289 1839 avaritia
1311 1815 1347 1838 ut
1371 1809 1373 1842 1
1400 1803 1524 1837 cessitas
1548 1806 1621 1837 facit
1635 1816 1683 1837 res
1707 1807 1832 1838 alterius
1857 1808 1934 1838 mihi
1957 1819 2154 1846 communeS,
2179 1811 2266 1850 quod
2290 1820 2326 1840 ex
2349 1812 2455 1842 debito

286 1759 495 1895 Iopponitur
515 1854 706 1890 liberalitati,
730 1864 797 1884 non
819 1862 866 1884 est
889 1864 926 1884 ex
949 1863 1008 1884 suo
1039 1863 1151 1893 genere
1178 1860 1345 1893 peccatum
1397 1850 1491 1890 legali
1514 1851 1592 1880 mihi
1609 1851 1771 1888 debentur,
1789 1859 1819 1883 et
1842 1853 1912 1892 cogi
1928 1860 2032 1903 potest
2050 1864 2068 1883 a
2090 1854 2203 1890 iudice,
2220 1862 2251 1885 et
2271 1854 2304 1885 in
2319 1855 2386 1886 eius
2403 1857 2456 1886 de-

287 1899 432 1934 mortale,
455 1898 511 1928 sed
533 1908 570 1928 ex
594 1897 670 1928 fine:
695 1899 721 1928 si
745 1898 861 1929 scilicet
883 1898 1018 1938 pecunia
1041 1905 1198 1928 amaretur
1221 1904 1256 1927 ut
1279 1896 1374 1932 ulti-1
1399 1894 1483 1925 fectu
1507 1905 1525 1924 a
1541 1894 1680 1945 meipsO,
1705 1903 1834 1936 propter
1857 1897 2048 1928 necessitatis
2071 1899 2247 1929 articulum.

252 1939 255 1942 ’
287 1951 361 1975 mus
376 1941 458 1973 finis.
483 1942 525 1973 Et
545 1942 641 1972 ideo
634 1953 667 1972 111
682 1942 783 1973 littera
797 1942 815 1961 *
838 1942 949 1973 dicitur
965 1942 1053 1983 quod
1069 1949 1143 1972 tunc
1168 1948 1214 1972 est
1234 1951 1346 1981 pecca-

288 1993 359 2018 tum
382 1987 515 2017 mortale
531 1987 660 2027 quando
680 1985 884 2028 praeponitur
903 1986 1004 2017 amori
1028 1987 1097 2017 Dei.
1114 1986 1202 2027 quod
1219 1992 1348 2026 propter
1373 2006 1374 2016 ι

288 2040 359 2061 eam
382 2030 553 2070 transgredi
570 2031 641 2071 quis
656 2041 721 2061 non
746 2038 866 2061 curaret
881 2038 1045 2071 praecepta
1064 2030 1133 2061 Dei.
1151 2030 1237 2060 Haec
1262 2029 1346 2060 enim

283 2074 458 2105 declaratio
489 2085 526 2105 ex
555 2075 780 2106 communibus
811 2075 902 2106 tacite
933 2075 1072 2105 insinuat
1104 2075 1191 2117 quod
1215 2084 1251 2104 ex
1274 2084 1348 2114 pro-

279 2118 365 2160 ·priis
388 2118 516 2149 avaritia
538 2119 596 2150 ista
615 2129 680 2150 non
705 2126 751 2150 est
773 2126 936 2160 peccatum
960 2119 1103 2155 mortale,
1127 2119 1182 2149 sed
1201 2128 1238 2149 ex
1261 2128 1347 2149 corn-

284 2163 381 2195 muni
404 2163 526 2194 ratione
548 2173 612 2204 qua
635 2164 726 2194 ceteri
746 2173 870 2194 amores
893 2164 1053 2194 bonorum
1076 2171 1141 2194 tarn
1157 2163 1347 2194 naturalium

288 2217 387 2249 quam
410 2207 566 2243 fortunae,
583 2215 652 2244 etc„
676 2215 750 2238 sunt
774 2207 918 2238 mortalia
937 2215 1064 2248 peccata
1083 2207 1109 2237 si
1132 2207 1286 2238 excedunt
1302 2207 1349 2238 di-

289 2251 402 2282 vinum
425 2261 577 2282 amorem.
608 2252 655 2282 Ex
677 2262 743 2293 quo
769 2259 852 2292 patet
878 2252 966 2292 quod
998 2251 1226 2282 immoderatus
1250 2262 1347 2292 appe-

289 2295 365 2327 titus
388 2295 467 2326 lucri
490 2295 523 2326 in
546 2295 720 2332 infinitum,
744 2303 780 2326 ut
805 2296 958 2336 contingit
987 2295 1234 2336 negotiatoribus
1258 2297 1350 2326 abso-

289 2339 366 2376 lute,
391 2350 456 2370 non
480 2347 526 2370 est
549 2340 680 2370 mortale
705 2347 869 2380 peccatum
893 2351 928 2371 ex
952 2351 1011 2370 suo
1035 2350 1156 2379 genere.

290 2428 453 2469 superfluo
470 2428 571 2468 possit
594 2428 664 2468 cogi
688 2429 727 2459 ad
755 2429 896 2460 dandum
920 2429 1121 2469 pauperibus.
1146 2428 1186 2458 Et
1202 2435 1248 2458 est
1270 2428 1348 2458 ratio

291 2473 379 2504 dubii
402 2472 476 2514 quia
491 2472 524 2503 in
540 2473 671 2503 articulo
688 2480 812 2514 quarto,
829 2474 861 2504 in
878 2473 1085 2513 responsione
1104 2473 1143 2503 ad
1160 2472 1347 2508 secundum,

292 2516 405 2548 dicitur
428 2517 516 2557 quod
540 2527 577 2547 ex
596 2517 702 2548 debito
725 2517 818 2557 legali
846 2524 968 2548 tenetur
983 2517 1100 2547 habens
1125 2517 1163 2546 de
1188 2515 1348 2555 superfluo

291 2561 365 2592 dare
395 2561 596 2601 pauperibus
632 2561 766 2592 Constat
789 2568 895 2592 autem
918 2562 1005 2602 quod
1033 2559 1111 2604 [ad]
1139 2561 1170 2590 id
1194 2561 1234 2591 ad
1259 2562 1348 2601 quod

290 2605 391 2636 homo
413 2611 539 2635 tenetur
554 2615 591 2635 ex
613 2605 703 2644 legali
724 2606 840 2642 debito,
858 2614 962 2645 potest
985 2606 1085 2636 homo
1100 2616 1118 2635 a
1134 2605 1236 2635 iudice
1261 2605 1347 2644 cogi:

290 2657 328 2680 ut
349 2655 435 2689 patet
458 2649 613 2689 superius,
637 2659 692 2689 qu.
716 2660 805 2680 Lxxx.

347 2693 382 2723 In
405 2693 592 2733 oppositum
615 2701 721 2723 autem
737 2701 783 2724 est
798 2694 873 2734 quia
897 2694 975 2724 nulli
992 2693 1144 2732 competit
1166 2702 1257 2732 agere
1276 2702 1350 2722 con—

290 2744 338 2768 tra
361 2737 457 2768 talem
479 2737 611 2767 divitem
634 2747 692 2777 pro
716 2737 783 2768 iure
807 2747 879 2769 suo:
905 2738 979 2778 quia
1003 2737 1082 2767 nulli
1105 2737 1236 2776 pauperi
1252 2746 1348 2776 quae-

290 2781 387 2812 situm
412 2788 458 2812 est
480 2780 529 2811 ius
553 2791 647 2821 super
670 2781 836 2822 superfluis
860 2781 985 2817 divitiis,
1010 2791 1083 2811 cum
1103 2790 1169 2810 non
1185 2780 1224 2810 sit
1247 2780 1349 2810 maior

290 2825 370 2856 ratio
395 2825 434 2855 de
458 2835 523 2855 uno
547 2835 645 2865 quam
669 2825 707 2855 de
731 2825 804 2856 alio.

346 2869 398 2900 111.
423 2869 473 2900 Ad
496 2869 591 2899 huius
615 2869 813 2905 evidentiam,
838 2868 1001 2899 sciendum
1025 2875 1071 2898 est
1093 2868 1181 2908 quod
1197 2867 1229 2897 in
1247 2868 1348 2898 littera

289 2913 404 2944 dicitur
419 2923 484 2944 non
509 2913 615 2944 solum
632 2913 670 2943 de
693 2913 826 2944 habente
843 2912 1049 2952 superfluum,
1065 2912 1119 2942 sed
1143 2911 1235 2942 etiam
1256 2913 1347 2942 abso-

289 2957 357 2988 lute
380 2958 418 2988 de
441 2957 567 2988 vidente
582 2967 754 2997 pauperem
768 2957 800 2987 in
819 2957 960 2997 periculo
977 2956 1167 2987 necessitatis
1183 2963 1347 2992 extremae,

1372 1934 1391 2004 ,A

1456 1939 1517 1969 Sed
1540 1939 1572 1969 in
1595 1939 1700 1978 primo
1724 1950 1814 1978 casu,
1839 1951 1911 1971 cum
1940 1942 2011 1982 quis
2034 1942 2126 1972 habet
2156 1943 2194 1973 de
2213 1943 2373 1982 superfluo
2402 1954 2455 1974 na-

1399 1989 1486 2014 turae
1511 1990 1541 2013 et
1563 1993 1731 2024 personae,
1756 1992 1786 2015 et
1806 1964 1916 2015 ⁵nullus
1940 1993 2068 2026 apparet
2090 1986 2123 2016 in
2147 1994 2300 2017 extremae
2324 1988 2455 2018 necessi-

1373 2027 1375 2054 ἕ
1399 2027 1470 2057 tatis
1493 2028 1652 2067 periculo,
1678 2038 1743 2059 non
1767 2029 1809 2059 ita
1833 2037 1960 2069 apparet
1988 2030 2087 2069 legale
2110 2031 2261 2061 debiturn.
2287 2031 2407 2062 Verum
2430 2032 2456 2062 si

1399 2071 1627 2111 inspexerimus
1651 2074 1740 2113 quod
1763 2074 1929 2114 dupliciter
1952 2074 2064 2114 aliquis
2087 2082 2190 2114 potest
2209 2085 2227 2105 a
2242 2075 2345 2106 iudice
2369 2086 2456 2106 com-

1400 2115 1491 2155 pelli:
1517 2126 1583 2147 uno
1603 2118 1712 2153 modo,
1737 2125 1866 2157 propter
1889 2118 2030 2148 debitum
2053 2119 2145 2149 alicui
2169 2126 2268 2149 certae
2292 2129 2455 2169 personae,

1402 2166 1437 2190 ut
1460 2160 1485 2189 si
1509 2160 1629 2192 furatus
1653 2162 1723 2202 quis
1739 2162 1832 2192 fuerit
1855 2163 1939 2193 bona
1962 2162 2103 2199 alicuius,
2119 2163 2170 2193 vel
2191 2163 2266 2193 alias
2283 2164 2310 2193 ei
2336 2164 2458 2194 debitor

1402 2203 1504 2240 fuerit,
1525 2205 1645 2236 ratione
1669 2206 1804 2246 depositi
1827 2207 1876 2237 vel
1899 2207 2002 2236 mutui
2022 2214 2094 2243 etc.;
2118 2207 2180 2237 alio
2204 2207 2314 2243 modo,
2336 2208 2456 2238 ratione

1402 2248 1498 2278 debiti
1521 2259 1588 2279 ιιοιι
1603 2250 1697 2280 alicui
1713 2250 1862 2300 singulari
1885 2260 2046 2290 personae,
2064 2251 2118 2280 sed
2133 2258 2262 2301 propter
2285 2261 2456 2282 commune

1402 2292 1535 2329 bonum,
1560 2300 1604 2329 ut,
1629 2294 1654 2324 si
1678 2294 1748 2335 quis
1772 2294 1980 2324 homicidium
1999 2295 2191 2325 commiserit
2207 2302 2237 2325 et
2253 2295 2358 2325 nullus
2383 2306 2457 2325 con-

1375 2351 1376 2357 *
1402 2344 1560 2376 queratur,
1577 2345 1680 2378 potest
1702 2338 1796 2368 iudex
1812 2348 1848 2368 ex
1864 2338 1979 2374 officio,
1996 2346 2125 2379 propter
2141 2349 2312 2369 commune
2335 2340 2455 2369 bonum

347 2384 384 2415 11.
409 2384 443 2414 ln
467 2384 586 2414 eisdem
609 2384 746 2415 articulis
770 2385 903 2415 dubium
927 2385 1079 2420 occurrit,
1104 2395 1143 2414 an
1168 2384 1286 2414 habens
1311 2384 1349 2413 de
1375 2384 1377 2401 ⁴

1375 2427 1377 2450 1

1401 2380 1536 2411 iustitiae
1552 2383 1751 2418 servandum,
1765 2382 1876 2422 punire
1893 2383 2071 2414 hominem:
2089 2400 2109 2405 -
2126 2383 2151 2413 si
2167 2383 2237 2419 hoc,
2253 2383 2394 2423 inquam,
2411 2384 2457 2414 in-

1375 2454 1377 2458 ,
1401 2425 1604 2463 spexerimus,
1626 2437 1691 2456 non
1715 2427 1876 2467 apparebit
1892 2426 2016 2457 difficile
2038 2427 2125 2467 quod
2146 2427 2263 2457 habens
2287 2428 2324 2457 de
2348 2438 2455 2467 super-

1375 2483 1376 2486 =
1401 2468 1467 2498 fluo
1483 2479 1540 2499 nec
1556 2470 1665 2500 volens
1681 2478 1794 2510 sponte
1811 2471 1962 2510 impertiri
1980 2470 2201 2510 indigentibus,
2218 2478 2321 2511 potest
2341 2481 2357 2501 a
2373 2471 2457 2512 prin—

290 3002 378 3042 quod
399 3012 436 3032 ex
457 3001 549 3041 legali
573 3001 678 3032 debito
701 3008 824 3032 tenetur
848 3011 974 3041 erogare
998 3011 1055 3031 sua
1078 3000 1279 3040 pauperibus.
1307 3001 1348 3030 Et
1374 2997 1375 3002 ¹

291 3046 330 3079 de
354 3046 493 3076 secundo
517 3045 648 3086 quidem
671 3055 760 3081 casu,
787 3045 848 3075 hoc
872 3051 917 3075 est
940 3044 1060 3076 ratione
1087 3044 1218 3084 periculi
1242 3054 1345 3074 neces-

290 3089 388 3120 sitatis
412 3096 576 3125 extremae,
601 3099 667 3119 non
690 3096 736 3119 est
759 3088 883 3119 difficile
907 3089 1080 3129 perspicere
1104 3088 1192 3128 quod
1215 3088 1347 3118 interve-

290 3134 356 3164 niat
385 3134 484 3173 legale
517 3133 669 3164 debitum.
699 3133 783 3163 Nam
805 3140 948 3172 tempore
972 3140 1126 3163 extremae
1155 3132 1345 3162 necessitatis

291 3178 400 3208 omnia
423 3184 497 3208 sunt
520 3177 717 3208 communia:
741 3187 777 3208 ae
800 3187 856 3217 per
877 3177 948 3212 hoc,
972 3178 1057 3207 bona
1071 3186 1153 3217 quae
1173 3176 1251 3207 alter
1273 3186 1346 3216 pos-

291 3222 371 3253 sidet
402 3220 483 3252 fiunt
512 3231 599 3257 mea,
624 3221 648 3251 si
672 3221 775 3261 patior
802 3228 972 3252 extremam
1002 3221 1226 3251 necessitatem.
1259 3220 1299 3250 Et
1322 3220 1346 3250 si

291 3265 456 3306 possidens
480 3275 546 3296 non
576 3272 688 3305 sponte
711 3266 779 3296 vult
807 3265 885 3295 mihi
909 3265 1089 3301 subvenire,
1121 3271 1227 3304 posset
1253 3264 1346 3294 iudex

291 3319 413 3350 cogere.
437 3310 477 3340 Et
501 3309 525 3339 si
549 3309 624 3340 haec
647 3309 696 3339 via
720 3308 837 3345 deficit,
861 3319 994 3349 possum
1018 3308 1153 3344 occulte,
1178 3308 1268 3348 quasi
1291 3318 1347 3348 per

291 3354 427 3384 modum
450 3353 534 3389 furti,
558 3353 608 3383 vel
631 3353 803 3389 manifeste,
829 3353 918 3393 quasi
938 3362 993 3393 per
1014 3352 1099 3382 viam
1114 3352 1250 3392 rapinae,
1268 3352 1346 3382 acci-

291 3407 364 3438 pere
381 3404 538 3438 quantum
554 3397 631 3427 mihi
647 3407 728 3437 opus
752 3404 812 3428 est:
838 3396 990 3438 quoniam
1009 3406 1074 3426 non
1098 3396 1218 3436 accipio
1235 3395 1344 3431 aliena,

292 3442 345 3472 sed
370 3441 553 3472 communia
569 3448 679 3481 negata
695 3447 726 3471 et
740 3440 946 3483 impossibilia
962 3440 1051 3471 aliter
1069 3440 1184 3476 haberi,
1202 3440 1234 3470 in
1250 3446 1345 3470 extre-

292 3495 344 3515 ma
367 3485 558 3516 necessitate.
583 3488 723 3525 Apparet
745 3495 819 3524 ergo
843 3485 894 3515 hic
917 3485 1005 3525 quod
1028 3484 1102 3525 quia
1132 3491 1267 3514 extrema
1293 3493 1345 3514 ne-

1402 2512 1470 2552 cipe
1495 2514 1564 2553 cogi
1588 2515 1627 2543 ad
1654 2515 1896 2545 subventionem
1919 2515 2143 2554 indigentium:
2169 2515 2210 2545 ita
2242 2516 2330 2556 quod
2354 2523 2458 2555 potest

1402 2557 1546 2598 princeps
1575 2568 1611 2588 ex
1635 2558 1757 2594 officio,
1782 2567 1817 2589 ut
1847 2559 1962 2589 iustitia
1986 2559 2018 2588 in
2049 2558 2162 2589 divitiis
2192 2561 2329 2589 servetur
2360 2570 2376 2589 a
2401 2570 2457 2589 no-

1400 2601 1483 2631 lente
1517 2602 1712 2642 superfluum
1744 2611 1871 2633 naturae
1896 2610 1926 2633 et
1953 2613 2104 2642 personae
2131 2603 2323 2642 dispensare,
2353 2603 2454 2633 distri-

1401 2646 1497 2677 buere
1519 2647 1598 2676 illud
1622 2647 1847 2686 indigentibus,
1872 2654 2023 2686 tanquam
2051 2647 2222 2676 auferendo
2253 2647 2456 2686 dispensatio-

1402 2699 1474 2719 nem
1499 2690 1676 2720 divitiarum
1701 2691 1904 2720 commissam
1934 2691 2021 2720 diviti
2045 2692 2082 2721 ab
2107 2690 2176 2730 ipso
2200 2691 2341 2730 indigno.
2374 2692 2456 2721 Nam

1401 2734 1487 2763 iuxta
1510 2735 1698 2765 Sanctorum
1721 2735 1912 2770 doctrinam,
1937 2735 2061 2765 divitiae
2091 2734 2266 2774 superfluae
2294 2745 2360 2764 non
2383 2742 2457 2765 sunt

1402 2777 1489 2807 diviti
1511 2778 1571 2808 nisi
1595 2786 1630 2809 ut
1653 2779 1859 2818 dispensatori
1885 2788 2050 2809 concessae
2069 2789 2085 2808 a
2100 2778 2179 2815 Deo,
2200 2784 2235 2809 ut
2258 2779 2371 2809 habeat
2393 2789 2456 2809 me-

1401 2823 1498 2852 ritum
1522 2823 1622 2852 bonae
1644 2823 1886 2862 dispensationis
1900 2822 1927 2853 ἢ
1960 2823 2123 2853 Fundatur
2146 2832 2220 2861 ergo
2249 2823 2348 2862 legale
2371 2823 2456 2852 debi-

1401 2872 1470 2896 tum
1489 2866 1521 2895 in
1539 2866 1600 2896 hoc
1623 2877 1696 2897 casu
1721 2877 1816 2906 super
1838 2867 1905 2906 ipsa
1929 2866 2107 2897 divitiarum
2130 2866 2256 2901 iustitia,
2279 2876 2359 2906 quae
2383 2877 2456 2896 curn

1400 2910 1432 2940 in
1456 2920 1568 2950 genere
1591 2911 1667 2940 boni
1691 2911 1776 2941 utilis
1800 2910 1871 2946 sint,
1896 2910 2093 2950 superfluitas
2117 2920 2182 2940 non
2202 2910 2378 2950 dispensata
2401 2911 2456 2940 sed

1400 2960 1518 2984 retenta
1543 2962 1651 2984 contra
1668 2955 1832 2995 utriusque
1849 2954 2014 2985 utilitatem
2031 2961 2219 2994 occupatur:
2244 2964 2319 2984 narn
2335 2961 2365 2984 et
2381 2965 2456 2984 con-

1401 3004 1447 3028 tra
1470 2998 1655 3028 retinentem
1682 3006 1866 3038 occupatur,
1892 2998 1966 3039 quia
1989 3009 2045 3028 sua
2069 3006 2115 3028 est
2138 3005 2173 3029 ut
2195 2998 2253 3028 sibi
2277 2998 2376 3038 prosit
2395 2999 2454 3028 dis-

1399 3042 1560 3081 pensatio;
1586 3049 1616 3072 et
1636 3049 1743 3072 contra
1766 3042 1975 3082 indigentium
1992 3042 2159 3073 utilitatem
2182 3047 2365 3083 occupatur,
2382 3042 2456 3083 quia

1400 3086 1487 3126 quod
1511 3086 1543 3115 in
1568 3095 1679 3116 eorum
1704 3096 1799 3116 usum
1819 3087 1926 3116 cedere
1951 3087 2051 3122 debet,
2070 3094 2252 3127 occupatur.
2277 3087 2317 3117 Et
2340 3093 2376 3116 ut
2397 3087 2454 3116 Ba-

1399 3130 1487 3160 silius
1511 3130 1588 3160 dixit
1601 3130 1627 3166 *,
1652 3131 1796 3170 ipsorum
1813 3130 2021 3170 indigentium
2045 3138 2091 3160 est
2110 3140 2146 3160 ex
2169 3131 2285 3166 debito,
2303 3131 2375 3160 licet
2390 3140 2454 3160 non

1401 3174 1439 3204 de
1463 3174 1555 3205 facto.
1580 3175 1620 3205 Et
1642 3175 1714 3205 ideo
1738 3175 1949 3214 indigentibus
1970 3174 2004 3206 fit
2020 3174 2132 3205 iniuria
2157 3184 2221 3204 non
2245 3174 2454 3214 dispensando

1401 3218 1569 3258 superflua.
1595 3219 1701 3255 Quam
1727 3219 1874 3248 iniuriam
1901 3219 2054 3258 princeps,
2071 3218 2125 3258 qui
2142 3224 2246 3248 custos
2270 3218 2375 3248 iusti*
2399 3225 2453 3253 est,

1401 3272 1436 3293 ex
1456 3262 1561 3293 officio
1585 3263 1706 3293 auferre
1729 3270 1835 3302 potest
1857 3270 1887 3293 et
1911 3263 2011 3298 debet,
2036 3263 2061 3292 si
2081 3269 2201 3292 constat
2220 3262 2387 3292 evidenter.

1456 3307 1507 3337 IV.
1531 3307 1581 3336 Ad
1598 3307 1808 3337 obiectionem
1825 3313 1932 3337 autem
1946 3307 1979 3336 in
1999 3306 2183 3346 oppositum
2199 3306 2215 3324 *
2239 3306 2352 3336 dicitur
2367 3307 2491 3346 quod

1400 3351 1472 3381 licet
1495 3351 1573 3380 nulli
1597 3351 1803 3381 determinato
1828 3350 1958 3390 pauperi
1982 3350 2022 3380 sit
2050 3350 2239 3390 acquisitum
2270 3350 2318 3380 ius
2342 3357 2377 3380 ut
2403 3351 2453 3380 de-

1399 3395 1509 3425 beatur
1533 3395 1591 3425 sibi
1614 3395 1646 3424 id
1669 3395 1756 3434 quod
1781 3394 1865 3424 dives
1889 3395 1981 3424 habet
2004 3394 2041 3424 de
2065 3393 2235 3434 superfluo,
2252 3394 2326 3434 quia
2349 3404 2386 3424 ex
2409 3404 2454 3424 ar—

1399 3438 1492 3469 bitrio
1524 3438 1628 3468 divitis
1651 3439 1766 3478 pendet
1789 3438 1980 3477 dispensatio
2005 3445 2039 3468 ut
2068 3438 2141 3468 huic
2164 3438 2214 3468 vel
2236 3437 2280 3468 illi
2303 3437 2454 3477 indigenti

1400 3483 1466 3517 det;
1492 3483 1566 3523 quia
1590 3490 1695 3512 tamen
1720 3482 1884 3512 communi
1908 3483 1994 3512 bono
2016 3482 2184 3512 hominum
2208 3481 2386 3522 quaesitum
2409 3488 2455 3512 est

2485 2829 2492 2837 ·
2503 2827 2538 2849 cf.
2554 2827 2599 2848 loc.
2615 2827 2654 2848 eit.
2669 2827 2691 2848 in

2483 2857 2523 2875 art.
2538 2860 2562 2880 4,
2577 2859 2623 2880 arg.
2638 2859 2659 2874 2.

2482 3135 2492 3143 ⁸
2507 3133 2565 3155 lbid.

2483 3217 2600 3239 Aristot.
2614 3217 2689 3239 Eehic.

2482 3244 2520 3265 lib.
2542 3243 2569 3269 V,
2589 3250 2639 3272 cap.
2659 3250 2690 3269 vi

2480 3276 2578 3318 ii'ct5'xx.
2598 3270 2622 3292 S
2645 3270 2690 3292 Th

2481 3323 2575 3344 ’Νιιιιι.
2590 3329 2615 3344 ιι.
