2814 4250
967 617 1011 642 Ad
1031 617 1153 649 Philipp„

247 737 252 742 .
313 720 316 722 ·
317 723 371 761 ‘is
394 722 403 737 -ψ
419 734 465 770 a&
489 719 512 744 n
528 716 690 748 Qum-run
701 716 758 742 Sic
774 715 1001 742 moeson-un
1015 705 1036 726 ’¹‘
1038 705 1215 742 ‚Videtur
1234 705 1339 753 quod

86 754 97 768 ²
143 754 197 769 ⁰⁸²
219 762 252 770 ·“
305 738 434 852 §fif-§J
427 758 628 817 iustitia
656 769 734 794 non
763 758 810 794 sit
826 756 945 794 virtus
961 758 1169 817 generalis.
1200 756 1340 797 lustitia

290 814 593 912 aaz&
594 810 887 911 ἓῑςέτὲἒιᾞῑ
923 811 1340 847 “¹²

278 917 372 954 tiam
398 916 517 962 docet,
531 917 773 965 prudentiam
793 922 830 953 et
853 917 1038 953 virtutem:
1069 862 1339 962 Sedvgenerale

277 981 359 1016 non
377 969 631 1007 condividitur
645 981 713 1006 seu
733 977 1031 1006 connumeratur
1049 968 1250 1016 speciebus
1267 967 1339 1004 sub

278 1021 342 1060 illo
370 1022 534 1069 generali
563 1022 761 1059 contentis.
790 1023 893 1070 Ergo
912 1020 1050 1058 iustitia
1076 1033 1155 1058 non
1183 1027 1241 1056 est
1265 1019 1340 1056 vir-

278 1082 349 1112 tus⁴
360 1075 564 1122 generalis.

294 1150 297 1164 2
333 1139 369 1165 2.
389 1128 625 1175 Pupienum,
645 1127 742 1164 sicut
767 1125 906 1163 iustitia
932 1125 1086 1174 ponitur
1112 1125 1232 1162 virtus
1261 1137 1341 1166 ear-

280 1180 434 1228 dinalis,
463 1181 514 1218 ita
542 1181 656 1218 etiam
677 1178 935 1227 'temperantia
964 1185 999 1215 et
1033 1178 1225 1215 fortitudo.
1264 1178 1340 1215 Sed

279 1234 530 1282 temperantia
555 1234 630 1270 vel
646 1232 827 1269 fortitudo
855 1243 934 1268 non
951 1231 1106 1279 ponitur
1130 1230 1250 1268 virtus
1278 1243 1340 1279 ge-

277 1285 716 1345 mrubsmErgoneque
748 1283 886 1321 iustitia
905 1284 1029 1320 *debet
1064 1283 1191 1332 aliquo
1220 1284 1340 1321 modo

277 1338 371 1388 poni
397 1338 517 1375 virtus
544 1338 741 1385 generalis.

279 1395 311 1430 b
318 1392 377 1431 ὃς
390 1391 625 1439 Panem,
644 1389 784 1427 iustitia
813 1397 868 1427 est
904 1401 1055 1437 semper
1082 1391 1129 1427 ad
1158 1390 1338 1437 alterum,

203 1488 206 1489 ⁷
249 1443 525 1503 m*
520 1444 672 1481 dictum
701 1450 769 1480 est.
800 1443 877 1485 Sed
914 1450 1115 1491 peccatum
1145 1443 1250 1491 quod
1287 1450 1343 1479 est

277 1497 325 1536 Im
344 1497 565 1546 proximum
593 1509 672 1534 non
684 1503 756 1533 est
775 1501 792 1518 ²
819 1503 1020 1544 peccatum
1049 1496 1244 1542 generale,
1272 1496 1341 1533 sed

278 1549 461 1588 &fiditur
480 1557 612 1593 contra
638 1556 839 1598 peceatum
858 1559 936 1597 quo
960 1555 1094 1596 peccat
1112 1548 1231 1584 homo
1252 1560 1341 1585 con-

277 1603 536 1652 tra-seipsum.
565 1603 668 1650 Ergo
698 1602 811 1638 etiam
829 1612 956 1649 neque
979 1599 1116 1637 iustitia
1145 1607 1200 1637 est
1223 1600 1342 1637 virtus

277 1656 479 1705 g'dneralis.

200 1716 225 1735 Ν
333 1709 408 1747 SED
437 1719 585 1746 con-rm
610 1716 678 1745 EST
706 1706 811 1756 quod
837 1706 1096 1754 Philosophus
1125 1705 1224 1753 dicit,
1244 1706 1282 1742 in
1309 1707 1344 1743 V

72 1766 85 1779 ⁹
114 1777 122 1784 ·
146 1777 155 1789 ⁸
177 1774 191 1810 ς
277 1761 451 1808 Era-⁹³¹⁶,
468 1760 744 1810 quoda'ustitia
771 1765 826 1796 est
851 1759 973 1796 omnis
992 1757 1007 1787 β
1033 1759 1163 1795 virtus.

278 1815 558 1852 &Ramnete
576 1824 764 1850 mcunmm
784 1813 889 1862 quod
908 1811 1059 1871 iustitia,
1079 1811 1176 1848 sicut
1199 1811 1342 1848 dictum

277 1867 381 1915 est*
390 1868 548 1905 {ordinat
565 1866 788 1903 hominem
780 1878 818 1903 in
839 1864 1126 1913 comparatione
1145 1864 1194 1901 ad
1213 1865 1342 1902 alium.

216 1962 220 1968 ,
278 1920 396 1969 Qod
417 1920 576 1969 quidem
587 1927 722 1968 potest
749 1931 833 1957 esse
853 1917 1064 1967 dupliciter.
1093 1918 1181 1955 Uno
1210 1918 1343 1965 modo,

210 1984 214 1985 ⁷
278 1971 328 2013 dd
355 1974 474 2012 alium
503 1972 740 2021 singulariter
768 1971 1064 2009 consideratum.
1094 1971 1181 2008 Alio
1210 1971 1342 2018 modo,

277 2027 352 2066 οὐ
357 2027 475 2065 elium
503 2026 542 2063 in
567 2024 790 2065 communi·
820 2024 1034 2062 secundum
1070 2023 1211 2060 scilicet
1238 2023 1343 2072 quod

277 2080 441 2130 illexqui
455 2078 578 2117 servit
596 2078 709 2116 alicui
737 2077 1000 2114 communitati
1020 2076 1137 2113 servit
1163 2077 1344 2114 omnibus

208 2147 214 2149 *
276 2132 500 2172 huminibus
518 2131 585 2182 qui
612 2130 686 2169 sub
705 2130 978 2169 communitate
1001 2129 1062 2166 illa
1092 2130 1343 2167 continentur.-

277 2185 345 2225 Μ
366 2193 577 2235 utrumque
595 2185 712 2232 igitur
739 2196 780 2221 se
808 2192 934 2232 potest
951 2182 1094 2220 habere
1122 2183 1258 2220 iustitia
1286 2195 1343 2220 se-

260 2239 463 2278 eundum
476 2238 674 2288 propriam
693 2237 895 2276 rationem.
925 2236 1173 2273 Manifestum
1195 2244 1252 2273 est
1279 2248 1345 2273 au—

277 2299 356 2330 tem
388 2292 502 2341 quod
530 2302 685 2328 omnes
703 2291 769 2339 qui
797 2291 869 2327 sub
907 2289 1181 2326 communitate
1218 2289 1344 2337 aliqua

279 2345 522 2383 eontinentur
540 2350 812 2392 comparantur
829 2344 879 2380 ad
904 2341 1220 2378 communitatem
1249 2342 1345 2378 sicut

278 2406 406 2448 partes
435 2398 483 2435 ad
510 2405 647 2434 totum
677 2398 771 2433 Pars
799 2403 926 2433 autam
956 2395 993 2432 id
1014 2395 1119 2454 quod
1149 2402 1203 2431 est
1231 2395 1344 2431 totius

279 2454 363 2489 est:
383 2451 492 2488 unde
520 2458 556 2487 et
576 2450 772 2510 quodlibet
799 2450 946 2485 bonum
966 2448 1081 2496 partis
1110 2454 1166 2484 est
1193 2447 1344 2484 ordina-

279 2504 367 2542 bile.
374 2504 426 2542 in
451 2504 599 2541 bonum
625 2503 755 2540 totius.
785 2501 1009 2539 Secundum
1039 2501 1115 2537 hoc
1141 2500 1252 2548 igitur
1279 2501 1347 2537 bo-

332 2600 361 2650 a)
380 2620 456 2642 est.—
468 2620 560 2649 potest
577 2623 632 2641 esse
651 2616 746 2640 PGKa.

289 2662 303 2676 ι,
315 2653 323 2676 ¹.
333 2651 362 2686 β)
377 2652 473 2678 omnis.
483 2666 503 2673 -·
519 2651 667 2677 commum's
684 2651 713 2676 P.

398 3133 463 3169 W«
491 3117 515 3144 u
533 3116 676 3143 serrum
696 3116 749 3141 su:
769 3115 1000 3142 pnocenrrua
1013 3103 1033 3126 *⁶
1035 3103 1219 3141 ,Videtur
1236 3102 1345 3150 quod

307 3157 311 3165 ‘
346 3157 353 3164 ’
417 3157 459 3219 ξ-’ἣ
491 3158 643 3218 iustitia,
671 3158 884 3196 secundum
912 3157 1018 3205 quod
1051 3164 1107 3194 est
1139 3156 1345 3216 generalis3

409 3260 412 3261 ⁷
473 3208 479 3213 ¹
619 3211 724 3249 idem
757 3223 827 3260 per
862 3210 1065 3248 essentiam
1107 3222 1195 3247 curn
1238 3209 1346 3247 omni

289 3260 311 3287 ¹⁸
339 3283 347 3291 ·
448 3247 643 3302 Nssvirtute.
677 3264 778 3301 Dicit
805 3263 921 3301 enim
946 3263 1223 3311 Philosophus,
1253 3262 1291 3300 in
1310 3263 1345 3299 V

147 3349 160 3364 e
185 3331 192 3338 ·
280 3318 402 3362 Ethic.
422 3317 454 3365 ²¹⁸,
474 3317 580 3368 quod
607 3317 728 3355 virtus
757 3324 794 3354 et
820 3316 957 3355 iustitia
979 3315 1107 3363 legalis
1135 3321 1188 3355 est
1213 3315 1343 3353 eadem

281 3371 388 3410 omni
412 3371 560 3416 virtuti,
590 3382 669 3408 esse
694 3375 820 3407 autem
849 3381 924 3408 non
953 3375 1008 3407 est
1038 3369 1148 3406 idem.
1178 3369 1255 3406 Sed
1283 3368 1346 3406 illa

281 3436 390 3473 quae-
408 3423 588 3463 differunt
616 3423 741 3461 solum
766 3422 978 3465 secundum
1008 3434 1102 3468 esse,
1121 3422 1184 3458 vel
1213 3433 1344 3458 secun-

282 3478 377 3523 dum
413 3477 622 3523 rationem,
654 3488 733 3514 non
763 3475 942 3515 differunt
969 3475 1183 3512 secundum
1218 3486 1345 3513 essen-

904 303 1170 349 QUAESTIO
1199 304 1335 350 LVIII,
1364 303 1734 349 ARTICULUSV,
1755 304 1803 340 VI
2407 301 2449 336 13

1064 430 1380 473 ARTlcULUS
1403 398 1665 482 ’QfflNTU'g
1691 400 1730 418 '⁶

912 530 1067 562 UTRUM
1092 530 1280 562 1UST1T1A
1303 530 1370 562 S1T
1394 510 1813 574 vliiTustEuERALls

1174 625 1229 650 cap.
1247 612 1291 648 ni,
1310 618 1368 642 lect.
1387 624 1421 648 115
1438 617 1463 640 V
1483 617 1581 646 Ethic„
1601 618 1659 642 leet.
1677 625 1705 647 n,
1723 624 1762 642 m.

1392 715 1484 740 num
1515 704 1714 741 cuiuslibet
1738 705 1905 752 virtutis⁷
1935 705 2016 742 sive
2045 705 2251 741 ordinantis
2283 704 2447 752 aliquem

1392 756 1590 794 hominem
1619 758 1667 794 ad
1695 757 1863 805 seipsum
1891 757 1973 794 sive
2001 757 2209 795 ordinantis
2246 757 2372 805 ipsum
2400 759 2449 794 ad

1389 809 1538 856 aliquas
1557 809 1649 846 alias
1676 822 1859 859 personas
1879 810 2096 857 singulares,
2118 818 2175 846 est
2195 809 2382 846 referibile
2402 810 2450 847 ad

1392 862 1538 898 bonum
1568 873 1788 908 commune,
1809 863 1858 899 ad
1883 864 1985 911 quod
2014 863 2162 899 ordinat
2180 868 2195 890 Υ
2223 863 2372 900 iustitia.
2403 863 2452 899 Et

1392 914 1603 950 secundum
1618 915 1693 950 hoc
1712 922 1817 951 actus
1837 916 2011 952 omnium
2025 916 2208 952 virtutum
2228 922 2388 964 possunt
2402 916 2451 952 ad

1391 966 1570 1003 iustitiam
1590 967 1790 1015 pertinere⁷
1807 969 2019 1004 secundum
2039 968 2144 1016 quod
2156 968 2310 1004 ordinat
2327 968 2451 1004 homi-

1392 1030 1480 1055 nem
1496 1019 1545 1056 ad
1564 1020 1709 1056 bonum
1727 1032 1946 1057 commune.
1968 1022 2017 1057 Et
2035 1028 2220 1068 quantum
2241 1020 2290 1057 ad
2304 1021 2379 1057 hoc
2398 1021 2452 1057 iu»-

1392 1072 1490 1108 stitia
1506 1072 1641 1109 dicitur
1653 1072 1774 1109 virtus
1788 1073 1983 1120 generalis.
2000 1074 2049 1110 Et
2064 1073 2153 1120 quia
2167 1073 2214 1109 ad
2229 1074 2352 1120 legem
2367 1085 2452 1121 per-

1391 1125 1484 1161 tinet
1503 1125 1681 1162 ordinare
1699 1125 1738 1162 in
1757 1126 1905 1162 bonum
1925 1137 2146 1172 commune,
2166 1133 2208 1162 ut
2225 1125 2369 1174 supra*
2387 1126 2453 1162 ha·
2480 1134 2491 1180 Ξ
2515 1133 2527 1145 ¹²
2558 1133 2582 1145 ³⁰
2618 1139 2631 1153 u
2652 1139 2664 1153 x

1393 1177 1515 1215 bitum
1545 1186 1611 1225 est,
1636 1178 1725 1214 inde
1753 1186 1810 1214 est
1837 1179 1943 1227 quod
1966 1178 2048 1215 talis
2075 1178 2231 1225 iustitia,
2258 1178 2452 1227 praedicto

1394 1231 1512 1268 modo
1541 1230 1737 1278 generalis,
1767 1231 1901 1269 dicitur
1929 1231 2063 1268 iustitia
2090 1231 2242 1280 legalis:
2269 1231 2357 1278 quia
2385 1231 2454 1267 sci-

1392 1283 1479 1320 licet
1495 1295 1669 1332 peream
1688 1285 1808 1320 homo
1823 1285 2031 1321 concordat
2049 1284 2120 1331 legi
2141 1283 2327 1320 ordinanti
2349 1291 2453 1320 actus

1393 1336 1568 1374 omnium
1595 1337 1779 1374 virtutum
1807 1337 1846 1373 in
1873 1338 2019 1373 bonum
2048 1348 2266 1373 commune.

1445 1391 1504 1426 Ao
1532 1401 1670 1427 ptumum
1698 1401 1797 1427 ERGO
1808 1397 2003 1427 ‘chssuoum
2031 1390 2136 1438 quod
2159 1389 2296 1425 iustitia
2326 1389 2455 1425 condi-

1392 1441 1532 1480 viditur
1559 1455 1628 1479 seu
1648 1450 1944 1480 connumeratur
1970 1442 2049 1479 aliis
2071 1442 2271 1479 virtutibus
2298 1453 2376 1478 non
2400 1442 2454 1478 in-

1394 1503 1580 1543 quantum
1610 1503 1666 1532 est
1685 1496 1881 1543 generalis,
1901 1495 1968 1533 sed
1989 1495 2212 1543 inquantum
2237 1502 2294 1531 est
2312 1494 2455 1542 specia-

1394 1547 1438 1584 lis
1462 1547 1597 1594 virtus,
1615 1555 1656 1584 ut
1683 1549 1779 1585 infra
1797 1548 1817 1570 ³²
1845 1548 1999 1585 dicetur.

1447 1602 1507 1636 An
1539 1609 1730 1638 SECUNDUM
1766 1612 1950 1638 DICENDUM
1987 1600 2092 1648 quod
2131 1600 2381 1648 temperantia
2419 1607 2455 1637 et
2482 1607 2490 1614 ·

1394 1653 1574 1690 fortitudo
1592 1661 1680 1690 sunt
1708 1653 1745 1690 in
1774 1653 1942 1701 appetitu
1961 1653 2153 1699 sensitivo,
2173 1653 2270 1689 idest
2298 1653 2335 1688 in
2365 1665 2456 1693 con·>

1395 1705 1602 1754 cupiscibili
1631 1714 1667 1742 et
1702 1706 1888 1743 irascibili.
1928 1705 2160 1742 Huiusmodi
2198 1713 2322 1741 autem
2355 1705 2455 1742 vires

1395 1766 1482 1796 sunt
1509 1758 1738 1807 appetitivae
1766 1759 2010 1807 quorundam
2039 1759 2232 1794 bonorum
2256 1757 2456 1806 particula-

1395 1811 1515 1849 rium:
1544 1812 1639 1848 sicut
1667 1820 1703 1848 et
1731 1823 1863 1849 sensus
1884 1820 1939 1848 est
1962 1811 2241 1860 particularium
2263 1811 2456 1858 cognosci-

1394 1865 1506 1901 tivus.
1538 1865 1613 1901 Sed
1645 1864 1782 1901 iustitia
1810 1872 1867 1902 est
1895 1865 1988 1901 sicut
2015 1864 2053 1900 in
2077 1864 2248 1900 subiecto
2275 1864 2313 1900 in
2341 1876 2455 1912 appe-

1394 1918 1463 1955 titu
1490 1917 1731 1965 intellectivo‚
1751 1918 1817 1966 qui
1844 1925 1969 1966 potest
1993 1929 2076 1954 esse
2103 1917 2324 1954 universalis
2353 1917 2456 1964 boni,

1397 1971 1504 2008 cuius
1522 1970 1733 2007 intellectus
1761 1979 1816 2007 est
1835 1970 2137 2020 apprehensivus
2158 1971 2189 2006 ⁸⁸.
2219 1971 2268 2006 Et
2294 1970 2381 2006 ideo
2402 1970 2456 2006 iu·
2485 1978 2494 1986 ·

1397 2023 1494 2060 stitia
1527 2024 1647 2071 magis
1678 2031 1804 2072 potest
1845 2035 1927 2060 esse
1964 2023 2083 2060 virtus
2116 2023 2300 2070 generalis
2341 2035 2456 2072 quam

1395 2077 1648 2125 temperantia·
1672 2077 1734 2113 vel
1763 2076 1955 2113 fortitudo.

1448 2131 1507 2167 An
1535 2141 1696 2167 TERTmM
1723 2140 1910 2167 mCENDUM
1938 2129 2042 2178 quod
2071 2128 2131 2165 illa
2166 2139 2265 2176 quae
2294 2135 2381 2166 sunt
2409 2128 2456 2165 ad

1396 2183 1565 2231 seipsum
1593 2189 1681 2219 sunt
1708 2182 1933 2219 ordinabilia
1961 2181 2011 2218 ad
2043 2182 2223 2228 alterum,
2253 2180 2458 2229 praecipue

1396 2243 1582 2284 quantum
1610 2235 1660 2272 ad
1688 2236 1835 2272 bonum
1865 2232 2095 2272 commune(
2113 2234 2224 2271 Unde
2257 2242 2294 2270 et
2320 2233 2458 2270 iustitia

1396 2288 1536 2336 legalis,
1557 2288 1769 2325 secundum
1798 2288 1905 2336 quod
1927 2287 2082 2324 ordinat
2110 2288 2158 2324 ab
2178 2288 2324 2323 bonum
2353 2298 2458 2323 com-

1398 2353 1527 2383 mune,
1547 2348 1672 2389 potest
1701 2341 1773 2377 dici
1795 2341 1920 2377 ‘virtus
1944 2340 2147 2388 generalis3
2176 2347 2213 2376 et
2241 2341 2376 2376 eadem
2402 2351 2458 2376 ra-

1397 2394 1499 2431 tione
1527 2393 1707 2431 iniustitia
1735 2401 1860 2443 potest
1891 2394 1963 2430 dici
1991 2400 2190 2440 peccatum
2229 2404 2457 2428 commune:

1398 2447 1500 2484 unde
1530 2446 1664 2483 dicitur
1692 2447 1705 2482 I
1732 2448 1840 2483 Ioan.
1870 2458 1906 2483 111
1925 2446 1945 2468 '¹‘
1982 2446 2087 2494 quod
2124 2457 2236 2482 omne
2261 2451 2458 2493 peccatum
2488 2452 2499 2498 ἑ
2534 2457 2570 2472 ers

1399 2506 1452 2536 est
1478 2500 1666 2548 iniquitas.

1451 2614 1477 2647 γ)
1498 2614 1615 2638 ordinat.
1629 2628 1648 2632 -
1665 2613 1810 2638 ordinatur
1829 2613 1908 2637 PGH.

1091 2809 1409 2857 ARTIGULUS
1439 2808 1647 2851 SEXTUS

483 2905 639 2945 UTRUM
662 2904 868 2940 IUSTITIA,
893 2903 1130 2934 SECUNDUM
1146 2902 1383 2977 ἓὶῐῶῗὶἒξῇἷ
1397 2901 1664 2976 ἃξξξῇἒιῐδ,
1690 2902 1756 2932 SIT
1780 2902 1885 2932 IDEM
1910 2901 1989 2933 PER
2013 2899 2251 2931 ESSENTIAM

475 3027 499 3051 1·
518 3027 575 3057 11⁸⁸,
595 3034 638 3059 qu.
657 3033 696 3056 Lx,
717 3031 763 3050 art.
783 3025 806 3055 3,
826 3026 857 3050 ad
878 3033 907 3056 23
926 3025 958 3049 111
977 3025 1059 3054 Seni„
1079 3025 1138 3050 dist.
1158 3032 1195 3054 lx,
1215 3032 1260 3056 qu.
1279 3032 1296 3055 1,
1315 3029 1361 3048 art.
1385 3032 1412 3055 1,
1432 3024 1481 3056 qu·
1501 3031 1530 3053 2;
1551 3024 1592 3048 De
1616 3023 1704 3052 Ver-ft„
1725 3030 1768 3055 qu.
1787 3030 1872 3053 xxvm,
1892 3028 1939 3047 art.
1961 3029 1988 3052 1;
2006 3023 2030 3046 V
2050 3022 2144 3051 Ethic„
2164 3023 2223 3047 lect.
2241 3030 2270 3047 n.

1395 3103 1499 3141 tiam.
1529 3103 1632 3150 Ergo
1660 3102 1799 3140 iustitia
1828 3109 1884 3139 est
1909 3101 2013 3140 idem
2041 3114 2111 3150 per
2139 3101 2340 3139 essentiam
2369 3113 2456 3139 cum

1397 3156 1504 3194 omni
1530 3155 1680 3193 virtute.

1451 3221 1486 3247 2.
1507 3210 1741 3255 PRAETEREA‚
1762 3208 1888 3247 omnis
1906 3208 2026 3244 virtus
2055 3219 2153 3256 quae
2173 3219 2251 3245 non
2279 3214 2335 3244 est
2353 3206 2454 3245 idem

1396 3274 1466 3311 per
1493 3262 1697 3301 essentiam
1727 3273 1814 3299 cum
1838 3260 1946 3298 omni
1973 3260 2122 3306 virtute,
2142 3267 2199 3297 est
2226 3271 2313 3308 pars
2340 3259 2457 3296 virtu-¹

1397 3315 1454 3353 tis.
1485 3315 1562 3352 Sed
1591 3314 1727 3352 iustitia
1763 3314 1974 3362 praedicta,
2003 3321 2044 3350 ut
2070 3313 2212 3350 ibidem
2236 3312 2256 3334 '¹‘
2284 3312 2455 3349 Philoso-

1396 3368 1496 3416 phus
1524 3367 1624 3415 dicit,
1644 3379 1720 3404 non
1749 3373 1803 3404 est
1821 3378 1916 3414 pars
1942 3366 2103 3411 virtutis,
2130 3366 2197 3402 sed
2221 3370 2296 3402 tota
2324 3366 2452 3402 virtus.
2484 3377 2494 3386 ·
2528 3382 2566 3397 um

1397 3422 1500 3468 Ergo
1525 3420 1717 3469 praedicta
1735 3419 1872 3459 iustitia
1901 3427 1956 3456 est
1974 3419 2076 3456 idem
2098 3418 2341 3456 essentialiter
2368 3430 2453 3454 cum

1398 3483 1505 3510 omni
1531 3481 1681 3511 virtute.

335 3598 362 3631 α)
380 3599 424 3624 xit.
438 3612 456 3618 -
474 3606 526 3624 non
546 3599 582 3624 sit
600 3597 779 3630 BEFHLpAK
800 3602 825 3621 et
843 3604 870 3621 x.

2612 2468 2616 2472 .
2631 2463 2639 2466 -
2660 2451 2695 2472 (ξι.

2610 2484 2632 2498 rs
2652 2484 2681 2499 1*-
