2860 4238
325 1436 329 1441 .
344 1409 349 1414 '
349 1417 414 1446 ιιιιιι

205 1453 309 1468 ........

204 2224 213 2234 ⁸
227 2223 255 2244 D.
271 2223 320 2250 629,

408 3068 419 3073 ·
444 3052 514 3100 ipsi
534 3060 661 3089 nocet:
684 3053 771 3090 dicit
790 3053 890 3090 enim
911 3053 1176 3101 Philosophus,
1197 3052 1235 3089 in
1255 3053 1306 3090 IV
1324 3053 1444 3090 Ethic.
1464 3052 1495 3099 ²⁸,

1083 256 1347 303 QUAESTIO
1378 255 1517 302 CXIX,

1203 371 1415 412 ARTICU
1423 370 1520 412 LUS

1545 255 1841 292 ARTICULUS
1871 255 1915 301 II,
1937 255 1984 290 III

1551 370 1848 413 SECUNDUS

1106 467 1261 498 UTRUM
1284 465 1599 496 PRODIGALITAS
1623 465 1689 496 SIT
1713 466 1950 498 PECCATUM

1358 548 1392 572 IV
1412 547 1506 576 Ethic„
1526 547 1584 572 lect.
1604 555 1641 573 111.
1660 556 1693 572 1v.

444 834 534 869 Non
556 841 682 870 autem
703 839 719 854 ‘²
749 841 803 869 est
832 833 935 869 radix
954 831 1235 880 prodigalitatis,
1256 842 1352 878 quae
1379 831 1411 866 ei
1432 843 1499 878 op-

442 886 604 934 ponitur.
635 887 735 934 Ergo
764 885 1006 934 prodigalitas
1035 897 1112 921 non
1142 891 1197 920 est
1225 890 1436 931 peccatum.

497 951 531 975 2.
560 940 789 985 PRAETEREA,
820 938 1039 986 Apostolus,
1062 940 1074 974 Ι
1104 938 1155 974 ad
1185 937 1279 973 Tim.
1309 936 1374 973 ult.
1394 936 1425 983 ²¹⁸,
1447 936 1501 973 di-
1526 933 1527 942 ³

443 993 509 1028 cit:
548 992 732 1029 Divitibus
767 992 876 1028 huius
916 991 1057 1027 saeculi
1081 990 1260 1038 praecipe
1281 990 1403 1038 facile
1437 990 1499 1026 tri·
1526 990 1527 1032 ξ

442 1045 570 1089 buere,
607 1045 896 1081 communicare.
940 1044 1016 1080 Sed
1051 1044 1126 1080 hoc
1160 1043 1324 1079 maxime
1360 1039 1527 1079 faciunt*

441 1097 597 1145 prodigi.
628 1099 728 1145 Ergo
758 1097 999 1145 prodigalitas
1028 1109 1106 1132 non
1136 1104 1190 1132 est
1217 1103 1428 1144 peccatum.

496 1152 530 1187 3.
560 1151 799 1198 PRAETEREA,
829 1151 878 1187 ad
905 1149 1208 1198 prodigalitatem
1246 1149 1408 1197 pertinet
1441 1161 1501 1184 su-

441 1204 704 1252 perabundare
733 1203 771 1239 in
808 1203 958 1240 datione
987 1211 1023 1239 et
1052 1203 1214 1238 deficere
1253 1202 1290 1238 in
1326 1201 1501 1238 sollicitu-
1526 1211 1527 1217 ¹

443 1257 529 1294 dine
560 1257 786 1294 divitiarum.
818 1257 894 1293 Sed
922 1257 996 1292 hoc
1014 1255 1179 1292 maxime
1205 1255 1383 1292 convenit
1410 1254 1500 1291 viris
1526 1253 1527 1290 3

441 1310 615 1358 perfectis
638 1309 880 1358 implentibus
901 1309 1005 1357 quod
1030 1308 1222 1346 Dominus
1242 1308 1339 1355 dicit,
1366 1309 1499 1345 Matth.

441 1376 476 1400 vi
495 1363 534 1400 *z
563 1363 690 1400 Nolite
707 1363 854 1400 solliciti
879 1375 956 1399 esse
978 1363 1014 1399 in
1043 1362 1271 1406 crastinum;
1298 1370 1334 1398 et
1361 1373 1420 1398 xlx
1439 1361 1498 1398 **:
1526 1357 1528 1407 3

448 1417 571 1454 Vende
599 1417 725 1454 omnia
744 1428 841 1464 quae
859 1416 985 1462 habes,
1005 1421 1039 1452 et
1057 1417 1105 1452 da
1124 1415 1366 1464 pauperibus.
1397 1415 1499 1462 Ergo
1526 1426 1528 1444 ῑ

441 1470 683 1519 prodigalitas
710 1482 788 1506 non
817 1477 872 1506 est
899 1476 1112 1517 peccatum.
1527 1516 1528 1519 Ἰ

497 1525 570 1561 SED
595 1536 739 1561 CONTRA
769 1535 834 1559 EST
862 1523 967 1570 quod
1004 1523 1104 1559 filius
1139 1521 1320 1570 prodigus
1353 1521 1501 1569 vitupe-
1527 1524 1528 1545 ³

322 1591 356 1605 ¹⁵
391 1600 396 1605 ·
443 1585 543 1614 ratur
572 1577 618 1614 de
647 1590 714 1615 sua
741 1576 1015 1625 prodigalitate,
1046 1577 1138 1612 Luc.
1168 1587 1216 1612 xv
1235 1573 1265 1611 ²¹⁶.

496 1633 719 1668 REspoNnsso
747 1642 931 1667 DICENDUM
961 1630 1078 1676 quod,
1104 1629 1198 1665 sicut
1226 1627 1367 1664 dictum
1396 1634 1451 1662 est
1469 1626 1500 1674 ²¹⁶,
1527 1635 1528 1638 ’

441 1685 680 1733 prodigalitas
709 1684 914 1732 opponitur
941 1683 1119 1719 avaritiae
1149 1682 1359 1719 secundum
1381 1693 1501 1729 oppo-

441 1738 615 1776 sitionem
645 1736 1009 1786 superabundantiae
1047 1743 1084 1772 et
1112 1735 1289 1772 defectus.
1329 1735 1501 1771 Medium
1526 1735 1528 1772 3

442 1800 567 1829 autem
596 1791 743 1828 virtutis
771 1803 840 1838 per
876 1797 1079 1836 utrumque
1115 1790 1255 1825 horum
1292 1787 1500 1836 corrumpi·
1526 1809 1527 1816 κ

441 1854 510 1882 tur.
542 1846 598 1881 Ex
626 1845 700 1880 hoc
728 1851 855 1880 autem
885 1850 940 1878 est
974 1841 1113 1889 aliquid
1139 1841 1320 1878 vitiosum
1350 1849 1387 1877 et
1413 1853 1500 1890 pec·
1525 1881 1527 1892 ᾖ

443 1907 569 1935 catum
598 1897 704 1944 quod
724 1895 932 1944 corrumpit
950 1896 1097 1931 bonum
1125 1894 1283 1931 virtutis.
1312 1894 1423 1931 Unde
1444 1907 1500 1931 re·
1526 1894 1527 1898 ’

441 1951 618 2000 linquitur
645 1951 749 1999 quod
777 1948 1021 1998 prodigalitas
1050 1947 1096 1984 sit
1122 1955 1331 1996 peccatum.

493 2007 551 2041 AD
580 2016 716 2041 PR1MUM
743 2014 841 2039 ERGO
874 2013 1058 2038 DICENDUM
1086 2001 1190 2050 quod
1218 2001 1309 2037 illud
1336 2001 1500 2037 verbum

441 2058 616 2106 Apostoli
654 2056 810 2104 quidam
850 2062 1045 2103 exponunt
1086 2066 1164 2091 non
1207 2054 1254 2091 de
1296 2054 1499 2102 cupiditate

441 2110 588 2157 actuali,
610 2110 676 2147 sed
705 2109 751 2146 de
781 2108 947 2157 quadam
967 2107 1146 2144 habituali
1166 2107 1380 2155 cupiditate,
1402 2119 1499 2156 quae

442 2172 496 2201 est
524 2162 828 2212 concupiscentia
856 2161 1007 2206 fomitis,
1030 2173 1075 2196 ex
1095 2173 1171 2208 qua
1191 2160 1321 2197 omnia
1343 2168 1499 2209 peccata

441 2218 611 2254 oriuntur
628 2217 658 2253 ²³⁶.
690 2237 712 2243 -
741 2215 812 2251 Alii
840 2226 934 2250 vero
965 2213 1093 2250 dicunt
1125 2215 1230 2262 quod
1257 2215 1424 2262 loquitur
1452 2214 1498 2250 de

442 2271 643 2319 cupiditate
681 2267 845 2316 generali
880 2275 1054 2314 respectu
1092 2267 1366 2315 cuiuscumque
1396 2268 1498 2304 boni.

494 2397 520 2430 α)
540 2397 599 2421 Non
619 2398 716 2420 autem.
734 2408 753 2413 —-
772 2394 826 2419 Sed
844 2402 895 2419 non
915 2394 960 2419 Pa.

495 2432 519 2465 β)
539 2432 628 2457 etiam.
646 2445 664 2450 -
682 2431 743 2455 Om.
763 2430 857 2462 PGIpC
876 2435 900 2454 et
918 2437 943 2454 a.

1553 619 1602 655 Et
1630 619 1683 655 sic
1711 620 1956 657 manifestum
1986 629 2042 658 est
2069 622 2173 669 quod
2199 622 2312 658 etiam
2333 621 2348 651 β
2374 623 2615 671 prodigalitas

1554 684 1598 708 ex
1628 672 1831 720 cupiditate
1860 674 1996 710 oritur:
2026 672 2206 722 prodigus
2236 675 2337 712 enim
2366 676 2519 725 aliquod
2547 678 2615 713 bo-

1553 737 1648 762 num
1685 727 1895 773 temporale
1934 727 2036 775 cupit
2069 728 2252 776 consequi
2287 728 2518 776 inordinate;
2553 731 2615 768 vel

1553 779 1703 826 placere
1733 778 1825 824 aliis,
1850 780 1911 815 vel
1941 781 2074 816 saltem
2107 781 2320 818 satisfacere
2356 794 2447 819 suae
2479 784 2617 820 volun-

1553 831 1617 868 tati
1647 831 1685 867 in
1715 831 1855 868 dando.
2422 847 2424 849 >

1609 885 1686 921 Sed
1702 885 1731 921 si
1747 885 1832 932 quis
1844 892 1944 921 recte
1962 885 2187 931 consideret,
2203 888 2411 934 Apostolus
2425 888 2477 924 ibi
2492 889 2615 936 loqui-

1553 945 1624 985 tur,
1642 938 1688 975 ad
1708 937 1881 984 litteram,
1902 938 1948 974 de
1970 938 2173 986 cupiditate
2194 939 2426 977 divitiarum:
2448 953 2537 977 nam
2555 954 2614 978 su-

1554 1003 1621 1039 pra
1639 990 1659 1012 *
1677 991 1939 1039 praemiserat:
1965 991 2038 1033 Qui
2054 992 2185 1028 volunt
2201 993 2441 1040 dz'vitesfieri,
2469 1001 2537 1030 etc.
2568 996 2616 1032 Et

1554 1045 1606 1081 sic
1627 1044 1759 1081 dicitur
1780 1056 1860 1080 esse
1881 1044 2037 1081 avaritia
2057 1044 2159 1082 radix
2181 1045 2354 1082 omnium
2374 1047 2564 1083 malorum
2583 1047 2614 1095 ⁹¹⁸,

1554 1110 1632 1134 non
1662 1097 1750 1146 quia
1779 1097 1908 1133 omnia
1937 1098 2036 1133 mala
2066 1109 2219 1146 semper
2243 1110 2287 1134 ex
2306 1099 2464 1136 avaritia
2493 1099 2616 1137 orian-

1553 1158 1631 1186 tur:
1660 1151 1728 1187 sed
1756 1150 1846 1198 quia
1874 1150 2020 1187 nullum
2055 1151 2200 1187 malum
2229 1155 2285 1187 est
2312 1152 2418 1200 quod
2453 1164 2532 1190 non
2563 1153 2617 1190 in-

1553 1203 1702 1240 terdum
1734 1215 1778 1239 ex
1805 1203 1960 1239 avaritia
1989 1203 2141 1240 oriatur.
2171 1205 2282 1241 Unde
2311 1212 2348 1240 et
2374 1205 2617 1253 prodigalitas

1554 1257 1787 1305 quandoque
1809 1267 1854 1292 ex
1873 1255 2032 1292 avaritia
2051 1256 2231 1293 nascitur:
2262 1257 2356 1294 sicut
2376 1270 2463 1296 cum
2484 1258 2617 1308 aliquis

1526 1310 1527 1338 ἶ
1553 1309 1713 1357 prodige
1741 1309 1861 1345 multa
1890 1309 2081 1346 consumit
2112 1309 2320 1351 intentione
2354 1311 2529 1360 captandi
2564 1313 2618 1349 fa-

1554 1374 1691 1399 vorem
1720 1363 1947 1411 aliquorum,
1977 1374 1999 1398 a
2028 1362 2167 1409 quibus
2197 1362 2345 1399 divitias
2374 1364 2543 1413 accipiat.
2580 1372 2594 1378 ”

1608 1418 1666 1452 Αι)
1689 1428 1879 1452 SECUNDUM
1908 1427 2092 1452 DICENDUM
2121 1417 2226 1463 quod
2250 1418 2457 1464 Apostolus
2485 1425 2622 1455 monet-

1555 1468 1690 1505 divites
1708 1476 1748 1505 ut
1777 1469 1884 1505 facile
1913 1468 2076 1505 tribuant
2101 1476 2136 1504 et
2163 1469 2449 1506 communicent
2472 1481 2541 1507 sua
2555 1483 2617 1507 se-

1556 1522 1724 1558 cundum
1746 1523 1850 1570 quod
1871 1529 2030 1569 oportet.
2057 1521 2174 1568 Quod
2193 1534 2270 1559 non
2291 1522 2435 1559 faciunt
2452 1523 2616 1571 prodigit

1555 1575 1655 1623 quia,
1676 1582 1717 1611 ut
1735 1574 1991 1623 Philosophus
2012 1574 2110 1620 dicit,
2131 1574 2170 1611 in
2191 1575 2241 1611 lV
2259 1576 2378 1612 Ethic.
2399 1575 2430 1621 *,
2450 1576 2623 1614 dationes·

1555 1639 1685 1664 eorum
1715 1640 1788 1664 non
1817 1633 1903 1664 sunt
1929 1629 2060 1673 bonae,
2077 1639 2196 1676 neque
2224 1629 2313 1664 boni
2337 1630 2477 1678 gratia,
2499 1640 2623 1678 neque

1553 1681 1756 1717 secundum
1776 1682 1876 1729 quod
1893 1686 2053 1729 oportet.-
2071 1681 2137 1717 sed
2154 1681 2377 1728 quandoque
2390 1682 2482 1718 dant
2499 1683 2617 1721 multu

1555 1734 1625 1770 illis
1644 1745 1736 1781 quos
1755 1739 1943 1782 oporteret
1952 1745 2141 1782 pauperes
2160 1745 2248 1780 esse,
2268 1734 2406 1771 scilicet
2431 1735 2623 1773 histrioni-²

1554 1788 1622 1823 bus
1649 1793 1684 1822 et
1706 1787 1974 1831 adulatoribus,
1996 1787 2101 1823 bonis
2119 1792 2244 1823 autem
2274 1787 2366 1823 nihil
2383 1788 2518 1825 darent
2533 1794 2560 1825 Υ.
2611 1796 2613 1798 ’

1606 1843 1665 1878 AD
1693 1852 1853 1877 TERTmM
1880 1851 2064 1876 mcENDuM
2087 1841 2192 1888 quod
2221 1851 2510 1888 superexcessus
2529 1852 2623 1889 pro-

1555 1894 1751 1942 digalitatis
1780 1905 1858 1930 non
1887 1892 2089 1929 attenditur
2114 1892 2369 1941 principaliter
2403 1894 2616 1932 seeundum

1554 1948 1800 1996 quantitatem
1830 1946 1916 1992 dati,
1938 1946 2006 1982 sed
2025 1946 2146 1993 magis
2160 1945 2384 1994 inquantum
2414 1946 2559 1984 excedit
2575 1947 2626 1989 '‘sd-v
2684 1952 2686 1955 ’

1555 2001 1660 2050 quod
1679 2000 1760 2037 fieri
1780 2006 1940 2048 oportet.
1970 1999 2082 2036 Unde
2102 1999 2334 2047 quandoque
2354 1999 2517 2037 liberalis
2535 2012 2624 2038 rna*

1554 2054 1635 2090 iora
1664 2054 1727 2090 dat
1754 2064 1870 2100 quam
1899 2051 2092 2100 prodigus,
2122 2051 2151 2088 si
2180 2052 2437 2089 necessarium
2465 2053 2523 2090 sit.
2554 2054 2616 2091 Sic

1555 2119 1643 2155 ergo
1673 2106 1879 2143 dicendum
1908 2112 1964 2141 est
1992 2105 2096 2153 quod
2123 2104 2174 2140 illi
2201 2105 2286 2152 qui,
2316 2106 2529 2143 intentione·
2547 2115 2616 2144 se—

1555 2159 1696 2208 quendi
1724 2158 1930 2204 Christum,
1960 2158 2089 2194 omnia
2117 2170 2184 2194 sua
2213 2159 2314 2205 dant,
2345 2166 2382 2196 et
2409 2160 2456 2196 ab
2485 2159 2623 2198 animo

1555 2225 1625 2249 suo
1656 2223 1811 2248 omnem
1831 2209 1844 2233 δ
1873 2212 2143 2258 temporalium
2172 2210 2465 2248 sollicitudinem
2490 2220 2627 2250 remo*

1553 2274 1656 2311 vent,
1687 2277 1764 2301 non
1793 2271 1880 2300 sunt
1906 2263 2066 2312 prodigi,
2087 2263 2154 2300 sed
2182 2265 2346 2312 perfecte
2376 2265 2560 2303 liberales.
2592 2276 2599 2286 ⁷

1605 2393 1632 2426 γ)
1653 2393 1759 2417 darent.
1777 2405 1795 2410 -
1814 2391 1881 2415 dant
1900 2390 2018 2415 PGKLa.

1606 2427 1631 2460 ὃ)
1651 2435 1765 2453 omnem.
1777 2441 1797 2446 —
1815 2426 1932 2452 omnium
1952 2425 2024 2450 PGa.
2610 2424 2618 2442 1

1237 2550 1555 2593 ARTICULUS
1590 2547 1820 2591 TERTIUS

808 2636 962 2667 UTRUM
984 2635 1300 2666 PRODIGALITAS
1323 2635 1389 2665 εῖτ
1413 2633 1598 2666 GRAVIus
1621 2632 1859 2664 PECCATUM
1882 2632 2007 2669 QUAM
2031 2631 2238 2662 AVARITIA

1120 2717 1162 2742 De
1180 2717 1263 2746 Malo,
1283 2725 1327 2750 qu.
1346 2725 1399 2747 xm,
1419 2722 1466 2741 art.
1487 2724 1510 2747 2,
1530 2718 1561 2742 ad
1585 2723 1628 2746 103
1648 2716 1682 2740 IV
1702 2715 1796 2744 Ethic„
1817 2716 1876 2739 lect.
1895 2721 1929 2740 rv.

475 2804 535 2847 >0331
560 2818 612 2836 »s«
651 2802 673 2826 D
700 2800 859 2825 TERTiUM
878 2800 930 2824 εις
953 2799 1192 2825 PROCEDITUR.
1212 2787 1371 2824 Videtur
1390 2787 1496 2836 quod

469 2832 630 2901 lvi}
651 2842 891 2891 prodigalitas
915 2842 960 2878 sit
979 2841 1130 2888 gravius
1149 2848 1349 2889 peccatum
1378 2852 1496 2888 quam

460 2880 621 2952 {12³6
635 2893 816 2932 avaritia.
845 2896 918 2930 Per
937 2893 1133 2931 avaritiam
1154 2893 1256 2930 enim
1275 2894 1408 2942 aliquis
1428 2905 1495 2930 no-

499 2923 712 2985 cht
738 2947 933 2996 proximo,
964 2947 1024 2984 cui
1052 2948 1154 2984 bona
1182 2959 1250 2983 sua
1284 2959 1362 2983 non
1391 2958 1496 2983 com-

444 3000 622 3036 municat.
660 3002 733 3037 Per
768 3000 1067 3049 prodigalitatem
1095 3007 1223 3036 autem
1261 2999 1394 3048 aliquis
1427 2999 1497 3036 sibi

446 3106 549 3153 quod
577 3106 764 3155 corruptio
793 3106 1018 3152 divitiarum,
1038 3118 1109 3154 per
1135 3118 1228 3154 quas
1255 3107 1367 3143 homo
1395 3106 1496 3151 vivit,

445 3163 497 3194 est
524 3159 707 3206 quaedam
735 3160 847 3206 ipsius
875 3171 951 3195 esse
972 3159 1143 3206 perditio.
1178 3159 1341 3196 Gravius
1369 3166 1496 3196 autem

446 3218 576 3258 peccat
604 3212 666 3260 qui
694 3212 763 3248 sibi
790 3211 860 3260 ipsi
889 3219 1020 3248 nocet:
1061 3212 1271 3248 secundum
1305 3212 1394 3249 illud
1426 3213 1497 3248 Ec-

447 3264 504 3300 cli.
527 3276 588 3300 xrv
608 3264 642 3301 *ε
684 3265 758 3306 Qui
781 3266 851 3302 sibi
878 3276 1038 3313 nequam
1067 3270 1138 3309 est,
1168 3265 1230 3300 cui
1255 3266 1373 3301 bonus
1401 3264 1499 3302 erit?

447 3318 547 3364 Ergo
575 3317 812 3365 prodigalitas
841 3318 908 3355 erit
928 3323 945 3340 ‘²
973 3317 1121 3366 gravius
1149 3325 1348 3366 peccatum
1381 3330 1498 3366 quam

448 3377 613 3406 avaritia.

501 3504 528 3534 α)
547 3504 608 3528 erit.
624 3518 642 3522 -
660 3508 699 3529 est
718 3504 808 3536 PLpC.

502 3537 526 3571 β)
547 3545 600 3563 nec.
614 3553 633 3558 —-
652 3546 683 3563 ne
700 3544 832 3572 cogantur
851 3540 878 3564 P.

1605 2797 1639 2822 2.
1670 2786 1904 2831 PRAETEREA,
1933 2783 2161 2821 inordinatio
2191 2795 2290 2832 quae
2317 2784 2496 2832 provenit
2526 2797 2613 2823 cum

1550 2838 1674 2887 aliqua
1694 2838 1909 2875 conditione
1929 2836 2118 2884 laudabili,
2139 2838 2266 2874 minus
2287 2845 2342 2874 est
2359 2837 2506 2876 vitiosa.
2537 2839 2614 2877 Sed

1550 2891 1779 2929 inordinatio
1808 2890 1986 2927 avaritiae
2015 2891 2249 2938 quandoque
2279 2898 2335 2927 est
2364 2903 2452 2928 cum
2486 2891 2615 2941 aliqua

1550 2945 1729 2982 laudabili
1757 2943 1997 2981 conditione:
2027 2952 2068 2981 ut
2095 2951 2199 2992 patet
2224 2944 2263 2980 in
2291 2944 2360 2981 illis
2388 2944 2454 2993 qui
2481 2946 2615 2985 nolunt

1551 3011 1620 3036 sua
1648 2998 1862 3047 expendere
1899 3009 1971 3033 nec
1990 2995 2005 3026 β
2033 2997 2155 3035 aliena
2184 2998 2368 3046 accipere.
2406 2998 2615 3046 Prodigali-

1550 3052 1633 3089 tatis
1661 3059 1789 3088 autem
1818 3050 2045 3088 inordinatio
2074 3051 2251 3100 provenit
2279 3063 2367 3091 cum
2397 3051 2614 3091 conditione

1550 3104 1808 3153 vituperabili:
1847 3105 1949 3141 unde
1979 3111 2015 3140 et
2039 3104 2346 3154 prodigalitatem
2379 3105 2615 3143 attribuimus

1551 3157 1803 3206 intemperatis
1829 3157 2060 3202 hominibus,
2089 3164 2130 3194 ut
2158 3157 2411 3206 Philosophus
2440 3157 2546 3205 dicit,
2575 3158 2614 3196 in

2640 999 2652 1010 ⁵
2665 998 2732 1020 Ven.
2746 1005 2770 1027 9.

2641 1050 2652 1061 ·
2659 1049 2688 1072 D.
2696 1049 2732 1078 56,
2739 1056 2787 1079 254,
2796 1056 2854 1091 1144..

2643 1535 2729 1585 ὲῗέἱῑ
2742 1542 2795 1584 lael:
2803 1542 2853 1584 ³⁵2·

2740 1792 2756 1817 Υ

2740 2206 2754 2232 ὃ

1552 3212 1604 3248 IV
1626 3211 1745 3248 Ethic.
1766 3210 1786 3232 ’¹‘
1814 3211 1916 3258 Ergo
1935 3210 2179 3258 prodigalitas
2199 3218 2254 3248 est
2272 3210 2424 3258 gravius
2442 3210 2576 3248 vitium
2597 3215 2613 3239 ‘s
2639 3214 2724 3264 '3⁸03
2737 3221 2791 3263 ἢεί·
2803 3221 2825 3264 1³5
2840 3226 2852 3231 -

1553 3276 1670 3313 quam
1697 3262 1866 3300 avaritia.

1609 3318 1642 3354 3.
1676 3317 1916 3364 PRAETEREA,
1951 3316 2151 3364 prudentia
2187 3323 2242 3353 est
2277 3315 2482 3365 praecipua
2518 3316 2614 3352 inter

1606 3506 1632 3539 γ)
1652 3505 1755 3530 vitium.
1773 3518 1792 3524 -
1805 3508 1944 3536 peccatum
1964 3504 2046 3529 PGla.

2639 3324 2650 3334 '⁴
2665 3323 2714 3350 Qu.
2724 3328 2763 3344 ui
2834 3329 2851 3350 ι,

1554 3370 1717 3407 morales
1749 3369 1928 3416 virtutes,
1967 3376 2008 3405 ut
2044 3382 2159 3418 supra
2176 3369 2197 3391 ¹‘
2223 3369 2397 3406 habiturn
2432 3376 2498 3406 est.
2536 3369 2613 3406 Sed
2639 3338 2851 3403 ἶῖιῖῗιιῐὶιξῗὶἕῗί

2737 3278 2754 3304 Υ

2781 3326 2823 3345 ιη.
