<?xml version="1.0" encoding="UTF-8"?>
<!DOCTYPE html PUBLIC "-//W3C//DTD XHTML 1.0 Transitional//EN"
    "http://www.w3.org/TR/xhtml1/DTD/xhtml1-transitional.dtd">
<html xmlns="http://www.w3.org/1999/xhtml" xml:lang="en" lang="en">
 <head>
  <title>
</title>
<meta http-equiv="Content-Type" content="text/html;charset=utf-8" />
  <meta name='ocr-system' content='tesseract 3.04.00' />
  <meta name='ocr-capabilities' content='ocr_page ocr_carea ocr_par ocr_line ocrx_word'/>
</head>
<body>
  <div class='ocr_page' id='page_1' title='image "./operaomniaiussui09thom/operaomniaiussui09thom_0051.png"; bbox 0 0 2814 4250; ppageno 0'>
   <div class='ocr_carea' id='block_1_1' title="bbox 301 323 1361 582">
    <p class='ocr_par' dir='ltr' id='par_1_1' title="bbox 355 323 1280 374">
     <span class='ocr_line' id='line_1_1' title="bbox 355 323 1280 374; baseline -0.004 -11"><span class='ocrx_word' id='word_1_1' title='bbox 355 327 404 363; x_wconf 91' lang='lat' dir='ltr'><strong>Et</strong></span> <span class='ocrx_word' id='word_1_2' title='bbox 429 337 498 374; x_wconf 91' lang='lat' dir='ltr'><strong>per</strong></span> <span class='ocrx_word' id='word_1_3' title='bbox 524 326 599 363; x_wconf 91' lang='lat' dir='ltr'><strong>hoc</strong></span> <span class='ocrx_word' id='word_1_4' title='bbox 626 333 729 374; x_wconf 88' lang='lat' dir='ltr'><strong>patet</strong></span> <span class='ocrx_word' id='word_1_5' title='bbox 756 323 952 374; x_wconf 89' lang='lat' dir='ltr'>responsio</span> <span class='ocrx_word' id='word_1_6' title='bbox 981 324 1028 360; x_wconf 92' lang='lat' dir='ltr'><strong>ad</strong></span> <span class='ocrx_word' id='word_1_7' title='bbox 1057 323 1280 360; x_wconf 89' lang='lat' dir='ltr'><strong>secundum.</strong></span> 
     </span>
    </p>

    <p class='ocr_par' dir='ltr' id='par_1_2' title="bbox 301 375 1361 582">
     <span class='ocr_line' id='line_1_2' title="bbox 354 375 1358 425; baseline -0.003 -10"><span class='ocrx_word' id='word_1_8' title='bbox 354 380 414 415; x_wconf 79' lang='lat' dir='ltr'><strong>An</strong></span> <span class='ocrx_word' id='word_1_9' title='bbox 433 389 594 415; x_wconf 76' lang='lat' dir='ltr'><strong>TERTmM</strong></span> <span class='ocrx_word' id='word_1_10' title='bbox 626 389 808 415; x_wconf 76' lang='lat' dir='ltr'><strong>mcENDUM</strong></span> <span class='ocrx_word' id='word_1_11' title='bbox 836 376 953 425; x_wconf 89' lang='lat' dir='ltr'><strong>quod,</strong></span> <span class='ocrx_word' id='word_1_12' title='bbox 982 375 1077 412; x_wconf 92' lang='lat' dir='ltr'><strong>sicut</strong></span> <span class='ocrx_word' id='word_1_13' title='bbox 1105 376 1358 425; x_wconf 87' lang='lat' dir='ltr'><strong>Philosophus</strong></span> 
     </span>
     <span class='ocr_line' id='line_1_3' title="bbox 303 428 1358 478; baseline -0.004 -10"><span class='ocrx_word' id='word_1_14' title='bbox 303 431 400 478; x_wconf 88' lang='lat' dir='ltr'><strong>dicit,</strong></span> <span class='ocrx_word' id='word_1_15' title='bbox 420 431 459 468; x_wconf 92' lang='lat' dir='ltr'><strong>in</strong></span> <span class='ocrx_word' id='word_1_16' title='bbox 478 431 513 468; x_wconf 93' lang='lat' dir='ltr'>V</span> <span class='ocrx_word' id='word_1_17' title='bbox 530 431 649 468; x_wconf 85' lang='lat' dir='ltr'><strong>Ethic.</strong></span> <span class='ocrx_word' id='word_1_18' title='bbox 669 430 700 478; x_wconf 74' lang='lat'><strong>²¹⁸,</strong></span> <span class='ocrx_word' id='word_1_19' title='bbox 731 441 846 467; x_wconf 91' lang='lat' dir='ltr'><strong>omne</strong></span> <span class='ocrx_word' id='word_1_20' title='bbox 867 428 1102 477; x_wconf 85' lang='lat' dir='ltr'><strong>superfluum</strong></span> <span class='ocrx_word' id='word_1_21' title='bbox 1126 428 1163 464; x_wconf 91' lang='lat' dir='ltr'><strong>in</strong></span> <span class='ocrx_word' id='word_1_22' title='bbox 1183 428 1240 465; x_wconf 92' lang='lat' dir='ltr'><strong>his</strong></span> <span class='ocrx_word' id='word_1_23' title='bbox 1260 440 1358 477; x_wconf 88' lang='lat' dir='ltr'><strong>quae</strong></span> 
     </span>
     <span class='ocr_line' id='line_1_4' title="bbox 302 481 1359 532; baseline -0.004 -11"><span class='ocrx_word' id='word_1_24' title='bbox 302 484 352 521; x_wconf 87' lang='lat' dir='ltr'><strong>ad</strong></span> <span class='ocrx_word' id='word_1_25' title='bbox 378 483 555 520; x_wconf 88' lang='lat' dir='ltr'><strong>iustitiam</strong></span> <span class='ocrx_word' id='word_1_26' title='bbox 587 483 776 532; x_wconf 87' lang='lat' dir='ltr'><strong>pertinent</strong></span> <span class='ocrx_word' id='word_1_27' title='bbox 807 482 974 528; x_wconf 89' lang='lat' dir='ltr'><strong>lucrum,</strong></span> <span class='ocrx_word' id='word_1_28' title='bbox 1008 487 1162 518; x_wconf 82' lang='lat' dir='ltr'><strong>extenso</strong></span> <span class='ocrx_word' id='word_1_29' title='bbox 1190 481 1359 528; x_wconf 88' lang='lat' dir='ltr'><strong>nomine,</strong></span> 
     </span>
     <span class='ocr_line' id='line_1_5' title="bbox 301 532 1361 582; baseline -0.005 -9"><span class='ocrx_word' id='word_1_30' title='bbox 301 544 479 574; x_wconf 86' lang='lat' dir='ltr'><strong>vocatur:</strong></span> <span class='ocrx_word' id='word_1_31' title='bbox 509 536 604 572; x_wconf 91' lang='lat' dir='ltr'><strong>sicut</strong></span> <span class='ocrx_word' id='word_1_32' title='bbox 632 543 668 572; x_wconf 90' lang='lat' dir='ltr'><strong>et</strong></span> <span class='ocrx_word' id='word_1_33' title='bbox 695 546 812 579; x_wconf 89' lang='lat' dir='ltr'><strong>omne</strong></span> <span class='ocrx_word' id='word_1_34' title='bbox 840 533 946 582; x_wconf 91' lang='lat' dir='ltr'><strong>quod</strong></span> <span class='ocrx_word' id='word_1_35' title='bbox 972 532 1097 570; x_wconf 90' lang='lat' dir='ltr'><strong>minus</strong></span> <span class='ocrx_word' id='word_1_36' title='bbox 1125 540 1181 570; x_wconf 92' lang='lat' dir='ltr'><strong>est</strong></span> <span class='ocrx_word' id='word_1_37' title='bbox 1202 540 1361 569; x_wconf 90' lang='lat' dir='ltr'><strong>vocatur</strong></span> 
     </span>
    </p>
   </div>
   <div class='ocr_carea' id='block_1_2' title="bbox 66 431 275 480">
    <p class='ocr_par' dir='ltr' id='par_1_3' title="bbox 66 431 275 480">
     <span class='ocr_line' id='line_1_6' title="bbox 66 431 275 480; baseline -0.014 0"><span class='ocrx_word' id='word_1_38' title='bbox 66 431 146 480; x_wconf 57' lang='lat' dir='ltr'><strong>§.effi</strong></span> <span class='ocrx_word' id='word_1_39' title='bbox 155 435 218 478; x_wconf 52' lang='lat'>¹123:</span> <span class='ocrx_word' id='word_1_40' title='bbox 228 435 275 477; x_wconf 65' lang='lat' dir='ltr'><strong>¹3¹..ss</strong></span> 
     </span>
    </p>
   </div>
   <div class='ocr_carea' id='block_1_3' title="bbox 964 245 1812 293">
    <p class='ocr_par' dir='ltr' id='par_1_4' title="bbox 964 245 1812 293">
     <span class='ocr_line' id='line_1_7' title="bbox 964 245 1812 293; baseline 0 -11"><span class='ocrx_word' id='word_1_41' title='bbox 964 245 1228 292; x_wconf 90' lang='lat' dir='ltr'>QUAESTIO</span> <span class='ocrx_word' id='word_1_42' title='bbox 1258 246 1393 293; x_wconf 85' lang='lat' dir='ltr'>LVIII,</span> <span class='ocrx_word' id='word_1_43' title='bbox 1422 246 1716 284; x_wconf 91' lang='lat' dir='ltr'>ARTICULUS</span> <span class='ocrx_word' id='word_1_44' title='bbox 1745 247 1812 283; x_wconf 93' lang='lat' dir='ltr'><strong>XII</strong></span> 
     </span>
    </p>
   </div>
   <div class='ocr_carea' id='block_1_4' title="bbox 1385 451 1388 550">
    <p class='ocr_par' dir='ltr' id='par_1_5' title="bbox 1385 451 1388 550">
     <span class='ocr_line' id='line_1_8' title="bbox 1385 451 1388 550; baseline 0 3700"><span class='ocrx_word' id='word_1_45' title='bbox 1385 451 1388 550; x_wconf 95' lang='lat' dir='ltr'><strong> </strong></span> 
     </span>
    </p>
   </div>
   <div class='ocr_carea' id='block_1_5' title="bbox 2421 259 2466 296">
    <p class='ocr_par' dir='ltr' id='par_1_6' title="bbox 2421 259 2466 296">
     <span class='ocr_line' id='line_1_9' title="bbox 2421 259 2466 296; baseline 0 0"><span class='ocrx_word' id='word_1_46' title='bbox 2421 259 2466 296; x_wconf 88' lang='lat'><strong>19</strong></span> 
     </span>
    </p>
   </div>
   <div class='ocr_carea' id='block_1_6' title="bbox 1382 324 2470 371">
    <p class='ocr_par' dir='ltr' id='par_1_7' title="bbox 1382 324 2470 371">
     <span class='ocr_line' id='line_1_10' title="bbox 1382 324 2470 371; baseline 0.002 -11"><span class='ocrx_word' id='word_1_47' title='bbox 1382 325 1385 364; x_wconf 71' lang='lat' dir='ltr'><strong>l</strong></span> <span class='ocrx_word' id='word_1_48' title='bbox 1413 324 1586 371; x_wconf 86' lang='lat' dir='ltr'><strong>exercita,</strong></span> <span class='ocrx_word' id='word_1_49' title='bbox 1608 332 1644 361; x_wconf 91' lang='lat' dir='ltr'><strong>et</strong></span> <span class='ocrx_word' id='word_1_50' title='bbox 1667 325 1912 362; x_wconf 90' lang='lat' dir='ltr'><strong>communius</strong></span> <span class='ocrx_word' id='word_1_51' title='bbox 1941 332 2134 362; x_wconf 85' lang='lat' dir='ltr'><strong>exercetur</strong></span> <span class='ocrx_word' id='word_1_52' title='bbox 2152 324 2166 347; x_wconf 65' lang='grc' dir='ltr'><strong>ὅ</strong></span> <span class='ocrx_word' id='word_1_53' title='bbox 2194 325 2231 362; x_wconf 91' lang='lat' dir='ltr'><strong>in</strong></span> <span class='ocrx_word' id='word_1_54' title='bbox 2250 326 2470 363; x_wconf 89' lang='lat' dir='ltr'><strong>voluntariis</strong></span> 
     </span>
    </p>
   </div>
   <div class='ocr_carea' id='block_1_7' title="bbox 1414 377 2471 582">
    <p class='ocr_par' dir='ltr' id='par_1_8' title="bbox 1414 377 2471 582">
     <span class='ocr_line' id='line_1_11' title="bbox 1414 377 2470 427; baseline 0.002 -14"><span class='ocrx_word' id='word_1_55' title='bbox 1414 377 1774 414; x_wconf 87' lang='lat' dir='ltr'>commutationibus</span> <span class='ocrx_word' id='word_1_56' title='bbox 1803 389 1946 424; x_wconf 90' lang='lat' dir='ltr'><strong>rerum,</strong></span> <span class='ocrx_word' id='word_1_57' title='bbox 1975 385 2067 426; x_wconf 91' lang='lat' dir='ltr'><strong>puta</strong></span> <span class='ocrx_word' id='word_1_58' title='bbox 2096 377 2287 427; x_wconf 84' lang='lat' dir='ltr'><strong>emptione</strong></span> <span class='ocrx_word' id='word_1_59' title='bbox 2316 386 2351 415; x_wconf 89' lang='lat' dir='ltr'><strong>et</strong></span> <span class='ocrx_word' id='word_1_60' title='bbox 2378 391 2470 415; x_wconf 91' lang='lat' dir='ltr'><strong>ven-</strong></span> 
     </span>
     <span class='ocr_line' id='line_1_12' title="bbox 1415 429 2469 479; baseline 0.003 -14"><span class='ocrx_word' id='word_1_61' title='bbox 1415 429 1569 476; x_wconf 83' lang='lat' dir='ltr'><strong>ditione,</strong></span> <span class='ocrx_word' id='word_1_62' title='bbox 1591 430 1628 466; x_wconf 91' lang='lat' dir='ltr'><strong>in</strong></span> <span class='ocrx_word' id='word_1_63' title='bbox 1648 429 1783 478; x_wconf 91' lang='lat' dir='ltr'><strong>quibus</strong></span> <span class='ocrx_word' id='word_1_64' title='bbox 1809 430 1961 479; x_wconf 89' lang='lat' dir='ltr'><strong>proprie</strong></span> <span class='ocrx_word' id='word_1_65' title='bbox 1981 432 2076 467; x_wconf 89' lang='lat' dir='ltr'><strong>haec</strong></span> <span class='ocrx_word' id='word_1_66' title='bbox 2102 430 2259 468; x_wconf 89' lang='lat' dir='ltr'><strong>nomina</strong></span> <span class='ocrx_word' id='word_1_67' title='bbox 2279 430 2469 476; x_wconf 89' lang='lat' dir='ltr'><strong>dicuntur;</strong></span> 
     </span>
     <span class='ocr_line' id='line_1_13' title="bbox 1415 482 2471 521; baseline 0.003 -4"><span class='ocrx_word' id='word_1_68' title='bbox 1415 489 1452 518; x_wconf 87' lang='lat' dir='ltr'><strong>et</strong></span> <span class='ocrx_word' id='word_1_69' title='bbox 1471 482 1606 518; x_wconf 85' lang='lat' dir='ltr'><strong>exinde</strong></span> <span class='ocrx_word' id='word_1_70' title='bbox 1626 482 1844 519; x_wconf 86' lang='lat' dir='ltr'><strong>derivantur</strong></span> <span class='ocrx_word' id='word_1_71' title='bbox 1861 484 1955 520; x_wconf 89' lang='lat' dir='ltr'><strong>haec</strong></span> <span class='ocrx_word' id='word_1_72' title='bbox 1979 483 2137 520; x_wconf 88' lang='lat' dir='ltr'><strong>nomina</strong></span> <span class='ocrx_word' id='word_1_73' title='bbox 2157 485 2204 520; x_wconf 89' lang='lat' dir='ltr'><strong>ad</strong></span> <span class='ocrx_word' id='word_1_74' title='bbox 2225 483 2354 520; x_wconf 89' lang='lat' dir='ltr'><strong>omnia</strong></span> <span class='ocrx_word' id='word_1_75' title='bbox 2374 484 2471 521; x_wconf 90' lang='lat' dir='ltr'><strong>circa</strong></span> 
     </span>
     <span class='ocr_line' id='line_1_14' title="bbox 1416 535 2470 582; baseline 0.004 -13"><span class='ocrx_word' id='word_1_76' title='bbox 1416 545 1513 580; x_wconf 90' lang='lat' dir='ltr'><strong>quae</strong></span> <span class='ocrx_word' id='word_1_77' title='bbox 1542 542 1667 582; x_wconf 90' lang='lat' dir='ltr'><strong>potest</strong></span> <span class='ocrx_word' id='word_1_78' title='bbox 1694 546 1776 571; x_wconf 87' lang='lat' dir='ltr'><strong>esse</strong></span> <span class='ocrx_word' id='word_1_79' title='bbox 1804 535 1951 572; x_wconf 88' lang='lat' dir='ltr'><strong>iustitia.</strong></span> <span class='ocrx_word' id='word_1_80' title='bbox 1981 537 2030 573; x_wconf 92' lang='lat' dir='ltr'><strong>Et</strong></span> <span class='ocrx_word' id='word_1_81' title='bbox 2058 537 2193 573; x_wconf 86' lang='lat' dir='ltr'><strong>eadem</strong></span> <span class='ocrx_word' id='word_1_82' title='bbox 2222 536 2315 573; x_wconf 93' lang='lat' dir='ltr'><strong>ratio</strong></span> <span class='ocrx_word' id='word_1_83' title='bbox 2345 544 2399 573; x_wconf 90' lang='lat' dir='ltr'><strong>est</strong></span> <span class='ocrx_word' id='word_1_84' title='bbox 2423 536 2470 573; x_wconf 91' lang='lat' dir='ltr'><strong>de</strong></span> 
     </span>
    </p>
   </div>
   <div class='ocr_carea' id='block_1_8' title="bbox 303 551 2469 637">
    <p class='ocr_par' dir='ltr' id='par_1_9' title="bbox 303 551 2469 637">
     <span class='ocr_line' id='line_1_15' title="bbox 303 551 2469 637; baseline -0 -11"><span class='ocrx_word' id='word_1_85' title='bbox 303 590 495 626; x_wconf 88' lang='lat' dir='ltr'><strong>damnum.</strong></span> <span class='ocrx_word' id='word_1_86' title='bbox 542 589 591 625; x_wconf 93' lang='lat' dir='ltr'><strong>Et</strong></span> <span class='ocrx_word' id='word_1_87' title='bbox 624 589 699 624; x_wconf 94' lang='lat' dir='ltr'><strong>hoc</strong></span> <span class='ocrx_word' id='word_1_88' title='bbox 734 587 842 633; x_wconf 88' lang='lat' dir='ltr'><strong>ideo,</strong></span> <span class='ocrx_word' id='word_1_89' title='bbox 872 586 960 634; x_wconf 90' lang='lat' dir='ltr'><strong>quia</strong></span> <span class='ocrx_word' id='word_1_90' title='bbox 996 585 1132 622; x_wconf 88' lang='lat' dir='ltr'><strong>iustitia</strong></span> <span class='ocrx_word' id='word_1_91' title='bbox 1168 585 1272 634; x_wconf 90' lang='lat' dir='ltr'><strong>prius</strong></span> <span class='ocrx_word' id='word_1_92' title='bbox 1306 592 1362 622; x_wconf 88' lang='lat' dir='ltr'><strong>est</strong></span> <span class='ocrx_word' id='word_1_93' title='bbox 1386 551 1390 625; x_wconf 54' lang='lat' dir='ltr'><strong>i</strong></span> <span class='ocrx_word' id='word_1_94' title='bbox 1416 586 1490 622; x_wconf 92' lang='lat' dir='ltr'><strong>hoc</strong></span> <span class='ocrx_word' id='word_1_95' title='bbox 1509 586 1613 633; x_wconf 92' lang='lat' dir='ltr'><strong>quod</strong></span> <span class='ocrx_word' id='word_1_96' title='bbox 1643 594 1697 623; x_wconf 88' lang='lat' dir='ltr'><strong>est</strong></span> <span class='ocrx_word' id='word_1_97' title='bbox 1725 587 1883 624; x_wconf 87' lang='lat' dir='ltr'><strong>reddere</strong></span> <span class='ocrx_word' id='word_1_98' title='bbox 1911 589 2114 637; x_wconf 90' lang='lat' dir='ltr'><strong>unicuique</strong></span> <span class='ocrx_word' id='word_1_99' title='bbox 2135 589 2238 637; x_wconf 94' lang='lat' dir='ltr'><strong>quod</strong></span> <span class='ocrx_word' id='word_1_100' title='bbox 2267 601 2376 625; x_wconf 91' lang='lat' dir='ltr'><strong>suum</strong></span> <span class='ocrx_word' id='word_1_101' title='bbox 2404 596 2469 625; x_wconf 92' lang='lat' dir='ltr'><strong>est.</strong></span> 
     </span>
    </p>
   </div>
   <div class='ocr_carea' id='block_1_9' title="bbox 357 725 1172 763">
    <p class='ocr_par' dir='ltr' id='par_1_10' title="bbox 357 725 1172 763">
     <span class='ocr_line' id='line_1_16' title="bbox 357 725 1172 763; baseline -0.006 -8"><span class='ocrx_word' id='word_1_102' title='bbox 357 729 381 763; x_wconf 77' lang='grc' dir='ltr'><strong>ὃ)</strong></span> <span class='ocrx_word' id='word_1_103' title='bbox 399 728 565 755; x_wconf 79' lang='lat' dir='ltr'><strong>communius</strong></span> <span class='ocrx_word' id='word_1_104' title='bbox 583 730 733 752; x_wconf 82' lang='lat' dir='ltr'><strong>exercetur.</strong></span> <span class='ocrx_word' id='word_1_105' title='bbox 755 741 773 747; x_wconf 92' lang='lat'><em>-</em></span> <span class='ocrx_word' id='word_1_106' title='bbox 791 726 937 752; x_wconf 86' lang='lat' dir='ltr'><strong>commum&#39;s</strong></span> <span class='ocrx_word' id='word_1_107' title='bbox 955 726 1123 751; x_wconf 78' lang='lat' dir='ltr'><strong>exercitatur</strong></span> <span class='ocrx_word' id='word_1_108' title='bbox 1141 725 1172 751; x_wconf 88' lang='grc' dir='ltr'><strong>Ρ.</strong></span> 
     </span>
    </p>
   </div>
   <div class='ocr_carea' id='block_1_10' title="bbox 646 867 2133 994">
    <p class='ocr_par' dir='ltr' id='par_1_11' title="bbox 646 867 2133 994">
     <span class='ocr_line' id='line_1_17' title="bbox 1026 867 1754 911; baseline -0.001 -1"><span class='ocrx_word' id='word_1_109' title='bbox 1026 868 1343 911; x_wconf 90' lang='lat' dir='ltr'>ARTICULUS</span> <span class='ocrx_word' id='word_1_110' title='bbox 1373 867 1754 910; x_wconf 86' lang='lat' dir='ltr'>DUODECIMUS</span> 
     </span>
     <span class='ocr_line' id='line_1_18' title="bbox 646 960 2133 994; baseline -0.001 0"><span class='ocrx_word' id='word_1_111' title='bbox 646 963 801 994; x_wconf 83' lang='lat' dir='ltr'><strong>UTRUM</strong></span> <span class='ocrx_word' id='word_1_112' title='bbox 825 962 1013 993; x_wconf 85' lang='lat' dir='ltr'>1UST1T1A</span> <span class='ocrx_word' id='word_1_113' title='bbox 1035 960 1344 992; x_wconf 80' lang='lat' dir='ltr'><strong>PRAEEMINEAT</strong></span> <span class='ocrx_word' id='word_1_114' title='bbox 1369 960 1500 990; x_wconf 88' lang='lat' dir='ltr'>1NTER</span> <span class='ocrx_word' id='word_1_115' title='bbox 1524 960 1669 991; x_wconf 80' lang='lat' dir='ltr'>OMNES</span> <span class='ocrx_word' id='word_1_116' title='bbox 1693 961 1909 992; x_wconf 71' lang='lat' dir='ltr'><strong>vmrurus</strong></span> <span class='ocrx_word' id='word_1_117' title='bbox 1931 961 2133 992; x_wconf 83' lang='lat' dir='ltr'>MORALES</span> 
     </span>
    </p>
   </div>
   <div class='ocr_carea' id='block_1_11' title="bbox 554 1038 2228 1106">
    <p class='ocr_par' dir='ltr' id='par_1_12' title="bbox 554 1038 2228 1106">
     <span class='ocr_line' id='line_1_19' title="bbox 554 1038 2228 1074; baseline -0.001 -8"><span class='ocrx_word' id='word_1_118' title='bbox 554 1041 628 1072; x_wconf 81' lang='lat' dir='ltr'><strong>infra,</strong></span> <span class='ocrx_word' id='word_1_119' title='bbox 647 1049 692 1074; x_wconf 88' lang='lat' dir='ltr'><strong>qu.</strong></span> <span class='ocrx_word' id='word_1_120' title='bbox 711 1048 797 1072; x_wconf 84' lang='lat' dir='ltr'><strong>cxxm,</strong></span> <span class='ocrx_word' id='word_1_121' title='bbox 816 1046 863 1066; x_wconf 83' lang='lat' dir='ltr'><strong>art.</strong></span> <span class='ocrx_word' id='word_1_122' title='bbox 885 1048 930 1071; x_wconf 71' lang='lat'><strong>125</strong></span> <span class='ocrx_word' id='word_1_123' title='bbox 951 1047 995 1072; x_wconf 90' lang='lat' dir='ltr'><strong>qu.</strong></span> <span class='ocrx_word' id='word_1_124' title='bbox 1015 1047 1080 1069; x_wconf 74' lang='lat' dir='ltr'><strong>exn,</strong></span> <span class='ocrx_word' id='word_1_125' title='bbox 1099 1044 1145 1064; x_wconf 86' lang='lat' dir='ltr'><strong>art.</strong></span> <span class='ocrx_word' id='word_1_126' title='bbox 1164 1039 1193 1069; x_wconf 85' lang='lat'><strong>8;</strong></span> <span class='ocrx_word' id='word_1_127' title='bbox 1214 1038 1237 1063; x_wconf 67' lang='lat'><strong>1⁸</strong></span> <span class='ocrx_word' id='word_1_128' title='bbox 1256 1038 1312 1069; x_wconf 73' lang='lat'><strong>11²⁶,</strong></span> <span class='ocrx_word' id='word_1_129' title='bbox 1333 1045 1377 1070; x_wconf 92' lang='lat' dir='ltr'><strong>qu.</strong></span> <span class='ocrx_word' id='word_1_130' title='bbox 1396 1045 1461 1067; x_wconf 76' lang='lat' dir='ltr'><strong>mr,</strong></span> <span class='ocrx_word' id='word_1_131' title='bbox 1481 1043 1526 1062; x_wconf 88' lang='lat' dir='ltr'><strong>art.</strong></span> <span class='ocrx_word' id='word_1_132' title='bbox 1545 1045 1578 1069; x_wconf 88' lang='lat'><strong>4;</strong></span> <span class='ocrx_word' id='word_1_133' title='bbox 1598 1038 1629 1062; x_wconf 94' lang='lat' dir='ltr'><strong>lIl</strong></span> <span class='ocrx_word' id='word_1_134' title='bbox 1649 1039 1731 1068; x_wconf 69' lang='lat' dir='ltr'><strong>Sent„</strong></span> <span class='ocrx_word' id='word_1_135' title='bbox 1751 1039 1809 1064; x_wconf 82' lang='lat' dir='ltr'><strong>dist.</strong></span> <span class='ocrx_word' id='word_1_136' title='bbox 1828 1047 1900 1070; x_wconf 85' lang='lat' dir='ltr'>xxxv,</span> <span class='ocrx_word' id='word_1_137' title='bbox 1920 1047 1963 1071; x_wconf 91' lang='lat' dir='ltr'><strong>qu.</strong></span> <span class='ocrx_word' id='word_1_138' title='bbox 1983 1047 2000 1068; x_wconf 86' lang='lat'><strong>1,</strong></span> <span class='ocrx_word' id='word_1_139' title='bbox 2020 1045 2067 1064; x_wconf 89' lang='lat' dir='ltr'><strong>art.</strong></span> <span class='ocrx_word' id='word_1_140' title='bbox 2088 1039 2111 1070; x_wconf 76' lang='lat'><strong>3,</strong></span> <span class='ocrx_word' id='word_1_141' title='bbox 2129 1039 2178 1072; x_wconf 75' lang='lat' dir='ltr'><strong>qu⁸</strong></span> <span class='ocrx_word' id='word_1_142' title='bbox 2202 1048 2228 1070; x_wconf 89' lang='lat'><strong>1;</strong></span> 
     </span>
     <span class='ocr_line' id='line_1_20' title="bbox 987 1072 1728 1106; baseline -0.001 -7"><span class='ocrx_word' id='word_1_143' title='bbox 987 1075 1029 1104; x_wconf 87' lang='lat' dir='ltr'><strong>Iv.</strong></span> <span class='ocrx_word' id='word_1_144' title='bbox 1049 1075 1107 1100; x_wconf 86' lang='lat' dir='ltr'><strong>dist.</strong></span> <span class='ocrx_word' id='word_1_145' title='bbox 1127 1082 1211 1105; x_wconf 81' lang='lat' dir='ltr'><strong>xxxm,</strong></span> <span class='ocrx_word' id='word_1_146' title='bbox 1231 1081 1276 1106; x_wconf 86' lang='lat' dir='ltr'><strong>qu.</strong></span> <span class='ocrx_word' id='word_1_147' title='bbox 1294 1080 1333 1104; x_wconf 82' lang='grc' dir='ltr'><strong>ιη,</strong></span> <span class='ocrx_word' id='word_1_148' title='bbox 1352 1077 1398 1098; x_wconf 84' lang='lat' dir='ltr'><strong>art.</strong></span> <span class='ocrx_word' id='word_1_149' title='bbox 1419 1072 1448 1103; x_wconf 82' lang='grc'><strong>3;</strong></span> <span class='ocrx_word' id='word_1_150' title='bbox 1467 1074 1490 1097; x_wconf 97' lang='lat' dir='ltr'>V</span> <span class='ocrx_word' id='word_1_151' title='bbox 1510 1073 1604 1103; x_wconf 81' lang='lat' dir='ltr'><strong>Ethic.,</strong></span> <span class='ocrx_word' id='word_1_152' title='bbox 1625 1074 1682 1098; x_wconf 86' lang='lat' dir='ltr'><strong>lect.</strong></span> <span class='ocrx_word' id='word_1_153' title='bbox 1701 1081 1728 1098; x_wconf 86' lang='lat'><strong>11.</strong></span> 
     </span>
    </p>
   </div>
   <div class='ocr_carea' id='block_1_12' title="bbox 316 1153 507 1289">
    <p class='ocr_par' dir='ltr' id='par_1_13' title="bbox 316 1153 507 1289">
     <span class='ocr_line' id='line_1_21' title="bbox 316 1153 507 1289; baseline 0 -124"><span class='ocrx_word' id='word_1_154' title='bbox 316 1153 507 1289; x_wconf 95' lang='lat' dir='ltr'><strong>  </strong></span> 
     </span>
    </p>
   </div>
   <div class='ocr_carea' id='block_1_13' title="bbox 390 1141 2476 1288">
    <p class='ocr_par' dir='ltr' id='par_1_14' title="bbox 390 1141 2476 1291">
     <span class='ocr_line' id='line_1_22' title="bbox 390 1141 2475 1209; baseline 0 -26"><span class='ocrx_word' id='word_1_155' title='bbox 390 1166 400 1188; x_wconf 58' lang='grc' dir='ltr'><em>ι</em></span> <span class='ocrx_word' id='word_1_156' title='bbox 425 1169 492 1209; x_wconf 41' lang='lat' dir='ltr'><strong>fix&lt;</strong></span> <span class='ocrx_word' id='word_1_157' title='bbox 516 1159 539 1183; x_wconf 90' lang='lat' dir='ltr'>D</span> <span class='ocrx_word' id='word_1_158' title='bbox 573 1157 810 1183; x_wconf 84' lang='lat' dir='ltr'>DUODEC1MUM</span> <span class='ocrx_word' id='word_1_159' title='bbox 838 1157 891 1182; x_wconf 76' lang='lat' dir='ltr'><strong>stc</strong></span> <span class='ocrx_word' id='word_1_160' title='bbox 920 1156 1157 1182; x_wconf 78' lang='lat' dir='ltr'>PROCEDITUR.</span> <span class='ocrx_word' id='word_1_161' title='bbox 1204 1144 1364 1181; x_wconf 92' lang='lat' dir='ltr'><strong>Videtur</strong></span> <span class='ocrx_word' id='word_1_162' title='bbox 1389 1141 1392 1174; x_wconf 73' lang='grc' dir='ltr'>ἶ</span> <span class='ocrx_word' id='word_1_163' title='bbox 1418 1142 1514 1180; x_wconf 90' lang='lat' dir='ltr'><strong>idest</strong></span> <span class='ocrx_word' id='word_1_164' title='bbox 1539 1144 1577 1180; x_wconf 93' lang='lat' dir='ltr'><strong>in</strong></span> <span class='ocrx_word' id='word_1_165' title='bbox 1597 1144 1764 1192; x_wconf 89' lang='lat' dir='ltr'><strong>appetitu</strong></span> <span class='ocrx_word' id='word_1_166' title='bbox 1793 1144 1973 1190; x_wconf 81' lang='lat' dir='ltr'><strong>rationali,</strong></span> <span class='ocrx_word' id='word_1_167' title='bbox 1994 1144 2132 1181; x_wconf 88' lang='lat' dir='ltr'><strong>scilicet</strong></span> <span class='ocrx_word' id='word_1_168' title='bbox 2154 1146 2367 1192; x_wconf 87' lang='lat' dir='ltr'><strong>voluntate;</strong></span> <span class='ocrx_word' id='word_1_169' title='bbox 2397 1148 2475 1184; x_wconf 90' lang='lat' dir='ltr'><strong>aliis</strong></span> 
     </span>
     <span class='ocr_line' id='line_1_23' title="bbox 435 1190 2476 1258; baseline 0 -23"><span class='ocrx_word' id='word_1_170' title='bbox 435 1190 492 1258; x_wconf 56' lang='lat'><strong>{³510</strong></span> <span class='ocrx_word' id='word_1_171' title='bbox 517 1199 622 1247; x_wconf 92' lang='lat' dir='ltr'><strong>quod</strong></span> <span class='ocrx_word' id='word_1_172' title='bbox 666 1198 804 1235; x_wconf 90' lang='lat' dir='ltr'><strong>iustitia</strong></span> <span class='ocrx_word' id='word_1_173' title='bbox 846 1210 924 1235; x_wconf 93' lang='lat' dir='ltr'><strong>non</strong></span> <span class='ocrx_word' id='word_1_174' title='bbox 969 1197 1228 1246; x_wconf 87' lang='lat' dir='ltr'><strong>praeemineat</strong></span> <span class='ocrx_word' id='word_1_175' title='bbox 1269 1197 1364 1233; x_wconf 91' lang='lat' dir='ltr'><strong>inter</strong></span> <span class='ocrx_word' id='word_1_176' title='bbox 1389 1220 1392 1243; x_wconf 32' lang='grc' dir='ltr'><em>χ</em></span> <span class='ocrx_word' id='word_1_177' title='bbox 1417 1196 1618 1233; x_wconf 87' lang='lat' dir='ltr'><strong>virtutibus</strong></span> <span class='ocrx_word' id='word_1_178' title='bbox 1646 1197 1854 1233; x_wconf 90' lang='lat' dir='ltr'><strong>moralibus</strong></span> <span class='ocrx_word' id='word_1_179' title='bbox 1884 1197 2123 1234; x_wconf 85' lang='lat' dir='ltr'><strong>existentibus</strong></span> <span class='ocrx_word' id='word_1_180' title='bbox 2151 1198 2188 1234; x_wconf 90' lang='lat' dir='ltr'><strong>in</strong></span> <span class='ocrx_word' id='word_1_181' title='bbox 2208 1199 2374 1247; x_wconf 87' lang='lat' dir='ltr'><strong>appetitu</strong></span> <span class='ocrx_word' id='word_1_182' title='bbox 2394 1212 2476 1236; x_wconf 92' lang='lat' dir='ltr'><strong>sen-</strong></span> 
     </span>
     <span class='ocr_line' id='line_1_24' title="bbox 431 1249 1363 1288; baseline -0.001 -1"><span class='ocrx_word' id='word_1_183' title='bbox 431 1271 434 1273; x_wconf 90' lang='grc'>-</span> <span class='ocrx_word' id='word_1_184' title='bbox 517 1263 652 1288; x_wconf 89' lang='lat' dir='ltr'><strong>omnes</strong></span> <span class='ocrx_word' id='word_1_185' title='bbox 678 1250 837 1287; x_wconf 88' lang='lat' dir='ltr'><strong>virtutes</strong></span> <span class='ocrx_word' id='word_1_186' title='bbox 868 1251 1044 1287; x_wconf 89' lang='lat' dir='ltr'><strong>morales.</strong></span> <span class='ocrx_word' id='word_1_187' title='bbox 1091 1250 1153 1287; x_wconf 92' lang='lat' dir='ltr'><strong>Ad</strong></span> <span class='ocrx_word' id='word_1_188' title='bbox 1186 1249 1363 1287; x_wconf 91' lang='lat' dir='ltr'><strong>iustitiam</strong></span> 
     </span>
    </p>
   </div>
   <div class='ocr_carea' id='block_1_14' title="bbox 305 1289 513 1350">
    <p class='ocr_par' dir='ltr' id='par_1_15' title="bbox 305 1289 513 1350">
     <span class='ocr_line' id='line_1_25' title="bbox 305 1289 513 1350; baseline 0 0"><span class='ocrx_word' id='word_1_189' title='bbox 305 1289 513 1350; x_wconf 95' lang='lat' dir='ltr'><strong>  </strong></span> 
     </span>
    </p>
   </div>
   <div class='ocr_carea' id='block_1_15' title="bbox 43 1354 1372 2827">
    <p class='ocr_par' dir='ltr' id='par_1_16' title="bbox 43 1354 1365 1510">
     <span class='ocr_line' id='line_1_26' title="bbox 305 1354 1363 1404; baseline 0 -12"><span class='ocrx_word' id='word_1_190' title='bbox 305 1362 372 1392; x_wconf 85' lang='lat' dir='ltr'><strong>est.</strong></span> <span class='ocrx_word' id='word_1_191' title='bbox 413 1354 761 1401; x_wconf 16' lang='lat' dir='ltr'><strong>Adrliberalitatem</strong></span> <span class='ocrx_word' id='word_1_192' title='bbox 789 1363 917 1393; x_wconf 91' lang='lat' dir='ltr'><strong>autem</strong></span> <span class='ocrx_word' id='word_1_193' title='bbox 944 1357 1105 1404; x_wconf 88' lang='lat' dir='ltr'><strong>pertinet</strong></span> <span class='ocrx_word' id='word_1_194' title='bbox 1133 1356 1181 1393; x_wconf 93' lang='lat' dir='ltr'><strong>de</strong></span> <span class='ocrx_word' id='word_1_195' title='bbox 1209 1355 1363 1404; x_wconf 91' lang='lat' dir='ltr'><strong>proprio</strong></span> 
     </span>
     <span class='ocr_line' id='line_1_27' title="bbox 43 1404 1365 1456; baseline -0.002 -10"><span class='ocrx_word' id='word_1_196' title='bbox 43 1441 49 1455; x_wconf 38' lang='lat'>5</span> <span class='ocrx_word' id='word_1_197' title='bbox 246 1404 552 1456; x_wconf 45' lang='lat' dir='ltr'><strong>-aaret‘quod</strong></span> <span class='ocrx_word' id='word_1_198' title='bbox 586 1408 792 1445; x_wconf 88' lang='lat' dir='ltr'><strong>virtuosius</strong></span> <span class='ocrx_word' id='word_1_199' title='bbox 821 1416 887 1445; x_wconf 87' lang='lat' dir='ltr'><strong>est.</strong></span> <span class='ocrx_word' id='word_1_200' title='bbox 934 1410 1035 1456; x_wconf 89' lang='lat' dir='ltr'><strong>Ergo</strong></span> <span class='ocrx_word' id='word_1_201' title='bbox 1073 1409 1272 1445; x_wconf 88' lang='lat' dir='ltr'><strong>liberalitas</strong></span> <span class='ocrx_word' id='word_1_202' title='bbox 1311 1415 1365 1444; x_wconf 92' lang='lat' dir='ltr'><strong>est</strong></span> 
     </span>
     <span class='ocr_line' id='line_1_28' title="bbox 63 1469 895 1510; baseline -0.001 -12"><span class='ocrx_word' id='word_1_203' title='bbox 63 1470 80 1483; x_wconf 62' lang='lat'><strong>*³</strong></span> <span class='ocrx_word' id='word_1_204' title='bbox 146 1499 151 1507; x_wconf 63' lang='grc'>,</span> <span class='ocrx_word' id='word_1_205' title='bbox 303 1472 428 1498; x_wconf 76' lang='lat' dir='ltr'><strong>mator</strong></span> <span class='ocrx_word' id='word_1_206' title='bbox 453 1469 573 1498; x_wconf 83' lang='lat' dir='ltr'><strong>virtus</strong></span> <span class='ocrx_word' id='word_1_207' title='bbox 601 1473 717 1510; x_wconf 91' lang='lat' dir='ltr'><strong>quam</strong></span> <span class='ocrx_word' id='word_1_208' title='bbox 746 1469 895 1510; x_wconf 76' lang='lat' dir='ltr'><strong>iustitia.</strong></span> 
     </span>
    </p>

    <p class='ocr_par' dir='ltr' id='par_1_17' title="bbox 56 1510 1366 1665">
     <span class='ocr_line' id='line_1_29' title="bbox 56 1510 1364 1562; baseline -0.002 -12"><span class='ocrx_word' id='word_1_209' title='bbox 56 1510 65 1518; x_wconf 56' lang='lat'><strong>&#39;⁴</strong></span> <span class='ocrx_word' id='word_1_210' title='bbox 99 1510 102 1515; x_wconf 77' lang='grc'><strong>’</strong></span> <span class='ocrx_word' id='word_1_211' title='bbox 361 1524 396 1550; x_wconf 92' lang='lat'><strong>2.</strong></span> <span class='ocrx_word' id='word_1_212' title='bbox 425 1513 667 1560; x_wconf 73' lang='lat' dir='ltr'><strong>PRAETEREA,</strong></span> <span class='ocrx_word' id='word_1_213' title='bbox 697 1514 787 1550; x_wconf 85' lang='lat' dir='ltr'><strong>nihil</strong></span> <span class='ocrx_word' id='word_1_214' title='bbox 825 1521 981 1550; x_wconf 90' lang='lat' dir='ltr'><strong>ornatur</strong></span> <span class='ocrx_word' id='word_1_215' title='bbox 1017 1513 1087 1550; x_wconf 88' lang='lat' dir='ltr'><strong>nisi</strong></span> <span class='ocrx_word' id='word_1_216' title='bbox 1122 1525 1191 1562; x_wconf 89' lang='lat' dir='ltr'><strong>per</strong></span> <span class='ocrx_word' id='word_1_217' title='bbox 1225 1512 1364 1560; x_wconf 89' lang='lat' dir='ltr'><strong>aliquid</strong></span> 
     </span>
     <span class='ocr_line' id='line_1_30' title="bbox 307 1565 1365 1616; baseline -0.001 -14"><span class='ocrx_word' id='word_1_218' title='bbox 307 1565 454 1613; x_wconf 89' lang='lat' dir='ltr'><strong>dignius</strong></span> <span class='ocrx_word' id='word_1_219' title='bbox 486 1578 538 1603; x_wconf 90' lang='lat' dir='ltr'><strong>se.</strong></span> <span class='ocrx_word' id='word_1_220' title='bbox 587 1566 664 1603; x_wconf 91' lang='lat' dir='ltr'><strong>Sed</strong></span> <span class='ocrx_word' id='word_1_221' title='bbox 692 1567 987 1616; x_wconf 81' lang='lat' dir='ltr'><strong>magnanimitas</strong></span> <span class='ocrx_word' id='word_1_222' title='bbox 1022 1572 1077 1602; x_wconf 88' lang='lat' dir='ltr'><strong>est</strong></span> <span class='ocrx_word' id='word_1_223' title='bbox 1102 1571 1365 1602; x_wconf 87' lang='lat' dir='ltr'><strong>ornamentum</strong></span> 
     </span>
     <span class='ocr_line' id='line_1_31' title="bbox 307 1617 1366 1665; baseline -0.001 -10"><span class='ocrx_word' id='word_1_224' title='bbox 307 1626 344 1655; x_wconf 90' lang='lat' dir='ltr'><strong>et</strong></span> <span class='ocrx_word' id='word_1_225' title='bbox 370 1617 529 1655; x_wconf 90' lang='lat' dir='ltr'><strong>iustitiae</strong></span> <span class='ocrx_word' id='word_1_226' title='bbox 557 1626 595 1655; x_wconf 86' lang='lat' dir='ltr'><strong>et</strong></span> <span class='ocrx_word' id='word_1_227' title='bbox 620 1619 789 1661; x_wconf 84' lang='lat' dir='ltr'><strong>omnium</strong></span> <span class='ocrx_word' id='word_1_228' title='bbox 808 1619 1000 1665; x_wconf 76' lang='lat' dir='ltr'><strong>virtutum,</strong></span> <span class='ocrx_word' id='word_1_229' title='bbox 1028 1626 1071 1655; x_wconf 92' lang='lat' dir='ltr'><strong>ut</strong></span> <span class='ocrx_word' id='word_1_230' title='bbox 1096 1618 1229 1655; x_wconf 91' lang='lat' dir='ltr'><strong>dicitur</strong></span> <span class='ocrx_word' id='word_1_231' title='bbox 1256 1618 1295 1654; x_wconf 93' lang='lat' dir='ltr'><strong>in</strong></span> <span class='ocrx_word' id='word_1_232' title='bbox 1315 1618 1366 1654; x_wconf 92' lang='lat' dir='ltr'><strong>IV</strong></span> 
     </span>
    </p>

    <p class='ocr_par' dir='ltr' id='par_1_18' title="bbox 268 1670 1365 1728">
     <span class='ocr_line' id='line_1_32' title="bbox 268 1670 1365 1728; baseline -0.002 -20"><span class='ocrx_word' id='word_1_233' title='bbox 268 1690 281 1728; x_wconf 51' lang='grc' dir='ltr'><strong><em>ς</em></strong></span> <span class='ocrx_word' id='word_1_234' title='bbox 305 1671 425 1708; x_wconf 77' lang='lat' dir='ltr'><strong>Ethic.</strong></span> <span class='ocrx_word' id='word_1_235' title='bbox 445 1670 466 1693; x_wconf 84' lang='lat'><strong>&#39;¹‘</strong></span> <span class='ocrx_word' id='word_1_236' title='bbox 511 1672 612 1719; x_wconf 89' lang='lat' dir='ltr'><strong>Ergo</strong></span> <span class='ocrx_word' id='word_1_237' title='bbox 640 1671 931 1719; x_wconf 84' lang='lat' dir='ltr'><strong>magnanimitas</strong></span> <span class='ocrx_word' id='word_1_238' title='bbox 967 1678 1023 1708; x_wconf 89' lang='lat' dir='ltr'><strong>est</strong></span> <span class='ocrx_word' id='word_1_239' title='bbox 1060 1670 1221 1708; x_wconf 89' lang='lat' dir='ltr'><strong>nobilior</strong></span> <span class='ocrx_word' id='word_1_240' title='bbox 1249 1682 1365 1719; x_wconf 90' lang='lat' dir='ltr'><strong>quam</strong></span> 
     </span>
    </p>

    <p class='ocr_par' dir='ltr' id='par_1_19' title="bbox 305 1731 938 1760">
     <span class='ocr_line' id='line_1_33' title="bbox 305 1731 938 1760; baseline 0 0"><span class='ocrx_word' id='word_1_241' title='bbox 305 1731 455 1760; x_wconf 75' lang='lat' dir='ltr'><strong>iustitia.</strong></span> <span class='ocrx_word' id='word_1_242' title='bbox 936 1750 938 1753; x_wconf 89' lang='lat'>-</span> 
     </span>
    </p>

    <p class='ocr_par' dir='ltr' id='par_1_20' title="bbox 257 1775 1368 2024">
     <span class='ocr_line' id='line_1_34' title="bbox 363 1775 1366 1824; baseline -0.001 -11"><span class='ocrx_word' id='word_1_243' title='bbox 363 1777 397 1814; x_wconf 89' lang='lat'><strong>3.</strong></span> <span class='ocrx_word' id='word_1_244' title='bbox 413 1777 647 1823; x_wconf 77' lang='lat' dir='ltr'><strong>PRAETEREA,</strong></span> <span class='ocrx_word' id='word_1_245' title='bbox 661 1776 781 1813; x_wconf 88' lang='lat' dir='ltr'><strong>virtus</strong></span> <span class='ocrx_word' id='word_1_246' title='bbox 797 1784 852 1813; x_wconf 90' lang='lat' dir='ltr'><strong>est</strong></span> <span class='ocrx_word' id='word_1_247' title='bbox 867 1777 966 1813; x_wconf 89' lang='lat' dir='ltr'><strong>circa</strong></span> <span class='ocrx_word' id='word_1_248' title='bbox 979 1775 1130 1824; x_wconf 84' lang='lat' dir='ltr'><strong>difficile</strong></span> <span class='ocrx_word' id='word_1_249' title='bbox 1154 1783 1190 1812; x_wconf 90' lang='lat' dir='ltr'><strong>et</strong></span> <span class='ocrx_word' id='word_1_250' title='bbox 1214 1776 1366 1821; x_wconf 85' lang='lat' dir='ltr'><strong>bonum,</strong></span> 
     </span>
     <span class='ocr_line' id='line_1_35' title="bbox 305 1828 1368 1867; baseline -0.002 -1"><span class='ocrx_word' id='word_1_251' title='bbox 305 1835 349 1866; x_wconf 87' lang='lat' dir='ltr'><strong>ut</strong></span> <span class='ocrx_word' id='word_1_252' title='bbox 376 1828 508 1866; x_wconf 90' lang='lat' dir='ltr'><strong>dicitur</strong></span> <span class='ocrx_word' id='word_1_253' title='bbox 535 1828 573 1867; x_wconf 89' lang='lat' dir='ltr'><strong>in</strong></span> <span class='ocrx_word' id='word_1_254' title='bbox 603 1830 635 1865; x_wconf 95' lang='lat' dir='ltr'><strong>II</strong></span> <span class='ocrx_word' id='word_1_255' title='bbox 662 1829 782 1866; x_wconf 85' lang='lat' dir='ltr'><strong>Ethic.</strong></span> <span class='ocrx_word' id='word_1_256' title='bbox 802 1829 823 1851; x_wconf 78' lang='lat'><strong>&#39;¹‘</strong></span> <span class='ocrx_word' id='word_1_257' title='bbox 864 1829 942 1866; x_wconf 90' lang='lat' dir='ltr'><strong>Sed</strong></span> <span class='ocrx_word' id='word_1_258' title='bbox 969 1829 1149 1865; x_wconf 83' lang='lat' dir='ltr'><strong>fortitudo</strong></span> <span class='ocrx_word' id='word_1_259' title='bbox 1185 1836 1240 1865; x_wconf 93' lang='lat' dir='ltr'><strong>est</strong></span> <span class='ocrx_word' id='word_1_260' title='bbox 1269 1828 1368 1865; x_wconf 90' lang='lat' dir='ltr'><strong>circa</strong></span> 
     </span>
     <span class='ocr_line' id='line_1_36' title="bbox 257 1879 1367 1931; baseline 0 -13"><span class='ocrx_word' id='word_1_261' title='bbox 257 1879 264 1885; x_wconf 90' lang='lat'>&#39;</span> <span class='ocrx_word' id='word_1_262' title='bbox 305 1881 426 1930; x_wconf 84' lang='lat' dir='ltr'><strong>magis</strong></span> <span class='ocrx_word' id='word_1_263' title='bbox 441 1885 458 1902; x_wconf 79' lang='lat'><strong>‘²</strong></span> <span class='ocrx_word' id='word_1_264' title='bbox 479 1881 644 1918; x_wconf 89' lang='lat' dir='ltr'><strong>difficilia</strong></span> <span class='ocrx_word' id='word_1_265' title='bbox 662 1893 780 1931; x_wconf 89' lang='lat' dir='ltr'><strong>quarn</strong></span> <span class='ocrx_word' id='word_1_266' title='bbox 799 1882 949 1928; x_wconf 87' lang='lat' dir='ltr'><strong>iustitia,</strong></span> <span class='ocrx_word' id='word_1_267' title='bbox 969 1882 1064 1919; x_wconf 91' lang='lat' dir='ltr'><strong>idest</strong></span> <span class='ocrx_word' id='word_1_268' title='bbox 1088 1882 1186 1918; x_wconf 90' lang='lat' dir='ltr'><strong>circa</strong></span> <span class='ocrx_word' id='word_1_269' title='bbox 1195 1881 1367 1929; x_wconf 85' lang='lat' dir='ltr'><strong>pericula</strong></span> 
     </span>
     <span class='ocr_line' id='line_1_37' title="bbox 266 1933 1365 1982; baseline 0 -11"><span class='ocrx_word' id='word_1_270' title='bbox 266 1953 280 1960; x_wconf 93' lang='lat'>-</span> <span class='ocrx_word' id='word_1_271' title='bbox 306 1935 450 1982; x_wconf 85' lang='lat' dir='ltr'><strong>mortis,</strong></span> <span class='ocrx_word' id='word_1_272' title='bbox 477 1941 520 1971; x_wconf 90' lang='lat' dir='ltr'><strong>ut</strong></span> <span class='ocrx_word' id='word_1_273' title='bbox 546 1933 679 1972; x_wconf 84' lang='lat' dir='ltr'><strong>dicitu&#39;r</strong></span> <span class='ocrx_word' id='word_1_274' title='bbox 705 1934 744 1971; x_wconf 91' lang='lat' dir='ltr'><strong>in</strong></span> <span class='ocrx_word' id='word_1_275' title='bbox 770 1936 820 1971; x_wconf 82' lang='grc' dir='ltr'><strong>ΙΙΙ</strong></span> <span class='ocrx_word' id='word_1_276' title='bbox 848 1935 969 1971; x_wconf 83' lang='lat' dir='ltr'><strong>Ethic.</strong></span> <span class='ocrx_word' id='word_1_277' title='bbox 993 1934 1014 1956; x_wconf 79' lang='lat'><strong>’¹‘</strong></span> <span class='ocrx_word' id='word_1_278' title='bbox 1054 1935 1157 1982; x_wconf 89' lang='lat' dir='ltr'><strong>Ergo</strong></span> <span class='ocrx_word' id='word_1_279' title='bbox 1186 1934 1365 1971; x_wconf 84' lang='lat' dir='ltr'><strong>fortitudo</strong></span> 
     </span>
     <span class='ocr_line' id='line_1_38' title="bbox 270 1984 731 2024; baseline -0.002 0"><span class='ocrx_word' id='word_1_280' title='bbox 270 1984 278 1992; x_wconf 85' lang='lat'>&#39;</span> <span class='ocrx_word' id='word_1_281' title='bbox 308 1995 365 2024; x_wconf 89' lang='lat' dir='ltr'><strong>est</strong></span> <span class='ocrx_word' id='word_1_282' title='bbox 392 1986 556 2024; x_wconf 89' lang='lat' dir='ltr'><strong>nobilior</strong></span> <span class='ocrx_word' id='word_1_283' title='bbox 583 1987 731 2024; x_wconf 89' lang='lat' dir='ltr'><strong>iustitia.</strong></span> 
     </span>
    </p>

    <p class='ocr_par' dir='ltr' id='par_1_21' title="bbox 313 2039 1369 2141">
     <span class='ocr_line' id='line_1_39' title="bbox 363 2039 1369 2086; baseline 0 -10"><span class='ocrx_word' id='word_1_284' title='bbox 363 2040 437 2077; x_wconf 76' lang='lat' dir='ltr'><strong>SED</strong></span> <span class='ocrx_word' id='word_1_285' title='bbox 473 2050 620 2076; x_wconf 79' lang='lat' dir='ltr'>CONTRA</span> <span class='ocrx_word' id='word_1_286' title='bbox 657 2051 723 2076; x_wconf 84' lang='lat' dir='ltr'><strong>EST</strong></span> <span class='ocrx_word' id='word_1_287' title='bbox 751 2039 856 2086; x_wconf 91' lang='lat' dir='ltr'><strong>quod</strong></span> <span class='ocrx_word' id='word_1_288' title='bbox 884 2039 1030 2077; x_wconf 91' lang='lat' dir='ltr'><strong>Tullius</strong></span> <span class='ocrx_word' id='word_1_289' title='bbox 1059 2039 1166 2086; x_wconf 91' lang='lat' dir='ltr'><strong>dicit,</strong></span> <span class='ocrx_word' id='word_1_290' title='bbox 1205 2039 1243 2076; x_wconf 93' lang='lat' dir='ltr'><strong>in</strong></span> <span class='ocrx_word' id='word_1_291' title='bbox 1280 2041 1294 2076; x_wconf 95' lang='lat' dir='ltr'>I</span> <span class='ocrx_word' id='word_1_292' title='bbox 1323 2040 1369 2076; x_wconf 84' lang='lat' dir='ltr'><strong>de</strong></span> 
     </span>
     <span class='ocr_line' id='line_1_40' title="bbox 313 2091 1366 2141; baseline 0 -12"><span class='ocrx_word' id='word_1_293' title='bbox 313 2092 420 2141; x_wconf 84' lang='lat' dir='ltr'><strong>Offic.</strong></span> <span class='ocrx_word' id='word_1_294' title='bbox 441 2091 481 2129; x_wconf 73' lang='grc' dir='ltr'><strong>*ε</strong></span> <span class='ocrx_word' id='word_1_295' title='bbox 517 2093 565 2129; x_wconf 91' lang='lat' dir='ltr'><strong>In</strong></span> <span class='ocrx_word' id='word_1_296' title='bbox 584 2093 720 2129; x_wconf 86' lang='lat' dir='ltr'><strong>iustitia</strong></span> <span class='ocrx_word' id='word_1_297' title='bbox 739 2093 883 2129; x_wconf 77' lang='lat' dir='ltr'><strong>virtutis</strong></span> <span class='ocrx_word' id='word_1_298' title='bbox 905 2093 1080 2141; x_wconf 83' lang='lat' dir='ltr'><strong>splendor</strong></span> <span class='ocrx_word' id='word_1_299' title='bbox 1094 2098 1148 2129; x_wconf 89' lang='lat' dir='ltr'><strong>est</strong></span> <span class='ocrx_word' id='word_1_300' title='bbox 1164 2092 1366 2139; x_wconf 87' lang='lat' dir='ltr'><strong>maximus,</strong></span> 
     </span>
    </p>

    <p class='ocr_par' dir='ltr' id='par_1_22' title="bbox 167 2143 992 2193">
     <span class='ocr_line' id='line_1_41' title="bbox 167 2143 992 2193; baseline 0 -11"><span class='ocrx_word' id='word_1_301' title='bbox 167 2153 184 2188; x_wconf 76' lang='grc' dir='ltr'><strong>β</strong></span> <span class='ocrx_word' id='word_1_302' title='bbox 308 2157 359 2182; x_wconf 87' lang='lat' dir='ltr'><strong>ex</strong></span> <span class='ocrx_word' id='word_1_303' title='bbox 385 2156 460 2193; x_wconf 85' lang='lat' dir='ltr'><strong>qua</strong></span> <span class='ocrx_word' id='word_1_304' title='bbox 488 2145 579 2182; x_wconf 86' lang='lat' dir='ltr'><strong>boni</strong></span> <span class='ocrx_word' id='word_1_305' title='bbox 602 2146 678 2182; x_wconf 78' lang='lat' dir='ltr'><strong>viri</strong></span> <span class='ocrx_word' id='word_1_306' title='bbox 703 2147 947 2182; x_wconf 85' lang='lat' dir='ltr'><strong>nominantur</strong></span> <span class='ocrx_word' id='word_1_307' title='bbox 966 2143 992 2182; x_wconf 75' lang='grc' dir='ltr'><strong>β.</strong></span> 
     </span>
    </p>

    <p class='ocr_par' dir='ltr' id='par_1_23' title="bbox 309 2197 1371 2458">
     <span class='ocr_line' id='line_1_42' title="bbox 363 2197 1370 2246; baseline 0 -12"><span class='ocrx_word' id='word_1_308' title='bbox 363 2198 588 2235; x_wconf 74' lang='grc' dir='ltr'>ΒΕεΡοΝυεο</span> <span class='ocrx_word' id='word_1_309' title='bbox 617 2209 800 2235; x_wconf 74' lang='grc' dir='ltr'>οιοΕΝῡυΜ</span> <span class='ocrx_word' id='word_1_310' title='bbox 819 2199 924 2246; x_wconf 91' lang='lat' dir='ltr'><strong>quod</strong></span> <span class='ocrx_word' id='word_1_311' title='bbox 953 2197 983 2234; x_wconf 92' lang='lat' dir='ltr'><strong>si</strong></span> <span class='ocrx_word' id='word_1_312' title='bbox 1011 2199 1214 2245; x_wconf 90' lang='lat' dir='ltr'><strong>loquamur</strong></span> <span class='ocrx_word' id='word_1_313' title='bbox 1241 2200 1288 2236; x_wconf 91' lang='lat' dir='ltr'><strong>de</strong></span> <span class='ocrx_word' id='word_1_314' title='bbox 1316 2198 1370 2235; x_wconf 94' lang='lat' dir='ltr'><strong>iu-</strong></span> 
     </span>
     <span class='ocr_line' id='line_1_43' title="bbox 309 2250 1369 2299; baseline 0.001 -12"><span class='ocrx_word' id='word_1_315' title='bbox 309 2250 406 2287; x_wconf 87' lang='lat' dir='ltr'><strong>stitia</strong></span> <span class='ocrx_word' id='word_1_316' title='bbox 433 2250 553 2298; x_wconf 87' lang='lat' dir='ltr'><strong>legali,</strong></span> <span class='ocrx_word' id='word_1_317' title='bbox 582 2251 825 2288; x_wconf 86' lang='lat' dir='ltr'><strong>manifestum</strong></span> <span class='ocrx_word' id='word_1_318' title='bbox 855 2258 910 2287; x_wconf 92' lang='lat' dir='ltr'><strong>est</strong></span> <span class='ocrx_word' id='word_1_319' title='bbox 937 2250 1042 2298; x_wconf 92' lang='lat' dir='ltr'><strong>quod</strong></span> <span class='ocrx_word' id='word_1_320' title='bbox 1070 2251 1151 2298; x_wconf 93' lang='lat' dir='ltr'><strong>ipsa</strong></span> <span class='ocrx_word' id='word_1_321' title='bbox 1180 2257 1236 2287; x_wconf 90' lang='lat' dir='ltr'><strong>est</strong></span> <span class='ocrx_word' id='word_1_322' title='bbox 1261 2263 1369 2299; x_wconf 86' lang='lat' dir='ltr'><strong>prae-</strong></span> 
     </span>
     <span class='ocr_line' id='line_1_44' title="bbox 310 2303 1369 2352; baseline 0 -12"><span class='ocrx_word' id='word_1_323' title='bbox 310 2303 445 2340; x_wconf 88' lang='lat' dir='ltr'><strong>clarior</strong></span> <span class='ocrx_word' id='word_1_324' title='bbox 472 2303 568 2340; x_wconf 91' lang='lat' dir='ltr'><strong>inter</strong></span> <span class='ocrx_word' id='word_1_325' title='bbox 587 2315 723 2340; x_wconf 91' lang='lat' dir='ltr'><strong>omnes</strong></span> <span class='ocrx_word' id='word_1_326' title='bbox 745 2304 903 2351; x_wconf 69' lang='lat' dir='ltr'><strong>virtutes</strong></span> <span class='ocrx_word' id='word_1_327' title='bbox 931 2303 1113 2340; x_wconf 85' lang='lat' dir='ltr'><strong>morales:</strong></span> <span class='ocrx_word' id='word_1_328' title='bbox 1142 2303 1369 2352; x_wconf 89' lang='lat' dir='ltr'><strong>inquantum</strong></span> 
     </span>
     <span class='ocr_line' id='line_1_45' title="bbox 309 2356 1370 2405; baseline 0.002 -13"><span class='ocrx_word' id='word_1_329' title='bbox 309 2357 457 2392; x_wconf 88' lang='lat' dir='ltr'><strong>bonurn</strong></span> <span class='ocrx_word' id='word_1_330' title='bbox 474 2368 680 2393; x_wconf 88' lang='lat' dir='ltr'><strong>commune</strong></span> <span class='ocrx_word' id='word_1_331' title='bbox 695 2356 929 2405; x_wconf 66' lang='lat' dir='ltr'><strong>praeeminet</strong></span> <span class='ocrx_word' id='word_1_332' title='bbox 947 2357 1051 2393; x_wconf 92' lang='lat' dir='ltr'><strong>bono</strong></span> <span class='ocrx_word' id='word_1_333' title='bbox 1067 2356 1244 2403; x_wconf 89' lang='lat' dir='ltr'><strong>singulari</strong></span> <span class='ocrx_word' id='word_1_334' title='bbox 1258 2356 1370 2394; x_wconf 92' lang='lat' dir='ltr'><strong>unius</strong></span> 
     </span>
     <span class='ocr_line' id='line_1_46' title="bbox 309 2409 1371 2458; baseline 0.001 -13"><span class='ocrx_word' id='word_1_335' title='bbox 309 2420 508 2458; x_wconf 88' lang='lat' dir='ltr'><strong>personae.</strong></span> <span class='ocrx_word' id='word_1_336' title='bbox 557 2409 605 2445; x_wconf 92' lang='lat' dir='ltr'><strong>Et</strong></span> <span class='ocrx_word' id='word_1_337' title='bbox 633 2409 844 2446; x_wconf 90' lang='lat' dir='ltr'><strong>secundum</strong></span> <span class='ocrx_word' id='word_1_338' title='bbox 873 2410 948 2445; x_wconf 91' lang='lat' dir='ltr'><strong>hoc</strong></span> <span class='ocrx_word' id='word_1_339' title='bbox 974 2409 1242 2456; x_wconf 85' lang='lat' dir='ltr'><strong>Philosophus,</strong></span> <span class='ocrx_word' id='word_1_340' title='bbox 1272 2410 1310 2446; x_wconf 94' lang='lat' dir='ltr'><strong>in</strong></span> <span class='ocrx_word' id='word_1_341' title='bbox 1335 2411 1371 2446; x_wconf 94' lang='lat' dir='ltr'>V</span> 
     </span>
    </p>

    <p class='ocr_par' dir='ltr' id='par_1_24' title="bbox 273 2460 1372 2604">
     <span class='ocr_line' id='line_1_47' title="bbox 273 2460 1372 2510; baseline 0.001 -12"><span class='ocrx_word' id='word_1_342' title='bbox 273 2473 285 2480; x_wconf 93' lang='lat'><strong>·</strong></span> <span class='ocrx_word' id='word_1_343' title='bbox 309 2461 430 2498; x_wconf 78' lang='lat' dir='ltr'><strong>Ethic.</strong></span> <span class='ocrx_word' id='word_1_344' title='bbox 446 2460 477 2507; x_wconf 74' lang='lat'><strong>²¹²,</strong></span> <span class='ocrx_word' id='word_1_345' title='bbox 495 2461 583 2498; x_wconf 92' lang='lat' dir='ltr'><strong>dicit</strong></span> <span class='ocrx_word' id='word_1_346' title='bbox 597 2462 703 2509; x_wconf 93' lang='lat' dir='ltr'><strong>quod</strong></span> <span class='ocrx_word' id='word_1_347' title='bbox 711 2462 1018 2510; x_wconf 87' lang='lat' dir='ltr'><strong>praeclarissima</strong></span> <span class='ocrx_word' id='word_1_348' title='bbox 1033 2462 1211 2498; x_wconf 77' lang='lat' dir='ltr'><strong>virtutum</strong></span> <span class='ocrx_word' id='word_1_349' title='bbox 1225 2463 1372 2499; x_wconf 78' lang='lat' dir='ltr'><strong>videtur</strong></span> 
     </span>
     <span class='ocr_line' id='line_1_48' title="bbox 310 2514 1372 2563; baseline 0.001 -12"><span class='ocrx_word' id='word_1_350' title='bbox 310 2525 390 2551; x_wconf 87' lang='lat' dir='ltr'><strong>esse</strong></span> <span class='ocrx_word' id='word_1_351' title='bbox 415 2514 563 2560; x_wconf 86' lang='lat' dir='ltr'><strong>iustitia,</strong></span> <span class='ocrx_word' id='word_1_352' title='bbox 592 2520 630 2551; x_wconf 90' lang='lat' dir='ltr'><strong>et</strong></span> <span class='ocrx_word' id='word_1_353' title='bbox 645 2526 764 2563; x_wconf 85' lang='lat' dir='ltr'><strong>neque</strong></span> <span class='ocrx_word' id='word_1_354' title='bbox 783 2520 837 2551; x_wconf 88' lang='lat' dir='ltr'><strong>est</strong></span> <span class='ocrx_word' id='word_1_355' title='bbox 852 2515 1047 2562; x_wconf 82' lang='lat' dir='ltr'><strong>Hesperus</strong></span> <span class='ocrx_word' id='word_1_356' title='bbox 1075 2526 1193 2563; x_wconf 82' lang='lat' dir='ltr'><strong>neque</strong></span> <span class='ocrx_word' id='word_1_357' title='bbox 1216 2516 1372 2562; x_wconf 87' lang='lat' dir='ltr'><strong>Lucifer</strong></span> 
     </span>
     <span class='ocr_line' id='line_1_49' title="bbox 311 2567 633 2604; baseline 0 0"><span class='ocrx_word' id='word_1_358' title='bbox 311 2567 363 2604; x_wconf 86' lang='lat' dir='ltr'><strong>ita</strong></span> <span class='ocrx_word' id='word_1_359' title='bbox 389 2567 633 2604; x_wconf 84' lang='lat' dir='ltr'><strong>admirabilis.</strong></span> 
     </span>
    </p>

    <p class='ocr_par' dir='ltr' id='par_1_25' title="bbox 310 2619 1372 2827">
     <span class='ocr_line' id='line_1_50' title="bbox 364 2619 1370 2668; baseline 0.001 -12"><span class='ocrx_word' id='word_1_360' title='bbox 364 2619 443 2656; x_wconf 86' lang='lat' dir='ltr'><strong>Sed</strong></span> <span class='ocrx_word' id='word_1_361' title='bbox 471 2619 584 2656; x_wconf 85' lang='lat' dir='ltr'><strong>etiarn</strong></span> <span class='ocrx_word' id='word_1_362' title='bbox 615 2620 645 2656; x_wconf 90' lang='lat' dir='ltr'><strong>si</strong></span> <span class='ocrx_word' id='word_1_363' title='bbox 673 2621 876 2668; x_wconf 86' lang='lat' dir='ltr'><strong>loquamur</strong></span> <span class='ocrx_word' id='word_1_364' title='bbox 904 2621 951 2657; x_wconf 93' lang='lat' dir='ltr'><strong>de</strong></span> <span class='ocrx_word' id='word_1_365' title='bbox 979 2619 1116 2656; x_wconf 89' lang='lat' dir='ltr'><strong>iustitia</strong></span> <span class='ocrx_word' id='word_1_366' title='bbox 1143 2620 1370 2668; x_wconf 92' lang='lat' dir='ltr'><strong>particulari,</strong></span> 
     </span>
     <span class='ocr_line' id='line_1_51' title="bbox 310 2672 1372 2722; baseline 0.002 -14"><span class='ocrx_word' id='word_1_367' title='bbox 310 2672 502 2721; x_wconf 87' lang='lat' dir='ltr'><strong>praecellit</strong></span> <span class='ocrx_word' id='word_1_368' title='bbox 530 2672 625 2709; x_wconf 91' lang='lat' dir='ltr'><strong>inter</strong></span> <span class='ocrx_word' id='word_1_369' title='bbox 643 2672 734 2709; x_wconf 88' lang='lat' dir='ltr'><strong>alias</strong></span> <span class='ocrx_word' id='word_1_370' title='bbox 759 2673 916 2710; x_wconf 88' lang='lat' dir='ltr'><strong>virtutes</strong></span> <span class='ocrx_word' id='word_1_371' title='bbox 943 2673 1119 2719; x_wconf 87' lang='lat' dir='ltr'><strong>morales,</strong></span> <span class='ocrx_word' id='word_1_372' title='bbox 1150 2673 1290 2722; x_wconf 90' lang='lat' dir='ltr'><strong>duplici</strong></span> <span class='ocrx_word' id='word_1_373' title='bbox 1314 2687 1372 2710; x_wconf 91' lang='lat' dir='ltr'><strong>ra-</strong></span> 
     </span>
     <span class='ocr_line' id='line_1_52' title="bbox 311 2724 1372 2774; baseline 0.002 -13"><span class='ocrx_word' id='word_1_374' title='bbox 311 2724 425 2762; x_wconf 89' lang='lat' dir='ltr'><strong>tione.</strong></span> <span class='ocrx_word' id='word_1_375' title='bbox 469 2725 642 2771; x_wconf 88' lang='lat' dir='ltr'><strong>Quarum</strong></span> <span class='ocrx_word' id='word_1_376' title='bbox 671 2726 794 2774; x_wconf 89' lang='lat' dir='ltr'><strong>prima</strong></span> <span class='ocrx_word' id='word_1_377' title='bbox 822 2733 946 2774; x_wconf 90' lang='lat' dir='ltr'><strong>potest</strong></span> <span class='ocrx_word' id='word_1_378' title='bbox 978 2726 1075 2762; x_wconf 91' lang='lat' dir='ltr'><strong>sumi</strong></span> <span class='ocrx_word' id='word_1_379' title='bbox 1095 2734 1264 2774; x_wconf 74' lang='lat' dir='ltr'><strong>exparte</strong></span> <span class='ocrx_word' id='word_1_380' title='bbox 1284 2728 1372 2763; x_wconf 92' lang='lat' dir='ltr'><strong>sub-</strong></span> 
     </span>
     <span class='ocr_line' id='line_1_53' title="bbox 311 2777 1371 2827; baseline 0.002 -13"><span class='ocrx_word' id='word_1_381' title='bbox 311 2777 415 2814; x_wconf 88' lang='lat' dir='ltr'><strong>iecti:</strong></span> <span class='ocrx_word' id='word_1_382' title='bbox 445 2778 534 2824; x_wconf 90' lang='lat' dir='ltr'><strong>quia</strong></span> <span class='ocrx_word' id='word_1_383' title='bbox 562 2778 702 2814; x_wconf 90' lang='lat' dir='ltr'><strong>scilicet</strong></span> <span class='ocrx_word' id='word_1_384' title='bbox 729 2786 784 2815; x_wconf 93' lang='lat' dir='ltr'><strong>est</strong></span> <span class='ocrx_word' id='word_1_385' title='bbox 810 2778 848 2815; x_wconf 91' lang='lat' dir='ltr'><strong>in</strong></span> <span class='ocrx_word' id='word_1_386' title='bbox 872 2778 1048 2814; x_wconf 88' lang='lat' dir='ltr'><strong>nobiliori</strong></span> <span class='ocrx_word' id='word_1_387' title='bbox 1075 2786 1182 2826; x_wconf 89' lang='lat' dir='ltr'><strong>parte</strong></span> <span class='ocrx_word' id='word_1_388' title='bbox 1208 2779 1371 2827; x_wconf 90' lang='lat' dir='ltr'><strong>animae,</strong></span> 
     </span>
    </p>
   </div>
   <div class='ocr_carea' id='block_1_16' title="bbox 313 2900 1374 3030">
    <p class='ocr_par' dir='ltr' id='par_1_26' title="bbox 313 2900 1374 3030">
     <span class='ocr_line' id='line_1_54' title="bbox 366 2900 1121 2933; baseline 0.001 -9"><span class='ocrx_word' id='word_1_389' title='bbox 366 2900 394 2932; x_wconf 74' lang='lat' dir='ltr'><strong>a)</strong></span> <span class='ocrx_word' id='word_1_390' title='bbox 413 2900 486 2925; x_wconf 83' lang='lat' dir='ltr'><strong>circa</strong></span> <span class='ocrx_word' id='word_1_391' title='bbox 503 2900 598 2932; x_wconf 81' lang='lat' dir='ltr'><strong>magis.</strong></span> <span class='ocrx_word' id='word_1_392' title='bbox 612 2912 632 2919; x_wconf 89' lang='lat'>—</span> <span class='ocrx_word' id='word_1_393' title='bbox 650 2900 737 2933; x_wconf 77' lang='lat' dir='ltr'><strong>magis</strong></span> <span class='ocrx_word' id='word_1_394' title='bbox 755 2900 827 2925; x_wconf 86' lang='lat' dir='ltr'><strong>circa</strong></span> <span class='ocrx_word' id='word_1_395' title='bbox 846 2900 897 2924; x_wconf 84' lang='lat' dir='ltr'><strong>PA.</strong></span> <span class='ocrx_word' id='word_1_396' title='bbox 1118 2917 1121 2920; x_wconf 40' lang='lat'><strong>⁴</strong></span> 
     </span>
     <span class='ocr_line' id='line_1_55' title="bbox 367 2933 1121 2968; baseline -0.001 -9"><span class='ocrx_word' id='word_1_397' title='bbox 367 2933 392 2968; x_wconf 87' lang='grc' dir='ltr'><strong>β)</strong></span> <span class='ocrx_word' id='word_1_398' title='bbox 411 2935 474 2960; x_wconf 82' lang='lat' dir='ltr'><strong>boni</strong></span> <span class='ocrx_word' id='word_1_399' title='bbox 491 2934 544 2959; x_wconf 77' lang='lat' dir='ltr'><strong>viri</strong></span> <span class='ocrx_word' id='word_1_400' title='bbox 562 2934 742 2960; x_wconf 81' lang='lat' dir='ltr'><strong>nominantur.</strong></span> <span class='ocrx_word' id='word_1_401' title='bbox 754 2948 773 2954; x_wconf 87' lang='lat'>-</span> <span class='ocrx_word' id='word_1_402' title='bbox 791 2934 844 2959; x_wconf 79' lang='lat' dir='ltr'><strong>viri</strong></span> <span class='ocrx_word' id='word_1_403' title='bbox 861 2934 923 2959; x_wconf 85' lang='lat' dir='ltr'><strong>boni</strong></span> <span class='ocrx_word' id='word_1_404' title='bbox 940 2938 1071 2959; x_wconf 80' lang='lat' dir='ltr'><strong>vocantur</strong></span> <span class='ocrx_word' id='word_1_405' title='bbox 1089 2934 1121 2959; x_wconf 94' lang='lat' dir='ltr'><strong>D.</strong></span> 
     </span>
     <span class='ocr_line' id='line_1_56' title="bbox 313 2969 1374 3030; baseline 0.001 -36"><span class='ocrx_word' id='word_1_406' title='bbox 313 3005 333 3030; x_wconf 73' lang='lat' dir='ltr'><strong>p</strong></span> <span class='ocrx_word' id='word_1_407' title='bbox 353 2970 396 3029; x_wconf 55' lang='grc' dir='ltr'><strong>ογηζ</strong></span> <span class='ocrx_word' id='word_1_408' title='bbox 411 2969 617 3030; x_wconf 58' lang='grc' dir='ltr'><strong>Ῑιὲἕιίξὲιίεείνηαε.</strong></span> <span class='ocrx_word' id='word_1_409' title='bbox 626 2983 644 2988; x_wconf 93' lang='grc'>-</span> <span class='ocrx_word' id='word_1_410' title='bbox 657 2969 879 2995; x_wconf 82' lang='lat' dir='ltr'><strong>honoratissimae</strong></span> <span class='ocrx_word' id='word_1_411' title='bbox 891 2969 978 2994; x_wconf 84' lang='lat' dir='ltr'><strong>GHsK</strong></span> <span class='ocrx_word' id='word_1_412' title='bbox 983 2977 990 3000; x_wconf 82' lang='lat'><em>3</em></span> <span class='ocrx_word' id='word_1_413' title='bbox 1006 2974 1064 2994; x_wconf 86' lang='lat' dir='ltr'><strong>ante</strong></span> <span class='ocrx_word' id='word_1_414' title='bbox 1070 2970 1161 3002; x_wconf 84' lang='lat' dir='ltr'><strong>sortes</strong></span> <span class='ocrx_word' id='word_1_415' title='bbox 1174 2970 1212 2994; x_wconf 87' lang='lat' dir='ltr'><strong>Pa</strong></span> <span class='ocrx_word' id='word_1_416' title='bbox 1225 2970 1323 2995; x_wconf 82' lang='lat' dir='ltr'><strong>addunt</strong></span> <span class='ocrx_word' id='word_1_417' title='bbox 1334 2973 1374 3000; x_wconf 56' lang='grc' dir='ltr'><strong>εκ</strong></span> 
     </span>
    </p>
   </div>
   <div class='ocr_carea' id='block_1_17' title="bbox 299 3169 1374 3560">
    <p class='ocr_par' dir='ltr' id='par_1_27' title="bbox 299 3169 1374 3465">
     <span class='ocr_line' id='line_1_57' title="bbox 299 3169 1374 3209; baseline 0 -9"><span class='ocrx_word' id='word_1_418' title='bbox 299 3174 306 3181; x_wconf 74' lang='grc'><em>“</em></span> <span class='ocrx_word' id='word_1_419' title='bbox 342 3179 363 3200; x_wconf 78' lang='lat' dir='ltr'>N</span> <span class='ocrx_word' id='word_1_420' title='bbox 378 3169 510 3200; x_wconf 83' lang='lat' dir='ltr'><strong>articulo</strong></span> <span class='ocrx_word' id='word_1_421' title='bbox 526 3169 728 3206; x_wconf 87' lang='lat' dir='ltr'><strong>duodecimo,</strong></span> <span class='ocrx_word' id='word_1_422' title='bbox 744 3169 863 3200; x_wconf 90' lang='lat' dir='ltr'><strong>omisso</strong></span> <span class='ocrx_word' id='word_1_423' title='bbox 878 3169 1067 3209; x_wconf 88' lang='lat' dir='ltr'><strong>penultimo,</strong></span> <span class='ocrx_word' id='word_1_424' title='bbox 1085 3169 1219 3199; x_wconf 88' lang='lat' dir='ltr'><strong>dubium</strong></span> <span class='ocrx_word' id='word_1_425' title='bbox 1239 3169 1374 3200; x_wconf 88' lang='lat' dir='ltr'><strong>occurrit</strong></span> 
     </span>
     <span class='ocr_line' id='line_1_58' title="bbox 316 3182 1373 3254; baseline -0.001 -10"><span class='ocrx_word' id='word_1_426' title='bbox 316 3182 383 3244; x_wconf 84' lang='lat' dir='ltr'><strong>Iad</strong></span> <span class='ocrx_word' id='word_1_427' title='bbox 406 3213 581 3250; x_wconf 88' lang='lat' dir='ltr'><strong>hominem,</strong></span> <span class='ocrx_word' id='word_1_428' title='bbox 605 3223 672 3254; x_wconf 93' lang='lat' dir='ltr'><strong>quo</strong></span> <span class='ocrx_word' id='word_1_429' title='bbox 691 3220 784 3254; x_wconf 87' lang='lat' dir='ltr'><strong>pacto</strong></span> <span class='ocrx_word' id='word_1_430' title='bbox 807 3215 929 3244; x_wconf 88' lang='lat' dir='ltr'><strong>Auctor</strong></span> <span class='ocrx_word' id='word_1_431' title='bbox 951 3213 1000 3243; x_wconf 92' lang='lat' dir='ltr'><strong>hic</strong></span> <span class='ocrx_word' id='word_1_432' title='bbox 1025 3220 1123 3253; x_wconf 88' lang='lat' dir='ltr'><strong>ponat</strong></span> <span class='ocrx_word' id='word_1_433' title='bbox 1143 3212 1296 3244; x_wconf 85' lang='lat' dir='ltr'><strong>iustitiam</strong></span> <span class='ocrx_word' id='word_1_434' title='bbox 1316 3223 1373 3244; x_wconf 91' lang='lat' dir='ltr'><strong>no-</strong></span> 
     </span>
     <span class='ocr_line' id='line_1_59' title="bbox 311 3257 1373 3297; baseline 0 -10"><span class='ocrx_word' id='word_1_435' title='bbox 311 3257 498 3288; x_wconf 88' lang='lat' dir='ltr'><strong>bilissimam</strong></span> <span class='ocrx_word' id='word_1_436' title='bbox 526 3257 606 3288; x_wconf 89' lang='lat' dir='ltr'><strong>inter</strong></span> <span class='ocrx_word' id='word_1_437' title='bbox 633 3257 762 3288; x_wconf 87' lang='lat' dir='ltr'><strong>virtutes</strong></span> <span class='ocrx_word' id='word_1_438' title='bbox 789 3257 941 3293; x_wconf 87' lang='lat' dir='ltr'><strong>morales;</strong></span> <span class='ocrx_word' id='word_1_439' title='bbox 974 3264 1005 3288; x_wconf 91' lang='lat' dir='ltr'><strong>et</strong></span> <span class='ocrx_word' id='word_1_440' title='bbox 1034 3263 1140 3287; x_wconf 88' lang='lat' dir='ltr'><strong>tamen</strong></span> <span class='ocrx_word' id='word_1_441' title='bbox 1170 3257 1314 3297; x_wconf 87' lang='lat' dir='ltr'><strong>superius</strong></span> <span class='ocrx_word' id='word_1_442' title='bbox 1340 3257 1373 3287; x_wconf 91' lang='lat' dir='ltr'><strong>in</strong></span> 
     </span>
     <span class='ocr_line' id='line_1_60' title="bbox 313 3300 1373 3343; baseline -0.001 -11"><span class='ocrx_word' id='word_1_443' title='bbox 313 3301 498 3343; x_wconf 84' lang='lat' dir='ltr'><strong>quaestione</strong></span> <span class='ocrx_word' id='word_1_444' title='bbox 517 3300 684 3341; x_wconf 83' lang='lat' dir='ltr'><strong>trigesima,</strong></span> <span class='ocrx_word' id='word_1_445' title='bbox 704 3301 835 3332; x_wconf 88' lang='lat' dir='ltr'><strong>articulo</strong></span> <span class='ocrx_word' id='word_1_446' title='bbox 855 3301 945 3332; x_wconf 91' lang='lat' dir='ltr'><strong>tertio</strong></span> <span class='ocrx_word' id='word_1_447' title='bbox 961 3308 991 3332; x_wconf 90' lang='lat' dir='ltr'><strong>et</strong></span> <span class='ocrx_word' id='word_1_448' title='bbox 1009 3308 1133 3341; x_wconf 86' lang='lat' dir='ltr'><strong>quarto,</strong></span> <span class='ocrx_word' id='word_1_449' title='bbox 1153 3301 1261 3341; x_wconf 91' lang='lat' dir='ltr'><strong>posuit</strong></span> <span class='ocrx_word' id='word_1_450' title='bbox 1279 3301 1373 3331; x_wconf 88' lang='lat' dir='ltr'><strong>mise-</strong></span> 
     </span>
     <span class='ocr_line' id='line_1_61' title="bbox 313 3345 1373 3385; baseline -0.002 -8"><span class='ocrx_word' id='word_1_451' title='bbox 313 3345 481 3377; x_wconf 85' lang='lat' dir='ltr'><strong>ricordiam</strong></span> <span class='ocrx_word' id='word_1_452' title='bbox 495 3345 576 3376; x_wconf 92' lang='lat' dir='ltr'><strong>inter</strong></span> <span class='ocrx_word' id='word_1_453' title='bbox 588 3345 723 3375; x_wconf 87' lang='lat' dir='ltr'><strong>morales</strong></span> <span class='ocrx_word' id='word_1_454' title='bbox 735 3345 875 3381; x_wconf 87' lang='lat' dir='ltr'><strong>virtutes,</strong></span> <span class='ocrx_word' id='word_1_455' title='bbox 899 3352 930 3375; x_wconf 94' lang='lat' dir='ltr'><strong>et</strong></span> <span class='ocrx_word' id='word_1_456' title='bbox 945 3345 1143 3385; x_wconf 82' lang='lat' dir='ltr'><strong>potissimam</strong></span> <span class='ocrx_word' id='word_1_457' title='bbox 1165 3345 1245 3376; x_wconf 88' lang='lat' dir='ltr'><strong>inter</strong></span> <span class='ocrx_word' id='word_1_458' title='bbox 1260 3355 1373 3375; x_wconf 91' lang='lat' dir='ltr'><strong>omnes</strong></span> 
     </span>
     <span class='ocr_line' id='line_1_62' title="bbox 313 3388 1373 3430; baseline -0.002 -9"><span class='ocrx_word' id='word_1_459' title='bbox 313 3389 443 3421; x_wconf 87' lang='lat' dir='ltr'><strong>virtutes</strong></span> <span class='ocrx_word' id='word_1_460' title='bbox 459 3399 540 3430; x_wconf 88' lang='lat' dir='ltr'><strong>quae</strong></span> <span class='ocrx_word' id='word_1_461' title='bbox 556 3389 595 3419; x_wconf 86' lang='lat' dir='ltr'><strong>ad</strong></span> <span class='ocrx_word' id='word_1_462' title='bbox 611 3389 794 3429; x_wconf 87' lang='lat' dir='ltr'><strong>proximum</strong></span> <span class='ocrx_word' id='word_1_463' title='bbox 809 3388 973 3429; x_wconf 87' lang='lat' dir='ltr'><strong>pertinent.</strong></span> <span class='ocrx_word' id='word_1_464' title='bbox 1001 3389 1177 3426; x_wconf 91' lang='lat' dir='ltr'><strong>Quomodo</strong></span> <span class='ocrx_word' id='word_1_465' title='bbox 1193 3395 1275 3420; x_wconf 86' lang='lat' dir='ltr'><strong>stant</strong></span> <span class='ocrx_word' id='word_1_466' title='bbox 1297 3389 1373 3420; x_wconf 88' lang='lat' dir='ltr'><strong>haec</strong></span> 
     </span>
     <span class='ocr_line' id='line_1_63' title="bbox 315 3431 517 3465; baseline -0.005 -1"><span class='ocrx_word' id='word_1_467' title='bbox 315 3433 380 3465; x_wconf 88' lang='lat' dir='ltr'><strong>duo</strong></span> <span class='ocrx_word' id='word_1_468' title='bbox 404 3431 517 3464; x_wconf 85' lang='lat' dir='ltr'><strong>simul?</strong></span> 
     </span>
    </p>

    <p class='ocr_par' dir='ltr' id='par_1_28' title="bbox 313 3475 1374 3560">
     <span class='ocr_line' id='line_1_64' title="bbox 369 3475 1374 3517; baseline -0.002 -9"><span class='ocrx_word' id='word_1_469' title='bbox 369 3477 421 3508; x_wconf 86' lang='lat' dir='ltr'><strong>Ad</strong></span> <span class='ocrx_word' id='word_1_470' title='bbox 443 3477 505 3507; x_wconf 91' lang='lat' dir='ltr'><strong>hoc</strong></span> <span class='ocrx_word' id='word_1_471' title='bbox 528 3477 642 3507; x_wconf 91' lang='lat' dir='ltr'><strong>dicitur</strong></span> <span class='ocrx_word' id='word_1_472' title='bbox 664 3476 752 3517; x_wconf 91' lang='lat' dir='ltr'><strong>quod</strong></span> <span class='ocrx_word' id='word_1_473' title='bbox 775 3475 988 3507; x_wconf 87' lang='lat' dir='ltr'><strong>misericordia</strong></span> <span class='ocrx_word' id='word_1_474' title='bbox 1011 3482 1115 3516; x_wconf 89' lang='lat' dir='ltr'><strong>potest</strong></span> <span class='ocrx_word' id='word_1_475' title='bbox 1138 3476 1221 3506; x_wconf 90' lang='lat' dir='ltr'><strong>sumi</strong></span> <span class='ocrx_word' id='word_1_476' title='bbox 1245 3475 1374 3516; x_wconf 89' lang='lat' dir='ltr'><strong>duplici-</strong></span> 
     </span>
     <span class='ocr_line' id='line_1_65' title="bbox 313 3519 1373 3560; baseline -0.002 -8"><span class='ocrx_word' id='word_1_477' title='bbox 313 3528 369 3552; x_wconf 90' lang='lat' dir='ltr'><strong>ter.</strong></span> <span class='ocrx_word' id='word_1_478' title='bbox 393 3521 518 3557; x_wconf 85' lang='lat' dir='ltr'><strong>Primo,</strong></span> <span class='ocrx_word' id='word_1_479' title='bbox 542 3528 578 3552; x_wconf 92' lang='lat' dir='ltr'><strong>ut</strong></span> <span class='ocrx_word' id='word_1_480' title='bbox 601 3520 675 3551; x_wconf 87' lang='lat' dir='ltr'><strong>dicit</strong></span> <span class='ocrx_word' id='word_1_481' title='bbox 697 3520 878 3560; x_wconf 81' lang='lat' dir='ltr'><strong>passionem</strong></span> <span class='ocrx_word' id='word_1_482' title='bbox 901 3519 1041 3550; x_wconf 80' lang='lat' dir='ltr'><strong>tristitiae</strong></span> <span class='ocrx_word' id='word_1_483' title='bbox 1065 3520 1103 3550; x_wconf 87' lang='lat' dir='ltr'><strong>de</strong></span> <span class='ocrx_word' id='word_1_484' title='bbox 1127 3520 1226 3551; x_wconf 84' lang='lat' dir='ltr'><strong>aliena</strong></span> <span class='ocrx_word' id='word_1_485' title='bbox 1249 3519 1373 3550; x_wconf 89' lang='lat' dir='ltr'><strong>miseria</strong></span> 
     </span>
    </p>
   </div>
   <div class='ocr_carea' id='block_1_18' title="bbox 0 0 82 4067">
    <p class='ocr_par' dir='ltr' id='par_1_29' title="bbox 0 0 82 4067">
     <span class='ocr_line' id='line_1_66' title="bbox 0 0 82 4067; baseline 0 0"><span class='ocrx_word' id='word_1_486' title='bbox 0 0 82 4067; x_wconf 95' lang='lat' dir='ltr'><strong> </strong></span> 
     </span>
    </p>
   </div>
   <div class='ocr_carea' id='block_1_19' title="bbox 1390 1193 1395 1866">
    <p class='ocr_par' dir='ltr' id='par_1_30' title="bbox 1390 1193 1395 1866">
     <span class='ocr_line' id='line_1_67' title="bbox 1390 1193 1395 1866; baseline 0 0"><span class='ocrx_word' id='word_1_487' title='bbox 1390 1193 1395 1866; x_wconf 95' lang='lat' dir='ltr'><strong> </strong></span> 
     </span>
    </p>
   </div>
   <div class='ocr_carea' id='block_1_20' title="bbox 1398 2910 1403 3037">
    <p class='ocr_par' dir='ltr' id='par_1_31' title="bbox 1398 2910 1403 3037">
     <span class='ocr_line' id='line_1_68' title="bbox 1398 2910 1403 3037; baseline 0 0"><span class='ocrx_word' id='word_1_488' title='bbox 1398 2910 1403 3037; x_wconf 95' lang='lat' dir='ltr'><strong> </strong></span> 
     </span>
    </p>
   </div>
   <div class='ocr_carea' id='block_1_21' title="bbox 1397 3170 1400 3287">
    <p class='ocr_par' dir='ltr' id='par_1_32' title="bbox 1397 3170 1400 3287">
     <span class='ocr_line' id='line_1_69' title="bbox 1397 3170 1400 3287; baseline 0 963"><span class='ocrx_word' id='word_1_489' title='bbox 1397 3170 1400 3287; x_wconf 95' lang='lat' dir='ltr'><strong> </strong></span> 
     </span>
    </p>
   </div>
   <div class='ocr_carea' id='block_1_22' title="bbox 1398 3291 2486 3428">
    <p class='ocr_par' dir='ltr' id='par_1_33' title="bbox 1398 3291 2486 3428">
     <span class='ocr_line' id='line_1_70' title="bbox 1425 3300 1540 3331; baseline -0.009 0"><span class='ocrx_word' id='word_1_490' title='bbox 1425 3300 1540 3331; x_wconf 91' lang='lat' dir='ltr'><strong>nobilis</strong></span> 
     </span>
     <span class='ocr_line' id='line_1_71' title="bbox 1398 3291 2486 3385; baseline 0 -11"><span class='ocrx_word' id='word_1_491' title='bbox 1398 3291 1401 3336; x_wconf 63' lang='grc' dir='ltr'>Ι</span> <span class='ocrx_word' id='word_1_492' title='bbox 1424 3344 1502 3385; x_wconf 88' lang='lat' dir='ltr'><strong>galis</strong></span> <span class='ocrx_word' id='word_1_493' title='bbox 1526 3345 1656 3385; x_wconf 88' lang='lat' dir='ltr'><strong>quidem</strong></span> <span class='ocrx_word' id='word_1_494' title='bbox 1679 3350 1814 3384; x_wconf 82' lang='lat' dir='ltr'><strong>praestat</strong></span> <span class='ocrx_word' id='word_1_495' title='bbox 1837 3344 1917 3374; x_wconf 91' lang='lat' dir='ltr'><strong>sicut</strong></span> <span class='ocrx_word' id='word_1_496' title='bbox 1936 3344 2117 3374; x_wconf 84' lang='lat' dir='ltr'><strong>universalis</strong></span> <span class='ocrx_word' id='word_1_497' title='bbox 2135 3344 2233 3374; x_wconf 88' lang='lat' dir='ltr'><strong>virtus</strong></span> <span class='ocrx_word' id='word_1_498' title='bbox 2256 3351 2398 3384; x_wconf 89' lang='lat' dir='ltr'><strong>respectu</strong></span> <span class='ocrx_word' id='word_1_499' title='bbox 2418 3354 2486 3384; x_wconf 85' lang='lat' dir='ltr'><strong>par-</strong></span> 
     </span>
     <span class='ocr_line' id='line_1_72' title="bbox 1425 3387 2484 3428; baseline 0 -10"><span class='ocrx_word' id='word_1_500' title='bbox 1425 3388 1578 3419; x_wconf 86' lang='lat' dir='ltr'><strong>ticularis:</strong></span> <span class='ocrx_word' id='word_1_501' title='bbox 1610 3398 1684 3418; x_wconf 85' lang='lat' dir='ltr'><strong>nam</strong></span> <span class='ocrx_word' id='word_1_502' title='bbox 1709 3387 1789 3418; x_wconf 88' lang='lat' dir='ltr'><strong>sicut</strong></span> <span class='ocrx_word' id='word_1_503' title='bbox 1812 3389 1865 3418; x_wconf 90' lang='lat' dir='ltr'><strong>lex</strong></span> <span class='ocrx_word' id='word_1_504' title='bbox 1885 3389 2042 3427; x_wconf 85' lang='lat' dir='ltr'><strong>praecipit</strong></span> <span class='ocrx_word' id='word_1_505' title='bbox 2064 3397 2146 3428; x_wconf 83' lang='lat' dir='ltr'><strong>quae</strong></span> <span class='ocrx_word' id='word_1_506' title='bbox 2169 3389 2327 3418; x_wconf 87' lang='lat' dir='ltr'><strong>mansueti</strong></span> <span class='ocrx_word' id='word_1_507' title='bbox 2350 3393 2380 3418; x_wconf 87' lang='lat' dir='ltr'><strong>et</strong></span> <span class='ocrx_word' id='word_1_508' title='bbox 2402 3397 2484 3428; x_wconf 84' lang='lat' dir='ltr'><strong>quae</strong></span> 
     </span>
    </p>
   </div>
   <div class='ocr_carea' id='block_1_23' title="bbox 1398 3339 1401 3551">
    <p class='ocr_par' dir='ltr' id='par_1_34' title="bbox 1398 3339 1401 3551">
     <span class='ocr_line' id='line_1_73' title="bbox 1398 3339 1401 3551; baseline 0 699"><span class='ocrx_word' id='word_1_509' title='bbox 1398 3339 1401 3551; x_wconf 95' lang='lat' dir='ltr'><strong> </strong></span> 
     </span>
    </p>
   </div>
   <div class='ocr_carea' id='block_1_24' title="bbox 1417 1248 2484 2828">
    <p class='ocr_par' dir='ltr' id='par_1_35' title="bbox 1417 1248 2481 1929">
     <span class='ocr_line' id='line_1_74' title="bbox 1418 1248 2477 1300; baseline 0.004 -15"><span class='ocrx_word' id='word_1_510' title='bbox 1418 1248 1548 1295; x_wconf 88' lang='lat' dir='ltr'><strong>sitivo,</strong></span> <span class='ocrx_word' id='word_1_511' title='bbox 1578 1249 1627 1286; x_wconf 91' lang='lat' dir='ltr'><strong>ad</strong></span> <span class='ocrx_word' id='word_1_512' title='bbox 1656 1262 1770 1297; x_wconf 92' lang='lat' dir='ltr'><strong>quem</strong></span> <span class='ocrx_word' id='word_1_513' title='bbox 1798 1250 1987 1298; x_wconf 89' lang='lat' dir='ltr'><strong>pertinent</strong></span> <span class='ocrx_word' id='word_1_514' title='bbox 2018 1250 2233 1298; x_wconf 83' lang='lat' dir='ltr'><strong>passioneS,</strong></span> <span class='ocrx_word' id='word_1_515' title='bbox 2262 1264 2361 1300; x_wconf 91' lang='lat' dir='ltr'><strong>quae</strong></span> <span class='ocrx_word' id='word_1_516' title='bbox 2391 1260 2477 1289; x_wconf 91' lang='lat' dir='ltr'><strong>sunt</strong></span> 
     </span>
     <span class='ocr_line' id='line_1_75' title="bbox 1417 1302 2477 1342; baseline 0.003 -4"><span class='ocrx_word' id='word_1_517' title='bbox 1417 1302 1574 1338; x_wconf 89' lang='lat' dir='ltr'><strong>materia</strong></span> <span class='ocrx_word' id='word_1_518' title='bbox 1607 1302 1764 1339; x_wconf 87' lang='lat' dir='ltr'><strong>aliarum</strong></span> <span class='ocrx_word' id='word_1_519' title='bbox 1794 1302 1975 1339; x_wconf 88' lang='lat' dir='ltr'><strong>virtutum</strong></span> <span class='ocrx_word' id='word_1_520' title='bbox 2009 1303 2225 1340; x_wconf 87' lang='lat' dir='ltr'><strong>moralium.</strong></span> <span class='ocrx_word' id='word_1_521' title='bbox 2247 1326 2270 1331; x_wconf 99' lang='lat'>—</span> <span class='ocrx_word' id='word_1_522' title='bbox 2301 1305 2477 1342; x_wconf 90' lang='lat' dir='ltr'><strong>Secunda</strong></span> 
     </span>
     <span class='ocr_line' id='line_1_76' title="bbox 1419 1354 2477 1404; baseline 0.003 -13"><span class='ocrx_word' id='word_1_523' title='bbox 1419 1354 1512 1391; x_wconf 88' lang='lat' dir='ltr'><strong>ratio</strong></span> <span class='ocrx_word' id='word_1_524' title='bbox 1536 1355 1698 1392; x_wconf 88' lang='lat' dir='ltr'><strong>sumitur</strong></span> <span class='ocrx_word' id='word_1_525' title='bbox 1717 1367 1760 1392; x_wconf 86' lang='lat' dir='ltr'><strong>ex</strong></span> <span class='ocrx_word' id='word_1_526' title='bbox 1780 1362 1885 1404; x_wconf 88' lang='lat' dir='ltr'><strong>parte</strong></span> <span class='ocrx_word' id='word_1_527' title='bbox 1905 1355 2053 1392; x_wconf 90' lang='lat' dir='ltr'><strong>obiecti.</strong></span> <span class='ocrx_word' id='word_1_528' title='bbox 2083 1357 2186 1392; x_wconf 90' lang='lat' dir='ltr'><strong>Nam</strong></span> <span class='ocrx_word' id='word_1_529' title='bbox 2210 1356 2303 1393; x_wconf 88' lang='lat' dir='ltr'><strong>aliae</strong></span> <span class='ocrx_word' id='word_1_530' title='bbox 2322 1357 2477 1394; x_wconf 89' lang='lat' dir='ltr'><strong>virtutes</strong></span> 
     </span>
     <span class='ocr_line' id='line_1_77' title="bbox 1418 1407 2475 1456; baseline 0.003 -12"><span class='ocrx_word' id='word_1_531' title='bbox 1418 1407 1619 1444; x_wconf 89' lang='lat' dir='ltr'><strong>laudantur</strong></span> <span class='ocrx_word' id='word_1_532' title='bbox 1634 1409 1759 1444; x_wconf 89' lang='lat' dir='ltr'><strong>solum</strong></span> <span class='ocrx_word' id='word_1_533' title='bbox 1776 1409 1989 1445; x_wconf 89' lang='lat' dir='ltr'><strong>secundum</strong></span> <span class='ocrx_word' id='word_1_534' title='bbox 2009 1409 2156 1445; x_wconf 88' lang='lat' dir='ltr'><strong>bonum</strong></span> <span class='ocrx_word' id='word_1_535' title='bbox 2175 1408 2292 1456; x_wconf 92' lang='lat' dir='ltr'><strong>ipsius</strong></span> <span class='ocrx_word' id='word_1_536' title='bbox 2306 1410 2475 1447; x_wconf 88' lang='lat' dir='ltr'><strong>virtuosi.</strong></span> 
     </span>
     <span class='ocr_line' id='line_1_78' title="bbox 1419 1460 2477 1509; baseline 0.003 -13"><span class='ocrx_word' id='word_1_537' title='bbox 1419 1460 1559 1496; x_wconf 90' lang='lat' dir='ltr'><strong>Iustitia</strong></span> <span class='ocrx_word' id='word_1_538' title='bbox 1578 1468 1706 1497; x_wconf 89' lang='lat' dir='ltr'><strong>autem</strong></span> <span class='ocrx_word' id='word_1_539' title='bbox 1732 1461 1906 1498; x_wconf 89' lang='lat' dir='ltr'><strong>laudatur</strong></span> <span class='ocrx_word' id='word_1_540' title='bbox 1925 1461 2135 1498; x_wconf 90' lang='lat' dir='ltr'><strong>secundum</strong></span> <span class='ocrx_word' id='word_1_541' title='bbox 2156 1462 2260 1509; x_wconf 93' lang='lat' dir='ltr'><strong>quod</strong></span> <span class='ocrx_word' id='word_1_542' title='bbox 2287 1462 2477 1500; x_wconf 91' lang='lat' dir='ltr'><strong>virtuosus</strong></span> 
     </span>
     <span class='ocr_line' id='line_1_79' title="bbox 1419 1513 2477 1563; baseline 0.004 -15"><span class='ocrx_word' id='word_1_543' title='bbox 1419 1513 1468 1549; x_wconf 92' lang='lat' dir='ltr'><strong>ad</strong></span> <span class='ocrx_word' id='word_1_544' title='bbox 1496 1513 1610 1549; x_wconf 88' lang='lat' dir='ltr'><strong>alium</strong></span> <span class='ocrx_word' id='word_1_545' title='bbox 1640 1514 1738 1550; x_wconf 90' lang='lat' dir='ltr'><strong>bene</strong></span> <span class='ocrx_word' id='word_1_546' title='bbox 1766 1526 1806 1550; x_wconf 89' lang='lat' dir='ltr'><strong>se</strong></span> <span class='ocrx_word' id='word_1_547' title='bbox 1830 1514 1961 1550; x_wconf 90' lang='lat' dir='ltr'><strong>habet:</strong></span> <span class='ocrx_word' id='word_1_548' title='bbox 1992 1521 2028 1550; x_wconf 91' lang='lat' dir='ltr'><strong>et</strong></span> <span class='ocrx_word' id='word_1_549' title='bbox 2056 1514 2109 1550; x_wconf 93' lang='lat' dir='ltr'><strong>sic</strong></span> <span class='ocrx_word' id='word_1_550' title='bbox 2137 1514 2272 1551; x_wconf 90' lang='lat' dir='ltr'><strong>iustitia</strong></span> <span class='ocrx_word' id='word_1_551' title='bbox 2292 1516 2477 1563; x_wconf 91' lang='lat' dir='ltr'><strong>quodam-</strong></span> 
     </span>
     <span class='ocr_line' id='line_1_80' title="bbox 1419 1565 2477 1612; baseline 0.004 -11"><span class='ocrx_word' id='word_1_552' title='bbox 1419 1565 1539 1602; x_wconf 90' lang='lat' dir='ltr'><strong>modo</strong></span> <span class='ocrx_word' id='word_1_553' title='bbox 1560 1573 1615 1601; x_wconf 91' lang='lat' dir='ltr'><strong>est</strong></span> <span class='ocrx_word' id='word_1_554' title='bbox 1640 1566 1786 1602; x_wconf 90' lang='lat' dir='ltr'><strong>bonum</strong></span> <span class='ocrx_word' id='word_1_555' title='bbox 1805 1566 1972 1612; x_wconf 89' lang='lat' dir='ltr'><strong>alterius,</strong></span> <span class='ocrx_word' id='word_1_556' title='bbox 1993 1574 2034 1602; x_wconf 92' lang='lat' dir='ltr'><strong>ut</strong></span> <span class='ocrx_word' id='word_1_557' title='bbox 2053 1566 2188 1603; x_wconf 92' lang='lat' dir='ltr'><strong>dicitur</strong></span> <span class='ocrx_word' id='word_1_558' title='bbox 2213 1568 2250 1603; x_wconf 91' lang='lat' dir='ltr'><strong>in</strong></span> <span class='ocrx_word' id='word_1_559' title='bbox 2268 1568 2304 1604; x_wconf 94' lang='lat' dir='ltr'>V</span> <span class='ocrx_word' id='word_1_560' title='bbox 2321 1569 2439 1605; x_wconf 88' lang='lat' dir='ltr'><strong>Ethic.</strong></span> <span class='ocrx_word' id='word_1_561' title='bbox 2458 1570 2477 1590; x_wconf 76' lang='lat'><strong>&#39;¹‘</strong></span> 
     </span>
     <span class='ocr_line' id='line_1_81' title="bbox 1420 1618 2475 1666; baseline 0.004 -12"><span class='ocrx_word' id='word_1_562' title='bbox 1420 1618 1469 1654; x_wconf 90' lang='lat' dir='ltr'><strong>Et</strong></span> <span class='ocrx_word' id='word_1_563' title='bbox 1495 1625 1651 1666; x_wconf 90' lang='lat' dir='ltr'><strong>propter</strong></span> <span class='ocrx_word' id='word_1_564' title='bbox 1677 1619 1752 1655; x_wconf 91' lang='lat' dir='ltr'><strong>hoc</strong></span> <span class='ocrx_word' id='word_1_565' title='bbox 1784 1618 2039 1666; x_wconf 89' lang='lat' dir='ltr'><strong>Philosophus</strong></span> <span class='ocrx_word' id='word_1_566' title='bbox 2067 1619 2172 1664; x_wconf 92' lang='lat' dir='ltr'><strong>dicit,</strong></span> <span class='ocrx_word' id='word_1_567' title='bbox 2201 1619 2239 1656; x_wconf 88' lang='lat' dir='ltr'><strong>in</strong></span> <span class='ocrx_word' id='word_1_568' title='bbox 2269 1621 2282 1655; x_wconf 96' lang='lat' dir='ltr'>I</span> <span class='ocrx_word' id='word_1_569' title='bbox 2310 1622 2418 1657; x_wconf 88' lang='lat' dir='ltr'><strong>Rhet.</strong></span> <span class='ocrx_word' id='word_1_570' title='bbox 2438 1621 2475 1658; x_wconf 73' lang='grc' dir='ltr'><strong>*ε</strong></span> 
     </span>
     <span class='ocr_line' id='line_1_82' title="bbox 1419 1670 2481 1720; baseline 0.003 -13"><span class='ocrx_word' id='word_1_571' title='bbox 1419 1670 1582 1707; x_wconf 88' lang='lat' dir='ltr'><strong>Necesse</strong></span> <span class='ocrx_word' id='word_1_572' title='bbox 1609 1676 1662 1707; x_wconf 90' lang='lat' dir='ltr'><strong>est</strong></span> <span class='ocrx_word' id='word_1_573' title='bbox 1688 1671 1877 1707; x_wconf 89' lang='lat' dir='ltr'><strong>maximas</strong></span> <span class='ocrx_word' id='word_1_574' title='bbox 1905 1683 1982 1707; x_wconf 90' lang='lat' dir='ltr'><strong>esse</strong></span> <span class='ocrx_word' id='word_1_575' title='bbox 2007 1672 2159 1707; x_wconf 76' lang='lat' dir='ltr'><strong>&#39;virtutes</strong></span> <span class='ocrx_word' id='word_1_576' title='bbox 2186 1683 2250 1708; x_wconf 89' lang='lat' dir='ltr'><strong>eas</strong></span> <span class='ocrx_word' id='word_1_577' title='bbox 2273 1684 2369 1720; x_wconf 87' lang='lat' dir='ltr'><strong>quae</strong></span> <span class='ocrx_word' id='word_1_578' title='bbox 2395 1680 2481 1710; x_wconf 84' lang='lat' dir='ltr'><strong>sunt</strong></span> 
     </span>
     <span class='ocr_line' id='line_1_83' title="bbox 1419 1723 2479 1773; baseline 0.003 -14"><span class='ocrx_word' id='word_1_579' title='bbox 1419 1723 1502 1759; x_wconf 88' lang='lat' dir='ltr'><strong>aliis</strong></span> <span class='ocrx_word' id='word_1_580' title='bbox 1516 1724 1836 1760; x_wconf 55' lang='lat' dir='ltr'><strong>honestissimam:</strong></span> <span class='ocrx_word' id='word_1_581' title='bbox 1855 1724 2035 1772; x_wconf 83' lang='lat' dir='ltr'><strong>siquidem</strong></span> <span class='ocrx_word' id='word_1_582' title='bbox 2050 1730 2103 1760; x_wconf 89' lang='lat' dir='ltr'><strong>est</strong></span> <span class='ocrx_word' id='word_1_583' title='bbox 2115 1724 2232 1760; x_wconf 83' lang='lat' dir='ltr'><strong>virtus</strong></span> <span class='ocrx_word' id='word_1_584' title='bbox 2245 1726 2410 1773; x_wconf 88' lang='lat' dir='ltr'><strong>potentia</strong></span> <span class='ocrx_word' id='word_1_585' title='bbox 2420 1727 2479 1763; x_wconf 84' lang='lat' dir='ltr'><strong>be-</strong></span> 
     </span>
     <span class='ocr_line' id='line_1_84' title="bbox 1421 1777 2479 1824; baseline 0.003 -12"><span class='ocrx_word' id='word_1_586' title='bbox 1421 1777 1619 1822; x_wconf 83' lang='lat' dir='ltr'><strong>nefactiva.</strong></span> <span class='ocrx_word' id='word_1_587' title='bbox 1648 1777 1807 1824; x_wconf 84' lang='lat' dir='ltr'><strong>Propter</strong></span> <span class='ocrx_word' id='word_1_588' title='bbox 1824 1778 1895 1813; x_wconf 87' lang='lat' dir='ltr'><strong>hoc</strong></span> <span class='ocrx_word' id='word_1_589' title='bbox 1900 1778 2028 1824; x_wconf 87' lang='lat' dir='ltr'><strong>fortes</strong></span> <span class='ocrx_word' id='word_1_590' title='bbox 2047 1782 2082 1813; x_wconf 86' lang='lat' dir='ltr'><strong>et</strong></span> <span class='ocrx_word' id='word_1_591' title='bbox 2100 1777 2212 1813; x_wconf 88' lang='lat' dir='ltr'><strong>iustos</strong></span> <span class='ocrx_word' id='word_1_592' title='bbox 2230 1778 2398 1815; x_wconf 88' lang='lat' dir='ltr'><strong>maxime</strong></span> <span class='ocrx_word' id='word_1_593' title='bbox 2415 1780 2479 1815; x_wconf 89' lang='lat' dir='ltr'><strong>ho-</strong></span> 
     </span>
     <span class='ocr_line' id='line_1_85' title="bbox 1421 1829 2477 1879; baseline 0.003 -14"><span class='ocrx_word' id='word_1_594' title='bbox 1421 1835 1579 1866; x_wconf 86' lang='lat' dir='ltr'><strong>norant:</strong></span> <span class='ocrx_word' id='word_1_595' title='bbox 1607 1830 1784 1877; x_wconf 84' lang='lat' dir='ltr'><strong>quoniam</strong></span> <span class='ocrx_word' id='word_1_596' title='bbox 1799 1829 1981 1876; x_wconf 86' lang='lat' dir='ltr'><strong>fortitudo</strong></span> <span class='ocrx_word' id='word_1_597' title='bbox 2001 1834 2054 1865; x_wconf 86' lang='lat' dir='ltr'><strong>est</strong></span> <span class='ocrx_word' id='word_1_598' title='bbox 2072 1829 2168 1866; x_wconf 89' lang='lat' dir='ltr'><strong>utilis</strong></span> <span class='ocrx_word' id='word_1_599' title='bbox 2186 1829 2268 1866; x_wconf 89' lang='lat' dir='ltr'><strong>aliis</strong></span> <span class='ocrx_word' id='word_1_600' title='bbox 2287 1831 2324 1867; x_wconf 90' lang='lat' dir='ltr'><strong>in</strong></span> <span class='ocrx_word' id='word_1_601' title='bbox 2344 1831 2437 1868; x_wconf 87' lang='lat' dir='ltr'><strong>bello</strong></span> <span class='ocrx_word' id='word_1_602' title='bbox 2446 1832 2477 1879; x_wconf 70' lang='lat'><strong>²¹²,</strong></span> 
     </span>
     <span class='ocr_line' id='line_1_86' title="bbox 1420 1882 2217 1929; baseline 0 -11"><span class='ocrx_word' id='word_1_603' title='bbox 1420 1882 1555 1918; x_wconf 86' lang='lat' dir='ltr'><strong>iustitia</strong></span> <span class='ocrx_word' id='word_1_604' title='bbox 1584 1888 1708 1918; x_wconf 87' lang='lat' dir='ltr'><strong>autem</strong></span> <span class='ocrx_word' id='word_1_605' title='bbox 1737 1888 1772 1918; x_wconf 91' lang='lat' dir='ltr'><strong>et</strong></span> <span class='ocrx_word' id='word_1_606' title='bbox 1798 1882 1835 1918; x_wconf 88' lang='lat' dir='ltr'><strong>in</strong></span> <span class='ocrx_word' id='word_1_607' title='bbox 1865 1882 1958 1918; x_wconf 89' lang='lat' dir='ltr'><strong>bello</strong></span> <span class='ocrx_word' id='word_1_608' title='bbox 1987 1888 2023 1918; x_wconf 88' lang='lat' dir='ltr'><strong>et</strong></span> <span class='ocrx_word' id='word_1_609' title='bbox 2049 1882 2086 1918; x_wconf 91' lang='lat' dir='ltr'><strong>in</strong></span> <span class='ocrx_word' id='word_1_610' title='bbox 2109 1893 2217 1929; x_wconf 88' lang='lat' dir='ltr'><strong>pace.</strong></span> 
     </span>
    </p>

    <p class='ocr_par' dir='ltr' id='par_1_36' title="bbox 1422 1934 2481 2404">
     <span class='ocr_line' id='line_1_87' title="bbox 1474 1934 2479 1983; baseline 0.002 -12"><span class='ocrx_word' id='word_1_611' title='bbox 1474 1937 1533 1971; x_wconf 83' lang='lat' dir='ltr'><strong>An</strong></span> <span class='ocrx_word' id='word_1_612' title='bbox 1552 1946 1690 1972; x_wconf 69' lang='lat' dir='ltr'><strong>Palmum</strong></span> <span class='ocrx_word' id='word_1_613' title='bbox 1717 1946 1815 1971; x_wconf 85' lang='lat' dir='ltr'>ERGO</span> <span class='ocrx_word' id='word_1_614' title='bbox 1835 1946 2019 1972; x_wconf 72' lang='lat' dir='ltr'><strong>mcuNDuM</strong></span> <span class='ocrx_word' id='word_1_615' title='bbox 2047 1935 2150 1983; x_wconf 92' lang='lat' dir='ltr'><strong>quod</strong></span> <span class='ocrx_word' id='word_1_616' title='bbox 2178 1934 2389 1982; x_wconf 88' lang='lat' dir='ltr'><strong>liberalitas,</strong></span> <span class='ocrx_word' id='word_1_617' title='bbox 2413 1937 2479 1973; x_wconf 89' lang='lat' dir='ltr'><strong>etsi</strong></span> 
     </span>
     <span class='ocr_line' id='line_1_88' title="bbox 1422 1987 2480 2035; baseline 0.001 -11"><span class='ocrx_word' id='word_1_618' title='bbox 1422 1987 1470 2024; x_wconf 93' lang='lat' dir='ltr'><strong>de</strong></span> <span class='ocrx_word' id='word_1_619' title='bbox 1499 1999 1569 2024; x_wconf 91' lang='lat' dir='ltr'><strong>suo</strong></span> <span class='ocrx_word' id='word_1_620' title='bbox 1599 1987 1679 2034; x_wconf 90' lang='lat' dir='ltr'><strong>det,</strong></span> <span class='ocrx_word' id='word_1_621' title='bbox 1708 1994 1836 2024; x_wconf 88' lang='lat' dir='ltr'><strong>tamen</strong></span> <span class='ocrx_word' id='word_1_622' title='bbox 1863 1987 1938 2024; x_wconf 93' lang='lat' dir='ltr'><strong>hoc</strong></span> <span class='ocrx_word' id='word_1_623' title='bbox 1965 1987 2052 2023; x_wconf 89' lang='lat' dir='ltr'><strong>facit</strong></span> <span class='ocrx_word' id='word_1_624' title='bbox 2084 1987 2307 2035; x_wconf 89' lang='lat' dir='ltr'><strong>inquantum</strong></span> <span class='ocrx_word' id='word_1_625' title='bbox 2340 1988 2378 2025; x_wconf 93' lang='lat' dir='ltr'><strong>in</strong></span> <span class='ocrx_word' id='word_1_626' title='bbox 2406 1990 2480 2025; x_wconf 91' lang='lat' dir='ltr'><strong>hoc</strong></span> 
     </span>
     <span class='ocr_line' id='line_1_89' title="bbox 1423 2039 2479 2088; baseline 0.002 -12"><span class='ocrx_word' id='word_1_627' title='bbox 1423 2039 1636 2077; x_wconf 89' lang='lat' dir='ltr'><strong>considerat</strong></span> <span class='ocrx_word' id='word_1_628' title='bbox 1654 2040 1831 2088; x_wconf 88' lang='lat' dir='ltr'><strong>propriae</strong></span> <span class='ocrx_word' id='word_1_629' title='bbox 1850 2040 1995 2077; x_wconf 90' lang='lat' dir='ltr'><strong>virtutis</strong></span> <span class='ocrx_word' id='word_1_630' title='bbox 2014 2041 2172 2076; x_wconf 89' lang='lat' dir='ltr'><strong>bonum.</strong></span> <span class='ocrx_word' id='word_1_631' title='bbox 2195 2041 2333 2077; x_wconf 87' lang='lat' dir='ltr'><strong>Iustitia</strong></span> <span class='ocrx_word' id='word_1_632' title='bbox 2353 2049 2479 2078; x_wconf 90' lang='lat' dir='ltr'><strong>autem</strong></span> 
     </span>
     <span class='ocr_line' id='line_1_90' title="bbox 1424 2093 2480 2141; baseline 0.001 -12"><span class='ocrx_word' id='word_1_633' title='bbox 1424 2093 1487 2129; x_wconf 91' lang='lat' dir='ltr'><strong>dat</strong></span> <span class='ocrx_word' id='word_1_634' title='bbox 1514 2093 1617 2130; x_wconf 89' lang='lat' dir='ltr'><strong>alteri</strong></span> <span class='ocrx_word' id='word_1_635' title='bbox 1646 2093 1751 2141; x_wconf 92' lang='lat' dir='ltr'><strong>quod</strong></span> <span class='ocrx_word' id='word_1_636' title='bbox 1779 2105 1892 2129; x_wconf 90' lang='lat' dir='ltr'><strong>suurn</strong></span> <span class='ocrx_word' id='word_1_637' title='bbox 1922 2099 1977 2129; x_wconf 89' lang='lat' dir='ltr'><strong>est</strong></span> <span class='ocrx_word' id='word_1_638' title='bbox 2004 2093 2112 2141; x_wconf 92' lang='lat' dir='ltr'><strong>quasi</strong></span> <span class='ocrx_word' id='word_1_639' title='bbox 2140 2093 2384 2130; x_wconf 89' lang='lat' dir='ltr'><strong>considerans</strong></span> <span class='ocrx_word' id='word_1_640' title='bbox 2413 2095 2480 2130; x_wconf 94' lang='lat' dir='ltr'><strong>bo-</strong></span> 
     </span>
     <span class='ocr_line' id='line_1_91' title="bbox 1423 2145 2481 2194; baseline 0.001 -12"><span class='ocrx_word' id='word_1_641' title='bbox 1423 2157 1516 2182; x_wconf 90' lang='lat' dir='ltr'><strong>nurn</strong></span> <span class='ocrx_word' id='word_1_642' title='bbox 1537 2158 1754 2182; x_wconf 90' lang='lat' dir='ltr'><strong>commune.</strong></span> <span class='ocrx_word' id='word_1_643' title='bbox 1774 2166 1798 2173; x_wconf 91' lang='lat'><em>-</em></span> <span class='ocrx_word' id='word_1_644' title='bbox 1822 2147 1871 2182; x_wconf 94' lang='lat' dir='ltr'><strong>Et</strong></span> <span class='ocrx_word' id='word_1_645' title='bbox 1889 2152 2084 2194; x_wconf 85' lang='lat' dir='ltr'><strong>praeterea</strong></span> <span class='ocrx_word' id='word_1_646' title='bbox 2102 2145 2238 2182; x_wconf 86' lang='lat' dir='ltr'><strong>iustitia</strong></span> <span class='ocrx_word' id='word_1_647' title='bbox 2258 2147 2481 2183; x_wconf 89' lang='lat' dir='ltr'><strong>observatur</strong></span> 
     </span>
     <span class='ocr_line' id='line_1_92' title="bbox 1423 2198 2481 2236; baseline 0.001 -1"><span class='ocrx_word' id='word_1_648' title='bbox 1423 2198 1473 2236; x_wconf 90' lang='lat' dir='ltr'><strong>ad</strong></span> <span class='ocrx_word' id='word_1_649' title='bbox 1500 2210 1656 2235; x_wconf 90' lang='lat' dir='ltr'><strong>omnes:</strong></span> <span class='ocrx_word' id='word_1_650' title='bbox 1687 2198 1886 2235; x_wconf 91' lang='lat' dir='ltr'><strong>liberalitas</strong></span> <span class='ocrx_word' id='word_1_651' title='bbox 1915 2205 2042 2234; x_wconf 91' lang='lat' dir='ltr'><strong>autem</strong></span> <span class='ocrx_word' id='word_1_652' title='bbox 2071 2198 2120 2234; x_wconf 92' lang='lat' dir='ltr'><strong>ad</strong></span> <span class='ocrx_word' id='word_1_653' title='bbox 2141 2210 2276 2235; x_wconf 90' lang='lat' dir='ltr'><strong>omnes</strong></span> <span class='ocrx_word' id='word_1_654' title='bbox 2295 2212 2335 2235; x_wconf 94' lang='lat' dir='ltr'><strong>se</strong></span> <span class='ocrx_word' id='word_1_655' title='bbox 2356 2208 2481 2236; x_wconf 86' lang='lat' dir='ltr'><strong>exten-</strong></span> 
     </span>
     <span class='ocr_line' id='line_1_93' title="bbox 1424 2250 2480 2299; baseline 0 -11"><span class='ocrx_word' id='word_1_656' title='bbox 1424 2251 1514 2288; x_wconf 92' lang='lat' dir='ltr'><strong>dere</strong></span> <span class='ocrx_word' id='word_1_657' title='bbox 1541 2263 1621 2288; x_wconf 92' lang='lat' dir='ltr'><strong>non</strong></span> <span class='ocrx_word' id='word_1_658' title='bbox 1640 2259 1774 2299; x_wconf 90' lang='lat' dir='ltr'><strong>potest.</strong></span> <span class='ocrx_word' id='word_1_659' title='bbox 1794 2271 1819 2279; x_wconf 90' lang='lat'>-</span> <span class='ocrx_word' id='word_1_660' title='bbox 1848 2251 1897 2287; x_wconf 89' lang='lat' dir='ltr'><strong>Et</strong></span> <span class='ocrx_word' id='word_1_661' title='bbox 1915 2251 2052 2287; x_wconf 89' lang='lat' dir='ltr'><strong>iterum</strong></span> <span class='ocrx_word' id='word_1_662' title='bbox 2081 2250 2293 2298; x_wconf 89' lang='lat' dir='ltr'><strong>liberalitas,</strong></span> <span class='ocrx_word' id='word_1_663' title='bbox 2315 2264 2412 2299; x_wconf 90' lang='lat' dir='ltr'><strong>quae</strong></span> <span class='ocrx_word' id='word_1_664' title='bbox 2434 2252 2480 2288; x_wconf 89' lang='lat' dir='ltr'><strong>de</strong></span> 
     </span>
     <span class='ocr_line' id='line_1_94' title="bbox 1424 2303 2480 2352; baseline 0 -11"><span class='ocrx_word' id='word_1_665' title='bbox 1424 2316 1494 2351; x_wconf 90' lang='lat' dir='ltr'><strong>suo</strong></span> <span class='ocrx_word' id='word_1_666' title='bbox 1515 2303 1590 2350; x_wconf 91' lang='lat' dir='ltr'><strong>dat,</strong></span> <span class='ocrx_word' id='word_1_667' title='bbox 1612 2316 1726 2352; x_wconf 90' lang='lat' dir='ltr'><strong>supra</strong></span> <span class='ocrx_word' id='word_1_668' title='bbox 1744 2303 1922 2340; x_wconf 90' lang='lat' dir='ltr'><strong>iustitiam</strong></span> <span class='ocrx_word' id='word_1_669' title='bbox 1946 2304 2135 2346; x_wconf 88' lang='lat' dir='ltr'><strong>fundatur,</strong></span> <span class='ocrx_word' id='word_1_670' title='bbox 2164 2315 2233 2351; x_wconf 92' lang='lat' dir='ltr'><strong>per</strong></span> <span class='ocrx_word' id='word_1_671' title='bbox 2252 2316 2367 2352; x_wconf 89' lang='lat' dir='ltr'><strong>quam</strong></span> <span class='ocrx_word' id='word_1_672' title='bbox 2392 2317 2480 2341; x_wconf 91' lang='lat' dir='ltr'><strong>con-</strong></span> 
     </span>
     <span class='ocr_line' id='line_1_95' title="bbox 1424 2351 2234 2404; baseline -0.002 -10"><span class='ocrx_word' id='word_1_673' title='bbox 1424 2351 1597 2394; x_wconf 77' lang='lat' dir='ltr'><strong>serva‘tur</strong></span> <span class='ocrx_word' id='word_1_674' title='bbox 1618 2355 1631 2378; x_wconf 71' lang='grc' dir='ltr'>δ</span> <span class='ocrx_word' id='word_1_675' title='bbox 1660 2356 1864 2404; x_wconf 90' lang='lat' dir='ltr'><strong>unicuique</strong></span> <span class='ocrx_word' id='word_1_676' title='bbox 1893 2356 1997 2404; x_wconf 92' lang='lat' dir='ltr'><strong>quod</strong></span> <span class='ocrx_word' id='word_1_677' title='bbox 2027 2368 2138 2392; x_wconf 90' lang='lat' dir='ltr'><strong>suum</strong></span> <span class='ocrx_word' id='word_1_678' title='bbox 2168 2364 2234 2392; x_wconf 91' lang='lat' dir='ltr'><strong>est.</strong></span> 
     </span>
    </p>

    <p class='ocr_par' dir='ltr' id='par_1_37' title="bbox 1424 2408 2483 2605">
     <span class='ocr_line' id='line_1_96' title="bbox 1476 2408 2481 2456; baseline -0.001 -10"><span class='ocrx_word' id='word_1_679' title='bbox 1476 2411 1535 2446; x_wconf 83' lang='lat' dir='ltr'><strong>AD</strong></span> <span class='ocrx_word' id='word_1_680' title='bbox 1555 2421 1745 2446; x_wconf 78' lang='lat' dir='ltr'>SECUNDUM</span> <span class='ocrx_word' id='word_1_681' title='bbox 1768 2420 1952 2446; x_wconf 55' lang='lat' dir='ltr'><strong>monimum</strong></span> <span class='ocrx_word' id='word_1_682' title='bbox 1977 2408 2081 2455; x_wconf 91' lang='lat' dir='ltr'><strong>quod</strong></span> <span class='ocrx_word' id='word_1_683' title='bbox 2106 2409 2406 2456; x_wconf 89' lang='lat' dir='ltr'><strong>magnanimitas,</strong></span> <span class='ocrx_word' id='word_1_684' title='bbox 2427 2409 2481 2445; x_wconf 90' lang='lat' dir='ltr'><strong>in-</strong></span> 
     </span>
     <span class='ocr_line' id='line_1_97' title="bbox 1424 2461 2483 2511; baseline -0.001 -12"><span class='ocrx_word' id='word_1_685' title='bbox 1424 2469 1609 2511; x_wconf 89' lang='lat' dir='ltr'><strong>quantum</strong></span> <span class='ocrx_word' id='word_1_686' title='bbox 1629 2467 1641 2482; x_wconf 65' lang='lat'><em>*</em></span> <span class='ocrx_word' id='word_1_687' title='bbox 1670 2461 1890 2510; x_wconf 89' lang='lat' dir='ltr'><strong>supervenit</strong></span> <span class='ocrx_word' id='word_1_688' title='bbox 1917 2461 2095 2505; x_wconf 88' lang='lat' dir='ltr'><strong>iustitiae,</strong></span> <span class='ocrx_word' id='word_1_689' title='bbox 2125 2469 2236 2508; x_wconf 88' lang='lat' dir='ltr'><strong>auget</strong></span> <span class='ocrx_word' id='word_1_690' title='bbox 2264 2462 2343 2498; x_wconf 89' lang='lat' dir='ltr'><strong>eius</strong></span> <span class='ocrx_word' id='word_1_691' title='bbox 2379 2462 2483 2498; x_wconf 92' lang='lat' dir='ltr'><strong>boni-</strong></span> 
     </span>
     <span class='ocr_line' id='line_1_98' title="bbox 1424 2514 2482 2561; baseline -0.001 -9"><span class='ocrx_word' id='word_1_692' title='bbox 1424 2522 1552 2552; x_wconf 89' lang='lat' dir='ltr'><strong>tatem.</strong></span> <span class='ocrx_word' id='word_1_693' title='bbox 1587 2515 1699 2561; x_wconf 88' lang='lat' dir='ltr'><strong>Quae</strong></span> <span class='ocrx_word' id='word_1_694' title='bbox 1727 2522 1855 2551; x_wconf 88' lang='lat' dir='ltr'><strong>tamen</strong></span> <span class='ocrx_word' id='word_1_695' title='bbox 1885 2514 1963 2550; x_wconf 90' lang='lat' dir='ltr'><strong>sine</strong></span> <span class='ocrx_word' id='word_1_696' title='bbox 1991 2514 2128 2550; x_wconf 91' lang='lat' dir='ltr'><strong>iustitia</strong></span> <span class='ocrx_word' id='word_1_697' title='bbox 2155 2526 2226 2550; x_wconf 91' lang='lat' dir='ltr'><strong>nec</strong></span> <span class='ocrx_word' id='word_1_698' title='bbox 2253 2515 2398 2551; x_wconf 91' lang='lat' dir='ltr'><strong>virtutis</strong></span> <span class='ocrx_word' id='word_1_699' title='bbox 2427 2527 2482 2551; x_wconf 91' lang='lat' dir='ltr'><strong>ra-</strong></span> 
     </span>
     <span class='ocr_line' id='line_1_99' title="bbox 1424 2568 1762 2605; baseline -0.003 -1"><span class='ocrx_word' id='word_1_700' title='bbox 1424 2568 1567 2605; x_wconf 90' lang='lat' dir='ltr'><strong>tionem</strong></span> <span class='ocrx_word' id='word_1_701' title='bbox 1594 2568 1762 2604; x_wconf 85' lang='lat' dir='ltr'><strong>haberet.</strong></span> 
     </span>
    </p>

    <p class='ocr_par' dir='ltr' id='par_1_38' title="bbox 1426 2619 2484 2828">
     <span class='ocr_line' id='line_1_100' title="bbox 1478 2619 2483 2667; baseline 0 -11"><span class='ocrx_word' id='word_1_702' title='bbox 1478 2622 1536 2657; x_wconf 82' lang='lat' dir='ltr'><strong>An</strong></span> <span class='ocrx_word' id='word_1_703' title='bbox 1556 2632 1715 2656; x_wconf 82' lang='lat' dir='ltr'><strong>TERTIUM</strong></span> <span class='ocrx_word' id='word_1_704' title='bbox 1735 2631 1919 2656; x_wconf 81' lang='lat' dir='ltr'>D1CENDUM</span> <span class='ocrx_word' id='word_1_705' title='bbox 1948 2619 2052 2667; x_wconf 92' lang='lat' dir='ltr'><strong>quod</strong></span> <span class='ocrx_word' id='word_1_706' title='bbox 2081 2619 2259 2656; x_wconf 87' lang='lat' dir='ltr'><strong>fortitudo</strong></span> <span class='ocrx_word' id='word_1_707' title='bbox 2288 2619 2483 2656; x_wconf 68' lang='lat' dir='ltr'><strong>consistit&lt;</strong></span> 
     </span>
     <span class='ocr_line' id='line_1_101' title="bbox 1427 2672 2481 2719; baseline -0.001 -9"><span class='ocrx_word' id='word_1_708' title='bbox 1427 2674 1524 2710; x_wconf 91' lang='lat' dir='ltr'><strong>circa</strong></span> <span class='ocrx_word' id='word_1_709' title='bbox 1560 2673 1787 2718; x_wconf 88' lang='lat' dir='ltr'><strong>difficiliora,</strong></span> <span class='ocrx_word' id='word_1_710' title='bbox 1824 2684 1901 2708; x_wconf 93' lang='lat' dir='ltr'><strong>non</strong></span> <span class='ocrx_word' id='word_1_711' title='bbox 1930 2679 2058 2708; x_wconf 90' lang='lat' dir='ltr'><strong>tamen</strong></span> <span class='ocrx_word' id='word_1_712' title='bbox 2092 2679 2147 2708; x_wconf 90' lang='lat' dir='ltr'><strong>est</strong></span> <span class='ocrx_word' id='word_1_713' title='bbox 2175 2672 2272 2708; x_wconf 90' lang='lat' dir='ltr'><strong>circa</strong></span> <span class='ocrx_word' id='word_1_714' title='bbox 2306 2672 2481 2719; x_wconf 89' lang='lat' dir='ltr'><strong>meliora,</strong></span> 
     </span>
     <span class='ocr_line' id='line_1_102' title="bbox 1427 2724 2484 2763; baseline -0.002 0"><span class='ocrx_word' id='word_1_715' title='bbox 1427 2739 1516 2763; x_wconf 90' lang='lat' dir='ltr'><strong>cum</strong></span> <span class='ocrx_word' id='word_1_716' title='bbox 1544 2726 1589 2762; x_wconf 88' lang='lat' dir='ltr'><strong>sit</strong></span> <span class='ocrx_word' id='word_1_717' title='bbox 1618 2726 1742 2761; x_wconf 89' lang='lat' dir='ltr'><strong>solum</strong></span> <span class='ocrx_word' id='word_1_718' title='bbox 1775 2725 1813 2761; x_wconf 91' lang='lat' dir='ltr'><strong>in</strong></span> <span class='ocrx_word' id='word_1_719' title='bbox 1842 2725 1940 2760; x_wconf 93' lang='lat' dir='ltr'><strong>bello</strong></span> <span class='ocrx_word' id='word_1_720' title='bbox 1969 2724 2085 2760; x_wconf 87' lang='lat' dir='ltr'><strong>utilis:</strong></span> <span class='ocrx_word' id='word_1_721' title='bbox 2128 2724 2263 2761; x_wconf 88' lang='lat' dir='ltr'><strong>iustitia</strong></span> <span class='ocrx_word' id='word_1_722' title='bbox 2292 2733 2417 2761; x_wconf 88' lang='lat' dir='ltr'><strong>autem</strong></span> <span class='ocrx_word' id='word_1_723' title='bbox 2449 2733 2484 2761; x_wconf 93' lang='lat' dir='ltr'><strong>et</strong></span> 
     </span>
     <span class='ocr_line' id='line_1_103' title="bbox 1426 2776 2284 2828; baseline -0.003 -12"><span class='ocrx_word' id='word_1_724' title='bbox 1426 2780 1465 2816; x_wconf 93' lang='lat' dir='ltr'><strong>in</strong></span> <span class='ocrx_word' id='word_1_725' title='bbox 1492 2791 1587 2828; x_wconf 91' lang='lat' dir='ltr'><strong>pace</strong></span> <span class='ocrx_word' id='word_1_726' title='bbox 1617 2786 1653 2814; x_wconf 91' lang='lat' dir='ltr'><strong>et</strong></span> <span class='ocrx_word' id='word_1_727' title='bbox 1680 2778 1718 2814; x_wconf 93' lang='lat' dir='ltr'><strong>in</strong></span> <span class='ocrx_word' id='word_1_728' title='bbox 1745 2778 1858 2825; x_wconf 93' lang='lat' dir='ltr'><strong>bello,</strong></span> <span class='ocrx_word' id='word_1_729' title='bbox 1887 2777 1982 2813; x_wconf 91' lang='lat' dir='ltr'><strong>sicut</strong></span> <span class='ocrx_word' id='word_1_730' title='bbox 2009 2776 2151 2813; x_wconf 90' lang='lat' dir='ltr'><strong>dictum</strong></span> <span class='ocrx_word' id='word_1_731' title='bbox 2181 2785 2236 2814; x_wconf 90' lang='lat' dir='ltr'><strong>est</strong></span> <span class='ocrx_word' id='word_1_732' title='bbox 2253 2777 2284 2813; x_wconf 71' lang='lat'><strong>²¹².</strong></span> 
     </span>
    </p>
   </div>
   <div class='ocr_carea' id='block_1_25' title="bbox 1479 2898 2441 3002">
    <p class='ocr_par' dir='ltr' id='par_1_39' title="bbox 1479 2898 2441 3002">
     <span class='ocr_line' id='line_1_104' title="bbox 1479 2898 2285 2933; baseline -0.002 -8"><span class='ocrx_word' id='word_1_733' title='bbox 1479 2900 1504 2933; x_wconf 81' lang='grc' dir='ltr'><strong>ὃ)</strong></span> <span class='ocrx_word' id='word_1_734' title='bbox 1523 2903 1705 2925; x_wconf 81' lang='lat' dir='ltr'><strong>conservatur.</strong></span> <span class='ocrx_word' id='word_1_735' title='bbox 1718 2913 1736 2918; x_wconf 90' lang='lat'>-</span> <span class='ocrx_word' id='word_1_736' title='bbox 1754 2899 1909 2923; x_wconf 81' lang='lat' dir='ltr'><strong>observatur</strong></span> <span class='ocrx_word' id='word_1_737' title='bbox 1927 2899 1959 2928; x_wconf 84' lang='lat' dir='ltr'><strong>G,</strong></span> <span class='ocrx_word' id='word_1_738' title='bbox 1979 2898 2106 2923; x_wconf 80' lang='lat' dir='ltr'><strong>tribuitur</strong></span> <span class='ocrx_word' id='word_1_739' title='bbox 2124 2905 2183 2931; x_wconf 81' lang='lat' dir='ltr'><strong>post</strong></span> <span class='ocrx_word' id='word_1_740' title='bbox 2200 2903 2239 2923; x_wconf 83' lang='lat' dir='ltr'><strong>est</strong></span> <span class='ocrx_word' id='word_1_741' title='bbox 2258 2900 2285 2923; x_wconf 86' lang='grc' dir='ltr'><strong>Ρ.</strong></span> 
     </span>
     <span class='ocr_line' id='line_1_105' title="bbox 1480 2933 1909 2967; baseline -0.007 -7"><span class='ocrx_word' id='word_1_742' title='bbox 1480 2935 1502 2967; x_wconf 87' lang='grc' dir='ltr'><strong>ε)</strong></span> <span class='ocrx_word' id='word_1_743' title='bbox 1522 2935 1688 2967; x_wconf 85' lang='lat' dir='ltr'><strong>inquantum.</strong></span> <span class='ocrx_word' id='word_1_744' title='bbox 1700 2948 1718 2952; x_wconf 98' lang='lat'><em>-</em></span> <span class='ocrx_word' id='word_1_745' title='bbox 1736 2934 1843 2966; x_wconf 83' lang='lat' dir='ltr'><strong>quando</strong></span> <span class='ocrx_word' id='word_1_746' title='bbox 1862 2933 1909 2958; x_wconf 78' lang='lat' dir='ltr'><strong>Pa.</strong></span> 
     </span>
     <span class='ocr_line' id='line_1_106' title="bbox 1479 2967 2441 3002; baseline 0 -8"><span class='ocrx_word' id='word_1_747' title='bbox 1479 2970 1505 3002; x_wconf 84' lang='grc' dir='ltr'><strong>ζ)</strong></span> <span class='ocrx_word' id='word_1_748' title='bbox 1524 2969 1683 2995; x_wconf 78' lang='lat' dir='ltr'><strong>consistit.—</strong></span> <span class='ocrx_word' id='word_1_749' title='bbox 1701 2969 1750 2993; x_wconf 78' lang='lat' dir='ltr'><strong>etsi</strong></span> <span class='ocrx_word' id='word_1_750' title='bbox 1768 2968 1803 2993; x_wconf 81' lang='lat' dir='ltr'><strong>sit</strong></span> <span class='ocrx_word' id='word_1_751' title='bbox 1816 2968 1871 2998; x_wconf 88' lang='lat' dir='ltr'><strong>DG,</strong></span> <span class='ocrx_word' id='word_1_752' title='bbox 1890 2968 1940 2993; x_wconf 81' lang='lat' dir='ltr'><strong>etsi</strong></span> <span class='ocrx_word' id='word_1_753' title='bbox 1957 2967 2077 2993; x_wconf 81' lang='lat' dir='ltr'><strong>consistit</strong></span> <span class='ocrx_word' id='word_1_754' title='bbox 2096 2968 2135 2992; x_wconf 91' lang='lat' dir='ltr'><strong>ed.</strong></span> <span class='ocrx_word' id='word_1_755' title='bbox 2155 2976 2179 2998; x_wconf 87' lang='lat' dir='ltr'><strong>a,</strong></span> <span class='ocrx_word' id='word_1_756' title='bbox 2199 2969 2249 2993; x_wconf 80' lang='lat' dir='ltr'><strong>etsi</strong></span> <span class='ocrx_word' id='word_1_757' title='bbox 2266 2970 2394 2994; x_wconf 82' lang='lat' dir='ltr'><strong>consistat</strong></span> <span class='ocrx_word' id='word_1_758' title='bbox 2412 2970 2441 2994; x_wconf 82' lang='lat' dir='ltr'><strong>P.</strong></span> 
     </span>
    </p>
   </div>
   <div class='ocr_carea' id='block_1_26' title="bbox 982 3082 1810 3115">
    <p class='ocr_par' dir='ltr' id='par_1_40' title="bbox 982 3082 1810 3115">
     <span class='ocr_line' id='line_1_107' title="bbox 982 3082 1810 3115; baseline -0.002 -1"><span class='ocrx_word' id='word_1_759' title='bbox 982 3082 1314 3115; x_wconf 67' lang='lat' dir='ltr'><strong>Commentario.</strong></span> <span class='ocrx_word' id='word_1_760' title='bbox 1336 3082 1587 3115; x_wconf 71' lang='lat' dir='ltr'><strong>Car-dimus</strong></span> <span class='ocrx_word' id='word_1_761' title='bbox 1609 3082 1810 3114; x_wconf 77' lang='lat' dir='ltr'><strong>Caietam</strong></span> 
     </span>
    </p>
   </div>
   <div class='ocr_carea' id='block_1_27' title="bbox 1425 3168 2484 3341">
    <p class='ocr_par' dir='ltr' id='par_1_41' title="bbox 1425 3168 2484 3341">
     <span class='ocr_line' id='line_1_108' title="bbox 1426 3168 2484 3208; baseline 0 -10"><span class='ocrx_word' id='word_1_762' title='bbox 1426 3169 1546 3199; x_wconf 88' lang='lat' dir='ltr'><strong>ratione</strong></span> <span class='ocrx_word' id='word_1_763' title='bbox 1571 3169 1753 3208; x_wconf 87' lang='lat' dir='ltr'><strong>regulatam.</strong></span> <span class='ocrx_word' id='word_1_764' title='bbox 1778 3168 1818 3198; x_wconf 90' lang='lat' dir='ltr'><strong>Et</strong></span> <span class='ocrx_word' id='word_1_765' title='bbox 1841 3168 1884 3198; x_wconf 90' lang='lat' dir='ltr'><strong>sic</strong></span> <span class='ocrx_word' id='word_1_766' title='bbox 1907 3168 2036 3208; x_wconf 91' lang='lat' dir='ltr'><strong>ponitur</strong></span> <span class='ocrx_word' id='word_1_767' title='bbox 2051 3169 2090 3198; x_wconf 86' lang='lat' dir='ltr'><strong>ab</strong></span> <span class='ocrx_word' id='word_1_768' title='bbox 2106 3170 2243 3198; x_wconf 87' lang='lat' dir='ltr'><strong>Auctore</strong></span> <span class='ocrx_word' id='word_1_769' title='bbox 2261 3169 2341 3199; x_wconf 89' lang='lat' dir='ltr'><strong>inter</strong></span> <span class='ocrx_word' id='word_1_770' title='bbox 2355 3169 2484 3199; x_wconf 86' lang='lat' dir='ltr'><strong>virtutes</strong></span> 
     </span>
     <span class='ocr_line' id='line_1_109' title="bbox 1425 3211 2483 3252; baseline 0.001 -10"><span class='ocrx_word' id='word_1_771' title='bbox 1425 3212 1561 3243; x_wconf 88' lang='lat' dir='ltr'><strong>morales</strong></span> <span class='ocrx_word' id='word_1_772' title='bbox 1587 3213 1666 3243; x_wconf 85' lang='lat' dir='ltr'><strong>circa</strong></span> <span class='ocrx_word' id='word_1_773' title='bbox 1689 3211 1865 3252; x_wconf 86' lang='lat' dir='ltr'><strong>passiones;</strong></span> <span class='ocrx_word' id='word_1_774' title='bbox 1890 3219 1920 3243; x_wconf 92' lang='lat' dir='ltr'><strong>et</strong></span> <span class='ocrx_word' id='word_1_775' title='bbox 1937 3219 1983 3242; x_wconf 91' lang='lat' dir='ltr'><strong>est</strong></span> <span class='ocrx_word' id='word_1_776' title='bbox 2006 3212 2174 3242; x_wconf 91' lang='lat' dir='ltr'><strong>subiective</strong></span> <span class='ocrx_word' id='word_1_777' title='bbox 2189 3212 2221 3242; x_wconf 90' lang='lat' dir='ltr'><strong>in</strong></span> <span class='ocrx_word' id='word_1_778' title='bbox 2238 3212 2483 3252; x_wconf 88' lang='lat' dir='ltr'><strong>concupiscibili,</strong></span> 
     </span>
     <span class='ocr_line' id='line_1_110' title="bbox 1425 3256 2484 3297; baseline 0 -11"><span class='ocrx_word' id='word_1_779' title='bbox 1425 3256 1458 3286; x_wconf 91' lang='lat' dir='ltr'><strong>in</strong></span> <span class='ocrx_word' id='word_1_780' title='bbox 1474 3266 1539 3297; x_wconf 90' lang='lat' dir='ltr'><strong>qua</strong></span> <span class='ocrx_word' id='word_1_781' title='bbox 1562 3263 1609 3287; x_wconf 88' lang='lat' dir='ltr'><strong>est</strong></span> <span class='ocrx_word' id='word_1_782' title='bbox 1631 3256 1736 3296; x_wconf 85' lang='lat' dir='ltr'><strong>passio</strong></span> <span class='ocrx_word' id='word_1_783' title='bbox 1759 3256 1908 3287; x_wconf 90' lang='lat' dir='ltr'><strong>tristitiae.</strong></span> <span class='ocrx_word' id='word_1_784' title='bbox 1934 3256 1975 3286; x_wconf 90' lang='lat' dir='ltr'><strong>Et</strong></span> <span class='ocrx_word' id='word_1_785' title='bbox 1998 3256 2041 3287; x_wconf 91' lang='lat' dir='ltr'><strong>sic</strong></span> <span class='ocrx_word' id='word_1_786' title='bbox 2064 3257 2175 3296; x_wconf 90' lang='lat' dir='ltr'><strong>procul</strong></span> <span class='ocrx_word' id='word_1_787' title='bbox 2192 3256 2289 3286; x_wconf 91' lang='lat' dir='ltr'><strong>dubio</strong></span> <span class='ocrx_word' id='word_1_788' title='bbox 2311 3264 2356 3287; x_wconf 91' lang='lat' dir='ltr'><strong>est</strong></span> <span class='ocrx_word' id='word_1_789' title='bbox 2378 3257 2484 3287; x_wconf 89' lang='lat' dir='ltr'><strong>minus</strong></span> 
     </span>
     <span class='ocr_line' id='line_1_111' title="bbox 1564 3300 2483 3341; baseline -0.001 -10"><span class='ocrx_word' id='word_1_790' title='bbox 1564 3310 1662 3341; x_wconf 88' lang='lat' dir='ltr'><strong>quam</strong></span> <span class='ocrx_word' id='word_1_791' title='bbox 1677 3300 1792 3330; x_wconf 87' lang='lat' dir='ltr'><strong>iustitia</strong></span> <span class='ocrx_word' id='word_1_792' title='bbox 1815 3307 1880 3331; x_wconf 86' lang='lat' dir='ltr'><strong>tarn</strong></span> <span class='ocrx_word' id='word_1_793' title='bbox 1904 3300 2010 3339; x_wconf 88' lang='lat' dir='ltr'><strong>legalis</strong></span> <span class='ocrx_word' id='word_1_794' title='bbox 2033 3310 2131 3340; x_wconf 89' lang='lat' dir='ltr'><strong>quam</strong></span> <span class='ocrx_word' id='word_1_795' title='bbox 2149 3300 2353 3340; x_wconf 88' lang='lat' dir='ltr'><strong>particularis.</strong></span> <span class='ocrx_word' id='word_1_796' title='bbox 2378 3300 2419 3331; x_wconf 92' lang='lat' dir='ltr'><strong>Et</strong></span> <span class='ocrx_word' id='word_1_797' title='bbox 2441 3301 2483 3330; x_wconf 91' lang='lat' dir='ltr'><strong>le—</strong></span> 
     </span>
    </p>
   </div>
   <div class='ocr_carea' id='block_1_28' title="bbox 1426 3431 2483 3472">
    <p class='ocr_par' dir='ltr' id='par_1_42' title="bbox 1426 3431 2483 3472">
     <span class='ocr_line' id='line_1_112' title="bbox 1426 3431 2483 3472; baseline -0.001 -10"><span class='ocrx_word' id='word_1_798' title='bbox 1426 3433 1592 3472; x_wconf 83' lang='lat' dir='ltr'><strong>temperati</strong></span> <span class='ocrx_word' id='word_1_799' title='bbox 1603 3432 1630 3469; x_wconf 86' lang='lat'><strong>*,</strong></span> <span class='ocrx_word' id='word_1_800' title='bbox 1647 3432 1689 3462; x_wconf 91' lang='lat' dir='ltr'><strong>ita</strong></span> <span class='ocrx_word' id='word_1_801' title='bbox 1705 3431 1798 3462; x_wconf 87' lang='lat' dir='ltr'><strong>etiam</strong></span> <span class='ocrx_word' id='word_1_802' title='bbox 1813 3431 1963 3471; x_wconf 85' lang='lat' dir='ltr'><strong>praecipit</strong></span> <span class='ocrx_word' id='word_1_803' title='bbox 1975 3441 2056 3472; x_wconf 85' lang='lat' dir='ltr'><strong>quae</strong></span> <span class='ocrx_word' id='word_1_804' title='bbox 2072 3431 2281 3462; x_wconf 87' lang='lat' dir='ltr'><strong>misericordis</strong></span> <span class='ocrx_word' id='word_1_805' title='bbox 2294 3438 2382 3467; x_wconf 89' lang='lat' dir='ltr'><strong>sunt;</strong></span> <span class='ocrx_word' id='word_1_806' title='bbox 2399 3432 2483 3462; x_wconf 91' lang='lat' dir='ltr'><strong>unde</strong></span> 
     </span>
    </p>
   </div>
   <div class='ocr_carea' id='block_1_29' title="bbox 2504 1574 2715 1654">
    <p class='ocr_par' dir='ltr' id='par_1_43' title="bbox 2504 1574 2715 1654">
     <span class='ocr_line' id='line_1_113' title="bbox 2504 1574 2715 1602; baseline 0.005 -7"><span class='ocrx_word' id='word_1_807' title='bbox 2504 1575 2515 1585; x_wconf 69' lang='lat'><strong>¹*</strong></span> <span class='ocrx_word' id='word_1_808' title='bbox 2527 1574 2594 1601; x_wconf 87' lang='lat' dir='ltr'><strong>1bid.,</strong></span> <span class='ocrx_word' id='word_1_809' title='bbox 2605 1580 2668 1596; x_wconf 90' lang='lat' dir='ltr'><strong>num.</strong></span> <span class='ocrx_word' id='word_1_810' title='bbox 2684 1581 2715 1602; x_wconf 87' lang='lat'><strong>¹7-</strong></span> 
     </span>
     <span class='ocr_line' id='line_1_114' title="bbox 2506 1626 2714 1654; baseline 0 -6"><span class='ocrx_word' id='word_1_811' title='bbox 2506 1627 2515 1637; x_wconf 77' lang='lat'>⁸</span> <span class='ocrx_word' id='word_1_812' title='bbox 2531 1626 2587 1654; x_wconf 75' lang='lat' dir='ltr'><strong>Cap.</strong></span> <span class='ocrx_word' id='word_1_813' title='bbox 2607 1633 2639 1653; x_wconf 76' lang='lat' dir='ltr'><strong>ix,</strong></span> <span class='ocrx_word' id='word_1_814' title='bbox 2654 1633 2677 1648; x_wconf 89' lang='lat' dir='ltr'><strong>n.</strong></span> <span class='ocrx_word' id='word_1_815' title='bbox 2692 1627 2714 1648; x_wconf 89' lang='lat'><strong>6.</strong></span> 
     </span>
    </p>
   </div>
   <div class='ocr_carea' id='block_1_30' title="bbox 2602 1732 2618 1756">
    <p class='ocr_par' dir='ltr' id='par_1_44' title="bbox 2602 1732 2618 1756">
     <span class='ocr_line' id='line_1_115' title="bbox 2602 1732 2618 1756; baseline 0 0"><span class='ocrx_word' id='word_1_816' title='bbox 2602 1732 2618 1756; x_wconf 81' lang='grc' dir='ltr'>Υ</span> 
     </span>
    </p>
   </div>
   <div class='ocr_carea' id='block_1_31' title="bbox 2507 1835 2619 1864">
    <p class='ocr_par' dir='ltr' id='par_1_45' title="bbox 2507 1835 2619 1864">
     <span class='ocr_line' id='line_1_116' title="bbox 2507 1835 2619 1864; baseline 0 -7"><span class='ocrx_word' id='word_1_817' title='bbox 2507 1837 2516 1846; x_wconf 82' lang='grc'><em>“</em></span> <span class='ocrx_word' id='word_1_818' title='bbox 2530 1835 2558 1857; x_wconf 90' lang='lat' dir='ltr'><strong>D.</strong></span> <span class='ocrx_word' id='word_1_819' title='bbox 2573 1835 2619 1864; x_wconf 82' lang='lat'>653.</span> 
     </span>
    </p>
   </div>
   <div class='ocr_carea' id='block_1_32' title="bbox 2510 2775 2679 2802">
    <p class='ocr_par' dir='ltr' id='par_1_46' title="bbox 2510 2775 2679 2802">
     <span class='ocr_line' id='line_1_117' title="bbox 2510 2775 2679 2802; baseline 0 -6"><span class='ocrx_word' id='word_1_820' title='bbox 2510 2775 2521 2785; x_wconf 78' lang='lat'>⁸</span> <span class='ocrx_word' id='word_1_821' title='bbox 2534 2775 2559 2796; x_wconf 88' lang='lat' dir='ltr'><strong>ln</strong></span> <span class='ocrx_word' id='word_1_822' title='bbox 2574 2780 2679 2802; x_wconf 84' lang='lat' dir='ltr'><strong>corpore.</strong></span> 
     </span>
    </p>
   </div>
   <div class='ocr_carea' id='block_1_33' title="bbox 2511 3427 2717 3482">
    <p class='ocr_par' dir='ltr' id='par_1_47' title="bbox 2511 3427 2717 3482">
     <span class='ocr_line' id='line_1_118' title="bbox 2513 3427 2717 3449; baseline 0 0"><span class='ocrx_word' id='word_1_823' title='bbox 2513 3429 2522 3438; x_wconf 75' lang='lat'>⁸</span> <span class='ocrx_word' id='word_1_824' title='bbox 2533 3428 2629 3449; x_wconf 79' lang='lat' dir='ltr'><strong>Aristot.</strong></span> <span class='ocrx_word' id='word_1_825' title='bbox 2643 3427 2717 3449; x_wconf 68' lang='lat' dir='ltr'><strong>Ethic.</strong></span> 
     </span>
     <span class='ocr_line' id='line_1_119' title="bbox 2511 3454 2717 3482; baseline 0 -7"><span class='ocrx_word' id='word_1_826' title='bbox 2511 3454 2580 3478; x_wconf 73' lang='lat' dir='ltr'><strong>lib.Vv</strong></span> <span class='ocrx_word' id='word_1_827' title='bbox 2587 3460 2717 3482; x_wconf 76' lang='lat' dir='ltr'><strong>cap.1‚n.14.</strong></span> 
     </span>
    </p>
   </div>
   <div class='ocr_carea' id='block_1_34' title="bbox 1425 3474 2703 3560">
    <p class='ocr_par' dir='ltr' id='par_1_48' title="bbox 1425 3474 2703 3560">
     <span class='ocr_line' id='line_1_120' title="bbox 1425 3474 2703 3516; baseline -0.004 -10"><span class='ocrx_word' id='word_1_828' title='bbox 1425 3475 1593 3516; x_wconf 87' lang='lat' dir='ltr'><strong>hospitalia</strong></span> <span class='ocrx_word' id='word_1_829' title='bbox 1616 3475 1787 3506; x_wconf 82' lang='lat' dir='ltr'><strong>infantibus</strong></span> <span class='ocrx_word' id='word_1_830' title='bbox 1811 3482 1841 3505; x_wconf 89' lang='lat' dir='ltr'><strong>et</strong></span> <span class='ocrx_word' id='word_1_831' title='bbox 1864 3474 1994 3505; x_wconf 90' lang='lat' dir='ltr'><strong>infirmis</strong></span> <span class='ocrx_word' id='word_1_832' title='bbox 2018 3475 2262 3506; x_wconf 88' lang='lat' dir='ltr'><strong>constituuntur.</strong></span> <span class='ocrx_word' id='word_1_833' title='bbox 2288 3475 2483 3506; x_wconf 85' lang='lat' dir='ltr'><strong>Particularis</strong></span> <span class='ocrx_word' id='word_1_834' title='bbox 2510 3492 2520 3497; x_wconf 93' lang='lat'><em>-</em></span> <span class='ocrx_word' id='word_1_835' title='bbox 2534 3480 2703 3502; x_wconf 74' lang='lat' dir='ltr'><strong>S.Th.1ect.n.</strong></span> 
     </span>
     <span class='ocr_line' id='line_1_121' title="bbox 1425 3518 2483 3560; baseline 0 -11"><span class='ocrx_word' id='word_1_836' title='bbox 1425 3526 1542 3558; x_wconf 89' lang='lat' dir='ltr'><strong>autem,</strong></span> <span class='ocrx_word' id='word_1_837' title='bbox 1567 3520 1641 3560; x_wconf 92' lang='lat' dir='ltr'><strong>quia</strong></span> <span class='ocrx_word' id='word_1_838' title='bbox 1662 3519 1693 3549; x_wconf 92' lang='lat' dir='ltr'><strong>in</strong></span> <span class='ocrx_word' id='word_1_839' title='bbox 1710 3519 1850 3550; x_wconf 86' lang='lat' dir='ltr'><strong>subiecto</strong></span> <span class='ocrx_word' id='word_1_840' title='bbox 1867 3518 2014 3549; x_wconf 90' lang='lat' dir='ltr'><strong>nobiliori</strong></span> <span class='ocrx_word' id='word_1_841' title='bbox 2030 3526 2090 3555; x_wconf 81' lang='lat' dir='ltr'><strong>est3</strong></span> <span class='ocrx_word' id='word_1_842' title='bbox 2115 3526 2145 3550; x_wconf 93' lang='lat' dir='ltr'><strong>et</strong></span> <span class='ocrx_word' id='word_1_843' title='bbox 2168 3526 2297 3559; x_wconf 90' lang='lat' dir='ltr'><strong>propter</strong></span> <span class='ocrx_word' id='word_1_844' title='bbox 2321 3519 2379 3549; x_wconf 85' lang='lat' dir='ltr'><strong>alia</strong></span> <span class='ocrx_word' id='word_1_845' title='bbox 2403 3529 2483 3560; x_wconf 89' lang='lat' dir='ltr'><strong>quae</strong></span> 
     </span>
    </p>
   </div>
  </div>
 </body>
</html>
