2860 4244
106 1662 215 1684 ·ean.De
232 1662 316 1689 nirnus,

105 1721 167 1737 caus.
179 1705 223 1742 V1‚’
235 1695 276 1743 gii.
290 1694 316 1742 1¹}

104 1748 145 1770 per
161 1742 239 1770 plures
263 1747 315 1764 ean.

104 1786 113 1795 ⁸
119 1785 166 1807 lad
172 1785 238 1812 Tim„
244 1791 315 1813 capa,

104 1818 164 1834 vers.
178 1818 196 1840 5.

103 1841 113 1851 ⁸
130 1839 195 1860 Vers.
211 1839 233 1861 8.

104 1695 167 1710 caus.
182 1689 191 1710 1

105 2421 113 2430 ·
129 2419 195 2441 Vers.
211 2425 239 2448 ¹3·

105 2632 114 2640 ⁸
129 2630 195 2652 vers.
210 2636 226 2652 1.

106 2844 115 2852 ·
121 2843 288 2890 dQu.cxvu,nrt.
295 2849 315 2871 3,

149 2875 169 2890 2.

359 210 429 245 104

1029 198 1293 245 QUAESTIO
1324 199 1499 247 vant,
1529 200 1823 238 ARTICULUS
1854 202 1866 236 1

772 402 1186 474 QUAESTIO
1225 402 2100 461 SEXAGESIMAOCTAVA

558 518 639 557 DE
673 516 769 557 HIS
804 516 974 568 QUAE
1006 517 1351 557 PERTINENT
1384 517 1469 557 AD
1504 518 1798 560 INIUSTAM
1831 520 2314 562 ACCUSATIONEM

1133 627 1167 651 lN
1197 627 1370 657 QUATUOR
1398 627 1599 653 ARTICULOS
1628 629 1744 654 DIVISA

433 737 539 762 E1NDE
567 725 887 762 considerandum
916 733 971 762 est
999 725 1045 762 de
1074 726 1132 763 his
1169 739 1267 774 quae
1296 727 1407 775 perti·
1433 738 1436 756 1

111 774 321 840 {mergdqusmffi
351 736 523 817 Dnent
551 778 599 815 ad
627 778 803 814 iniustam
833 778 1114 815 accusationem
1138 779 1168 816 *.

349 832 396 867 Et
425 831 522 867 circa
550 832 625 868 hoc
652 839 884 879 quaeruntur
911 839 1083 879 quatuor.

402 884 552 920 Primo:
582 892 709 921 utrum
736 884 856 920 homo
886 896 1064 921 accusare
1093 892 1274 922 teneatur.

1518 727 1717 764 Secundo:
1748 736 1874 765 utrum
1895 730 2085 766 accusatio
2114 730 2159 766 sit
2179 729 2351 767 facienda
2377 731 2415 767 in
2436 730 2524 767 scri-

1569 779 1653 828 ptis.
1897 783 1900 787 ’

1518 832 1669 869 Tertio:
1700 833 1899 882 quomodo
1927 834 2117 871 accusatio
2148 834 2193 871 sit
2219 835 2367 873 vitiosa.

1517 886 1681 932 Quarto:
1703 885 1863 934 qualiter
1882 887 1981 922 male
2001 895 2221 924 accusantes
2242 888 2314 925 sint
2328 889 2522 937 puniendi.

1158 1003 1474 1045 ARTICULUS
1506 1005 1711 1046 PRIMUS

1025 1104 1179 1135 UTRUM
1203 1104 1333 1136 HOMO
1356 1105 1594 1137 TENEATUR
1617 1076 1860 1137 ACCUSARE

413 1226 425 1232 e
462 1216 519 1244 „a
557 1210 580 1235 D
609 1211 746 1236 PmMUM
775 1211 828 1236 sm
857 1211 1095 1236 PROCEDITUR.
1116 1199 1275 1236 Videtur
1303 1200 1407 1248 quod

477 1241 536 1298 {³4
556 1252 675 1288 homo
705 1264 783 1288 non
812 1259 984 1288 teneatur
1013 1264 1191 1289 accusare
1213 1257 1240 1288 α.
1271 1252 1408 1289 Nullus

363 1306 478 1382 'dcx’
496 1289 659 1393 &Kenim
699 1312 898 1341 excusatur
938 1306 986 1341 ab
1026 1304 1246 1353 impletione
1289 1305 1407 1342 divini

403 1371 412 1381 =
435 1357 491 1398 5'1‘
525 1357 746 1405 ,praecepti
775 1364 931 1405 propter
963 1365 1182 1406 peccatum:
1213 1358 1302 1406 quia
1330 1358 1406 1395 iam

345 1419 389 1443 ex
419 1419 488 1443 suo
517 1417 673 1455 peccato
703 1410 955 1447 commodum
985 1418 1203 1459 reportaret.
1234 1412 1310 1448 Sed
1345 1411 1408 1448 ali-

344 1460 408 1508 qui
436 1469 592 1508 propter
610 1470 811 1511 peccatum
840 1463 1050 1500 redduntur
1068 1463 1253 1501 inhabiles
1279 1464 1327 1501 ad
1348 1477 1407 1501 ac-

344 1513 578 1552 cusandum:
609 1516 704 1552 sicut
732 1516 1063 1563 excommunicati,
1090 1517 1263 1564 infames,
1295 1525 1330 1554 et
1357 1517 1407 1554 illi

344 1566 408 1615 qui
437 1575 524 1604 sunt
546 1568 594 1605 de
623 1569 833 1606 maioribus
859 1569 1080 1607 criminibus
1109 1570 1272 1607 accusati
1303 1571 1407 1619 prius

344 1632 461 1668 quarn
479 1620 623 1658 innoxii
645 1622 952 1659 demonstrentur
971 1621 986 1652 β
1003 1623 1035 1660 *.
1066 1624 1168 1671 Ergo
1188 1624 1307 1660 homo
1327 1636 1406 1661 non

343 1679 492 1710 tenetur
521 1686 565 1710 ex
593 1683 797 1724 praecepto
826 1675 956 1712 divino
986 1676 1034 1713 ad
1063 1677 1334 1714 accusandum.

399 1738 433 1762 2.
456 1727 698 1775 PRAETEREA,
730 1741 844 1765 omne
875 1729 1046 1766 debitum
1081 1741 1125 1766 ex
1163 1729 1313 1767 caritate
1343 1731 1406 1767 de-

342 1779 502 1828 pendet,
533 1793 631 1829 quae
666 1788 723 1817 est
742 1782 838 1829 finis
858 1782 1053 1830 praecepti
1073 1781 1112 1818 ³¹⁶:
1142 1782 1245 1821 unde
1274 1782 1407 1820 dicitur

342 1833 454 1869 Rom.
480 1833 598 1870 X111*:
628 1834 787 1871 Nemini
821 1835 1024 1883 quidquam
1061 1835 1239 1881 debeatis,
1269 1836 1343 1872 nisi
1369 1842 1408 1872 ut

343 1885 501 1922 invicem
521 1886 695 1936 diligatis.
719 1887 794 1924 Sed
810 1887 901 1924 illud
916 1888 1020 1936 quod
1041 1896 1097 1924 est
1112 1888 1271 1926 caritatis
1285 1889 1404 1926 homo

343 1937 457 1974 debet
484 1939 674 1986 omnibus,
695 1940 904 1977 maioribus
934 1949 969 1977 et
997 1940 1222 1989 minoribus,
1248 1941 1406 1979 subditis

343 1998 379 2027 et
398 1991 585 2039 praelatis.
612 1993 711 2029 Cum
733 1993 841 2040 igitur
860 1993 998 2030 subditi
1018 2006 1097 2030 non
1117 1994 1282 2031 debeant
1299 2007 1407 2044 prae-

341 2044 438 2080 latos
467 2056 658 2092 accusare,
680 2058 751 2082 nec
770 2046 937 2083 minores
957 2059 1047 2083 suos
1073 2047 1249 2094 maiores,
1270 2055 1312 2085 ut
1338 2060 1407 2098 per

341 2097 450 2145 plura
480 2097 642 2145 capitula
669 2099 854 2147 probatur
873 2101 917 2146 II,
939 2112 1001 2148 qu.
1022 2112 1092 2146 V113
1121 2100 1272 2138 videtur
1299 2102 1404 2149 quod

342 2150 466 2186 nullus
495 2162 540 2187 ex
569 2152 697 2188 debito
726 2159 898 2189 teneatur
926 2165 1114 2190 accusare.

398 2203 431 2239 3.
453 2204 685 2251 PRAETEREA,
708 2206 832 2242 nullus
855 2213 1003 2242 tenetur
1026 2214 1155 2243 contra
1183 2206 1405 2245 fidelitatem

343 2267 455 2303 agere
484 2269 601 2304 quam
623 2258 736 2294 debet
764 2258 908 2296 amico:
939 2258 1028 2307 quia
1056 2272 1135 2296 non
1160 2259 1274 2297 debet
1301 2260 1406 2299 alteri

343 2309 467 2345 facere
497 2310 602 2358 quod
621 2310 692 2347 sibi
720 2323 798 2348 non
817 2312 898 2348 vult
916 2312 1010 2349 fieri.
1042 2313 1119 2349 Sed
1142 2325 1322 2350 accusare
1342 2313 1406 2351 ali-

343 2373 459 2409 quem
496 2363 729 2412 quandoque
768 2372 823 2401 est
864 2372 996 2401 contra
1031 2365 1251 2403 fidelitatem
1288 2379 1404 2415 quam

344 2414 429 2462 quis
458 2415 573 2452 debet
600 2417 746 2453 amico:
777 2417 912 2454 dicitur
941 2418 1042 2454 enim
1070 2419 1187 2455 Prov.
1207 2431 1242 2455 xl
1262 2418 1299 2455 *ε
1334 2420 1407 2461 Qui

343 2468 515 2504 ambulat
527 2470 798 2517 fraudulenter
829 2470 972 2507 revelat
996 2483 1161 2508 arcana:
1190 2473 1256 2519 qui
1280 2478 1404 2509 autem

331 2521 461 2568 fidelis
489 2527 542 2557 est
577 2523 674 2559 celat
707 2523 822 2559 amici
854 2524 1106 2560 commissum.
1146 2525 1247 2572 Ergo
1284 2526 1404 2562 homo

343 2586 421 2610 non
450 2582 599 2611 tenetur
627 2577 675 2613 ad
705 2576 974 2613 accusandum.

398 2627 472 2663 SED
493 2639 639 2665 CONTRA
659 2640 724 2665 EST
744 2629 845 2677 quod
867 2629 1001 2666 dicitur
1020 2630 1138 2666 Levit.
1154 2641 1177 2666 v
1196 2629 1234 2665 *ε
1264 2631 1306 2666 Si
1317 2642 1404 2678 pec-

343 2680 486 2716 caverit
511 2681 653 2727 anima,
683 2687 719 2717 et
744 2682 906 2718 audierit
930 2694 1060 2719 vocem
1089 2683 1262 2728 iurantis,
1292 2684 1404 2721 testis-

343 2744 414 2780 que
432 2738 448 2760 Υ
470 2734 591 2780 fuerit
617 2735 717 2782 quod
742 2740 810 2771 aut
835 2735 911 2784 ipse
934 2735 1024 2772 vidit
1050 2741 1117 2772 aut
1143 2736 1312 2773 conscius
1339 2743 1403 2783 est,

343 2786 416 2822 nisi
442 2786 672 2833 indicaverit,
687 2788 857 2836 portabit
882 2788 1112 2836 iniquitatem
1139 2800 1260 2825 suam.

398 2839 622 2876 RESPONDEO
642 2852 825 2878 DICENDUM
845 2841 961 2890 quod,
978 2841 1072 2878 sicut
1091 2854 1206 2890 supra
1220 2841 1240 2863 ’¹‘
1259 2842 1402 2879 dictum

345 2899 410 2938 est,
436 2892 531 2928 haec
562 2901 616 2929 est
644 2893 853 2930 differentia
888 2893 983 2931 inter
1011 2894 1338 2932 denuntiationem
1369 2903 1404 2932 et

344 2945 645 2992 accusationem,
676 2947 780 2994 quod
810 2946 847 2983 in
885 2947 1169 2984 denuntiatione
1202 2948 1405 2986 attenditur

344 2997 561 3034 emendatio
590 2998 722 3045 fratris,
749 2999 787 3036 in
815 3000 1054 3037 accusatione
1089 3008 1215 3037 autem
1246 3001 1404 3039 attendi—

343 3058 404 3086 tur
440 3050 584 3099 punitio
623 3051 800 3088 criminis.
839 3053 992 3089 Poenae
1031 3061 1157 3090 autern
1195 3054 1404 3102 praesentis

343 3103 443 3140 vitae
472 3116 551 3141 non
586 3116 655 3152 per
691 3117 730 3140 se
761 3112 1006 3154 expetuntur,
1037 3106 1125 3154 quia
1154 3118 1231 3143 non
1260 3114 1316 3143 est
1343 3107 1404 3143 hic

344 3156 520 3194 ultimum
558 3157 811 3194 retributionis
854 3165 1026 3207 tempus:
1071 3159 1138 3196 sed
1178 3158 1403 3208 inquantum

345 3217 431 3246 sunt
458 3209 713 3257 medicinales,
740 3211 976 3248 conferentes
1002 3211 1065 3248 vel
1093 3213 1141 3249 ad
1172 3212 1405 3249 emendatio-

361 3348 578 3407 ddpt)}‹¹1ccusare.
590 3363 608 3367 -
625 3349 662 3373 ad
679 3349 859 3374 accusandum
880 3350 1010 3382 PDGLpC
1025 3356 1049 3375 et
1061 3358 1086 3381 a,
1106 3358 1151 3376 seu
1170 3352 1207 3376 ad
1223 3352 1402 3377 accusandum

344 3389 359 3407 a
397 3388 414 3407 ut
459 3401 466 3408 .

399 3417 423 3450 β)
444 3419 667 3444 demonstrentur.
679 3433 698 3438 -
717 3423 898 3445 monstrentur
917 3420 963 3445 Pa.

397 3454 424 3486 γ)
445 3454 575 3486 testisque.
587 3468 604 3472 —
624 3455 759 3487 utriusque
779 3456 807 3485 L,
826 3459 964 3488 certusque
983 3457 1058 3481 ceteri
1078 3462 1103 3481 et
1121 3465 1146 3481 a.

1462 1212 1551 1237 nem
1580 1213 1767 1249 personae
1789 1202 1989 1250 peccantis,
2010 1203 2071 1239 vel
2100 1204 2148 1240 ad
2174 1203 2320 1240 bonum
2351 1203 2525 1252 reipubli-

1463 1265 1542 1300 cae,
1564 1254 1670 1290 cuius
1691 1254 1798 1302 quies
1826 1262 2050 1303 procuratur
2073 1268 2142 1304 per
2170 1256 2408 1304 punitionem
2438 1269 2525 1305 pec-

1462 1305 1641 1343 cantium.
1672 1306 1849 1353 Quorum
1878 1307 2046 1356 primum
2081 1308 2286 1346 intenditur
2312 1309 2350 1346 in
2380 1309 2525 1347 denun-

1461 1358 1637 1406 tiatione,
1666 1366 1707 1396 ut
1745 1359 1886 1396 dictum
1925 1368 2000 1397 est:
2035 1362 2248 1398 secundum
2280 1370 2408 1399 autem
2436 1375 2525 1412 pro-

1461 1412 1542 1460 prie
1561 1412 1722 1461 pertinet
1741 1413 1790 1450 ad
1818 1413 2114 1450 accusationem.
2145 1415 2194 1451 Et
2212 1414 2299 1452 ideo
2329 1415 2359 1452 si
2379 1415 2524 1453 crimen

1461 1465 1570 1501 fuerit
1596 1466 1668 1502 tale
1698 1466 1802 1515 quod
1829 1473 1962 1514 vergat
1989 1466 2028 1503 in
2049 1466 2319 1504 detrimentum
2348 1468 2525 1517 reipubli-

1462 1530 1540 1563 cae,
1569 1525 1718 1555 tenetur
1744 1519 1864 1555 homo
1892 1519 1941 1556 ad
1974 1520 2278 1567 accusationem,
2308 1521 2524 1559 dummodo

1461 1571 1692 1608 sufficienter
1710 1572 1829 1620 possit
1847 1573 2024 1621 probare,
2045 1573 2151 1622 quod
2179 1574 2341 1622 pertinet
2363 1574 2413 1611 ad
2441 1574 2525 1612 offi-

1461 1624 1561 1660 cium
1600 1625 1847 1662 accusatoris:
1877 1633 1968 1673 puta
2002 1638 2090 1663 cum
2127 1634 2329 1675 peccatum
2367 1627 2525 1665 alicuius

1459 1677 1580 1725 vergit
1598 1677 1636 1714 in
1656 1678 1903 1715 multitudinis
1924 1679 2178 1728 corruptelam
2198 1681 2437 1729 corporalem
2456 1693 2524 1718 seu

1460 1730 1702 1778 spiritualem.
1743 1731 1783 1768 Si
1811 1738 1939 1768 autem
1968 1744 2046 1769 non
2083 1732 2194 1769 fuerit
2220 1733 2293 1770 tale
2321 1741 2523 1782 peccatum

1460 1783 1565 1831 quod
1584 1783 1622 1820 in
1641 1783 1923 1821 multitudinem
1943 1785 2149 1833 redundet,
2176 1786 2239 1822 vel
2259 1785 2372 1823 etiarn
2397 1786 2428 1823 si
2448 1787 2524 1824 suf-

1459 1836 1652 1873 ficientem
1671 1837 1942 1885 probationem
1971 1837 2152 1875 adhibere
2172 1851 2251 1875 non
2274 1839 2414 1888 possit,
2445 1852 2523 1878 non

1459 1896 1607 1926 tenetur
1635 1890 1684 1927 ad
1707 1890 1971 1927 intentandum
1991 1888 2004 1912 ⁶
2033 1891 2336 1928 accusationem:
2366 1892 2455 1941 quia
2474 1894 2524 1930 ad

1459 1943 1534 1979 hoc
1553 1943 1677 1979 nullus
1705 1950 1855 1980 tenetur
1874 1943 1978 1992 quod
2007 1956 2086 1981 non
2105 1951 2231 1992 potest
2249 1943 2378 1981 debito
2403 1946 2523 1983 modo

1459 1996 1655 2044 perficere.

1511 2050 1571 2086 An
1600 2060 1736 2086 ramum
1766 2061 1864 2086 ERGO
1893 2061 2077 2087 memnon
2098 2049 2203 2098 quod
2232 2049 2324 2087 nihil
2347 2051 2525 2099 prohibet

1458 2113 1528 2150 per
1554 2109 1755 2151 peccatum
1785 2101 1891 2139 reddi
1920 2102 2085 2150 aliquem
2118 2103 2371 2152 impotentem
2400 2103 2450 2141 ad
2478 2117 2524 2142 ea

1460 2151 1558 2203 quae
1586 2154 1763 2191 homines
1792 2155 1917 2192 facere
1945 2163 2139 2193 tenentur:
2170 2155 2266 2193 sicut
2297 2157 2346 2194 ad
2374 2169 2525 2195 meren-

1461 2209 1553 2245 dum
1582 2207 1700 2245 vitam
1730 2215 1936 2254 aeternam,
1958 2215 1995 2245 et
2022 2209 2071 2246 ad
2099 2209 2375 2247 assumendum
2405 2211 2524 2248 ecele—

1459 2260 1607 2298 siastica
1626 2269 1875 2298 sacramenta.
1905 2262 1990 2298 Nec
2008 2269 2138 2299 tamen
2158 2274 2203 2299 ex
2230 2263 2305 2300 hoc
2325 2263 2445 2300 homo
2466 2276 2524 2301 re-

1459 2321 1585 2363 portat
1621 2314 1894 2351 commodum:
1925 2314 2141 2363 quinimmo
2180 2316 2344 2353 deficere
2379 2317 2428 2353 ab
2464 2316 2523 2354 his

1460 2379 1557 2416 quae
1577 2374 1725 2404 tenetur
1743 2372 1755 2388 ⁸
1784 2367 1907 2404 facere
1936 2375 1992 2404 est
2018 2368 2242 2416 gravissima
2273 2381 2413 2418 poena,
2434 2370 2523 2418 quia

1458 2419 1617 2457 virtuosi
1637 2427 1742 2456 actus
1762 2428 1848 2456 sunt
1867 2421 2057 2469 quaedam
2077 2421 2243 2458 hominis
2257 2422 2521 2470 perfectiones.

1513 2475 1570 2509 An
1599 2484 1789 2510 SECUNDUM
1817 2485 2001 2510 DICENDUM
2029 2475 2134 2521 quod
2163 2474 2300 2511 subditi
2333 2475 2522 2523 praelatos

1460 2538 1551 2562 suos
1579 2537 1757 2562 accusare
1775 2526 2025 2574 prohibentur
2052 2527 2117 2575 qui
2140 2539 2214 2563 non
2243 2527 2442 2577 affectione
2460 2540 2522 2566 ca-

1459 2579 1588 2623 ritatis,
1609 2579 1674 2615 sed
1698 2590 1767 2615 sua
1790 2579 1978 2627 pravitate
2005 2580 2121 2616 vitam
2150 2592 2282 2617 eorum
2320 2581 2523 2630 diffamare

1459 2637 1493 2668 et
1520 2632 1790 2679 reprehendere
1817 2638 2004 2680 quaerunt
2022 2633 2060 2678 *3
2089 2633 2151 2669 vel
2181 2633 2294 2670 etiam
2324 2634 2354 2670 si
2382 2634 2522 2672 subditi

1459 2696 1636 2721 accusare
1664 2685 1856 2732 volentes,
1885 2685 2023 2722 fuerint
2052 2685 2264 2732 criminosi;
2293 2693 2334 2723 ut
2360 2687 2523 2725 habetur

1459 2739 1503 2784 11,
1525 2749 1588 2786 qu.
1609 2749 1657 2773 vu
1680 2737 1710 2774 ²¹².
1741 2737 1940 2786 Alioquin,
1970 2738 2000 2774 si
2030 2738 2166 2775 fuerint
2194 2738 2286 2777 alias
2314 2739 2443 2777 idonei
2472 2741 2521 2778 ad

1458 2790 1730 2836 accusandum,
1751 2790 1835 2827 licet
1859 2790 2017 2828 subditis
2047 2803 2091 2828 ex
2112 2791 2265 2829 caritate
2293 2805 2384 2830 suos
2412 2806 2522 2843 prae-

1457 2844 1552 2880 latos
1581 2855 1771 2880 accusare.

1510 2898 1569 2933 An
1597 2908 1756 2933 TERTmM
1784 2908 1968 2934 DICENDUM
1987 2897 2093 2945 quod
2122 2897 2291 2935 revelare
2320 2907 2464 2937 secreta
2482 2900 2521 2937 in

1458 2949 1603 2986 malurn
1627 2961 1827 2998 personae,
1849 2957 1904 2986 est
1932 2957 2063 2987 contra
2081 2950 2325 2988 fidelitatem:
2355 2965 2434 2990 non
2452 2965 2518 2990 au-

1457 3010 1535 3039 tem
1555 3002 1586 3038 si
1605 3003 1820 3039 revelentur
1833 3010 1989 3051 propter
2008 3003 2156 3040 bonum
2172 3008 2397 3052 commune,
2414 3005 2519 3054 quod

1458 3067 1610 3103 semper
1637 3055 1931 3103 praeferendum
1953 3062 2007 3092 est
2034 3056 2139 3093 bono
2163 3056 2324 3105 privato.
2354 3059 2403 3095 Et
2430 3058 2518 3096 ideo

1459 3115 1589 3144 contra
1616 3108 1763 3144 bonum
1799 3120 2006 3145 commune
2044 3109 2190 3146 nullum
2219 3118 2407 3148 secretum
2435 3110 2519 3147 licet

1459 3160 1638 3209 recipere.
1660 3183 1683 3189 -
1703 3161 1787 3197 Nec
1805 3168 1933 3197 tamen
1954 3169 2009 3198 est
2028 3162 2186 3199 omnino
2207 3172 2393 3201 secretum
2413 3164 2518 3213 quod

1458 3225 1526 3261 per
1553 3213 1783 3250 sufficientes
1811 3221 1924 3250 testes
1951 3222 2077 3262 potest
2104 3216 2269 3264 probari.

1496 3351 1534 3385 3)
1554 3353 1750 3380 intentandum.
1768 3367 1787 3372 -
1806 3354 2036 3386 interpretandum
2063 3354 2264 3387 ABEFHKLpC
2289 3360 2314 3379 et
2332 3362 2376 3386 xa,
2401 3355 2517 3387 interpo-

1458 3389 1663 3455 ’zengurtrane-tur.
1677 3438 1695 3442 -
1714 3427 1837 3449 tenentur
1855 3423 1963 3457 PDpAC
1982 3431 2007 3450 et
2025 3433 2051 3451 a.

2548 2645 2760 2695 :dffimsgutht'

2548 2698 2622 2724 nulli,
2641 2704 2705 2722 enus.
2722 2699 2760 2727 11,

2549 2731 2589 2752 qu.
2599 2731 2641 2775 vu:
2656 2752 2760 2775 Praen-

2702 2679 2761 2695 non·
