2860 4244
156 1472 166 1482 ⁸
182 1471 248 1494 Vers.
263 1473 297 1494 26.

153 2160 233 2208 scili:
242 2167 305 2209 ¹1Y;0{¹.'
310 2167 364 2209 51³1?

154 2615 163 2623 ⁴
179 2613 214 2635 Cf.
229 2620 276 2641 arg.
291 2619 312 2635 2.

410 205 457 241 50

1085 205 1351 250 QUAESTIO
1382 205 1501 252 LXII,

1530 206 1827 244 ARTICULUS
1858 206 1908 243 IV

1187 320 1506 362 ARTICULUS
1537 321 1810 373 QUARTUS

822 414 976 444 UTRUM
1000 413 1172 450 ALIQuls
1195 413 1368 443 DEBEAT
1392 413 1665 445 RESTITUERE
1690 415 1812 453 QUOD
1835 416 1927 447 NON
1950 416 2163 447 ABSTULIT

966 491 1058 522 Supra,
1077 495 1124 514 art.
1145 497 1168 521 2,
1188 491 1219 515 ad
1238 498 1270 522 43
1290 491 1323 515 IV
1343 491 1426 520 Sent„
1447 491 1505 516 dist.
1523 499 1564 520 XV,
1583 498 1628 524 qu.
1645 500 1663 523 1,
1683 497 1729 518 art.
1749 493 1772 524 5,
1791 494 1842 527 qu⁸
1863 502 1885 524 2,
1905 495 1937 519 ad
1958 494 1981 524 3,
1999 502 2025 526 4.

530 601 587 673 {2³2
612 622 743 670 aliquis
764 621 901 657 debeat
929 620 1123 657 restituere
1143 621 1248 668 quod
1277 634 1356 658 non
1379 623 1464 659 abs-

436 683 533 723 fv»
550 662 702 713 ''tulit.
751 674 815 710 Ille
845 673 946 710 enim
972 673 1037 721 qui
1057 673 1243 710 damnum
1272 674 1381 711 alicui
1409 675 1464 711 in·
1489 679 1491 719 ἶ

408 766 410 768 v
438 714 442 727 ¹
459 706 555 771 ffi—
570 721 681 773 fert
717 733 865 763 tenetur
902 726 1087 762 damnum
1126 739 1336 764 removere.
1386 728 1491 764 Sed*

400 781 630 831 quandoque
651 785 668 800 ‘²
697 779 829 828 aliquis
859 779 1080 816 damnificat
1107 779 1274 828 aliquem
1301 781 1398 817 ultra
1425 780 1463 818 id
1489 783 1490 786 ’

400 834 504 883 quod
533 832 700 881 accepit:
731 839 822 880 puta
857 844 945 868 cum
979 831 1114 880 aliquis
1144 833 1276 870 effodit
1303 833 1461 881 semina,
1489 875 1490 881 ἵ

399 885 621 924 damnificat
649 897 738 922 eum
769 884 833 933 qui
861 884 1065 922 seminavit
1093 885 1130 922 in
1158 893 1237 923 tota
1264 898 1388 923 messe
1407 887 1463 922 fu-

398 947 501 985 tura;
533 946 569 975 et
597 938 650 975 sic
677 938 828 974 videtur
847 939 949 986 quod
978 945 1151 975 teneatur
1175 939 1224 976 ad
1253 939 1331 976 eius
1361 939 1462 976 resti·
1488 930 1490 972 i

398 993 596 1029 tutionem.
639 992 740 1039 Ergo
771 991 906 1038 aliquis
933 998 1082 1028 tenetur
1109 992 1159 1029 ad
1187 991 1462 1029 restitutionem
1488 977 1490 1009 i

398 1046 478 1082 eius
508 1044 614 1093 quod
642 1056 720 1081 non
748 1044 910 1081 abstulit.

452 1110 486 1135 2.
508 1099 743 1143 PRAETEREA,
773 1097 833 1133 ille
862 1097 927 1145 qui
966 1096 1108 1133 detinet
1143 1097 1347 1146 pecuniam
1383 1110 1462 1134 cre-
1487 1105 1489 1142 5

398 1151 527 1189 ditoris
562 1151 658 1187 ultra
694 1150 901 1187 terminum
938 1149 1151 1198 praefixum
1185 1150 1337 1187 videtur
1372 1163 1460 1187 eum
1488 1143 1489 1190 i

397 1204 643 1241 damnificare
672 1203 710 1240 in
738 1210 818 1239 toto
849 1215 895 1239 eo
924 1202 1028 1251 quod
1057 1203 1191 1239 lucrari
1220 1203 1267 1240 de
1297 1204 1461 1252 pecunia

395 1264 536 1306 posset.
559 1256 676 1302 Quod
696 1263 825 1292 tamen
845 1255 926 1304 ipse
946 1267 1024 1291 non
1041 1255 1172 1292 aufert.
1194 1256 1296 1303 Ergo
1311 1256 1462 1293 videtur

397 1310 502 1359 quod
518 1309 652 1357 aliquis
671 1317 844 1345 teneatur
863 1308 1058 1344 restituere
1074 1308 1180 1355 quod
1199 1320 1278 1344 non
1298 1309 1460 1346 abstulit.

451 1364 485 1400 3.
503 1364 736 1406 PRAETEREA,
758 1361 895 1397 iustitia
915 1361 1086 1396 humana
1107 1360 1300 1397 derivatur
1319 1373 1340 1398 a
1359 1361 1461 1398 iusti-

395 1416 445 1452 tia
466 1415 607 1452 divina.
657 1415 733 1451 Sed
753 1415 838 1450 Deo
861 1414 974 1450 debet
1002 1413 1136 1461 aliquis
1162 1414 1357 1451 restituere
1376 1416 1461 1463 plus
1486 1406 1488 1447 ἔ

395 1480 511 1516 quam
533 1468 580 1504 ab
597 1480 643 1504 eo
665 1467 825 1515 accepit:
847 1466 1061 1503 secundum
1082 1466 1172 1503 illud
1192 1467 1326 1505 Matth.
1343 1468 1460 1505 xxv*:
1486 1474 1488 1479 '

394 1521 545 1558 Sciebas
572 1520 674 1569 quod
700 1526 796 1557 meto
827 1520 892 1556 ubi
917 1532 992 1556 non
1019 1519 1175 1566 semino,
1205 1525 1242 1556 et
1265 1532 1460 1571 congrego
1486 1550 1487 1577 ἶ

395 1574 459 1611 uhi
486 1586 560 1611 non
579 1574 713 1622 sparsi.
743 1574 845 1621 Ergo
866 1573 1007 1609 iustum
1027 1579 1082 1609 est
1100 1580 1141 1609 ut
1160 1573 1274 1610 etiam
1294 1574 1462 1612 restituat
1486 1607 1487 1619 ,

393 1627 541 1664 homini
570 1626 712 1675 aliquid
741 1626 845 1674 quod
874 1638 953 1662 non
980 1626 1138 1673 accepit.

448 1681 522 1716 SED
551 1691 698 1716 CONTRA
726 1691 792 1715 EST
811 1679 916 1728 quod
946 1678 1251 1726 recompensatio
1280 1679 1330 1716 ad
1357 1679 1460 1716 iusti-

393 1733 486 1769 tiam
515 1733 677 1781 pertinet
704 1732 929 1781 inquantum
959 1731 1225 1780 aequalitatem
1253 1732 1350 1768 facit.
1382 1733 1460 1770 Sed

393 1786 424 1822 si
453 1785 586 1833 aliquis
614 1785 823 1822 restitueret
851 1785 956 1833 quod
986 1797 1063 1821 non
1092 1784 1248 1833 accepit,
1277 1785 1352 1821 hoc
1381 1798 1459 1822 non

394 1846 492 1876 esset
521 1839 692 1886 aequale.
741 1839 843 1886 Ergo
873 1838 955 1874 talis
985 1837 1166 1874 restitutio
1205 1850 1284 1874 non
1321 1845 1378 1874 est
1405 1838 1460 1874 iu·

394 1899 495 1928 stum
525 1891 630 1940 quod
659 1892 736 1928 fiat.
1485 1889 1488 1918 l

447 1946 673 1981 RESPONm-:o
701 1955 886 1981 DICENDUM
916 1943 1020 1992 quod
1047 1943 1282 1992 quicumque
1311 1943 1460 1980 damni-

393 1998 482 2034 ficat
507 1997 672 2046 aliquem
697 1996 848 2034 videtur
867 1996 902 2033 ei
929 1997 1076 2033 auferre
1105 1996 1144 2033 id
1171 1997 1209 2033 in
1234 2009 1311 2044 quo
1331 1996 1459 2045 ipsum

394 2050 634 2087 damnificat:
679 2050 864 2086 damnum
899 2049 1002 2086 enim
1039 2049 1174 2086 dicitur
1202 2062 1247 2086 ex
1277 2062 1322 2086 eo
1353 2050 1460 2098 quod
1486 2057 1487 2096 ᾖ

439 592 493 631 'uA-25)

451 636 482 656 ὐ

430 588 461 633 2..

426 630 462 671 s·

393 2103 527 2151 aliquis
556 2103 682 2140 minus
711 2103 827 2140 habet
853 2115 971 2151 quam
1001 2102 1115 2139 debet
1142 2103 1297 2149 habere,
1325 2115 1460 2140 secun·
1486 2101 1487 2114 ²

393 2156 485 2194 dum
514 2156 816 2205 Philosophum,
845 2156 884 2192 in
902 2156 938 2193 V
955 2156 1076 2193 Ethic.
1096 2155 1117 2177 '¹‘
1145 2157 1195 2193 Et
1221 2156 1310 2193 ideo
1338 2157 1459 2194 homo

392 2217 541 2246 tenetur
561 2209 609 2246 ad
629 2209 905 2246 restitutionem
936 2209 1014 2245 eius
1043 2209 1081 2246 in
1102 2221 1179 2257 quo
1209 2209 1375 2258 aliquem
1396 2210 1460 2247 da-

611 582 633 606 D
655 580 827 611 QUARTUM
852 580 905 604 εις
925 579 1166 605 PROCEDITUR.
1182 568 1344 605 Videtur
1359 570 1464 617 quod
1490 568 1492 623 J
1519 570 1740 608 mnificavit.
1789 573 1866 610 Sed
1904 573 2038 622 aliquis
2075 573 2343 610 damnificatur
2375 573 2581 622 dupliciter.

1489 624 1492 673 1
1517 623 1604 660 Uno
1643 624 1782 671 modo,
1811 626 1902 673 quia
1937 625 2104 664 aufertur
2132 626 2165 662 ei
2194 626 2233 662 id
2261 626 2368 674 quod
2402 634 2488 663 actu
2516 628 2583 664 ha-

1517 676 1642 712 bebat.
1674 677 1722 713 Et
1749 678 1822 714 tale
1842 677 2028 715 damnum
2057 691 2210 727 semper
2230 687 2285 716 est
2305 679 2583 717 restituendum

1517 728 1730 766 secundum
1764 731 2161 778 recompensationem
2191 733 2381 780 aequalis:
2421 740 2516 781 puta
2553 733 2584 770 si

1517 781 1648 830 aliquis
1678 782 1901 819 damnificet
1928 784 2093 832 aliquem
2122 785 2276 822 diruens
2296 785 2459 823 domum
2488 786 2581 834 eius,

1517 842 1666 871 tenetur
1685 835 1732 872 ad
1761 843 1908 872 tantum
1939 843 2124 884 quantum
2141 838 2244 874 valet
2270 838 2420 875 domus.
2442 860 2466 866 —
2494 839 2581 876 Alio

1516 887 1636 924 modo
1675 888 1896 925 damnificat
1932 888 2066 938 aliquis
2089 887 2105 918 β
2133 889 2300 938 aliquem
2334 890 2580 940 impediendo

1516 953 1564 976 ne
1585 940 1814 989 adipiscatur
1833 942 1938 990 quod
1968 949 2047 978 erat
2073 941 2112 978 in
2133 942 2196 979 via
2224 943 2400 981 habendi.
2431 945 2480 982 Et
2507 945 2580 982 tale

1517 993 1704 1031 damnum
1743 1006 1822 1031 non
1851 1002 2002 1042 oportet
2039 1006 2331 1043 recompensare
2369 1008 2414 1033 ex
2442 1009 2580 1046 aequo.

1517 1046 1618 1092 Quia
1645 1047 1772 1083 minus
1800 1055 1857 1084 est
1883 1048 2025 1084 habere
2053 1047 2194 1095 aliquid
2213 1048 2350 1085 virtute
2371 1061 2487 1098 quam
2515 1051 2582 1087 ha-

1516 1099 1607 1135 bere
1635 1107 1732 1136 actu.
1763 1100 1839 1146 Qui
1867 1107 1996 1137 autern
2026 1108 2082 1137 est
2109 1100 2148 1137 in
2166 1100 2230 1137 via
2254 1101 2490 1150 adipiscendi
2517 1103 2582 1139 ali-

1516 1152 1608 1198 quid
1641 1153 1756 1189 habet
1784 1153 1875 1190 illud
1910 1154 2035 1190 solum
2064 1154 2277 1191 secundum
2313 1154 2492 1193 virtutem
2519 1156 2582 1192 vel

1487 1230 1489 1258 ¹,
1515 1204 1738 1252 potentiam.
1786 1206 1834 1242 Et
1861 1205 1948 1243 ideo
1978 1206 2008 1243 si
2037 1206 2260 1244 redderetur
2288 1207 2323 1244 ei
2350 1215 2392 1244 ut
2425 1208 2583 1246 haberet

1487 1261 1488 1304 ζ
1515 1257 1590 1293 hoc
1627 1257 1665 1294 in
1694 1265 1802 1304 actu,
1833 1257 2090 1295 restitueretur
2118 1259 2151 1295 ei
2180 1260 2287 1307 quod
2323 1267 2380 1298 est
2412 1261 2582 1299 ablatum

1487 1317 1488 1362 j
1514 1321 1594 1346 non
1622 1310 1816 1358 simplum,
1847 1311 1915 1347 sed
1943 1311 2253 1360 multiplicatum:
2282 1313 2389 1361 quod
2417 1326 2496 1351 non
2527 1322 2583 1352 est

1515 1363 1562 1399 de
1582 1362 1805 1399 necessitate
1826 1363 2079 1410 restitutionis,
2099 1372 2142 1400 ut
2161 1364 2305 1402 dictum
2329 1373 2386 1403 est
2403 1366 2434 1403 ²¹⁸.
2456 1367 2582 1404 Tene-

1513 1423 1574 1452 tur
1592 1424 1722 1452 tamen
1741 1415 1909 1464 aliquam
1939 1418 2338 1465 recompensationem
2367 1418 2504 1467 facere,
2525 1432 2582 1457 se·-

1515 1469 1684 1505 cundum
1713 1468 1972 1506 conditionem
1993 1481 2246 1518 personarum
2267 1477 2304 1507 et
2327 1471 2581 1520 negotiorum.

1568 1522 1617 1558 Et
1644 1534 1714 1571 per
1732 1522 1807 1558 hoc
1826 1530 1930 1570 patet
1958 1523 2158 1572 responsio
2183 1523 2232 1561 ad
2260 1523 2431 1572 primurn
2461 1531 2497 1562 et
2525 1537 2584 1563 se-

1515 1575 1697 1611 cundum.
1746 1575 1850 1612 Nam
1885 1575 1946 1612 ille
1975 1575 2039 1624 qui
2073 1588 2207 1613 semen
2242 1577 2378 1625 sparsit
2413 1577 2452 1614 in
2490 1590 2587 1627 agro.

1513 1627 1689 1664 nondum
1725 1628 1842 1665 habet
1869 1640 2037 1666 messem
2074 1629 2112 1665 in
2141 1636 2249 1677 actu,
2279 1630 2347 1667 sed
2384 1630 2511 1668 solum
2542 1631 2583 1669 in

1513 1680 1668 1726 virtute;
1698 1688 1735 1717 et
1754 1681 1922 1717 similiter
1941 1681 2001 1718 ille
2021 1681 2086 1730 qui
2110 1682 2227 1719 habet
2252 1683 2456 1731 pecuniam
2486 1695 2583 1722 non-

1514 1732 1608 1769 dum
1637 1734 1753 1770 habet
1784 1734 1932 1770 lucrum
1969 1734 2007 1771 in
2035 1742 2140 1781 actu,
2170 1735 2238 1772 sed
2266 1736 2393 1772 solum
2420 1735 2581 1784 virtute;

1486 1815 1487 1822 ,
1515 1793 1551 1822 et
1577 1793 1784 1835 utrumque
1812 1793 1938 1835 potest
1965 1787 2222 1836 multipliciter
2249 1788 2438 1838 impediri.

1566 1840 1627 1875 AD
1645 1850 1806 1876 TERTmM
1831 1847 2018 1877 mce'NDum
2037 1841 2144 1889 quod
2171 1842 2278 1878 Deus
2305 1841 2396 1879 nihil
2426 1841 2584 1890 requirit

1514 1891 1562 1928 ab
1590 1892 1750 1929 homine
1787 1892 1859 1929 nisi
1887 1893 2035 1936 bonum
2064 1893 2169 1942 quod
2197 1893 2279 1942 ipse
2315 1894 2356 1932 in
2382 1894 2495 1932 nobis
2523 1907 2582 1932 se·

1513 1944 1687 1981 minavit.
1717 1946 1766 1982 Et
1784 1945 1872 1982 ideo
1892 1946 2058 1992 verbum
2087 1946 2179 1984 illud
2203 1948 2266 1983 vel
2290 1946 2507 1995 intelligitur
2525 1959 2583 1985 se-

1515 1997 1684 2034 cundum
1713 2010 1874 2047 pravam
1903 1998 2220 2036 existimationem
2246 1999 2348 2037 servi
2370 1999 2484 2049 pigri,
2515 2000 2583 2051 qui

1514 2050 1741 2087 existimavit
1769 2063 1809 2088 se
1838 2052 1886 2088 ab
1907 2051 1981 2089 alio
2010 2064 2090 2089 non
2117 2052 2321 2102 accepisse.
2350 2053 2422 2090 Vel
2449 2053 2582 2091 intelli-

1512 2103 1610 2151 gitur
1629 2111 1816 2153 quantum
1836 2104 1886 2142 ad
1904 2105 1980 2142 hoc
1999 2105 2105 2154 quod
2124 2106 2231 2142 Deus
2251 2105 2409 2154 requirit
2427 2118 2450 2143 a
2468 2106 2583 2145 nobis

1513 2157 1655 2194 fructus
1685 2157 1888 2204 donorum,
1918 2157 1984 2206 qui
2012 2165 2099 2195 sunt
2128 2165 2165 2195 et
2193 2159 2241 2196 ab
2271 2171 2318 2195 eo
2339 2166 2375 2195 et
2401 2171 2424 2196 a
2451 2159 2580 2199 nobis:

1514 2210 1691 2259 quamvis
1720 2210 1803 2259 ipsa
1832 2211 1934 2248 dona
1962 2224 1985 2248 a
2013 2212 2099 2248 Deo
2128 2211 2201 2248 sint
2228 2211 2309 2248 sine
2337 2212 2460 2250 nobis.

447 2322 475 2355 α)
496 2323 550 2348 Sed
568 2323 734 2355 quandoque.
748 2337 766 2342 —
786 2323 855 2347 Puta
874 2323 980 2355 quando
1000 2323 1031 2354 G,
1052 2323 1107 2348 Sed
1125 2323 1232 2356 quando
1251 2323 1298 2348 Px.

1568 2323 1593 2357 β)
1613 2324 1770 2358 ᾱαηιηξῄεαῖ
1787 2324 1892 2357 aliquis.
1905 2340 1925 2344 -
1942 2325 1967 2350 si
1984 2325 2138 2359 damnificet
2155 2325 2186 2351 Ρ.

1067 2401 1399 2435 Commentaria
1422 2401 1673 2435 cardinalis
1696 2403 1896 2436 Caietam

423 2491 443 2511 N
467 2480 599 2511 articulo
624 2486 737 2521 quarto
761 2479 905 2510 eiusdem
924 2479 1129 2520 quaestionis,
1145 2479 1178 2510 in
1195 2480 1403 2520 responsione
1420 2481 1459 2510 ad

396 2494 564 2565 Iprimum
588 2531 619 2555 et
641 2524 827 2559 secundum,
853 2524 988 2554 dubium
1012 2531 1058 2554 est
1081 2534 1178 2564 quare
1202 2524 1356 2554 damnum
1380 2524 1460 2554 lucri

394 2569 542 2599 cessantis
566 2578 602 2598 ex
625 2568 760 2609 pecunia
783 2574 928 2599 mutuata
956 2568 1048 2598 debet
1070 2567 1191 2598 restitui
1215 2568 1360 2599 creditori
1386 2574 1461 2609 post

393 2623 528 2649 moram,
547 2619 582 2643 ut
604 2612 637 2642 in
653 2612 754 2643 littera
769 2612 787 2631 *
810 2612 933 2648 dicitur,
951 2619 981 2643 et
1004 2622 1070 2642 non
1092 2622 1109 2642 a
1132 2612 1299 2652 principio,
1316 2612 1460 2643 absolute

393 2657 568 2698 loquendo.
599 2657 695 2687 Nulla
723 2656 808 2686 enim
837 2663 966 2696 apparet
993 2656 1073 2686 inter
1099 2656 1175 2686 haec
1205 2655 1377 2687 differentia
1401 2656 1461 2686 nisi

394 2701 469 2742 quia
493 2707 566 2741 post
588 2710 714 2731 moram
737 2700 948 2731 involuntarie
971 2700 1105 2731 sustinet
1129 2700 1283 2731 damnum
1308 2700 1460 2737 creditor,

394 2755 411 2775 a
438 2745 595 2786 principio
620 2751 726 2775 autern
748 2744 936 2775 voluntarie.
968 2745 1030 2775 Sed
1058 2745 1135 2775 haec
1165 2744 1244 2775 ratio
1273 2754 1339 2774 non
1362 2745 1460 2776 valet:

394 2790 468 2830 quia
491 2789 627 2820 iustitiae
646 2789 892 2820 commutativae
916 2795 963 2819 est
986 2789 1161 2829 adaequare
1177 2798 1243 2826 rem
1260 2788 1304 2819 rei
1327 2788 1392 2819 sive
1406 2799 1461 2819 vo-

393 2834 527 2864 luntarie
551 2833 615 2863 sive
636 2833 847 2864 involuntarie
871 2833 942 2874 quis
966 2834 1121 2863 damnum
1137 2833 1299 2869 sustineat,
1316 2839 1352 2863 ut
1376 2839 1462 2873 patet

394 2878 426 2908 in
451 2885 565 2908 mutuo
589 2885 620 2908 et
641 2877 824 2908 venditione
846 2877 1042 2913 voluntariis,
1067 2884 1098 2908 et
1120 2877 1152 2907 in
1177 2877 1262 2908 furto
1286 2877 1395 2917 quoad
1413 2877 1461 2907 in-

393 2922 581 2952 voluntaria.
614 2923 745 2962 Propter
768 2922 856 2962 quod
884 2922 910 2952 si
934 2921 1056 2952 debitor
1079 2921 1247 2962 pecuniae,
1272 2928 1350 2961 puta
1374 2921 1460 2952 mille

396 2967 604 3002 ducatorum,
634 2973 758 2997 tenetur
787 2972 861 3006 post
890 2976 1015 2996 moram
1044 2966 1083 2996 ad
1113 2965 1232 3006 aliquid
1262 2965 1335 3005 plus
1362 2975 1461 3006 quam

395 3010 482 3040 mille
503 3010 623 3040 ratione
637 3010 786 3040 interesse
808 3010 887 3040 lucri
907 3010 1064 3046 cessantis,
1081 3017 1208 3050 oportet
1231 3010 1293 3040 hoc
1317 3009 1460 3041 debitum

396 3064 461 3084 non
477 3054 604 3084 aliunde
619 3054 784 3094 provenire
801 3064 898 3095 quam
919 3064 955 3084 ex
975 3054 1036 3084 hoc
1049 3054 1138 3094 quod
1160 3054 1192 3084 in
1211 3054 1314 3084 littera
1336 3053 1459 3090 dicitur,

396 3098 513 3129 scilicet
528 3098 617 3139 quod
631 3098 750 3128 habens
765 3098 851 3128 mille
867 3108 933 3127 non
950 3098 1057 3128 solum
1072 3098 1167 3128 habet
1182 3097 1278 3134 mille,
1295 3098 1350 3127 sed
1366 3098 1461 3128 habet

394 3142 520 3173 lucrum
544 3142 576 3172 in
589 3142 713 3178 virtute,
738 3142 770 3172 in
787 3152 853 3182 quo
877 3141 1097 3173 damnificatur
1111 3152 1127 3171 a
1145 3142 1286 3172 debitore
1303 3141 1460 3172 detinente

395 3186 468 3216 illos
484 3186 585 3222 mille;
607 3196 642 3216 ac
658 3195 714 3226 per
729 3186 800 3222 hoc,
819 3192 854 3216 ut
869 3186 1040 3226 aequalitas
1056 3185 1111 3217 fiat
1126 3186 1168 3216 rei
1186 3186 1224 3215 ad
1241 3195 1317 3221 rem,
1335 3192 1461 3225 oportet

396 3230 557 3261 restituere
581 3230 624 3260 illi
644 3240 708 3260 non
733 3230 840 3260 solum
863 3230 968 3266 mille,
994 3230 1048 3260 sed
1072 3230 1167 3261 etiam
1190 3236 1348 3270 quantum
1371 3230 1460 3260 aesti-

397 3281 502 3305 matur
523 3274 625 3305 valere
648 3275 774 3305 lucrum
796 3273 828 3304 in
844 3274 973 3310 virtute;
999 3274 1079 3305 sicut
1101 3274 1133 3304 in
1151 3273 1324 3304 seminibus
1341 3274 1461 3305 destru-

398 3318 454 3349 ctis
470 3325 626 3360 quantum
647 3318 851 3349 aestimantur
866 3318 985 3349 fructus
1005 3318 1036 3348 in
1053 3318 1177 3355 virtute,
1198 3328 1262 3348 non
1279 3317 1311 3348 in
1326 3324 1408 3354 actu,
1425 3324 1461 3348 ut

1510 2480 1543 2510 in
1566 2481 1668 2511 littera
1697 2481 1820 2512 dicitur.
1849 2481 1891 2512 Et
1913 2481 1939 2511 si
1962 2491 1999 2512 ex
2022 2481 2084 2512 hoc
2106 2482 2254 2521 provenit
2275 2482 2463 2513 huiusmodi
2493 2483 2581 2515 resti-

1510 2525 1602 2561 tutio,
1627 2535 1825 2566 consequens
1850 2532 1896 2556 est
1917 2526 2007 2566 quod
2031 2525 2127 2556 etiam
2142 2536 2160 2556 a
2175 2525 2333 2566 principio
2356 2526 2476 2557 habens
2493 2527 2581 2559 mille

1512 2569 1644 2599 ducatos
1665 2579 1731 2599 non
1747 2570 1854 2600 solum
1877 2569 1972 2600 habet
1994 2569 2092 2606 mille,
2117 2570 2172 2600 sed
2194 2570 2320 2601 lucrum
2336 2569 2369 2601 in
2384 2570 2508 2603 virtute.
2532 2574 2581 2603 Ac

1511 2623 1567 2653 per
1582 2613 1654 2650 hoc,
1676 2613 1853 2644 voluntarie
1876 2613 2034 2644 sustinens
2058 2615 2214 2644 damnum
2229 2614 2326 2651 mille,
2351 2615 2430 2645 dum
2454 2620 2582 2648 mutuat

1511 2657 1608 2693 alteri,
1634 2657 1766 2688 sustinet
1781 2658 1876 2688 etiam
1900 2658 2055 2688 damnum
2077 2658 2157 2689 lucri
2171 2658 2204 2688 in
2220 2658 2346 2689 virtute.
2370 2661 2418 2689 Ac
2435 2669 2493 2699 per
2506 2659 2580 2697 hoc,

1513 2702 1667 2732 debentur
1690 2702 1793 2732 eidem
1815 2711 1882 2732 non
1906 2702 2012 2732 solum
2035 2702 2132 2739 mille,
2157 2703 2213 2733 sed
2236 2702 2355 2743 aliquid
2378 2703 2581 2744 aequivalens

1512 2746 1630 2776 damno
1654 2746 1748 2776 lucri:
1773 2746 1915 2786 alioquin
1938 2756 2005 2777 non
2028 2746 2245 2777 restitueretur
2267 2746 2408 2788 aequale.

1567 2790 1609 2820 Et
1631 2789 1847 2821 confirmatur.
1872 2790 1957 2828 Quia
1980 2790 2062 2822 sicut
2084 2791 2204 2821 habens
2227 2790 2348 2821 semina
2369 2790 2403 2821 in
2419 2800 2494 2831 agro
2514 2797 2580 2823 sata

1512 2841 1618 2874 potest
1639 2834 1723 2864 licite
1746 2834 1880 2864 vendere
1904 2844 2050 2871 messem,
2075 2845 2174 2876 quarn
2197 2834 2292 2866 habet
2315 2835 2348 2865 in
2370 2834 2495 2872 virtute,
2513 2844 2580 2867 non

1513 2885 1670 2919 quantum
1693 2878 1817 2915 valebit,
1843 2879 1897 2909 sed
1921 2886 2078 2920 quantum
2101 2879 2185 2910 valet
2206 2879 2239 2909 in
2262 2879 2502 2919 praeparatione
2525 2879 2581 2911 tali

1513 2923 1666 2954 existens:
1692 2932 1783 2962 ergo,
1809 2923 1876 2963 pari
1902 2923 2043 2960 ratione,
2069 2923 2095 2954 si
2118 2923 2237 2954 habens
2260 2922 2347 2954 mille
2368 2923 2501 2954 ducatos
2523 2923 2580 2955 hu-

1512 2967 1566 2998 bet
1588 2967 1714 2998 lucrum
1736 2966 1769 2997 in
1791 2967 1916 3004 virtute,
1940 2973 2046 3008 potest
2068 2967 2205 2998 alienare
2219 2973 2326 2998 toturn
2340 2967 2446 3004 simul,
2463 2967 2582 3000 scilieet

1512 3011 1585 3042 illos
1609 3011 1694 3042 mille
1718 3017 1749 3041 et
1770 3011 1896 3042 lucrum
1919 3011 1953 3041 in
1975 3011 2100 3043 virtute.

1568 3056 1619 3085 Ad
1641 3055 1704 3085 hoc
1727 3054 1872 3092 dubium,
1897 3055 1971 3096 quia
1991 3056 2030 3086 ad
2049 3055 2213 3086 materiam
2229 3065 2343 3086 usurae
2359 3061 2489 3095 spectat,
2505 3055 2578 3086 ideo

1513 3099 1547 3129 in
1561 3105 1693 3129 tractatu
1709 3099 1748 3129 de
1765 3109 1860 3129 usura
1875 3099 2031 3130 inferius*
2045 3099 2296 3139 respondebitur.
2318 3099 2478 3130 Coincidit
2492 3098 2579 3130 enim

1513 3143 1589 3173 haec
1619 3142 1763 3183 quaestio
1795 3153 1870 3174 cum
1897 3143 1966 3173 illa:
1990 3145 2041 3174 An
2069 3144 2160 3174 liceat
2190 3143 2329 3184 accipere
2357 3143 2477 3184 aliquid
2505 3143 2578 3184 plus

1513 3193 1659 3217 mutuata
1681 3196 1808 3217 summa
1831 3197 1868 3217 ex
1884 3187 1946 3218 hoc
1969 3188 2058 3227 quod
2081 3188 2216 3227 pecunia
2231 3195 2278 3219 est
2294 3197 2450 3228 organum
2468 3187 2507 3218 ad
2526 3187 2578 3217 lu-

1513 3231 1667 3261 crandum
1696 3237 1727 3261 et
1756 3231 1928 3261 commoda
1957 3231 2116 3262 humanae
2146 3232 2228 3263 vitae
2258 3232 2452 3263 habendum.
2485 3231 2578 3268 Quae

1513 3275 1656 3315 quaestio
1679 3274 1798 3305 ibidem
1821 3275 2040 3315 disputabitur.

2608 1377 2618 1386 ⁸
2632 1376 2685 1398 Art.
2704 1376 2812 1404 praeced.

2605 3106 2615 3115 ⁸
2636 3105 2685 3133 Qu.
2709 3112 2798 3128 unm
2808 3122 2816 3132 ,

2604 3135 2646 3154 art.
2654 3139 2675 3159 2,
2683 3131 2816 3155 Comment-
