2860 4244
188 797 264 844 sfft’:
276 802 399 844 12¹2&th

428 261 476 297 72

428 336 483 364 tra
503 327 708 373 caritatem,
730 338 804 374 qua
824 325 980 373 quilibet
999 325 1112 361 debet
1131 323 1299 370 seipsum
1321 322 1484 369 diligere.

428 381 477 416 Et
503 379 590 416 ideo
620 379 760 415 occisio
789 377 846 414 sui
874 377 990 426 ipsius
1019 387 1170 423 semper
1199 382 1255 410 est
1286 381 1484 422 peccatum
1512 389 1514 412 ε

1512 426 1514 487 j
1595 426 1773 464 Similiter
1810 427 1923 464 etiam
1959 439 2037 463 non
2075 426 2160 463 licet
2188 426 2357 474 seipsum
2389 426 2562 464 occidere
2587 432 2602 454 Υ

1512 507 1514 522 2
1540 486 1697 527 propter
1715 480 1871 527 aliquod
1888 486 2088 527 peccatum
2103 478 2367 516 commissum.
2388 479 2494 516 Tum
2513 479 2604 527 quia

428 433 600 479 mortale,
619 439 751 479 utpote
772 437 902 466 contra
921 429 1132 465 naturalem
1156 428 1279 474 legem
1300 434 1337 463 et
1357 434 1487 463 contra

428 491 620 521 caritatem
650 491 821 519 existens.

481 537 672 582 Secundo,
702 535 791 582 quia
811 532 1001 581 quaelibet
1028 543 1116 580 pars
1138 531 1176 568 id
1205 531 1309 578 quod
1337 539 1402 579 est,
1433 538 1487 568 est
1512 530 1514 546 ²

426 589 551 626 totius.
582 587 750 634 Quilibet
778 594 907 622 autem
934 586 1053 621 homo
1075 591 1130 620 est
1157 596 1245 632 pars
1273 583 1486 621 communi·
1512 625 1514 628 ⁸

426 642 527 678 tatis:
559 648 594 677 et
622 641 671 676 ita
690 639 728 676 id
746 639 850 687 quod
879 645 946 684 est,
977 645 1032 674 est
1056 636 1347 674 communitatis.
1376 637 1486 674 Unde
1512 664 1514 677 .

425 694 464 730 in
501 694 574 730 hoc
602 693 706 741 quod
742 691 909 740 seipsum
947 689 1140 736 interficit,
1170 689 1346 726 iniuriam
1384 681 1514 726 com-¹]

426 745 599 782 munitati
626 744 733 780 facit:
768 751 810 780 ut
837 750 941 792 patet
967 755 1035 791 per
1062 742 1359 791 Philosophum,
1387 742 1424 778 in
1453 742 1487 778 V
1513 734 1514 775 ἶ

358 802 370 824 3
424 798 544 834 Ethic.
565 797 585 819 ’¹‘

232 1279 276 1295 ers.
289 1279 325 1301 39.

185 2071 193 2079 ·
207 2070 233 2092 1).
250 2076 302 2099 793.

186 2760 263 2809 §.⁶432

272 2766 304 2787 vi,
315 2766 338 2782 n.
355 2760 377 2782 6.
386 2772 397 2777 -

283 2787 336 2809 lect.
349 2793 397 2809 xiv.

478 850 622 897 Tertio,
643 849 733 898 quia
751 848 830 886 vita
850 855 905 885 est
924 847 1120 896 quoddam
1141 848 1288 884 donum
1308 847 1487 884 divinitus
1512 861 1514 869 ⁴

424 902 571 940 homini
590 903 824 948 attributum,
842 908 879 937 et
895 901 977 938 eius
995 900 1172 949 potestati
1190 900 1403 937 subiectum
1422 899 1488 948 qui

424 956 559 992 occidit
584 961 621 992 et
645 955 773 992 vivere
789 954 902 1003 facit.
933 955 982 990 Et
1010 953 1097 990 ideo
1125 952 1190 1001 qui
1213 952 1381 1001 seipsum
1409 953 1487 990 vita

424 1009 547 1057 privat
566 1009 604 1045 in
625 1009 752 1045 Deum
772 1014 920 1056 peccat:
948 1006 1044 1043 sicut
1063 1005 1127 1055 qui
1147 1005 1312 1042 alienum
1332 1017 1487 1043 servum

423 1062 598 1099 interficit
625 1068 758 1110 peccat
776 1060 815 1097 in
836 1059 1037 1097 dominum
1068 1059 1174 1095 cuius
1194 1066 1249 1095 est
1269 1069 1422 1104 servus;
1453 1066 1489 1094 et

425 1114 520 1151 sicut
547 1122 680 1162 peccat
707 1114 768 1150 ille
788 1113 852 1162 qui
878 1120 1036 1160 usurpat
1064 1111 1134 1149 sibi
1161 1111 1345 1148 iudicium
1375 1112 1421 1148 de
1447 1123 1487 1147 re

424 1167 494 1204 sibi
522 1180 600 1204 non
629 1166 847 1203 commissa.
875 1165 936 1202 Ad
965 1166 1090 1202 solum
1121 1164 1223 1201 enim
1252 1165 1379 1200 Deum
1402 1175 1488 1211 per-

424 1220 516 1256 tinet
543 1219 724 1257 iudicium
761 1219 893 1255 mortis
922 1225 959 1255 et
985 1217 1103 1254 vitae:
1147 1218 1358 1253 secundum
1395 1215 1488 1252 illud

424 1274 535 1310 Deut.
563 1272 718 1310 xxxl1*:
765 1273 852 1321 Ego
881 1271 1071 1315 occidam,
1109 1275 1146 1305 et
1169 1270 1297 1306 vivere
1319 1268 1486 1316 faciam.

477 1328 536 1362 An
556 1337 693 1363 PRIMUM
712 1336 811 1361 ERGO
831 1335 1015 1361 mcssNDUM
1036 1322 1142 1370 quod
1165 1320 1417 1358 homicidium
1433 1328 1489 1357 est

423 1385 626 1427 peccatum
654 1389 733 1415 non
767 1377 891 1413 solum
920 1375 1010 1424 quia
1039 1374 1286 1411 contrariatur
1313 1373 1487 1422 iustitiae,

424 1433 492 1469 sed
520 1431 635 1468 etiam
659 1430 748 1478 quia
767 1428 1015 1466 contrariatur
1035 1427 1176 1464 caritati
1204 1439 1322 1475 quam
1346 1427 1488 1464 habere

424 1485 538 1521 debet
557 1482 690 1531 aliquis
711 1484 758 1520 ad
779 1482 960 1530 seipsum.
991 1481 1040 1517 Et
1059 1492 1104 1517 ex
1126 1480 1202 1516 hac
1220 1488 1327 1529 parte
1347 1479 1487 1517 occisio

423 1538 481 1574 sui
510 1537 629 1586 ipsius
665 1543 720 1572 est
747 1542 948 1584 peccatum
983 1546 1052 1582 per
1081 1533 1411 1581 comparationem
1440 1533 1488 1570 ad

424 1590 605 1639 seipsum.
656 1590 730 1625 Per
767 1587 1095 1636 comparationem
1134 1593 1262 1623 autem
1297 1587 1346 1623 ad
1384 1598 1488 1623 com-

423 1644 651 1681 munitatem
681 1649 717 1678 et
745 1641 794 1678 ad
822 1642 963 1687 Deum,
982 1639 1100 1676 habet
1125 1639 1315 1676 rationem
1342 1641 1488 1688 peccati

424 1697 539 1734 etiam
567 1708 637 1744 per
665 1693 948 1743 oppositionem
978 1692 1027 1729 ad
1054 1692 1246 1729 iustitiam.

476 1751 535 1787 AD
555 1760 747 1786 SECUNDUM
772 1758 956 1784 mcENDUM
976 1745 1081 1794 quod
1109 1745 1168 1781 ille
1189 1745 1254 1793 qui
1281 1745 1398 1781 habet
1419 1756 1489 1793 pu-

422 1803 562 1840 blicam
591 1808 818 1851 potestatem
847 1805 972 1848 potest
998 1797 1096 1834 licite
1121 1798 1406 1834 malefactorem
1427 1810 1489 1834 oc-

424 1856 550 1893 cidere
587 1867 656 1904 per
691 1854 767 1890 hoc
802 1851 906 1901 quod
942 1858 1068 1900 potest
1104 1850 1151 1888 de
1187 1850 1271 1899 ipso
1308 1850 1487 1888 iudicare.

423 1910 561 1946 Nullus
598 1915 726 1944 autern
765 1905 962 1942 estriudex
991 1904 1049 1941 sui
1085 1903 1214 1952 ipsius.
1261 1903 1374 1941 Unde
1411 1915 1489 1940 non

423 1962 509 1999 licet
535 1960 691 1998 habenti
718 1959 912 2007 publicam
940 1964 1170 2006 potestatem
1198 1956 1368 2005 seipsum
1390 1957 1489 1993 occi—

424 2015 514 2052 dere
533 2021 690 2063 propter
708 2012 983 2060 quodcumque
1002 2017 1215 2059 peccatum.
1236 2009 1343 2046 Licet
1361 2018 1488 2046 tamen

424 2068 456 2104 ei
486 2079 526 2104 se
556 2065 794 2103 committere
823 2064 963 2103 iudicio
992 2064 1153 2100 aliorum
1173 2062 1204 2099 ²¹³.

475 2122 533 2157 AD
562 2131 722 2156 TERTIUM
750 2129 936 2155 DICENDUM
964 2116 1070 2165 quod
1103 2116 1224 2153 homo
1253 2114 1490 2152 constituitur

423 2173 603 2211 dominus
623 2172 681 2210 sui
700 2171 817 2220 ipsius
837 2183 906 2220 per
924 2170 1086 2207 liberum
1107 2168 1316 2205 arbitrium.
1337 2168 1387 2204 Et
1401 2167 1489 2205 ideo

421 2227 519 2263 licite
549 2233 674 2275 potest
701 2225 819 2261 homo
849 2224 896 2261 de
925 2223 1052 2272 seipso
1073 2222 1276 2271 disponere
1302 2227 1488 2269 quantum

423 2280 472 2317 ad
501 2292 547 2316 ea
576 2291 674 2328 quae
703 2278 892 2327 pertinent
925 2276 974 2313 ad
1002 2277 1102 2313 hanc
1128 2274 1264 2322 vitam,
1295 2285 1394 2322 quae
1422 2274 1491 2310 ho-

423 2332 535 2370 minis
562 2332 682 2369 libero
703 2330 856 2368 arbitrio
876 2329 1026 2378 regitur.
1057 2328 1135 2366 Sed
1154 2327 1331 2364 transitus
1351 2326 1399 2364 de
1418 2327 1491 2365 hac

421 2386 500 2423 vita
529 2386 576 2423 ad
605 2384 719 2422 aliam
754 2383 962 2420 feliciorem
988 2395 1069 2434 non
1098 2380 1267 2418 subiacet
1293 2379 1412 2416 libero
1434 2392 1490 2416 ar—

422 2438 532 2476 bitrio
553 2437 733 2484 hominis,
755 2437 823 2474 sed
840 2435 1017 2486 potestati
1038 2434 1203 2472 divinae.
1233 2434 1283 2470 Et
1302 2432 1391 2470 ideo
1412 2444 1490 2470 non

422 2493 507 2530 licet
535 2491 683 2528 homini
711 2490 879 2540 seipsum
908 2489 1121 2534 interficere
1144 2494 1186 2524 ut
1209 2487 1257 2524 ad
1282 2486 1490 2523 feliciorem

422 2552 587 2583 transeat
614 2543 746 2582 vitam.

478 2597 655 2635 Similiter
680 2597 793 2633 etiam
822 2608 894 2632 nec
913 2602 953 2631 ut
972 2593 1144 2631 miserias
1170 2591 1358 2640 quaslibet
1385 2602 1492 2640 prae-

425 2651 538 2688 sentis
556 2650 657 2688 vitae
678 2650 827 2687 evadat.
858 2647 960 2694 Quia
980 2647 1151 2683 ultimum
1171 2645 1364 2682 malorum
1379 2643 1492 2681 huius

425 2704 525 2741 vitae
550 2711 585 2741 et
610 2703 779 2740 maxime
801 2700 966 2738 terribile
993 2707 1048 2736 est
1072 2710 1197 2735 mors:
1228 2704 1270 2734 ut
1295 2705 1399 2746 patet
1423 2709 1493 2746 per

425 2757 717 2806 Philosophum,
747 2755 786 2791 in
815 2755 864 2790 III
892 2753 1012 2790 Ethic.
1034 2752 1055 2774 ’¹‘
1083 2752 1132 2788 Et
1159 2751 1210 2787 ita
1246 2751 1382 2787 inferre
1420 2749 1491 2786 sibi

425 2817 591 2848 mortem
617 2809 666 2846 ad
695 2808 785 2845 alias
813 2806 926 2843 huius
955 2806 1054 2843 vitae
1074 2804 1246 2841 miserias
1271 2802 1491 2840 evadendas

478 2922 505 2957 γ)
524 2921 652 2947 occidere.
665 2934 684 2940 ·—
703 2919 850 2954 interficere
869 2919 940 2944 PDa.

1095 246 1360 293 QUAESTIO
1390 246 1531 293 Lx1v‚
1559 246 1855 283 ARTlcULUs
1883 246 1933 282 vl

1512 322 1514 385 l
1542 329 1598 358 est
1621 322 1743 359 maius
1762 324 1908 360 malum
1929 334 2123 359 assumere
2144 322 2192 358 ad
2219 322 2375 359 minoris
2398 321 2487 359 mali
2509 321 2602 359 vita-

1541 374 1698 411 tionem.

1541 531 1578 567 in
1607 532 1681 568 hoc
1710 531 1778 568 sibi
1806 532 1972 568 maxime
2001 539 2114 568 nocet
2136 531 2242 579 quod
2275 531 2348 568 sibi
2379 530 2511 568 adimit
2537 543 2603 568 ne·

1542 584 1748 621 cessarium
1774 584 2028 633 poenitentiae
2056 591 2221 632 tempus.
2251 585 2356 621 Tum
2376 583 2490 621 etiam
2516 583 2607 632 quia

1541 637 1826 674 malefactorem
1847 637 2021 674 occidere
2041 649 2120 674 non
2138 636 2225 673 licet
2243 636 2314 673 nisi
2333 648 2403 685 per
2420 636 2603 673 iudicium

1540 689 1714 737 publicae
1733 689 1938 738 potestatis.

1513 789 1514 797 ἵ
1595 741 1774 778 Similiter
1801 741 1916 778 etiam
1944 754 2024 779 non
2055 741 2141 779 licet
2169 741 2317 779 mulieri
2346 741 2511 790 seipsam
2541 753 2604 778 oc·

1513 816 1514 819 =
1542 794 1666 831 cidere
1695 806 1744 831 ne
1772 794 1820 830 ab
1840 794 1913 830 alio
1943 802 2218 842 corrumpatur.
2255 793 2356 840 Quia
2383 806 2463 832 non
2491 794 2606 831 debet

1540 847 1579 884 in
1599 860 1639 884 se
1669 846 1906 884 committere
1927 846 2070 883 crimen
2090 847 2315 894 maximum,
2335 846 2441 895 quod
2471 854 2527 884 est
2546 847 2605 884 sui

1540 900 1659 948 ipsius
1679 899 1831 946 occisio,
1846 907 1889 936 ut
1906 899 1999 936 vitet
2021 898 2149 936 minus
2169 899 2312 936 crimen
2327 899 2491 936 alienum
2511 902 2605 946 (non

1542 953 1645 990 enim
1666 960 1721 989 est
1741 952 1885 989 crimen
1903 951 2070 988 mulieris
2088 963 2158 1000 per
2180 951 2404 990 violentiam
2426 952 2603 999 violatae,

1542 1006 1571 1042 si
1601 1018 1808 1042 consensus
1827 1017 1907 1042 non
1925 1004 2042 1042 adsit:
2072 1004 2161 1052 quia
2185 1016 2260 1041 non
2287 1004 2506 1052 inquinatur
2523 1016 2605 1042 cor-

1541 1119 1613 1148 stat
1628 1119 1757 1148 autem
1777 1111 1904 1148 minus
1920 1122 2002 1147 esse
2016 1117 2217 1158 peccatum
2234 1109 2525 1147 fornicationem
2542 1110 2606 1147 vel

1542 1164 1770 1201 adulterium
1798 1175 1914 1212 quam
1947 1163 2216 1204 homicidium:
2246 1170 2283 1199 et
2309 1162 2516 1212 praecipue
2548 1162 2606 1199 sui

1541 1217 1672 1265 ipsius,
1693 1218 1798 1264 quod
1819 1224 1874 1253 est
1892 1215 2174 1267 gravissimum,
2190 1215 2280 1263 quia
2300 1214 2370 1252 sibi
2388 1215 2460 1264 ipsi
2479 1222 2605 1262 nocet,

1543 1269 1602 1305 cui
1630 1269 1837 1306 maximam
1867 1268 2108 1305 dilectionem
2138 1268 2261 1305 debet.
2300 1269 2370 1305 Est
2397 1268 2511 1305 etiam
2539 1280 2607 1316 pe-

1542 1321 1877 1358 riculosissimum:
1921 1321 2009 1369 quia
2036 1332 2116 1358 non
2144 1328 2259 1358 restat
2289 1328 2442 1370 tempus
2469 1327 2512 1358 ut
2537 1333 2607 1370 per

1541 1381 1815 1423 poemtentiam
1846 1374 2028 1422 expietur.

1597 1427 1775 1464 Similiter
1795 1426 1909 1463 etiam
1938 1425 2028 1462 nulli
2051 1425 2138 1462 licet
2156 1425 2326 1474 seipsum
2350 1425 2524 1463 occidere
2554 1426 2605 1463 ob

1541 1480 1720 1516 timorem
1736 1492 1785 1516 ne
1800 1479 2010 1516 consentiat
2024 1478 2062 1515 in
2076 1485 2292 1527 peccatum.
2313 1478 2414 1524 Quia
2428 1490 2503 1516 non
2522 1484 2610 1516 sunt

1528 1533 1715 1581 facienda
1743 1532 1845 1569 mala
1882 1538 1922 1568 ut
1945 1531 2100 1568 veniant
2120 1532 2218 1568 bona
2241 1530 2272 1578 ³⁸,
2292 1532 2355 1567 vel
2373 1538 2415 1568 ut
2441 1530 2608 1568 vitentur

1542 1586 1655 1632 mala,
1675 1585 1899 1634 praesertim
1915 1584 2064 1621 minora
2080 1591 2116 1620 et
2134 1583 2262 1621 minus
2278 1591 2390 1621 certa.
2414 1584 2605 1621 Incertum

1543 1638 1645 1675 enim
1666 1646 1722 1675 est
1740 1651 1790 1675 an
1818 1638 1952 1686 aliquis
1971 1637 2010 1674 in
2034 1637 2203 1674 futurum
2233 1636 2442 1674 consentiat
2459 1636 2498 1674 in
2517 1649 2606 1686 pec-

1543 1699 1690 1728 catum:
1714 1699 1852 1740 potens
1872 1698 1927 1727 est
1947 1690 2050 1727 enim
2069 1691 2176 1727 Deus
2193 1689 2406 1738 hominem,
2421 1701 2607 1739 quacum-

1542 1756 1616 1793 que
1637 1743 1845 1781 tentatione
1873 1742 2177 1791 superveniente,
2198 1743 2359 1780 liberare
2382 1755 2406 1780 a
2432 1750 2605 1791 peccato.

1594 1798 1655 1833 'AD
1681 1807 1855 1840 QUARTUM
1882 1807 2067 1833 mCENDUM
2095 1795 2220 1844 quod,
2251 1795 2346 1832 sicut
2372 1795 2607 1844 Augustinus

1543 1849 1643 1897 dicit,
1670 1849 1709 1887 in
1738 1850 1751 1886 1
1781 1849 1827 1886 de
1859 1849 1939 1886 Civ.
1965 1849 2040 1886 Dei
2055 1848 2094 1896 *,
2124 1859 2194 1886 nec
2221 1849 2380 1886 Samson
2409 1849 2518 1886 aliter
2540 1860 2607 1886 ex·
2631 1859 2642 1870 ·

1542 1908 1696 1940 cusatur
1713 1902 1815 1951 quod
1838 1902 2000 1950 seipsum
2029 1913 2115 1938 cum
2142 1901 2307 1938 hostibus
2334 1901 2447 1941 ruina
2473 1902 2607 1940 domus

1542 1956 1733 2004 oppressit,
1763 1955 1836 1992 nisi
1861 1955 1950 2003 quia
1975 1955 2134 1992 latenter
2160 1954 2319 2002 Spiritus
2344 1954 2417 1991 hoc
2436 1954 2606 2002 iusserat,

1542 2010 1608 2057 qui
1628 2020 1702 2057 per
1729 2008 1834 2045 illum
1862 2007 2050 2044 miracula
2071 2007 2250 2055 faciebat.
2279 2007 2328 2044 Et
2356 2007 2520 2045 eandem
2549 2019 2608 2045 ra·-

1542 2062 1686 2099 tionem
1714 2061 1879 2108 assignat
1903 2060 1923 2082 '¹‘
1952 2060 1999 2097 de
2028 2060 2258 2110 quibusdam
2290 2060 2428 2097 sanctis
2454 2060 2606 2098 feminis

1542 2127 1643 2163 quae
1676 2122 1849 2163 tempore
1886 2113 2160 2162 persecutionis
2197 2113 2340 2162 seipsas
2373 2112 2605 2161 occiderunt,

1543 2179 1707 2216 quarum
1736 2166 1924 2203 memoria
1951 2166 1988 2203 in
2017 2165 2189 2203 Ecclesia
2217 2165 2439 2203 celebratur.

1595 2223 1654 2258 An
1692 2231 1856 2263 QulNTuM
1891 2231 2076 2256 DlCENDUM
2113 2218 2219 2267 quod
2255 2218 2306 2255 ad
2345 2218 2606 2256 fortitudinem

1541 2273 1704 2322 pertinet
1731 2272 1838 2321 quod
1875 2272 2007 2320 aliquis
2044 2272 2092 2308 ab
2119 2271 2193 2308 alio
2222 2278 2387 2308 mortem
2421 2271 2500 2320 pati
2526 2283 2606 2309 non

1543 2326 1703 2374 refugiat
1730 2332 1886 2375 propter
1913 2325 2060 2362 bonum
2077 2324 2237 2372 virtutis,
2268 2331 2304 2361 et
2330 2331 2373 2361 ut
2398 2324 2491 2361 vitet
2517 2337 2607 2374 pec-

1544 2387 1682 2416 catum.
1714 2379 1791 2415 Sed
1810 2378 1916 2427 quod
1935 2377 2066 2426 aliquis
2095 2377 2166 2414 sibi
2192 2376 2263 2426 ipsi
2287 2377 2422 2414 inferat
2439 2384 2605 2415 mortem

1542 2440 1584 2469 ut
1601 2431 1695 2470 vitet
1713 2432 1814 2468 mala
1836 2430 2013 2480 poenalia
2031 2427 2057 2477 ³,
2086 2430 2201 2467 habet
2229 2429 2384 2478 quidem
2409 2429 2604 2479 quandam

1543 2484 1712 2534 speciem
1731 2483 1968 2530 fortitudinis,
1987 2490 2144 2532 propter
2158 2482 2263 2532 quod
2282 2482 2439 2532 quidam
2458 2483 2606 2533 seipsos

1543 2537 1810 2575 interfecerunt
1829 2535 2071 2573 aestimantes
2090 2547 2130 2572 se
2150 2535 2294 2572 fortiter
2307 2547 2430 2584 agere,
2447 2536 2495 2574 de
2509 2547 2606 2586 quo-

1544 2603 1630 2628 rum
1667 2601 1829 2627 nurnero
1868 2589 2003 2626 Razias
2032 2588 2116 2625 fuit:
2154 2601 2234 2626 non
2265 2596 2395 2626 tamen
2430 2597 2486 2627 est
2512 2600 2606 2627 vera

1544 2643 1746 2689 fortitudo,
1785 2642 1852 2679 sed
1888 2641 2009 2690 magis
2046 2641 2237 2690 quaedam
2273 2641 2451 2679 mollities
2487 2641 2607 2680 animi

1544 2709 1623 2734 non
1650 2695 1810 2732 valentis
1849 2695 1948 2731 mala
1984 2694 2161 2743 poenalia
2197 2694 2399 2742 sustinere,
2434 2702 2476 2732 ut
2503 2700 2608 2743 patet

1544 2762 1613 2798 per
1640 2748 1930 2797 Philosophum,
1954 2747 1992 2784 in
2023 2748 2072 2784 III
2101 2747 2220 2784 Ethic.
2246 2747 2287 2795 ¹⁸,
2318 2755 2355 2784 et
2381 2759 2450 2796 per
2476 2749 2605 2796 Augu-

1545 2802 1697 2849 sfinum,
1726 2801 1764 2838 in
1794 2802 1807 2837 1
1837 2801 1882 2837 de
1914 2800 1994 2838 Civ.
2015 2800 2090 2837 Dei
2105 2799 2137 2837 *.

1513 2915 1517 2941 Ι
1595 2915 1619 2948 ὃ)
1635 2915 1772 2948 poenalia.
1784 2929 1802 2934 —
1814 2921 1868 2947 per
1881 2913 2010 2946 poenaHa
2028 2912 2168 2945 ABEFpK.

1239 3043 1559 3086 ARTICULUS
1599 3041 1808 3084 SEXTUS

838 3129 994 3160 UTRUM
1018 3127 1178 3159 LICEAT
1202 3128 1245 3158 IN
1268 3127 1434 3165 ALlQuo
1459 3127 1571 3158 CASU
1595 3125 1882 3157 INTERFICERE
1907 3124 2195 3156 lNNOCENTEM

692 3200 715 3224 1¹²
733 3199 790 3231 11²⁹,
810 3206 854 3231 qu.
873 3206 942 3229 xcrv,
961 3203 1008 3223 art.
1030 3197 1053 3229 5,
1073 3198 1104 3222 ad
1125 3205 1154 3228 2;
1174 3205 1219 3230 qu.
1238 3204 1262 3228 c,
1282 3202 1327 3222 art.
1347 3196 1373 3228 8,
1393 3197 1424 3222 ad
1445 3196 1475 3228 3;
1497 3197 1537 3221 De
1556 3196 1624 3226 Pot„
1645 3203 1689 3228 qu.
1708 3203 1725 3226 1,
1746 3200 1793 3221 art.
1806 3194 1831 3226 6,
1846 3195 1878 3220 ad
1896 3202 1926 3226 4;
1944 3194 1989 3219 Ad
2006 3194 2083 3224 Helu,
2104 3201 2159 3227 cap.
2178 3201 2212 3226 xl,
2232 3194 2289 3219 lect.
2307 3202 2342 3220 tv.

1536 1070 1610 1107 pus
1629 1059 1700 1095 nisi
1713 1059 1758 1095 de
1772 1070 1952 1095 consensu
1971 1058 2103 1094 mentis
2116 1057 2148 1104 ³¹²,
2163 1064 2206 1094 ut
2219 1056 2338 1094 Lucia
2357 1057 2474 1103 dixit).
2504 1058 2605 1095 Con·
2631 1064 2641 1075 ⁸
2677 1079 2683 1086 -

2631 1536 2803 1565 ‘Adflommm
2810 1543 2843 1564 ιιι,

2631 1569 2692 1586 ven.
2704 1563 2728 1586 8.

2633 2070 2716 2099 ⁸1hid.‚
2724 2077 2775 2099 cap.
2781 2077 2844 2093 xxvi.

2631 2751 2845 2801 {effl'llaeult'

2632 2806 2644 2817 ·
2650 2804 2708 2833 Cap.
2714 2810 2773 2832 uu.
2780 2810 2845 2827 xxm.

549 3296 587 3315 ,μ
639 3283 662 3309 D
689 3280 830 3308 SEXTUM
857 3281 910 3306 Sic
937 3280 1178 3307 PROCEDlTUR.
1207 3268 1367 3306 Videtur
1385 3267 1489 3315 quod
1543 3267 1638 3303 mini
1645 3265 1795 3315 expellit
1798 3271 2056 3313 peccatum,ut
2067 3264 2386 3302 diciturEccli.1*.
2399 3264 2606 3302 SedAbra·
2631 3275 2774 3304 ’Verun-

556 3314 612 3377 “’“““)
641 3324 749 3361 liceat
765 3324 805 3361 in
824 3323 951 3371 aliquo
970 3334 1059 3359 casu
1078 3322 1289 3358 interficere
1309 3320 1489 3358 innocen-

522 3430 573 3454 ”“’
619 3451 633 3463 κ
641 3438 701 3467 tur
710 3442 780 3479 per
790 3436 1008 3478 peccatum:
1026 3428 1117 3477 quin
1130 3433 1147 3449 ²
1161 3427 1280 3475 magis
1290 3427 1404 3464 timor
1412 3427 1490 3463 Do-

487 3546 513 3577 α)
533 3544 604 3577 quin.
617 3558 634 3562 -
653 3543 777 3576 quoniam
798 3543 852 3567 PH.

1543 3320 1633 3356 ham
1649 3319 1941 3356 commendatus
1962 3326 2017 3355 est
2040 3318 2146 3366 quod
2160 3316 2356 3355 timuerit?
2378 3315 2604 3365 Dominum,

1542 3432 1668 3474 potest
1687 3425 1820 3474 aliquis
1840 3424 2082 3462 innocentem
2102 3424 2314 3461 interficere
2333 3423 2413 3460 sine
2433 3431 2602 3472 peccato.

1515 3537 1517 3560 l
1598 3538 1622 3571 β)
1643 3539 1772 3564 t1‘muer1't.
1784 3552 1803 3558 —
1820 3539 1911 3564 timuit
1929 3539 2010 3563 PDIa.
2023 3552 2043 3557 —
2063 3538 2112 3562 Pro
2123 3537 2222 3570 filium,
2235 3536 2325 3570 fllium
2344 3543 2420 3561 suum
2440 3537 2486 3562 Pa.

2731 3326 2746 3359 β

641 3385 732 3414 tem.
752 3376 916 3414 Divinus
932 3375 1034 3412 enim
1050 3375 1165 3411 timor
1180 3386 1258 3411 non
1274 3373 1490 3410 manifesta-
1543 3372 1633 3421 quia
1653 3371 1775 3409 voluit
1795 3371 2008 3409 interficere
2030 3371 2152 3408 filiurn
2182 3371 2426 3408 innocentem
2439 3369 2471 3406 ⁸⁸.
2501 3371 2603 3418 Ergo
2631 3377 2844 3427 :regennae-¹¹¹¹,
