2860 4244
890 280 1154 328 QUAESTIO
1185 281 1378 328 LXXXV,
1406 280 1702 318 ARTICULUS
1734 280 1783 316 lV
2343 291 2417 328 219

251 363 346 399 haec
364 361 427 398 vel
455 361 503 397 ad
531 360 603 397 illa.
625 381 646 388 -
674 360 788 397 Aliud
815 371 909 396 vero
930 366 985 396 est
1013 359 1172 396 exterius
1194 359 1304 396 sacri·
1410 361 1468 396 An
1511 371 1706 396 SECUNDUM
1747 370 1934 395 memnon
1975 357 2081 407 quod
2122 357 2300 406 quamvis
2341 370 2420 394 non

252 413 383 451 ficium
411 413 565 461 quando
585 421 690 452 actus
718 412 918 450 exteriores
945 411 1103 448 aliarum
1123 412 1303 449 virtutum
1359 424 1496 449 omnes
1539 411 1658 448 sciant
1699 411 1870 460 explicite
1907 411 2086 448 virtutem
2123 410 2418 457 sacrificiorum,

227 467 290 504 'in
305 466 474 504 divinam
490 465 741 503 reverentiam
761 472 1012 502 assumuntur.
1034 464 1209 511 Quorum
1225 466 1304 514 qui·
1360 464 1483 502 sciunt
1519 472 1651 501 tamen
1683 464 1880 512 implicite:
1919 463 2014 500 sicut
2051 470 2087 500 et
2122 464 2264 500 habent
2300 463 2419 500 fidem

253 519 342 557 dam
371 519 510 556 cadunt
537 520 608 555 sub
635 525 852 567 praecepto,
881 517 930 555 ad
958 529 1055 566 quos
1090 529 1224 555 omnes
1252 525 1305 555 te·
1359 517 1593 566 implicitam,
1621 524 1664 554 ut
1691 529 1806 566 supra
1825 518 1846 537 '¹
1873 517 2046 554 habitum
2077 524 2142 553 est.
2451 511 2524 565 {31¹⁰
2540 516 2564 537 ¹¹*
2579 514 2621 532 m·
2638 511 2661 538 δ’

252 579 409 609 nentur:
448 571 603 620 quidam
630 583 724 608 vero
753 578 840 607 sunt
866 570 1226 619 supererogationis,
1256 571 1305 607 ad
1413 571 1472 606 AD
1492 581 1657 607 TERTIUM
1682 581 1866 607 memnon
1887 570 1991 618 quod
2015 568 2230 606 sacerdotes
2257 568 2422 605 offerunt

251 637 350 674 quos
378 636 455 661 non
485 636 620 661 omnes
647 631 832 660 tenentur.
1361 621 1545 659 sacrificia
1585 634 1682 670 quae
1711 629 1799 660 sunt
1827 622 2037 671 specialiter
2071 621 2243 659 ordinata
2271 621 2320 658 ad
2345 621 2420 657 cul-

304 679 363 715 An
383 688 519 714 ptumum
538 687 636 713 ERGO
655 687 839 713 mcENDUM
858 675 964 723 quod
983 674 1031 713 ad
1050 675 1111 712 illa
1133 675 1307 712 determi-
1360 682 1442 711 tum
1472 674 1661 722 divinum,
1682 687 1760 712 non
1789 676 1915 712 solum
1943 687 2014 723 pro
2034 687 2086 723 se,
2111 675 2178 712 sed
2208 674 2321 711 etiam
2349 686 2419 722 pro

251 738 338 766 nata
358 728 540 766 sacrificia
567 741 666 777 quae
693 728 731 765 in
754 729 836 776 lege
865 735 970 765 erant
995 736 1208 777 praecepta,
1229 740 1307 765 non
1361 727 1453 764 aliis.
1498 727 1699 773 Quaedam
1746 739 1840 764 vero
1878 735 1964 764 sunt
1998 728 2069 764 alia
2102 727 2285 765 sacrificia
2322 738 2419 775 quae

251 794 387 820 omnes
414 781 659 818 tenebantur:
692 781 919 818 tenebantur
950 789 1078 818 tamen
1106 781 1155 818 ad
1183 781 1308 829 aliqua
1361 779 1519 828 quilibet
1547 787 1672 827 potest
1699 792 1769 828 pro
1799 792 1839 817 se
1868 782 1953 817 Deo
1974 780 2123 828 offerre,
2151 787 2193 817 ut
2222 792 2267 816 ex
2290 791 2421 828 supra·
2450 819 2458 829 ,

14 838 63 862 ’1¹¹
77 844 183 866 σοι-ραι
251 833 433 871 sacrificia
460 833 639 871 interiora
656 834 718 871 vel
747 833 942 882 exteriora,
961 841 1003 871 ut
1030 834 1172 871 dictum
1201 840 1258 870 est
1274 833 1306 870 *,
1363 831 1469 869 dictis
1489 831 1509 853 ’¹‘
1536 839 1651 880 patet.
2452 818 2613 867 m¹.¹¹2f⁰‘¹’‘’
2639 821 2662 839 ‘¹

927 946 1258 980 Commentaria
1279 945 1528 978 cardinalis
1549 944 1750 977 Caietani

279 1055 300 1076 N
323 1045 455 1076 articulo
479 1051 592 1086 quarto
615 1044 711 1075 habes
734 1045 823 1086 quod
846 1045 912 1075 duo
934 1053 1047 1084 genera
1071 1042 1211 1074 sacrificii
1235 1049 1309 1072 sunt
1360 1042 1464 1072 ristiae
1493 1041 1655 1072 oblatione
1684 1041 1887 1072 essentialiter
1915 1042 2082 1072 consistere
2109 1042 2247 1072 videtur:
2279 1041 2425 1082 quamvis

252 1057 431 1120 Iomnibus
455 1088 654 1120 communia:
679 1088 795 1119 scilicet
812 1088 968 1119 interioris
983 1087 1097 1117 mentis
1112 1086 1231 1117 oblatio
1254 1096 1310 1126 per
1360 1086 1448 1126 largo
1472 1085 1629 1116 vocabulo
1656 1086 1690 1115 in
1712 1085 1780 1116 iure
1803 1086 1898 1116 etiam
1921 1086 2113 1122 inveniatur,
2138 1086 2223 1116 iuxta
2246 1085 2325 1116 illud
2349 1085 2425 1116 Gre-

249 1133 453 1164 devotionem
476 1139 508 1164 et
529 1133 722 1168 orationem;
747 1138 777 1162 et
800 1131 919 1162 oblatio
943 1137 1073 1161 actuum
1097 1130 1229 1160 aliarum
1249 1130 1309 1160 vir·
1361 1130 1442 1170 gorii
1464 1130 1497 1160 in
1521 1129 1740 1160 benedictione
1764 1128 1870 1160 Cerei:
1895 1130 2037 1170 suscipe,
2052 1135 2163 1160 sancte
2177 1130 2284 1168 Pater,
2305 1130 2426 1160 incensi

248 1183 366 1208 tutum.
389 1177 536 1208 Tertium
551 1183 658 1207 autem
672 1174 814 1206 sacrificii
827 1185 928 1215 genus
951 1182 997 1205 est
1020 1174 1188 1214 proprium
1211 1184 1310 1204 sacer·
1362 1174 1457 1205 huius
1479 1174 1673 1214 sacmficium
1698 1174 1923 1213 vespertinum.

249 1221 377 1252 dotibus
400 1228 431 1252 et
452 1220 602 1251 ministris
624 1219 791 1250 Ecclesiae.
816 1219 914 1256 Quod
937 1218 1032 1249 hodie
1054 1218 1088 1248 in
1103 1219 1171 1249 sola
1186 1218 1309 1249 Eucha-
1335 1218 1337 1255 l
