2860 4244
308 345 449 377 amicum
477 345 660 386 simpliciter
683 352 714 376 et
736 345 897 376 absolute:
922 343 1020 384 gratia
1051 351 1158 374 autem
1187 343 1227 373 ad
1251 343 1377 374 benefa-

309 403 430 427 ctorem
452 402 488 427 ut
510 396 564 427 sic.
588 395 754 427 Amicitiae
770 404 910 435 namque
934 394 1096 425 obiectum
1120 401 1166 424 est
1181 394 1249 434 ipse
1273 394 1377 434 proxi·
1404 397 1405 400 ’

309 456 381 477 mus
405 447 566 477 absolute:
590 446 706 487 gratiae
730 453 838 477 autem
861 455 938 482 non,
955 445 1010 475 sed
1027 443 1227 481 beneficium,
1245 454 1300 475 seu
1325 445 1377 476 be-
1404 435 1405 449 Ι

309 496 450 528 nefactor
473 504 508 528 ut
532 497 586 528 sic.
785 491 788 495 Ι

365 547 402 578 11.
427 548 493 578 Nec
516 555 547 579 te
570 554 698 578 moveat
720 547 810 587 quod
833 549 955 577 Auctor
970 545 1140 576 amicitiam
1157 545 1308 576 virtutem
1324 555 1377 585 ap-

89 599 281 627 Qu·‹=¹1v‚·¹'¹·²·
309 598 447 638 pellavit,
459 598 597 639 loquens
609 607 675 628 non
693 598 732 628 de
744 596 880 627 amicitia
892 606 974 637 quae
987 595 1118 636 ponitur
1131 595 1263 626 inferius
1274 595 1292 614 *
1305 605 1378 636 pars

80 642 81 645 Ι
309 649 457 686 iustitiae,
479 655 592 679 vocata
614 647 802 689 affabilitas,
827 647 883 677 sed
899 647 938 677 de
954 646 1091 677 amicitia
1106 646 1242 682 honesti,
1259 646 1298 676 de
1314 656 1379 687 qua

77 719 79 721 ·
92 698 153 750 (ξε-
165 706 257 749 ¹25¹}-
271 711 282 716 ·
310 707 357 730 est
380 699 515 730 dubium
531 709 571 730 an
587 698 627 729 sit
641 698 751 734 virtus,
767 704 803 728 ut
822 703 909 738 patet
930 696 1002 727 VIII
1017 696 1121 727 Ethic.
1133 696 1151 715 *
1170 696 1277 728 Utitur
1292 695 1378 726 enim

96 759 97 762 ¹
143 743 150 750 ⁴
212 743 219 750 ’
249 743 254 749 Ι
310 753 433 781 Auctor
454 750 487 781 in
511 749 613 780 verbis
633 749 792 790 positione
809 748 932 779 dicente
947 748 1036 789 quod
1052 747 1190 778 amicitia
1206 755 1252 779 est
1267 746 1377 778 virtus.

310 801 380 837 Vel,
404 800 481 841 quia
502 799 641 831 amicitia
665 800 778 831 saltem
801 806 848 830 est
874 809 950 830 cum
978 798 1104 836 virtute,
1130 799 1217 830 idem
1246 798 1380 838 protulit

309 851 466 883 iudicium
490 852 529 882 de
552 851 666 882 virtute
690 858 721 882 et
743 851 782 881 de
806 857 1021 891 consequente
1045 850 1084 880 ad
1106 850 1266 881 virtutem.
1290 848 1379 879 Ami-

311 902 383 935 citia
408 913 547 944 namque
571 910 618 933 est
641 903 755 940 virtus,
779 907 838 933 aut
868 912 939 933 cum
964 903 1083 932 virtute
1097 901 1129 931 *:
1155 908 1187 932 et
1210 907 1378 941 propterea

397 1378 409 1400 ‚¹
432 1364 475 1394 x...
529 1355 553 1381 n
580 1355 723 1387 sax-run
751 1354 804 1380 sm
833 1353 1075 1380 artocem-rua.
1094 1341 1254 1378 Videtur
1277 1340 1384 1389 quod

390 1408 469 1423 '³
529 1416 609 1442 non
637 1410 813 1454 oporteat
840 1403 1006 1451 aliquem
1027 1402 1113 1451 plus
1138 1402 1316 1439 exhibere
1345 1401 1383 1438 in

401 1499 408 1506 ,
530 1462 889 1513 recompensatione
924 1474 1041 1511 quam
1072 1460 1282 1510 susceperit
1300 1460 1383 1497 “in

465 1517 470 1529 Ι
507 1523 732 1561 beneficio.
771 1521 1015 1570 Quibusdam
1045 1521 1165 1568 enim,
1195 1521 1291 1558 sicut
1318 1532 1384 1569 pa-

313 1582 592 1630 rentibus‚.nec
621 1583 736 1620 etiarn
764 1581 936 1631 aequalis
963 1572 1270 1630 recompensatio
1298 1578 1381 1616 fieri

93 1679 138 1691 ἢ,
156 1656 286 1703 ¹2:⁴3:
313 1644 460 1699 pot'est:
497 1641 879 1690 sicutPhilosophus
907 1639 1011 1687 dicit,
1041 1639 1080 1677 in
1105 1639 1193 1676 VIII
1221 1639 1342 1676 Ethic.
1363 1637 1384 1660 ‘²

168 1735 190 1762 >3
238 1728 241 1735 =
280 1694 286 1701 Ι
314 1690 394 1749 §ed
412 1701 532 1739 virtus
552 1713 630 1740 non
651 1707 810 1741 conatur
828 1700 878 1737 ad
897 1698 1145 1749 impossibile.
1176 1698 1269 1735 Non
1294 1709 1383 1746 ergo

102 1763 125 1771 “
313 1753 455 1813 'gratiae
483 1760 790 1811 recompensatio
819 1759 939 1798 tendit
965 1760 1013 1797 ad
1042 1758 1186 1807 aliquid
1213 1758 1348 1795 maius.

111 1872 114 1874 Ὗ
332 1813 408 1862 2
421 1822 659 1869 Pam-Eam,
670 1821 706 1858 si
721 1820 856 1870 aliquis
875 1821 961 1869 plus
981 1826 1247 1868 recompensat
1266 1830 1385 1866 quam

111 1880 124 1894 ²
172 1884 191 1921 θ
314 1881 572 1925 ἰηηῑὶεῐιθίὶοἰο
611 1880 800 1930 acceperit
818 1878 855 1927 β,
885 1892 930 1917 ex
958 1880 1034 1917 hoc
1061 1879 1144 1928 ipso
1178 1878 1287 1926 quasi
1321 1877 1386 1915 ali-

115 1943 125 1948 ”
316 1942 409 1992 quid
438 1942 487 1980 de
513 1953 620 1979 novo
649 1941 726 1979 dat.
757 1940 835 1978 Sed
863 1940 913 1977 ad
941 1939 1173 1977 beneficium
1203 1938 1251 1976 de
1280 1950 1385 1975 novo

317 2001 450 2041 datum
469 2009 618 2039 tenetur
635 2002 756 2039 homo
775 2000 934 2049 gratiam
954 2011 1261 2049 recompensare.
1282 1999 1386 2047 Ergo

315 2062 387 2100 ine
405 2062 472 2112 qui
499 2061 626 2111 primo
656 2060 889 2098 beneficium
919 2059 1077 2098 dederat
1103 2058 1293 2096 tenebitur
1321 2058 1387 2095 ali-

316 2118 410 2173 quid
438 2121 562 2158 maius
581 2131 896 2170 recompensare:
927 2126 964 2156 et
987 2118 1040 2156 sic
1058 2117 1285 2168 procederet
1302 2122 1319 2146 Υ
1347 2117 1385 2154 in

87 2180 277 2250 ‘zwiw-
305 2174 520 2226 iit'finitutn.
550 2181 629 2218 Sed
655 2180 777 2218 virtus
805 2191 884 2217 non
913 2185 1072 2216 conatur
1100 2178 1153 2221 ad
1177 2177 1384 2215 infinitum:

106 2246 123 2278 ἲ,
150 2246 157 2250 ”
205 2230 223 2248 Ἰ
255 2236 257 2238 Ι
317 2237 408 2292 quia
443 2239 631 2288 infinitum
665 2241 792 2288 aufert
827 2244 1005 2276 naturam
1035 2237 1147 2283 boni,
1175 2245 1217 2275 ut
1253 2236 1388 2275 dicitur

98 1806 121 1833 ἓ,
144 1808 175 1833 ,ιι
214 1811 215 1814 “

179 1849 190 1866 tr

101 2098 197 2153 γη

100 2148 101 2151 Ι
114 2151 125 2166 Ι·
141 2162 144 2166 .
162 2151 193 2173 ι’,μι

317 2371 401 2410 gon
426 2359 541 2397 debet
569 2358 753 2396 excedere
781 2366 984 2407 acceptum
1013 2357 1258 2395 beneficium.

347 2419 409 2457 ;3.
439 2419 680 2465 PRAETEREA,
710 2417 846 2455 iustitia
873 2417 912 2454 in
941 2416 1167 2464 aequalitate
1204 2415 1385 2454 consistit.

185 2491 190 2503 ¹
208 2484 263 2520 *ie-¹
318 2477 401 2516 sed·
417 2477 542 2515 maius
561 2484 618 2514 est
636 2477 793 2525 quidam
809 2476 1045 2524 aequalitatis
1065 2487 1254 2513 excessus.
1284 2476 1385 2512 Cum

319 2595 430 2642 detur
455 2597 560 2648 quod
590 2609 886 2646 recompensare
915 2595 1058 2644 aliquid
1084 2595 1208 2633 maius
1229 2603 1385 2644 accepto

95 2710 99 2711 ⁷
318 2649 509 2711 beneficio
539 2658 584 2695 sit
610 2657 804 2704 vitiosum,
836 2664 872 2694 et
899 2656 1060 2694 iustitiae
1090 2655 1325 2706 oppositum.

318 2743 325 2749 -
365 2717 449 2757 'SED
467 2720 625 2770 ‘comm
652 2729 719 2771 iss-r
746 2717 852 2767 quod
881 2717 1139 2766 Philosophus
1168 2715 1269 2763 dicit,
1292 2716 1331 2753 in
1350 2714 1386 2752 V

100 2774 119 2829 ’ᾗ
144 2798 161 2809 -
173 2792 291 2836 &37¹5-
317 2777 439 2816 Ethic.
459 2777 494 2815 *t
524 2774 769 2826 Refamulari
774 2774 931 2826 oportet
947 2776 983 2813 ei
1008 2776 1075 2825 qui
1090 2775 1259 2827 gratiam
1276 2775 1387 2824 fecit,

105 2851 110 2859 ⁴
176 2849 192 2877 a
318 2843 356 2875 et
389 2849 542 2874 rursum
580 2837 701 2886 ipsum
738 2836 901 2886 incipere
926 2834 952 2872 δ.
992 2835 1110 2882 Quod
1148 2834 1305 2884 quidem
1345 2834 1388 2871 fit

320 2897 413 2934 dum
442 2896 586 2945 aliquid
613 2896 737 2933 maius
770 2895 998 2933 retribuitur.
1028 2895 1130 2942 Ergo
1160 2905 1386 2942 recompen-

319 2957 416 2996 satio
445 2958 559 2996 debet
586 2957 743 2994 tendere
772 2956 821 2993 ad
849 2956 924 2992 hoc
951 2955 1057 3003 quod
1095 2953 1237 3002 aliquid
1265 2953 1388 2998 maius

106 3056 109 3059 ,
319 3015 442 3054 faciat.

99 3100 104 3120 3
125 3092 129 3099 ·
149 3081 278 3111 -pmoed-
374 3076 602 3113 Respounsso
630 3086 816 3112 morannum
843 3073 961 3122 quod,
983 3073 1078 3110 sicut
1107 3071 1250 3109 dictum
1280 3080 1336 3109 est
1355 3072 1387 3120 ²¹⁶,

102 3145 113 3152 ¹
320 3134 627 3183 recompensatio
655 3133 797 3182 gratiae
826 3132 976 3182 respicit
994 3132 1226 3170 beneficium
1252 3144 1387 3170 secun-

106 3212 109 3213 ⁷
133 3219 140 3225 .
181 3213 192 3230 ι
322 3195 416 3233 dum
444 3195 683 3231 voluntatem
712 3193 973 3230 beneficiantis
995 3197 1018 3230 ⁸.
1049 3193 1092 3229 In
1121 3204 1198 3241 quo
1231 3192 1387 3241 quidem

320 3253 525 3303 praecipue
552 3253 627 3290 hoc
656 3251 963 3289 commendabile
992 3251 1145 3289 videtur
1172 3251 1278 3301 quod
1306 3264 1387 3300 gra-

377 3420 404 3453 α)
424 3419 580 3452 susceperit.
591 3433 610 3439 —
628 3419 743 3451 suscepit
761 3419 910 3450 CDGHKL,
929 3419 1040 3452 suscipit
1058 3420 1110 3444 BF.

378 3461 403 3496 β)
422 3462 562 3498 acceperit.
574 3475 590 3481 ·—
610 3462 713 3494 accepit
730 3461 845 3493 BFGsD,
864 3461 962 3494 accipit
979 3462 1029 3494 pD,
1048 3462 1148 3494 recepit
1166 3462 1198 3486 H.

375 3504 402 3538 γ)
418 3504 585 3537 procederet.
596 3516 616 3523 —
628 3503 789 3536 proceditur
807 3503 839 3532 H,
855 3503 1049 3535 procederetur
1067 3503 1114 3528 Pa.

376 3545 400 3579 ὃ)
421 3547 546 3579 incipere.
558 3560 576 3566 —
595 3546 740 3578 reincipere
758 3546 776 3574 1.
795 3546 913 3578 recipere
931 3546 979 3570 Pa.

377 3589 399 3621 ε)
418 3588 636 3619 beneficiantis.-
655 3587 841 3621 benefacientis
865 3587 937 3612 PGa.
949 3601 968 3606 -
988 3587 1038 3612 Pro
1058 3587 1087 3612 In
1107 3594 1174 3620 quo,
1196 3587 1225 3612 In
1245 3594 1297 3619 qua
1320 3586 1389 3611 ACD

998 265 1265 311 QUAESTIO
1296 264 1397 312 CVI,
1426 264 1725 301 ARTICULUS
1753 263 1804 301 VI

94 2298 291 2361 &gg-gg
316 2299 358 2341 in
395 2301 427 2337 11
464 2300 682 2349 Metaphys;
709 2299 730 2321 *
758 2300 861 2348 Ergo
899 2298 1039 2347 gratiae
1077 2297 1384 2346 recompensatio
1412 2288 1414 2332 ῗ

154 2364 180 2388 9·

318 2549 408 2587 ergo
437 2537 476 2586 in
503 2537 672 2587 qualibet
689 2537 828 2574 virtute
857 2548 1034 2573 excessus
1062 2536 1108 2572 sit
1129 2535 1301 2582 vitiosus,
1329 2535 1387 2572 vi-
1438 2555 1444 2561 -

323 3630 432 3656 EHIKa.

2417 262 2494 308 403
2523 280 2527 289 x

1432 350 1538 384 potest
1570 342 1631 373 dici
1667 342 1767 373 virtus
1798 342 2050 373 concomitanter
2062 365 2069 378 ‚
2100 341 2175 382 quia
2207 341 2357 372 virtutem
2388 350 2496 371 conse-

1432 394 1550 435 quitur.

1487 444 1528 475 Et
1541 451 1618 475 nota
1630 444 1762 475 demum
1778 454 1815 475 ex
1830 444 1932 476 littera
1947 443 2117 483 practicam
2132 443 2384 483 negotiatorum:
2399 442 2498 483 quod,

1432 494 1458 524 si
1480 494 1560 534 grati
1583 504 1650 524 esse
1674 485 1799 530 debent,
1823 500 1982 535 quantum
2004 493 2083 524 lucri
2100 493 2158 524 sibi
2175 493 2337 524 accesserit
2352 502 2388 523 ex
2404 493 2499 523 bene-

1430 544 1504 576 ficio
1528 545 1683 576 amicitiae
1707 545 1802 582 utilis,
1827 545 2023 576 considerare
2043 545 2167 576 debent.
2188 545 2264 582 Quo
2283 544 2319 575 fit
2335 550 2371 575 ut
2386 544 2442 585 qui
2461 544 2501 574 ad

1431 596 1641 636 quantitatem
1663 596 1742 626 lucri
1762 595 1958 636 respiciendo
1978 602 2190 631 remunerant,
2208 601 2392 636 supponant
2407 595 2501 625 bene-

1431 645 1585 677 factorem
1609 646 1750 677 utilitatis
1773 646 1871 686 gratia
1891 646 2079 677 beneficium
2096 646 2295 687 praestitisse,
2312 646 2431 687 absque
2447 656 2501 686 pa-

1432 705 1495 734 cto,
1519 704 1579 728 etc.
1602 698 1686 728 Nam
1702 698 1727 728 si
1744 698 1870 728 honesti
1885 698 1984 738 gratia
1999 697 2190 729 beneficium
2210 698 2362 728 collatum
2381 707 2501 738 suppo-

1432 755 1552 784 nerent,
1566 758 1632 778 non
1649 748 1834 779 metirentur
1850 749 2018 790 proprium
2034 749 2159 780 lucrum
2178 749 2210 779 in
2226 748 2500 789 recompensando

1433 797 1634 834 beneficium,
1659 798 1714 828 sed
1737 798 1884 830 affectum
1907 799 2126 830 benefactoris.

1488 848 1530 878 Et
1548 848 1625 878 haec
1641 848 1680 878 de
1695 855 1763 879 tota
1778 849 1836 879 hac
1852 849 2050 889 quaestione,
2066 859 2141 880 cum
2157 849 2248 880 dictis
2263 850 2296 880 in
2315 849 2502 890 quaestione

1434 899 1589 940 sequenti,
1615 899 1697 930 dicta
1721 899 1887 931 sufficiant.
2118 903 2123 907 ”

1129 1070 1447 1114 ARTICULUS
1477 1069 1688 1112 SEXTUS

641 1183 797 1215 UTRUM
821 1182 1060 1214 OPORTEAT
1083 1182 1281 1220 ALIQUEM
1304 1181 1411 1213 PLUS
1434 1181 1652 1212 EXHIBERE
1676 1181 1720 1211 IN
1744 1180 2170 1212 RECOMPENSATIONE

389 1272 402 1275 f
418 1270 421 1271 ⁷
436 1265 453 1269 ⁴
539 1252 545 1253 ⁷
561 1240 585 1249 ‘⁷
603 1233 626 1237 ⁴
998 1235 1125 1272 QUAM
1149 1233 1412 1265 SUSCEPERIT
1435 1234 1479 1264 IN
1500 1233 1733 1270 BENEFICIO

1436 1340 1483 1378 tis
1509 1340 1744 1378 beneficium
1782 1340 1939 1378 contulit
1968 1341 2017 1378 ad
2045 1342 2149 1389 quod
2187 1353 2267 1379 non
2294 1341 2504 1380 tenebatur.

1437 1401 1487 1437 Et
1514 1400 1603 1437 ideo
1632 1400 1697 1449 qui
1717 1400 1949 1437 beneficium
1979 1400 2125 1449 accepit
2144 1401 2193 1438 ad
2211 1402 2288 1438 hoc
2306 1401 2504 1450 obligatur,

1439 1471 1485 1496 ex
1513 1459 1642 1496 debito
1681 1459 1910 1507 honestatis,
1939 1467 1980 1496 ut
2017 1459 2187 1497 similiter
2213 1460 2327 1508 gratis
2364 1460 2506 1511 aliquid

1438 1517 1648 1567 impendat.
1679 1519 1771 1556 Non
1800 1526 1928 1555 autern
1948 1518 2101 1556 videtur
2128 1519 2241 1567 gratis
2270 1519 2411 1569 aliquid
2436 1520 2506 1558 im-

1438 1578 1607 1627 pendere
1636 1578 1708 1615 nisi
1737 1578 1896 1616 excedat
1932 1579 2181 1627 quantitatem
2210 1580 2355 1628 accepti
2391 1581 2506 1618 bene-

1438 1637 1534 1675 ficii:
1564 1637 1654 1686 quia
1681 1638 1853 1686 quandiu
1891 1646 2159 1687 recompensat
2191 1639 2317 1676 minus
2346 1640 2408 1676 vel
2445 1652 2505 1677 ae-

1439 1697 1564 1747 quale,
1581 1709 1661 1735 non
1679 1697 1831 1735 videtur
1850 1697 1973 1734 facere
1993 1698 2119 1746 gratis,
2136 1699 2204 1735 sed
2223 1699 2382 1736 reddere
2402 1700 2508 1749 quod

1411 1751 1413 1776 Ι
1440 1757 1598 1806 accepit.
1639 1758 1688 1794 Et
1715 1757 1803 1794 ideo
1839 1757 1981 1805 gratiae
2017 1758 2321 1806 recompensatio
2355 1771 2508 1808 semper

1438 1818 1559 1856 tendit
1586 1826 1638 1864 ut,
1667 1830 1739 1867 pro
1769 1830 1839 1855 suo
1859 1830 1987 1867 posse,
2007 1817 2151 1866 aliquid
2171 1818 2296 1856 maius
2316 1819 2508 1857 retribuat.

1494 1878 1554 1914 An
1582 1889 1721 1914 Palmum
1749 1888 1848 1914 ERGO
1877 1889 2063 1914 mensuum
2091 1878 2209 1926 quod,
2238 1878 2334 1915 sicut
2367 1879 2509 1916 dictum

1440 1945 1496 1974 est
1511 1937 1548 1984 ³¹,
1569 1937 1608 1974 in
1627 1936 1986 1986 recompensatione
2007 1937 2184 1975 beneficii
2204 1938 2325 1987 magis
2345 1947 2400 1976 est
2420 1952 2508 1976 con·
2536 1949 2548 1960 ·
2564 1950 2615 1971 An-
2634 1956 2656 1979 3⁷
2675 1949 2704 1970 ad
2723 1956 2750 1978 52

1440 1997 1666 2034 siderandus
1695 1997 1854 2034 affectus
1887 1997 2050 2034 benefici
2069 1996 2082 2022 t
2109 2009 2228 2046 quam
2262 1998 2430 2036 effectus.
2469 1999 2509 2036 Si
2537 1979 2647 2033 ³⁸⁶⁵‘t

1442 2070 1531 2106 ergo
1562 2057 1850 2095 consideremus
1880 2057 2058 2094 effectum
2080 2058 2257 2095 beneficii
2285 2059 2390 2107 quod
2410 2059 2509 2096 filius

1440 2129 1463 2154 a
1491 2116 1712 2166 parentibus
1740 2116 1906 2166 accepit,
1937 2116 2078 2154 scilicet
2106 2130 2188 2154 esse
2218 2125 2255 2154 et
2281 2118 2424 2166 vivere,
2454 2119 2509 2156 ni-

1439 2176 1491 2213 hil
1520 2177 1680 2229 aequale
1709 2176 1809 2213 filius
1834 2188 2129 2226 recompensare
2158 2184 2294 2226 potest,
2314 2186 2356 2215 ut
2383 2178 2510 2215 Philo-

1441 2237 1585 2286 sophus
1615 2236 1714 2274 dicit.
1746 2236 1786 2273 Si
1805 2244 1933 2274 autem
1962 2232 2202 2275 attendamus
2222 2237 2271 2275 ad
2291 2238 2413 2287 ipsam
2441 2251 2511 2276 vo·
2536 2263 2541 2269 -

1440 2297 1625 2333 luntatem
1653 2296 1777 2334 dantis
1806 2303 1843 2333 et
1875 2296 2134 2344 retribuentis,
2164 2298 2217 2334 sic
2248 2306 2375 2347 potest
2410 2298 2511 2335 filius

1441 2356 1582 2406 aliquid
1612 2356 1736 2393 maius
1771 2356 1868 2405 patri
1897 2357 2121 2394 retribuere:
2150 2366 2192 2394 ut
2220 2358 2368 2395 Seneca
2402 2358 2510 2406 dicit,

1439 2415 1479 2453 in
1507 2417 1557 2452 III
1588 2416 1634 2452 de
1661 2417 1826 2464 Benefic.
1847 2415 1867 2437 *
1897 2415 1936 2453 Si
1965 2423 2097 2453 tamen
2125 2429 2205 2454 non
2233 2425 2375 2466 posset,
2406 2411 2511 2454 suffi-
2539 2425 2621 2453 ‘Cap-
2639 2431 2705 2447 ¹¹1¹·

1442 2483 1544 2512 ceret
1563 2480 1581 2503 η
1611 2475 1660 2512 ad
1679 2475 1947 2523 gratitudinem
1976 2476 2295 2524 recompensandi
2319 2477 2510 2514 voluntas.
2637 2489 2653 2513 η

1495 2537 1554 2572 An
1582 2547 1775 2572 SECUNDUM
1811 2546 1998 2572 mCENDUM
2031 2536 2136 2585 quod
2167 2536 2337 2573 debitum
2361 2537 2511 2584 gratitu-

1442 2594 1539 2632 dinis
1573 2606 1617 2631 ex
1653 2594 1805 2631 caritate
1836 2595 2050 2643 derivatur,
2089 2608 2207 2643 quae,
2248 2604 2390 2645 quanto
2411 2597 2512 2645 plus

1441 2654 1620 2701 solvitur,
1654 2662 1760 2691 tanto
1795 2655 1915 2702 magis
1951 2655 2132 2692 debetur:
2172 2656 2384 2692 secundum
2422 2656 2512 2693 illud

1441 2716 1554 2752 Rom.
1580 2726 1641 2752 xm
1667 2715 1702 2751 *z
1731 2714 1893 2752 Nemini
1924 2715 2129 2764 quidquam
2158 2716 2340 2762 debeatis,
2370 2716 2445 2753 nisi
2474 2722 2515 2752 ut
2540 2724 2631 2746 *vers-
2649 2724 2673 2746 8·

1442 2774 1602 2811 invicem
1631 2773 1807 2824 diligatis.
1845 2774 1894 2811 Et
1921 2774 2010 2811 ideo
2039 2787 2119 2811 non
2149 2782 2204 2812 est
2238 2774 2512 2812 inconveniens

1442 2833 1474 2877 si
1502 2833 1682 2882 obligatio
1712 2833 1948 2881 gratitudinis
1977 2833 2265 2871 interminabilis
2294 2834 2350 2871 sit.

1495 2894 1555 2929 AD
1574 2904 1736 2929 TERTmM
1756 2904 1941 2929 Diei-:unum
1961 2893 2067 2941 quod
2087 2893 2183 2930 sicut
2201 2893 2240 2930 in
2255 2894 2394 2931 iustitia
2413 2907 2512 2942 quae

1443 2960 1499 2989 est
1526 2952 1646 2989 virtus
1676 2952 1887 2999 cardinalis,
1917 2952 2122 2990 attenditur
2140 2953 2347 3002 aequalitas
2371 2966 2510 3002 rerum,

1441 3013 1493 3050 ita
1507 3012 1546 3049 in
1561 3012 1787 3060 gratitudine
1807 3013 2012 3050 attenditur
2026 3013 2233 3062 aequalitas
2247 3014 2510 3051 voluntatum:

1443 3081 1484 3109 ut
1512 3072 1653 3109 scilicet
1681 3072 1777 3108 sicut
1805 3084 1849 3109 ex
1877 3072 2178 3121 promptitudine
2205 3074 2412 3111 voluntatis
2447 3075 2511 3111 be·
2619 3112 2623 3116 ,

1444 3132 1589 3169 neficus
1619 3131 1760 3181 aliquid
1779 3129 1792 3153 θ
1823 3131 1992 3169 exhibuit
2010 3132 2059 3169 ad
2079 3133 2183 3181 quod
2203 3145 2282 3170 non
2302 3135 2510 3179 tenebatur,
2641 3139 2656 3165 θ

1443 3192 1493 3229 ita
1521 3192 1636 3230 etiarn
1673 3192 1735 3229 ille
1772 3192 1837 3241 qui
1870 3193 2064 3242 suscepit‘
2093 3193 2325 3231 beneficium
2369 3194 2511 3243 aliquid
2641 3211 2649 3227 ι

1444 3264 1559 3301 supra
1589 3251 1762 3289 debitum
1790 3260 2070 3301 recompenset.

1498 3419 1523 3452 ζ)
1543 3420 1659 3453 benefici.
1670 3434 1689 3439 -
1707 3420 1826 3453 beneficii
1843 3419 2022 3452 ADEHILpC,
2041 3427 2094 3443 om.
2115 3419 2187 3444 PGa.

1497 3461 1524 3493 η)
1544 3461 1684 3495 sufficeret.
1691 3476 1709 3479 —
1717 3462 1840 3494 sufficere
1850 3461 2018 3492 BEFKLpA;
2032 3466 2090 3485 ante
2100 3461 2223 3485 voluntas
2234 3461 2330 3485 addunt
2338 3461 2438 3494 sufficit
2445 3460 2513 3485 KsC.

1497 3501 1522 3535 Θ)
1542 3503 1669 3536 bertericus
1687 3503 1829 3535 aliquid.-
1848 3502 1978 3535 beneficiis
2002 3502 2106 3534 aliquid
2128 3502 2216 3535 ALpD
2236 3508 2261 3527 et
2279 3510 2308 3532 a,
2328 3503 2446 3536 beneficii
2463 3503 2513 3528 ali-

1444 3545 1510 3577 quid
1528 3544 1585 3574 IsK.
1604 3545 1700 3578 aliquis
1719 3546 1752 3575 H,
1771 3545 1922 3578 beneficium
1941 3544 2038 3576 aliquis
2058 3545 2086 3569 Ρ.

1503 3586 1522 3619 ι)
1541 3586 1663 3619 suscepit.
1676 3600 1696 3605 —
1714 3586 1824 3618 suscipit
1842 3586 1917 3611 BDF.
