2860 4244
59 842 174 895 inggdqu.
196 848 270 874 acm,

47 1830 67 1845 ··
77 1830 131 1854 ut.
145 1830 166 1858 1.
181 1836 234 1859 up.
247 1837 266 1854 ι.

31 2022 41 2073 ’,
52 2026 133 2097 Q.
142 2027 179 2068 a!
186 2023 264 2068 sstrnss

998 249 1262 295 QUAESTIO
1292 250 1412 298 XCV,
1442 250 1737 288 ARTICULUS
1768 252 1781 287 1

2402 251 2473 287 311

729 455 1137 533 QUAESTIO
1181 457 1909 535 NONAGESIMAQUIN
1913 459 2028 514 TA

891 575 976 615 DE
1009 575 1488 617 SUPERSTITIONE
1520 571 1883 619 DIVINATIVA

1116 690 1151 715 IN

301 803 490 886 Damna
519 792 840 829 considerandum
862 799 918 829 est
946 792 992 829 de
1022 792 1288 841 superstitione
1308 792 1360 829 di-

381 844 549 883 vinativa
567 844 598 882 *.

298 899 348 935 Et
376 898 474 935 circa
501 898 576 935 hoc
604 905 838 946 quaeruntur
865 905 965 935 octo.

350 951 500 988 Primo:
529 958 656 988 utrum
685 950 865 988 divinatio
894 950 940 987 sit
966 958 1180 999 peccatum.

352 1004 552 1041 Secundo:
581 1011 708 1041 utrum
738 1003 783 1040 sit
811 1003 956 1053 species
984 1002 1271 1052 superstitionis.

351 1057 502 1094 Tertio:
534 1057 581 1094 de
610 1057 809 1106 speciebus
838 1055 1091 1094 divinationis.

1181 690 1280 716 OCTO
1309 689 1513 715 ARTICULOS
1541 690 1658 715 DIVISA

1467 792 1635 838 Quarto:
1666 793 1714 829 de
1730 792 1963 830 divinatione
1982 806 2082 843 quae
2101 795 2144 831 fit
2161 806 2231 843 per
2250 795 2471 833 daemones.

1468 844 1628 891 Quinto:
1660 845 1706 881 de
1737 845 1968 883 divinatione
1996 859 2095 895 quae
2123 848 2166 884 fit
2192 860 2262 896 per
2290 855 2401 885 astra.

1467 897 1602 933 Sexto:
1633 898 1680 934 de
1710 898 1943 935 divinatione
1964 911 2062 947 quae
2090 900 2134 937 fit
2161 913 2231 949 per
2259 901 2418 938 somnia.

1467 949 1658 997 Septimo:
1689 950 1736 987 de
1765 951 1998 988 divinatione
2027 965 2127 1001 quae
2149 954 2192 990 fit
2219 966 2289 1002 per
2315 954 2473 1002 auguria

1520 1009 1556 1038 et
1583 1002 1673 1039 alias
1701 1003 1921 1041 huiusmodi
1950 1005 2249 1043 observationes.

1467 1055 1638 1092 Octavo:
1669 1056 1715 1092 de
1746 1056 1978 1094 divinatione
1998 1070 2096 1105 quae
2124 1059 2167 1095 fit
2189 1072 2259 1108 per
2286 1067 2441 1108 sortes„

1110 1180 1431 1223 ARTICULUS
1468 1181 1674 1224 PRIMUS

1004 1282 1160 1313 UTRUM
1183 1282 1409 1314 mVINAT1o
1433 1283 1499 1314 SIT
1522 1283 1761 1315 PECCATUM

1024 1369 1054 1394 111
1077 1370 1155 1395 Cont.
1176 1370 1262 1400 Geni„
1282 1377 1337 1402 cap.
1356 1377 1429 1401 οιινς
1450 1370 1480 1395 In
1501 1370 1609 1401 Isaiam,
1629 1379 1685 1404 cap.
1703 1379 1740 1396 111.

380 1478 386 1490 »
412 1499 415 1506 y
443 1488 451 1494 s
506 1470 529 1495 D
558 1469 695 1495 ramum
723 1469 776 1495 s1c
796 1464 1034 1495 PROCEmTUR.
1067 1457 1227 1494 Videtur
1250 1459 1354 1506 quod
1382 1457 1385 1510 ξ
1410 1458 1553 1496 futuras
1581 1457 1607 1496 β.
1638 1481 1661 1487 -
1700 1460 1904 1506 Quaedam
1941 1473 2035 1498 vero
2074 1473 2210 1498 causae
2251 1462 2471 1510 producunt

480 1529 482 1531 >
506 1510 686 1548 divinatio
714 1524 794 1548 non
830 1511 875 1548 sit
906 1517 1120 1560 peccatum.
1163 1511 1355 1548 Divinatio

292 1677 410 1706 tatem
437 1670 627 1718 pertinent
655 1682 771 1719 quam
798 1670 846 1707 ad
873 1676 1087 1718 peccatum.
1117 1670 1220 1718 Ergo
1247 1670 1354 1708 vide-

292 1729 354 1760 tur
380 1722 486 1770 quod
515 1722 699 1760 divinatio
728 1735 807 1760 non
838 1730 893 1759 est
919 1730 1131 1772 peccatum.

346 1787 383 1812 2.
400 1775 634 1824 PRAETEREA,
655 1776 889 1824 Augustinus
909 1775 1009 1823 dicit,
1030 1775 1069 1813 in
1089 1775 1185 1812 libro
1205 1776 1251 1812 de
1268 1777 1351 1813 Lib.

290 1829 412 1866 Arhit.
433 1828 474 1865 *ε
507 1829 599 1871 Quis
617 1829 756 1866 audeat
772 1830 896 1866 dicere
914 1829 1146 1877 disciplinam
1168 1840 1246 1865 esse
1273 1841 1353 1866 ma-

292 1881 399 1919 lum?
426 1881 476 1918 Et
502 1882 660 1919 iterum:
688 1882 808 1920 Nullo
840 1882 952 1919 modo
985 1882 1147 1918 dixerim
1184 1882 1350 1930 aliquam

291 1934 574 1984 'intelligentiam
594 1935 734 1972 malam
763 1947 841 1972 esse
861 1947 984 1983 posse.
1015 1935 1093 1972 Sed
1120 1935 1267 1983 aliquae
1295 1948 1352 1980 ar-

290 1995 347 2025 tes
375 1994 464 2024 sunt
492 1988 741 2026 divinativae:
769 1996 810 2025 ut
836 1995 941 2037 patet
967 2000 1036 2037 per
1063 1987 1349 2037 Philosophum,

290 2041 330 2079 in
365 2040 462 2078 libro
490 2042 536 2079 de
562 2042 756 2079 Memoria
783 2041 813 2078 ²¹².
852 2041 1011 2079 Videtur
1045 2041 1158 2078 etiam
1187 2041 1269 2090 ipsa
1298 2042 1351 2079 di-

289 2093 433 2132 vinatio
462 2095 511 2132 ad
539 2094 705 2144 aliquam
737 2094 1018 2143 intelligentiam
1045 2094 1212 2131 veritatis
1240 2096 1351 2144 perti-

290 2158 394 2184 nere.
424 2147 527 2196 Ergo
555 2147 708 2185 videtur
736 2148 842 2197 quod
870 2147 1053 2185 divinatio
1082 2160 1161 2185 non
1190 2148 1236 2185 sit
1263 2161 1351 2197 pec-

290 2207 429 2237 catum.

346 2253 381 2291 3.
401 2253 643 2301 PRAETEREA,
674 2252 852 2290 naturalis
880 2253 1072 2290 inclinatio
1111 2266 1190 2290 non
1219 2261 1274 2290 est
1302 2254 1351 2291 ad

291 2305 446 2354 aliquod
473 2306 638 2343 malum:
668 2306 756 2354 quia
775 2314 910 2343 natura
933 2318 1012 2343 non
1040 2307 1193 2344 inclinat
1211 2306 1281 2343 n'isi
1301 2308 1350 2344 ad

290 2358 412 2396 simile
440 2358 523 2396 sibi.
554 2359 630 2396 Sed
651 2372 695 2396 ex
724 2360 884 2396 naturali
904 2359 1144 2396 inclinatione
1172 2360 1350 2397 homines

236 2459 238 2462 v
290 2411 536 2449 sollicitantur
571 2424 824 2461 praenoscere
862 2413 1007 2449 futuros
1036 2420 1214 2460 eventus,
1245 2413 1349 2462 quod

289 2464 450 2514 pertinet
468 2465 516 2502 ad
536 2465 822 2502 divinationem.
852 2466 954 2513 Ergo
981 2465 1163 2503 divinatio
1192 2478 1270 2503 non
1295 2474 1351 2503 est

318 2525 501 2555 eccatum.

289 2530 314 2568 p
345 2572 420 2608 SED
457 2583 602 2608 CONTRA
636 2583 702 2607 EST
740 2571 845 2619 quod
882 2570 1017 2607 dicitur
1052 2572 1162 2608 Deut.
1195 2583 1280 2608 xvm
1307 2571 1347 2608 *ε

289 2624 381 2661 Non
400 2625 448 2660 sit
473 2625 539 2672 qui
556 2625 743 2672 pythones
768 2624 948 2669 consulat,
969 2636 1088 2672 neque
1115 2625 1270 2661 divinos.
1301 2625 1350 2661 Et

251 2694 262 2700 ·
289 2677 329 2714 in
348 2677 530 2722 Decretis,
551 2678 687 2724 XXVI,
706 2689 768 2725 qu.
787 2689 811 2714 v
824 2676 854 2724 ⁵³,
872 2677 1027 2714 dicitur:
1058 2677 1133 2719 Qui
1153 2678 1348 2714 divinatio-

290 2742 355 2767 nes
418 2735 561 2778 petunt,
580 2731 649 2766 sub
676 2730 818 2779 regulis
845 2730 1090 2778 quinquennii
1116 2731 1273 2777 iaceant,
1293 2743 1348 2767 se-

290 2741 454 2831 cunssm
481 2782 627 2832 gradus
648 2783 900 2830 poenitentiae
927 2783 1106 2830 definitos.

343 2836 571 2882 ansponnsso
606 2846 792 2872 mCENDUM
821 2835 927 2883 quod
962 2836 1001 2872 in
1022 2841 1039 2856 α
1066 2835 1224 2872 nomine
1255 2835 1348 2872 divi-

289 2887 451 2925 nationis
477 2887 690 2935 intelligitur
718 2888 909 2936 quaedam
945 2887 1222 2936 praenuntiatio
1250 2889 1347 2924 futu-

289 2953 432 2978 rorum.
463 2941 604 2978 Futura
641 2947 770 2977 autem
799 2940 997 2989 dupliciter
1032 2940 1232 2989 praenosci
1259 2953 1348 2989 pos-

290 3001 395 3030 sunt:
434 3005 513 3030 uno
552 2993 707 3042 quidem
742 2994 881 3040 modo,
915 2993 954 3029 in
991 2994 1066 3030 suis
1105 2993 1245 3039 causis3
1274 2993 1348 3030 alio

289 3047 422 3093 modo,
451 3046 490 3083 in
517 3045 662 3095 seipsis.
700 3047 848 3083 Causae
881 3053 1010 3083 autem
1047 3047 1259 3083 futurorum
1288 3046 1349 3083 tri-

287 3099 434 3149 pliciter
462 3111 503 3136 se
520 3099 679 3136 habent.
710 3099 912 3146 Quaedam
937 3099 1038 3136 enim
1066 3099 1284 3148 producunt
1304 3111 1348 3136 ex

289 3151 512 3190 necessitate
532 3159 576 3190 et.
587 3164 740 3200 semper
758 3164 848 3189 suos
869 3151 1036 3189 effectus.
1062 3153 1111 3189 Et
1128 3152 1349 3190 huiusmodi

290 3206 447 3243 effectus
481 3205 594 3242 futuri
621 3217 690 3253 per
725 3205 988 3242 certitudinem
1023 3205 1223 3254 praenosci
1240 3224 1243 3227 ·
1259 3217 1348 3254 pos-

289 3266 376 3297 sunt
412 3266 447 3295 et
481 3258 736 3307 praenuntiari
771 3270 816 3295 ex
852 3258 1153 3296 consideratione
1190 3271 1347 3295 suarum

289 3323 512 3350 causarum:
550 3310 644 3348 sicut
672 3311 854 3358 ‚astrologi
887 3311 1156 3360 praenuntiant
1190 3311 1346 3360 eclipses

342 3443 370 3476 α)
390 3443 426 3468 in.
439 3456 458 3462 -
476 3443 539 3468 Om.
558 3441 626 3474 PpC.

343 3477 368 3511 β)
381 3479 503 3512 suturas.
515 3492 535 3497 —
553 3480 679 3502 venturas
698 3477 773 3501 ΑΒΕ.

341 3513 368 3547 γ)
389 3513 415 3538 ἰη
434 3513 568 3548 seipsis.—
592 3514 618 3537 in
643 3512 742 3544 seipsos
760 3512 887 3541 ABFKL;
912 3520 959 3544 pro
977 3512 1162 3541 consIderar-e,
1181 3513 1349 3538 considerari

289 3548 347 3580 BF;
365 3549 375 3573 1
393 3549 467 3581 legit:
487 3549 539 3573 Per
556 3548 674 3573 homines
693 3550 781 3572 autem
801 3547 827 3572 in
846 3547 939 3579 seipsis
964 3547 1116 3572 huiusmodi
1133 3547 1240 3581 effectus
1262 3548 1346 3573 consi-

1410 1523 1500 1548 suos
1529 1511 1685 1549 effectus
1713 1525 1791 1549 non
1821 1525 1866 1549 ex
1894 1514 2116 1550 necessitate
2145 1522 2181 1551 et
2209 1526 2372 1564 semper,
2402 1516 2470 1554 sed

1409 1571 1450 1600 ut
1477 1564 1516 1600 in
1543 1565 1725 1612 pluribus,
1747 1578 1831 1602 raro
1851 1573 1980 1603 tamen
2010 1567 2200 1604 deficiunt.
2230 1569 2280 1604 Et
2303 1580 2373 1617 per
2399 1569 2469 1605 hu-

1408 1617 1574 1654 iusmodi
1601 1630 1733 1655 causas
1753 1626 1913 1667 possunt
1930 1620 2130 1668 praenosci
2158 1621 2270 1657 futuri
2299 1621 2467 1669 effectus,

1408 1682 1486 1707 non
1515 1670 1672 1718 quidem
1692 1683 1760 1720 per
1789 1671 2064 1719 certitudinem,
2086 1673 2154 1709 sed
2181 1685 2251 1721 per
2272 1674 2468 1722 quandam

1408 1723 1687 1761 coniecturam:
1717 1724 1812 1761 sicut
1831 1725 2009 1773 astrologi
2037 1737 2106 1774 per
2125 1726 2468 1765 considerationem

1407 1777 1599 1813 stellarum
1629 1777 1821 1826 quaedam
1858 1790 2111 1826 praenoscere
2140 1787 2177 1816 et
2203 1780 2468 1828 praenuntiare

1406 1837 1566 1879 possunt
1594 1830 1640 1867 de
1673 1830 1811 1879 pluviis
1841 1838 1877 1867 et
1900 1831 2157 1884 siccitatibus,
2189 1840 2225 1869 et
2253 1833 2391 1870 medici
2420 1835 2468 1871 de

1406 1883 1563 1920 sanitate
1592 1884 1655 1920 vel
1681 1890 1816 1920 morte.

1459 1936 1661 1983 Quaedam
1680 1949 1775 1973 vero
1796 1949 1931 1974 causae
1952 1944 2038 1974 sunt
2066 1949 2176 1986 quae,
2197 1938 2227 1974 si
2256 1938 2467 1975 secundum

1406 2001 1446 2026 se
1466 1989 1771 2037 considerentur,
1800 2002 1841 2026 se
1859 1990 2002 2027 habent
2025 1990 2073 2027 ad
2101 1991 2337 2039 utrumlibet&
2363 1991 2468 2040 quod

1405 2042 1609 2091 praecipue
1636 2042 1786 2080 videtur
1813 2043 1860 2080 de
1879 2043 2055 2092 potentiis
2083 2043 2338 2091 rationalibus,
2368 2057 2467 2093 quae

1405 2108 1445 2132 se
1464 2096 1607 2132 habent
1625 2095 1674 2132 ad
1698 2096 1884 2144 opposita,
1905 2097 2114 2133 secundum
2137 2097 2414 2146 Philosophum
2434 2097 2465 2134 ²¹⁸.

1407 2149 1454 2185 Et
1481 2149 1574 2185 tales
1602 2148 1771 2196 effectus,
1796 2150 1859 2187 vel
1887 2149 1998 2186 etiam
2026 2150 2056 2186 si
2085 2150 2150 2198 qui
2175 2150 2331 2187 effectus
2359 2158 2401 2187 ut
2428 2150 2466 2187 in

1404 2201 1647 2250 paucioribus
1677 2214 1767 2238 casu
1795 2202 1970 2239 accidunt
1998 2215 2043 2239 ex
2070 2203 2303 2240 naturalibus
2330 2203 2465 2252 causis,

1404 2267 1472 2303 per
1486 2255 1830 2291 considerationem
1846 2268 2045 2292 causarum
2065 2256 2265 2304 praenosci
2285 2269 2364 2293 non
2377 2269 2465 2305 pos-

1404 2315 1510 2344 sunt:
1540 2302 1630 2355 quia
1659 2320 1794 2344 eorum
1823 2321 1960 2345 causae
1988 2321 2067 2346 non
2089 2310 2231 2346 habent
2259 2309 2466 2346 inclinatio-

1404 2373 1493 2398 nem
1529 2361 1818 2398 determinatam
1854 2361 1902 2398 ad
1939 2362 2160 2399 huiusmodi
2198 2362 2365 2399 effectus.
2417 2363 2466 2399 Et

1403 2414 1490 2451 ideo
1527 2414 1682 2450 effectus
1710 2414 1931 2452 huiusmodi
1962 2415 2163 2463 praenosci
2198 2427 2276 2451 non
2304 2423 2464 2464 possunt

1404 2466 1472 2503 nisi
1499 2466 1538 2503 in
1562 2466 1694 2515 seipsis
1720 2467 2017 2505 considerentur.
2048 2467 2236 2505 Homines
2270 2475 2397 2504 autem
2427 2468 2465 2505 in

1403 2519 1536 2568 seipsis
1555 2524 1571 2548 Υ
1598 2519 1818 2556 huiusmodi
1848 2520 2004 2557 effectus
2033 2521 2272 2557 considerare
2305 2529 2466 2569 possunt

1403 2574 1527 2609 solum
1561 2573 1654 2609 dum
1675 2581 1761 2609 sunt
1787 2581 2018 2621 praesentes,
2039 2573 2135 2610 sicut
2154 2586 2241 2610 cum
2261 2575 2380 2610 homo
2409 2574 2464 2611 vi-

1404 2626 1466 2662 det
1486 2626 1684 2662 Socratem
1714 2638 1863 2662 currere
1883 2627 1944 2663 vel
1965 2627 2172 2664 ambulare.
2197 2627 2273 2664 Sed
2294 2627 2464 2664 conside-

1403 2691 1484 2716 rare
1505 2678 1724 2716 huiusmodi
1744 2678 1782 2715 in
1801 2679 1934 2727 seipsis
1960 2687 2163 2728 antequam
2183 2681 2287 2727 fiant,
2310 2687 2364 2716 est
2391 2680 2463 2716 Dei

1401 2731 1612 2780 proprium,
1642 2731 1706 2780 qui
1736 2732 1839 2768 solus
1867 2732 1906 2769 in
1942 2745 2010 2768 sua
2038 2732 2255 2769 aeternitate
2288 2733 2391 2769 videt
2420 2745 2465 2769 ea

1402 2796 1501 2832 quae
1529 2784 1653 2820 futura
1677 2791 1764 2820 sunt
1791 2784 1899 2832 quasi
1926 2786 2149 2833 praesentia,
2166 2792 2207 2821 ut
2234 2785 2271 2821 in
2300 2785 2429 2822 Primo
2445 2786 2465 2807 *

1402 2837 1572 2873 habitum
1599 2843 1671 2873 est:
1698 2837 1801 2873 unde
1831 2837 1965 2874 dicitur
2000 2837 2117 2874 Isaiae
2145 2850 2204 2874 xm
2230 2837 2267 2874 *ε
2305 2839 2462 2874 Annun-

1402 2890 1489 2926 tiate
1515 2901 1613 2937 quae
1626 2890 1769 2936 futura
1792 2887 1806 2910 δ
1832 2896 1919 2926 sunt
1944 2890 1981 2926 in
2005 2891 2207 2938 futurum,
2237 2896 2272 2926 et
2304 2891 2463 2927 sciemus

1401 2942 1580 2990 quoniam
1599 2942 1653 2982 dii
1668 2942 1751 2978 estis
1778 2953 1855 2978 vos.
1886 2943 1927 2979 Si
1947 2942 2031 2991 quis
2050 2955 2139 2991 ergo
2167 2943 2388 2981 huiusmodi
2407 2944 2461 2980 fu-

1401 3002 1485 3031 tura
1520 3006 1772 3043 praenoscere
1809 3002 1873 3032 aut
1908 2996 2171 3044 praenuntiare
2215 3008 2461 3045 quocumque

1402 3047 1522 3084 modo
1550 3047 1857 3096 praesumpserit,
1878 3048 1947 3085 nisi
1975 3050 2060 3086 Deo
2079 3049 2282 3092 revelante,
2305 3049 2462 3086 manife-

1402 3108 1456 3137 ste
1484 3107 1642 3149 usurpat
1669 3100 1740 3136 sibi
1768 3101 1872 3149 quod
1899 3100 1971 3138 Dei
2001 3109 2066 3139 est.
2096 3102 2145 3138 Et
2173 3113 2218 3138 ex
2245 3103 2320 3139 hoc
2348 3102 2463 3151 aliqui

1401 3153 1519 3190 divini
1536 3153 1731 3190 dicuntur:
1760 3154 1863 3191 unde
1883 3153 1970 3191 dicit
1998 3154 2176 3201 Isidorus,
2196 3154 2235 3191 in
2252 3155 2346 3192 libro
2369 3156 2460 3204 Ety-

1401 3206 1487 3243 mol.
1516 3205 1556 3243 *ε
1594 3206 1727 3244 Βίνίηἰ
1757 3206 1846 3243 dicti
1879 3207 1988 3255 quasi
2013 3209 2096 3245 Deo
2118 3207 2240 3255 pleni:
2272 3208 2462 3245 divinitate

1401 3260 1499 3296 enim
1527 3271 1567 3295 se
1589 3259 1720 3307 plenos
1747 3260 1934 3306 simulant,
1955 3266 1990 3296 et
2015 3261 2149 3298 astutia
2173 3260 2336 3308 quadam
2344 3261 2461 3308 frau-

1401 3312 1586 3349 dulentiae
1612 3312 1824 3349 hominibus
1843 3318 1854 3334 ⁸
1876 3314 2010 3360 futura
2029 3313 2246 3350 coniectant.

1372 3448 1376 3482 Ι
1402 3443 1496 3468 aerari
1509 3447 1624 3475 possunt
1628 3451 1638 3473 ;
1663 3443 1698 3468 E:
1727 3443 1824 3468 Omnes
1835 3446 1925 3467 autem
1938 3443 2089 3468 huiusmodi
2101 3442 2207 3476 effectus
2220 3443 2387 3469 considerari
2395 3451 2460 3476 pos-

1402 3481 1479 3545 sung.)
1492 3513 1600 3546 futura.
1612 3527 1632 3533 —
1650 3517 1763 3538 ventura
1782 3513 1874 3543 PDlK;
1894 3521 1941 3545 pro
1959 3513 2093 3545 quoniam,
2113 3514 2176 3546 quia
2195 3514 2246 3538 ΡΙ).

1455 3549 1476 3581 ε)
1496 3549 1653 3573 hominibus.
1665 3562 1683 3567 -
1701 3552 1727 3573 et
1745 3548 1892 3573 hominibus
1910 3548 1985 3573 ABF.

2494 2104 2505 2114 '⁴
2518 2104 2651 2132 Metaphys.
2664 2104 2706 2126 lib.

2495 2130 2557 2157 vm,
2565 2136 2646 2159 capnt,
2653 2137 2706 2156 ηας

2495 2162 2545 2184 cap.
2554 2163 2575 2184 v,
2585 2163 2607 2179 n.
2618 2163 2641 2181 2:

2494 2189 2623 2210 vm,n.14.-
2632 2183 2648 2206 S

2650 2163 2704 2205 54¹3:

2494 2210 2534 2231 lib.
2548 2209 2593 2238 IX,
2609 2211 2660 2232 lect.
2678 2217 2704 2237 η,

2493 2241 2524 2262 rv,
2538 2242 2570 2258 rx.

2493 2792 2502 2803 ⁸
2512 2792 2559 2819 Qu.
2567 2798 2613 2818 xxv,
2621 2796 2700 2820 art.13;

2492 2824 2531 2846 qu.
2546 2825 2604 2844 nvn,
2621 2822 2662 2840 nrt.
2676 2826 2701 2847 3:

2491 2851 2531 2872 qu.
2538 2849 2702 2872 cxxxvi,art.4.

2490 2873 2502 2883 ⁸
2512 2871 2579 2893 Vere.
2594 2877 2628 2900 23.

2588 2899 2603 2924 δ

2489 3191 2701 3240 :stamas-

2489 3233 2574 3271 X'XVL
2584 3234 2624 3273 qil.
2639 3251 2665 3266 111
2678 3235 2700 3267 et·

2488 3277 2525 3298 iv,
2548 3277 2598 3293 can.

2487 3303 2572 3325 genus.

2622 3271 2702 3300 1312»st
